4238 6260
614 369 718 427 807

1529 358 1586 414 S.
1636 353 2000 412 PATRICIUS
2039 350 2489 408 HIBERNORUM
2529 352 2948 410 APOSTOLUS.

617 482 840 540 verbum
881 477 1028 551 quod
1071 475 1351 534 confessus
1389 471 1594 530 fueram
1627 479 1656 509 ιι
1701 477 1991 540 antequam
2038 482 2214 525 essem
2242 470 2292 552 ᾼ
2321 470 2444 524 veni
2469 469 2639 534 illum,
2671 477 2728 526 et
2753 468 2991 525 servavit
3034 482 3124 524 me
3148 468 3218 523 ab
3246 467 3502 524 omnibus
3523 465 3918 538 iniquitatibus.

618 575 898 631 diaconus.

2325 557 2352 598 ιι
2375 559 2466 616 Sic
2495 561 2678 628 credo,
2701 567 2924 631 propter
2951 558 3344 614 inhabitantem
3367 557 3631 629 Spiritum
3663 557 3805 628 eius.
3829 560 3921 630 qui

683 662 798 720 XII.
840 661 1073 733 Propter
1110 659 1464 724 anxietatem,
1495 665 1689 714 maesto
1718 654 1902 709 animo
1949 652 2214 710 insinuavi
2317 659 2576 725 operatus
2624 660 2709 709 est
2746 666 2917 722 usque
2963 653 3016 707 in
3066 651 3208 708 hanc
3241 651 3389 708 diem
3444 652 3501 707 in
3543 667 3635 708 me
3661 652 3924 710 audenter

616 751 952 813 amicissimo
995 765 1140 817 meo,
1185 765 1307 821 quae
1335 749 1391 803 in
1417 745 1654 818 pueritia
1682 759 1824 809 mea,
1849 758 1955 798 una
1982 743 2069 798 die
2091 755 2215 810 ges-

617 861 826 911 seram,
857 843 968 899 imo
995 842 1049 898 in
1087 856 1196 896 una
1230 840 1389 906 hora,
1421 837 1548 910 quia
1574 836 1806 894 necdum
1829 834 2212 906 prmvalebam.

583 1005 586 1008 ,
617 937 832 1002 Nescio,
880 935 1026 990 Deus
1054 932 1180 998 scit,
1209 929 1239 970 δ
1266 930 1314 987 si
1341 929 1610 986 habebam
1633 935 1762 982 tunc
1789 942 1962 982 annos
1987 923 2209 996 quinde-

617 1029 743 1094 cim,
769 1035 826 1084 et
847 1026 1020 1083 Deum
1037 1025 1220 1080 vivum
1240 1037 1352 1078 non
1373 1020 1681 1086 credebam,
1706 1033 1882 1089 neque
1904 1033 1973 1074 ex
1996 1005 2219 1072 infantia

626 1134 781 1185 mea;
831 1115 930 1174 sed
957 1117 1012 1173 in
1038 1123 1216 1172 morte
1241 1123 1300 1172 et
1324 1115 1379 1170 in
1426 1111 1803 1169 incredulitate
1831 1109 2028 1176 mansi,
2047 1108 2222 1166 donec

623 1210 786 1267 valde
805 1209 1101 1280 castigatus
1127 1222 1268 1274 sum,
1299 1214 1356 1263 et
1381 1206 1438 1262 in
1458 1204 1691 1261 veritate
1712 1202 2023 1259 humiliatus
2049 1216 2170 1257 sum
2189 1215 2222 1256 a

624 1301 766 1358 fame
793 1308 850 1358 et
878 1301 1152 1367 nuditate;
1174 1306 1232 1356 et
1255 1295 1500 1369 quotidie
1526 1301 1716 1353 contra
1744 1293 2094 1350 Hiberionem
2111 1307 2222 1348 non

623 1402 822 1466 sponte
848 1393 1160 1465 pergebam,
1209 1389 1385 1446 donec
1411 1402 1583 1458 prope
1619 1383 1954 1442 deficiebam.
1986 1382 2093 1439 Sed
2119 1383 2225 1439 hoc

626 1485 810 1557 potius
855 1485 998 1539 bene
1029 1481 1161 1537 mihi
1181 1479 1303 1547 fuit,
1333 1479 1462 1550 quia
1481 1493 1552 1533 ex
1579 1478 1684 1533 hoc
1703 1475 2020 1532 emendatus
2045 1489 2164 1530 sum
2191 1489 2227 1529 ιι

625 1573 880 1639 Domino,
894 1579 951 1628 et
962 1569 1169 1642 aptavit
1186 1583 1275 1624 me
1301 1576 1362 1623 ut
1380 1566 1542 1624 hodie
1561 1581 1738 1622 essem
1765 1564 1912 1635 quod
1935 1563 2225 1636 aliquando

629 1665 791 1737 longe
808 1679 841 1718 a
865 1677 954 1719 me
978 1668 1118 1727 erat,
1133 1667 1193 1715 ut
1210 1671 1313 1729 ego
1339 1672 1495 1715 curas
1522 1657 1781 1712 haberem
1806 1662 1900 1710 aut
1922 1663 2224 1724 satagerem

628 1774 732 1830 pro
777 1755 951 1814 salute
1005 1753 1264 1818 aliorum;
1315 1749 1534 1822 quando
1584 1757 1712 1805 tunc
1737 1748 1902 1805 etiam
1921 1747 1993 1827 de
2016 1746 2226 1818 meipso

2317 765 2524 805 rursus.
2571 747 2678 804 Sed
2729 748 2833 803 scit
2860 747 3022 813 Deus,
3053 747 3101 802 si
3136 746 3272 802 mihi
3298 747 3466 802 homo
3485 742 3684 803 etiam
3706 745 3920 816 fuisset,

2325 840 2553 897 forsitan
2581 840 2890 906 tacuissem,
2919 846 3142 910 propter
3161 839 3449 894 caritatem
3479 836 3704 898 Christi.

2391 933 2531 988 XIV.
2555 931 2710 988 Unde
2728 947 2856 1002 ergo
2873 931 3195 988 indefessam
3213 931 3447 1001 gratiam
3460 943 3620 1001 agam
3639 930 3756 989 Deo
3775 947 3927 1001 meo,

2320 1026 2415 1098 qui
2442 1041 2532 1082 me
2561 1025 2773 1082 fidelem
2802 1025 3042 1082 servavit
3070 1025 3126 1080 in
3154 1023 3246 1080 die
3272 1024 3592 1080 tentationis
3639 1039 3802 1091 mes,
3851 1024 3928 1080 ita

2323 1126 2385 1173 ut
2409 1117 2576 1173 hodie
2620 1115 2961 1173 conﬁdenter
2987 1114 3212 1172 offeram
3263 1115 3342 1171 illi
3365 1115 3710 1183 sacrificium,
3738 1123 3801 1172 ut
3825 1116 3929 1172 bo-

2324 1207 2482 1264 stiam
2511 1207 2781 1264 viventem
2806 1208 3047 1262 animam
3075 1220 3257 1262 meam
3283 1203 3500 1263 Christo
3520 1206 3758 1264 Domino
3776 1222 3929 1272 meo,

2323 1297 2417 1369 qui
2444 1313 2533 1354 me
2560 1297 2797 1354 servavit
2823 1297 2892 1352 ab
2916 1296 3168 1354 omnibus
3194 1297 3455 1367 angustiis
3479 1298 3613 1354 meis
3640 1314 3657 1352 :
3683 1305 3746 1354 ut
3769 1305 3832 1354 et
3851 1298 3933 1354 di-

2325 1405 2444 1446 cam
2475 1408 2488 1444 :
2521 1391 2652 1458 Quis
2679 1405 2781 1460 ego
2809 1405 2950 1455 sum,
2980 1389 3232 1457 Domine,
3280 1390 3368 1446 vel
3415 1405 3535 1461 qua
3576 1399 3660 1448 est
3701 1392 3934 1448 vocatio

2326 1497 2470 1549 mea,
2499 1481 2593 1552 qui
2639 1481 2773 1538 mihi
2796 1489 3005 1537 tantam
3023 1481 3365 1538 divinitatem
3394 1481 3413 1521 ί
3447 1483 3821 1554 cooperuisti?
3849 1485 3930 1540 ita

2329 1581 2389 1628 ut
2433 1571 2598 1628 hodie
2626 1572 2681 1628 in
2709 1573 2961 1642 gentibus
3001 1581 3316 1629 constanter
3356 1574 3696 1642 exsultarem
3723 1584 3784 1631 et
3808 1590 3931 1631 mao

2331 1663 2646 1734 gnificarem
2675 1680 2876 1721 nomen
2904 1673 3076 1731 tuum,
3125 1665 3434 1736 ubicunque
3455 1665 3645 1734 fuero;
3675 1680 3779 1723 nec
3819 1683 3930 1724 non

2331 1757 2384 1812 in
2405 1756 2674 1823 secundis,
2701 1756 2796 1813 sed
2817 1756 2984 1812 etiam
3011 1756 3066 1812 in
3095 1757 3363 1828 pressuris
3388 1775 3401 1810 :
3433 1765 3499 1813 ut
3520 1757 3780 1830 quidquid
3798 1759 3932 1816 mihi

630 1824 742 1906 non
769 1846 1090 1917 cogitabam.
1121 1843 1290 1914 Igitur
1319 1842 1374 1898 in
1403 1841 1497 1897 illo
1518 1840 1607 1896 die
1634 1855 1743 1910 quo
1764 1824 2088 1911 reprobatus
2106 1853 2227 1894 sum
2258 1839 2304 1901 Β
2331 1846 2594 1914 evenerit,
2623 1847 2740 1903 sive
2765 1847 2966 1902 bonum
3018 1824 3132 1902 sive
3173 1847 3402 1914 malum,
3443 1824 3731 1918 aquaﬁter
3756 1849 3931 1905 debeo

631 1954 664 1994 a
690 1936 1006 1994 memoratis
1032 1931 1355 2005 supradictis
1383 1930 1477 2003 (ad
1505 1938 1722 1988 noctem
1751 1927 1941 2000 illam),
1980 1939 2002 1968 ε
2035 1928 2141 1984 vidi
2172 1929 2228 1983 in

631 2029 751 2086 visu
794 2028 969 2086 noctis
1015 2025 1275 2097 scriptum
1321 2030 1513 2080 contra
1537 2021 1732 2078 faciem
1759 2035 1956 2086 meam,
1987 2020 2104 2075 sine
2130 2020 2231 2076 ho-

631 2135 787 2178 nore.
816 2119 885 2176 Et
911 2120 1054 2176 inter
1079 2118 1215 2184 haec,
1245 2115 1424 2172 audivi
1454 2129 1778 2186 responsum
1826 2112 2114 2186 (divinum)
2142 2113 2228 2168 di-

631 2231 762 2272 cens
815 2212 989 2271 mihi:
1033 2211 1176 2268 Male
1221 2209 1454 2266 vidimus
1490 2208 1684 2263 faciem
1707 2206 1974 2274 designati
2028 2203 2231 2260 nudato

633 2309 872 2364 nomine.
922 2306 1036 2361 Nec
1081 2305 1160 2360 sic
1186 2301 1438 2375 praedixit
1468 2318 1481 2354 :
1514 2299 1654 2356 Male
1677 2298 1890 2365 vidisti;
1923 2297 2017 2354 sed
2048 2315 2062 2350 :
2095 2296 2232 2352 Male

637 2401 890 2462 vidimus,
919 2397 1073 2470 quasi
1101 2395 1174 2452 ibi
1203 2409 1262 2451 se
1278 2394 1475 2464 iunxit,
1501 2393 1643 2450 sicut
1661 2392 1797 2448 dixit
1828 2408 1842 2444 :
1877 2389 1981 2456 Qui
2000 2407 2088 2446 vos
2109 2399 2230 2443 tan-

637 2494 735 2566 git,
763 2490 916 2565 quasi
944 2489 1112 2560 tangit
1139 2487 1395 2560 pupillam
1423 2485 1559 2542 oculi
1589 2486 1689 2539 mei
1717 2483 1901 2554 (Zach.
1947 2499 2004 2547 ιι,
2036 2481 2116 2553 8).
2148 2480 2233 2536 ld-

635 2587 784 2642 circo
808 2582 1012 2655 gratias
1036 2595 1138 2652 ago
1163 2580 1212 2636 ei
1237 2580 1331 2650 qui
1352 2594 1441 2635 me
1460 2579 1515 2634 in
1535 2577 1788 2633 omnibus
1810 2575 2156 2641 confortavit,
2174 2582 2234 2630 ut

641 2695 750 2736 non
797 2691 890 2735 ne
915 2674 1204 2746 impediret
1227 2688 1259 2728 a
1278 2671 1617 2743 profectione
1643 2685 1805 2742 quam
1835 2675 2150 2733 statueram,
2179 2674 2236 2722 et

635 2771 702 2829 de
731 2783 855 2827 meo
882 2782 1100 2839 quoque
1119 2780 1289 2837 opere
1315 2762 1462 2835 quod
1489 2779 1523 2818 a
1541 2761 1758 2818 Christo
1777 2761 2075 2817 didiceram
2103 2777 2117 2812 :
2141 2757 2236 2815 sed

635 2860 808 2932 magis
835 2873 904 2916 ex
931 2871 1000 2912 eo
1027 2856 1171 2914 sensi
1217 2854 1272 2910 in
1302 2868 1393 2909 me
1413 2853 1689 2921 ,virtutem
1737 2867 1846 2907 non
1885 2855 2110 2922 parvam
2130 2889 2146 2915 ,
2178 2855 2237 2904 et

636 2949 768 3006 fides
798 2963 922 3008 mea
941 2947 1171 3019 probata
1198 2951 1283 3002 est
1309 2958 1495 2999 coram
1520 2941 1634 2998 Deo
1653 2949 1710 2997 et
1732 2940 2060 2997 hominibus.

709 3040 846 3095 Xlll.
887 3037 1043 3095 Unde
1069 3045 1252 3094 autem
1280 3035 1544 3092 audenter
1585 3033 1706 3089 dico
1739 3050 1753 3086 :
1783 3031 1904 3088 Non
1931 3046 2022 3087 me
2049 3045 2236 3102 repre-

637 3133 826 3190 hendit
879 3133 1208 3190 conscientia
1235 3146 1358 3187 mea
1381 3127 1408 3166 ά
1437 3130 1526 3186 hic
1551 3135 1608 3184 et
1636 3129 1690 3183 in
1721 3127 1980 3202 futurum.
2015 3124 2233 3182 Testem

2331 1937 2609 2008 suscipere
2653 1943 2709 1992 et
2736 1936 2850 1993 Deo
2877 1937 3082 2006 gratias
3109 1951 3330 2009 semper
3355 1952 3542 2008 agere,
3572 1939 3668 2010 qui
3692 1939 3824 1996 mihi
3841 1955 3932 1996 os-

2332 2029 2505 2086 tendit
2537 2037 2598 2084 ut
2644 2026 3054 2085 indubitabilem
3104 2044 3231 2086 eum
3267 2030 3389 2085 sine
3415 2029 3526 2087 line
3551 2031 3855 2098 crederem,
3876 2040 3933 2090 et

2331 2122 2425 2192 qui
2454 2135 2543 2177 me
2569 2120 2842 2176 audierit:
2876 2129 2938 2176 ut
2962 2129 3020 2177 et
3064 2136 3166 2191 ego
3200 2122 3216 2172 ἱ
3251 2121 3453 2178 inscius
3489 2124 3593 2179 sim
3621 2124 3677 2179 in
3703 2125 3934 2182 novissi-

2332 2210 2434 2265 mis
2446 2209 2635 2265 diebus
2649 2209 2754 2264 hoc
2773 2224 2912 2280 opus
2932 2219 3044 2266 tam
3072 2211 3221 2281 pium
3253 2220 3310 2266 et
3327 2220 3440 2267 tam
3468 2213 3758 2272 miriﬁcum
3786 2215 3936 2272 adire

2333 2301 2676 2372 aggrederer,
2702 2303 2778 2358 ita
2810 2310 2868 2358 ut
2914 2303 3162 2360 imitarer
3188 2305 3474 2376 quospiam
3501 2305 3621 2362 illos
3646 2323 3788 2378 quos
3811 2315 3938 2365 ante

2332 2394 2593 2451 Dominus
2607 2393 2723 2466 jam
2743 2393 2872 2450 olim
2891 2394 3218 2466 przedixerat
3238 2393 3262 2433 ¹ί
3285 2397 3742 2466 ιιι-ωιιιιηιὶειιινοδ
3765 2396 3938 2454 Evan-

2332 2485 2534 2556 gelium
2563 2500 2744 2550 suum,
2775 2487 2832 2539 in
2861 2486 3219 2541 testimonium
3245 2486 3479 2542 omnibus
3511 2487 3769 2558 gentibus,
3803 2496 3938 2546 ante

2336 2577 2499 2635 linem
2528 2577 2737 2634 mundi.
2769 2578 2926 2644 Quod
2954 2578 3030 2634 ita
3057 2591 3190 2648 ergo
3219 2579 3299 2650 (ιιι
3324 2579 3551 2635 vidimus
3569 2579 3780 2651 itaque)
3805 2597 3934 2654 sup-

2334 2670 2541 2741 pletum
2562 2677 2666 2726 est.
2692 2667 2833 2724 Ecce
2857 2676 3023 2724 testes
3049 2684 3257 2734 sumus,
3285 2669 3406 2740 quia
3425 2667 3775 2740 Evangelium
3793 2685 3934 2744 pra:-

2333 2761 2571 2818 dicatum
2598 2768 2682 2816 est
2708 2775 2880 2830 usque
2899 2759 2991 2816 ubi
3019 2775 3184 2818 nemo
3212 2762 3354 2818 ultra
3378 2769 3479 2819 est.

2405 2850 2522 2907 XV.
2563 2851 2808 2921 Longum
2836 2859 2922 2908 est
2947 2859 3131 2908 autem
3159 2859 3337 2910 totum
3384 2868 3483 2926 per
3507 2855 3717 2926 singula
3761 2871 3932 2914 enar-

2332 2957 2458 3000 rare
2486 2943 2729 2999 laborem
2757 2957 2959 3005 meum,
2989 2943 3079 3000 vel
3105 2957 3205 3013 per
3249 2951 3458 3014 partes.
3483 2944 3729 3003 Breviter
3753 2945 3934 3004 dicam

2333 3035 2567 3106 qualiter
2583 3034 2855 3106 piissimus
2876 3033 3018 3090 Dens
3039 3035 3110 3090 de
3130 3035 3396 3092 servitute
3414 3051 3559 3108 sape
3584 3036 3836 3094 liberavit
3870 3053 3936 3096 ea

2334 3128 2619 3186 duodecim
2639 3125 2910 3198 periculis,
2933 3127 3131 3198 quibus
3156 3127 3465 3199 periclitata
3485 3136 3571 3185 est
3593 3129 3772 3186 anima
3794 3144 3936 3198 mea,

640 3225 812 3280 Deum
840 3223 1018 3278 habeo
1045 3223 1173 3291 quia
1211 3237 1322 3276 non
1368 3236 1488 3276 sum
1529 3218 1787 3276 mentitus
1813 3219 1866 3273 in
1895 3215 2236 3276 serritonibus
2257 3205 2307 3272 C
2338 3227 2539 3293 praeter
2565 3219 2788 3276 insidias
2815 3218 3032 3286 multas,
3063 3225 3120 3274 et
3135 3232 3256 3288 quae
3283 3218 3470 3277 verbis
3495 3220 3801 3292 exprimere
3825 3237 3934 3278 non

639 3331 777 3388 quos
819 3328 921 3384 ego
939 3312 1101 3368 retuli
1141 3320 1162 3348 α
1187 3311 1360 3366 vobis.
1394 3309 1502 3365 Sed
1530 3310 1704 3377 magis
1724 3305 1890 3365 doleo
1922 3305 1942 3345 ί
1968 3322 2069 3379 pro
2097 3307 2233 3362 ami-

639 3407 857 3463 cissimo
886 3417 1031 3466 meo.
1073 3417 1170 3458 cur
1197 3400 1305 3457 hoc
1331 3399 1631 3455 meruimus
1664 3397 1850 3453 audire
1877 3396 1987 3452 tale
2009 3411 2234 3477 respon-

639 3515 781 3566 sum,
823 3497 909 3553 cui
936 3509 1039 3565 ego
1067 3492 1270 3551 credidi
1299 3495 1465 3549 etiam
1513 3491 1768 3547 animam.
1803 3489 1872 3546 lit
1896 3491 2138 3562 comperi
2166 3491 2234 3547 ab

639 3585 929 3658 aliquantis
969 3583 1244 3651 fratribus,
1297 3589 1424 3637 ante
1468 3579 1842 3636 defensionem
1887 3580 2056 3644 illam,
2087 3579 2234 3652 quod

642 3694 744 3751 ego
791 3693 898 3734 non
946 3674 1183 3741 interfui,
1217 3690 1318 3732 nec
1343 3673 1398 3728 in
1426 3671 1719 3728 Britanniis
1743 3688 1917 3736 eram,
1960 3686 2059 3728 nec
2089 3689 2120 3728 a
2148 3688 2237 3730 me

642 3771 869 3838 orietur,
884 3775 946 3823 ut
965 3775 1022 3823 et
1046 3766 1136 3822 ille
1162 3767 1216 3822 in
1240 3781 1362 3821 mea
1383 3763 1647 3829 absentia,
1677 3779 1779 3834 pro
1809 3778 1898 3819 me
1921 3773 1946 3812 ε
1971 3763 2236 3834 pulsetur.

644 3861 820 3917 Etiam
860 3859 992 3916 mihi
1021 3859 1137 3930 ipse
1162 3873 1259 3914 ore
1283 3872 1384 3913 suo
1411 3855 1658 3913 dixem:
1687 3852 1828 3910 Ecce
1854 3853 2065 3910 dandus
2092 3869 2152 3910 es
2179 3863 2240 3911 tu

643 3956 708 4012 ad
737 3953 960 4024 gradum
989 3952 1354 4022 episcopatus,
1410 3963 1520 4020 quo
1559 3963 1671 4004 non
1699 3961 1852 4002 eram
1891 3947 2104 4016 dignus.
2131 3945 2239 4002 Sed

643 4046 786 4103 unde
814 4046 960 4102 venit
987 4044 1064 4100 illi
1083 4041 1456 4115 postmodum,
1483 4048 1544 4096 ut
1562 4054 1748 4095 coram
1778 4040 1987 4095 cunctis
2007 4038 2166 4094 bonis
2185 4045 2242 4094 et

644 4137 801 4194 malis
829 4137 882 4193 in
911 4151 1000 4192 me
1026 4135 1241 4206 publice
1266 4133 1674 4195 dehonestaret,
1705 4129 1853 4200 quod
1880 4137 2006 4184 ante
2043 4139 2238 4201 sponte

644 4238 699 4285 et
721 4230 872 4286 laetus
901 4227 1233 4284 indulserat?
1261 4224 1360 4281 Est
1393 4223 1674 4286 Dominus,
1720 4221 1816 4291 qui
1861 4219 2037 4290 major
2057 4221 2236 4278 omni-

643 4319 746 4380 bus
769 4328 872 4377 est.
904 4319 1048 4378 Satis
1075 4318 1198 4374 dico
1223 4334 1236 4370 :
1262 4315 1358 4372 sed
1384 4321 1568 4370 tamen
1591 4327 1702 4367 non
1716 4311 1891 4368 debeo
1904 4312 2238 4370 abscondere

643 4411 846 4467 donum
874 4410 970 4466 Dei
996 4408 1144 4478 quod
1164 4406 1393 4476 largitus
1414 4411 1500 4460 est
1526 4403 1684 4459 nobis
1712 4402 1766 4458 in
1794 4411 1941 4458 terra
1961 4405 2241 4476 captivita-

648 4495 716 4557 tis
744 4515 917 4557 meae:
946 4499 1072 4570 quia
1118 4505 1246 4553 tunc
1284 4495 1498 4551 fortiter
1527 4493 1786 4564 inquisivi
1809 4508 1949 4561 eum.
1977 4502 2036 4552 et
2058 4496 2134 4553 ibi
2153 4497 2238 4555 in-

2339 3312 2498 3369 valeo
2529 3329 2542 3366 :
2577 3311 2593 3350 ι
2622 3325 2724 3367 nec
2751 3319 2808 3366 et
2834 3309 3084 3380 injuriam
3111 3309 3417 3380 legentibus
3442 3311 3660 3370 faciam.
3686 3312 3792 3370 Sed
3810 3314 3937 3373 dum

2339 3412 2619 3462 auctorem
2647 3405 2842 3470 habeo,
2872 3403 2966 3475 qui
2994 3402 3146 3459 novit
3195 3403 3407 3471 omnia,
3455 3395 3625 3463 etiam
3649 3415 3935 3479 antequam

2340 3499 2474 3554 ﬁant
2495 3498 2580 3568 (ut
2598 3513 2689 3554 me
2709 3495 3103 3570 pauperculam
3133 3496 3445 3568 pupillum).
3487 3498 3612 3556 ideo
3640 3507 3820 3556 tamen
3848 3515 3936 3556 re-

2339 3605 2600 3663 sponsum
2626 3589 2866 3646 divinum
2892 3588 3225 3646 creberrime
3269 3588 3572 3657 admonuit,
3616 3591 3762 3647 unde
3805 3591 3938 3650 mihi

2343 3683 2456 3739 haec
2477 3681 2738 3753 sapientia
2765 3695 2887 3751 qua:
2914 3680 2970 3736 in
2990 3676 3082 3737 me
3101 3696 3213 3737 non
3231 3688 3369 3746 erat,
3397 3679 3490 3750 qui
3519 3696 3620 3737 nec
3646 3696 3938 3739 numerum

2343 3776 2557 3833 dierum
2585 3789 2865 3841 noveram,
2890 3788 3067 3844 neque
3096 3773 3262 3830 Deum
3289 3772 3562 3844 sapiebam
3587 3790 3600 3825 :
3632 3773 3776 3829 unde
3797 3774 3938 3834 mihi

2341 3864 2689 3938 postmodum
2744 3863 2948 3920 donum
3003 3871 3114 3919 tam
3174 3875 3420 3931 magnum
3441 3902 3458 3929 ,
3511 3869 3625 3918 tam
3673 3862 3937 3928 salubre,

2345 3965 2382 3993 ω
2414 3956 2585 4012 Deum
2631 3968 2927 4024 agnoscere
2943 3994 2959 4019 ,
2990 3953 3076 4009 vel
3103 3952 3362 4022 diligere:
3391 3951 3488 4008 sed
3514 3960 3575 4008 ut
3594 3953 3850 4023 patriam,
3882 3963 3942 4025 et

2343 4053 2598 4116 parentes
2638 4044 2983 4111 amitterem;
3027 4051 3082 4100 et
3109 4057 3335 4102 munera
3380 4043 3551 4098 multa
3577 4043 3712 4100 mihi
3736 4043 3941 4102 oll'ere-

2342 4136 2566 4203 bantur,
2599 4152 2723 4194 cum
2751 4136 2884 4193 fletu
2907 4144 2966 4192 et
2991 4135 3246 4208 lacrymis
3271 4153 3285 4189 :
3308 4139 3340 4169 ³³
3369 4143 3428 4191 et
3453 4134 3652 4192 offendi
3677 4135 3820 4206 illos,
3839 4152 3942 4195 nec

2339 4244 2448 4284 non
2468 4235 2661 4284 contra
2685 4235 2893 4296 votum,
2916 4227 3209 4298 aliquantis
3229 4227 3301 4283 de
3317 4226 3625 4285 senioribus
3637 4228 3790 4285 meis.
3805 4229 3938 4295 Sed,

2338 4325 2675 4393 gubernante
2723 4321 2860 4388 Deo,
2919 4321 3069 4379 nullo
3123 4319 3289 4378 modo
3333 4321 3606 4388 consensi,
3637 4337 3810 4393 neque
3837 4337 3936 4379 ac-

2339 4413 2518 4486 quievi
2540 4413 2666 4478 illis,
2695 4427 2805 4470 non
2825 4427 2948 4469 mea
2975 4411 3170 4483 gratia,
3199 4409 3298 4468 sed
3319 4408 3466 4466 Deus
3489 4412 3582 4482 qui
3602 4411 3732 4468 vicit
3753 4412 3808 4468 in
3827 4428 3940 4479 me,

2341 4511 2398 4562 et
2422 4503 2623 4561 restitit
2649 4503 2756 4562 illis
2782 4503 3056 4572 omnibus,
3085 4510 3148 4558 ut
3173 4514 3280 4572 ego
3303 4500 3551 4557 venirem
3580 4502 3648 4557 ad
3676 4500 3943 4559 Hibernas

721 4636 982 4730 :Sn‘pple
999 4635 1410 4702 insurrexerunt,
1426 4630 1656 4704 autquid
1683 4631 1890 4700 simile;
1918 4649 2046 4690 nam
2064 4633 2243 4695 hiulca
2268 4664 2324 4730 ι)
2345 4638 3051 4730 ipsemetﬁerrnanus
3061 4634 3278 4730 ibidem
3314 4640 3474 4690 antea
3500 4633 3758 4690 adversus
3786 4631 3940 4689 Pela-

649 4715 1168 4844 ωἱοέῗιξκέοιιαηὰη
1189 4747 1282 4846 qui
1309 4791 1438 4833 mox
1464 4774 1668 4834 habent
1694 4773 1867 4829 Deum
1888 4790 2068 4830 unum.
2103 4776 2238 4835 Wa—

651 4865 807 4914 nens,
838 4850 884 4904 si
913 4848 1131 4918 habeant
1159 4863 1195 4918 .17
1209 4847 1366 4918 male.
1589 4915 1597 4918 _
1831 4916 1843 4918 _
1996 4907 2005 4918 ,

723 4934 754 4998 εΔ
777 4919 1067 4998 Sequimur
1084 4915 1604 4998 Dollandianos,.qui
1622 4922 1680 4998 et
1719 4916 1884 4998 paulo
1905 4915 2027 4998 post
2057 4917 2243 4998 legunt

651 4994 838 5076 [αρεεπι
861 4985 1120 5076 δρείρηειεί
1140 4985 2144 5076 assensum
2159 4988 2242 5076 βία
2325 5015 2329 5019 τ

652 5055 1073 5144 interpretantur
1087 5075 1100 5112 :
1113 5056 1367 5144 rVIidetnr
1379 5056 1602 5140 indicari
1614 5055 2036 5144 libellus‘aliquis‘
2043 5067 2240 5144 contra

653 5134 707 5187 S.
737 5126 953 5188 Patricii
976 5126 1366 5202 apostolatum,
1395 5127 1448 5183 in
1476 5141 1585 5197 quo
1613 5126 1730 5196 ipse
1758 5127 1906 5182 nulla
1934 5126 2115 5183 addita
2143 5129 2243 5186 ho-

653 5203 801 5257 noris
827 5203 914 5257 vel
939 5199 1081 5284 titnli
1125 5197 1446 5281 episcopalis
1498 5195 1879 5322 appellatione,
1925 5198 2243 5281 simpliciter

655 5271 847 5322 nudato
879 5287 1084 5322 nomine
1111 5269 1492 5322 desmnabatur
1583 5275 1817 5321 atrtctus.
1852 5286 1872 5317 ι
1907 5266 2146 5322 Pessume
2182 5283 2243 5322 se

655 5271 862 5352 nudata
879 5266 1492 5352 nonuneﬁésignabatur
1515 5266 1821 5352 ‘Patr‘igius.
1852 5286 1872 5317 ι
1907 5266 2165 5351 Pessime.
2182 5283 2243 5325 se

655 5339 831 5422 habet.
848 5340 1009 5395 lectio
1038 5335 1370 5422 Warmi'hoc
1406 5337 1572 5420 modo
1603 5355 1616 5390 :
1655 5335 1776 5390 Vidi
1805 5338 1995 5422 ίη-ιὶίδξι
2028 5340 2191 5422 noctis
2225 5362 2238 5393 .

659 5409 922 5480 Scriptum
959 5417 1073 5462 erat
1108 5419 1292 5464 contra
1342 5409 1530 5481 {aciem
1552 5423 1811 5463 meum...
1857 5405 2000 5463 Male
2026 5411 2241 5466 vidimus

660 5479 850 5559 facient
875 5477 970 5532 Dei
999 5478 1667 5559 signaultudatqnontine.

593 5586 618 5600 η,
662 5547 669 5550 ⁷
734 5547 760 5588 ἀ
786 5549 890 5606 Ista
918 5547 1177 5603 omittunt
1197 5548 1550 5605 Bollandiani.

737 5632 760 5659 c
792 5619 947 5659 ῐὶοοιιί
978 5619 1092 5659 hmo
1122 5617 1310 5659 νηριιιιι
1342 5619 1478 5659 amni
1511 5621 1750 5659 Rnllumli

739 5632 760 5659 ο
792 5619 952 5676 Deest
978 5619 1094 5675 haec
1122 5617 1312 5675 vocula
1341 5619 1481 5689 apud
1509 5621 1910 5678 Bollandianos.

739 5691 756 5729 τ
789 5691 1134 5770 Suspicamur
1186 5689 1367 5770 ipsum
1511 5689 1835 5770 Germallum
1893 5689 2073 5770 fuisse,
2103 5691 2246 5770 apud

2345 4708 2534 4782 gianos
2560 4717 2845 4767 statuerat.
2875 4708 3150 4765 Bormann.

2345 4851 2358 4858 -
2418 4792 2444 4830 ⁸
2479 4781 2572 4838 Sic
2597 4779 2842 4858 Bollami-
2877 4777 3258 4858 ιῲἰννπξευετ
3289 4775 3550 4858 vulgare};
3581 4775 3676 4858 qui
3697 4790 3821 4831 mox
3848 4775 3943 4830 ha-

2343 4851 2456 4922 bet,
2480 4860 2532 4922 et
2560 4851 2870 4922 meipublice
2896 4843 3349 4922 denoge§_taret....
3374 4843 3443 4899 Et
3464 4843 3741 4901 Dominus.

2418 4915 2451 4962 ιι⁷
2474 4921 2601 4977 Haec
2627 4915 2824 4977 desunt
2843 4918 2986 4990 apud
3015 4915 3261 4990 Boyand.

2425 4995 2437 5032 ί
2475 4986 3059 5055 Bolland.,demidasti.
3093 4986 3162 5041 Et
3188 4987 3673 5055 moxtexaltarcm.

2420 5069 2436 5116 ι
2475 5060 2601 5117 Haec
2623 5054 2745 5128 jure
2765 5059 3018 5116 omittere
3045 5057 3295 5128 videntur
3318 5054 3685 5128 Bollandiani.

2416 5129 2443 5168 ιι
2482 5130 2574 5187 Sic
2619 5125 2864 5187 Bolland.
2915 5137 2973 5186 et
3010 5127 3091 5184 sic
3143 5125 3430 5197 legendum
3468 5125 3780 5196 coniecerat
3807 5127 3947 5182 Wa-

2344 5217 2743 5343 milsliolland"
2774 5289 2838 5327 ne
2866 5271 3146 5343 injuriam;
3177 5267 3321 5340 apud
3348 5282 3487 5343 quos
3518 5283 3646 5323 mox
3677 5287 3689 5320 :
3724 5267 3948 5343 Setinu-

2347 5352 2540 5399 ctorem
2587 5337 2956 5398 Dominum";
3002 5349 3058 5394 ut
3085 5355 3166 5394 me
3194 5337 3567 5409 pauperculus:
3607 5348 3659 5409 et
3696 5337 3950 5409 pusillum

2343 5414 2904 5495 responsumodivinum
2921 5407 3231 5494 creberrime
3264 5407 3584 5463 admoiwret.
3615 5407 3768 5463 Unde
3796 5407 3946 5472 mihi,

2347 5491 2476 5548 etc.,
2505 5499 2628 5538 cum
2657 5491 3102 5554 interrogatione.

2358 5633 2362 5635 Α
2404 5564 2458 5635 ,ω
2491 5553 2758 5635 Bolland.,
2783 5555 2979 5610 donum
3003 5551 3104 5608 Dei
3129 5568 3411 5623 agnoscere
3434 5557 3481 5604 et
3505 5548 3740 5620 diligere,
3765 5556 3817 5601 ιιι
3847 5565 3946 5619 ρο-

2348 5633 2748 5765 ’νιῗηέιῗὶῖἓῆόη
2782 5705 2828 5750 et
2857 5697 3048 5765 aliendi
3075 5694 3180 5749 illic
3218 5701 3399 5748 contra
3448 5699 3618 5746 votum
3648 5690 3947 5759 aliquaan

702 5778 821 5817 nem
849 5757 1058 5816 delatus
1075 5757 1248 5831 fuerit
1276 5757 1559 5831 Patricius,
1605 5761 1659 5816 in
1716 5759 2021 5816 Britannica
2070 5757 2251 5831 aliqua
2356 5767 2416 5820 de
2436 5766 2626 5821 senior.

649 5829 892 5886 'i'ortaSse
919 5829 1125 5896 synodo
1153 5829 1327 5899 egisse
1344 5829 1431 5886 vel
1451 5831 1704 5888 statuisse
1726 5830 1927 5898 aliquid
1951 5840 2140 5888 contra
2160 5829 2252 5888 ‘ea

3903 5952 3958 5962 -ι
