  <div class='ocr_page' id='page_1' title='image "/cluster/home/n/w/nwhite01/storage/ocr_20150623/53/hvd.32044073505232/410.png"; bbox 0 0 4232 6264; ppageno 0'>
   <div class='ocr_carea' id='block_1_1' title="bbox 359 432 464 491">
    <p class='ocr_par' dir='ltr' id='par_1_1' title="bbox 359 432 464 491">
     <span class='ocr_line' id='line_1_1' title="bbox 359 432 464 491; baseline 0.01 -2"><span class='ocrx_word' id='word_1_1' title='bbox 359 432 464 491; x_wconf 74' lang='lat'><strong>809</strong></span> 
     </span>
    </p>
   </div>
   <div class='ocr_carea' id='block_1_2' title="bbox 1760 410 2125 488">
    <p class='ocr_par' dir='ltr' id='par_1_2' title="bbox 1760 410 2125 488">
     <span class='ocr_line' id='line_1_2' title="bbox 1760 410 2125 488; baseline -0.005 -1"><span class='ocrx_word' id='word_1_2' title='bbox 1760 410 2125 488; x_wconf 66' lang='lat' dir='ltr'><strong>conrsssm</strong></span> 
     </span>
    </p>
   </div>
   <div class='ocr_carea' id='block_1_3' title="bbox 3517 442 3616 493">
    <p class='ocr_par' dir='ltr' id='par_1_3' title="bbox 3517 442 3616 493">
     <span class='ocr_line' id='line_1_3' title="bbox 3517 442 3616 493; baseline 0 -1"><span class='ocrx_word' id='word_1_3' title='bbox 3517 442 3616 493; x_wconf 59' lang='lat' dir='ltr'><strong>{illi</strong></span> 
     </span>
    </p>
   </div>
   <div class='ocr_carea' id='block_1_4' title="bbox 360 541 3622 617">
    <p class='ocr_par' dir='ltr' id='par_1_4' title="bbox 360 541 3622 617">
     <span class='ocr_line' id='line_1_4' title="bbox 360 541 3622 617; baseline 0.001 -16"><span class='ocrx_word' id='word_1_4' title='bbox 360 553 550 617; x_wconf 84' lang='lat' dir='ltr'><strong>gentes</strong></span> <span class='ocrx_word' id='word_1_5' title='bbox 576 543 922 614; x_wconf 73' lang='lat' dir='ltr'><strong>Eyangelium</strong></span> <span class='ocrx_word' id='word_1_6' title='bbox 953 542 1263 614; x_wconf 60' lang='lat' dir='ltr'><strong>praedicare,</strong></span> <span class='ocrx_word' id='word_1_7' title='bbox 1313 553 1368 600; x_wconf 90' lang='lat' dir='ltr'><strong>et</strong></span> <span class='ocrx_word' id='word_1_8' title='bbox 1413 546 1479 599; x_wconf 87' lang='lat' dir='ltr'><strong>ab</strong></span> <span class='ocrx_word' id='word_1_9' title='bbox 1502 544 1788 600; x_wconf 82' lang='lat' dir='ltr'><strong>incredulis</strong></span> <span class='ocrx_word' id='word_1_10' title='bbox 1806 562 1938 600; x_wconf 89' lang='lat' dir='ltr'><strong>con-</strong></span> <span class='ocrx_word' id='word_1_11' title='bbox 1970 550 2016 605; x_wconf 82' lang='lat' dir='ltr'><strong>A</strong></span> <span class='ocrx_word' id='word_1_12' title='bbox 2045 544 2324 616; x_wconf 82' lang='lat' dir='ltr'><strong>phetabunt</strong></span> <span class='ocrx_word' id='word_1_13' title='bbox 2350 541 2505 614; x_wconf 82' lang='lat' dir='ltr'><strong>(Joel.</strong></span> <span class='ocrx_word' id='word_1_14' title='bbox 2532 559 2584 607; x_wconf 87' lang='grc' dir='ltr'><strong>ιι,</strong></span> <span class='ocrx_word' id='word_1_15' title='bbox 2616 542 2706 608; x_wconf 75' lang='grc'><strong>28,</strong></span> <span class='ocrx_word' id='word_1_16' title='bbox 2737 542 2847 612; x_wconf 76' lang='lat'><strong>29).</strong></span> <span class='ocrx_word' id='word_1_17' title='bbox 2873 544 2939 598; x_wconf 81' lang='lat' dir='ltr'><strong>Et</strong></span> <span class='ocrx_word' id='word_1_18' title='bbox 2962 545 3013 598; x_wconf 91' lang='lat' dir='ltr'><strong>in</strong></span> <span class='ocrx_word' id='word_1_19' title='bbox 3042 543 3174 598; x_wconf 83' lang='lat' dir='ltr'><strong>Osca</strong></span> <span class='ocrx_word' id='word_1_20' title='bbox 3205 545 3331 600; x_wconf 92' lang='lat' dir='ltr'><strong>dicit</strong></span> <span class='ocrx_word' id='word_1_21' title='bbox 3365 564 3375 598; x_wconf 92' lang='lat'><strong>:</strong></span> <span class='ocrx_word' id='word_1_22' title='bbox 3417 547 3622 603; x_wconf 72' lang='lat' dir='ltr'><strong>l’ocabo</strong></span> 
     </span>
    </p>
   </div>
   <div class='ocr_carea' id='block_1_5' title="bbox 358 635 1939 710">
    <p class='ocr_par' dir='ltr' id='par_1_5' title="bbox 358 635 1939 710">
     <span class='ocr_line' id='line_1_5' title="bbox 358 635 1939 710; baseline 0.001 -18"><span class='ocrx_word' id='word_1_23' title='bbox 358 638 611 694; x_wconf 68' lang='lat' dir='ltr'><strong>tumdias</strong></span> <span class='ocrx_word' id='word_1_24' title='bbox 630 637 888 709; x_wconf 79' lang='lat' dir='ltr'><strong>perferre,</strong></span> <span class='ocrx_word' id='word_1_25' title='bbox 916 644 974 691; x_wconf 92' lang='lat' dir='ltr'><strong>ut</strong></span> <span class='ocrx_word' id='word_1_26' title='bbox 1005 645 1029 673; x_wconf 80' lang='grc' dir='ltr'>ι</span> <span class='ocrx_word' id='word_1_27' title='bbox 1055 635 1329 693; x_wconf 69' lang='lat' dir='ltr'><strong>haurirent</strong></span> <span class='ocrx_word' id='word_1_28' title='bbox 1385 639 1733 709; x_wconf 79' lang='lat' dir='ltr'><strong>opprobrium</strong></span> <span class='ocrx_word' id='word_1_29' title='bbox 1782 655 1939 710; x_wconf 88' lang='lat' dir='ltr'><strong>pere-</strong></span> 
     </span>
    </p>
   </div>
   <div class='ocr_carea' id='block_1_6' title="bbox 359 722 1942 803">
    <p class='ocr_par' dir='ltr' id='par_1_6' title="bbox 359 722 1942 803">
     <span class='ocr_line' id='line_1_6' title="bbox 359 722 1942 803; baseline 0.003 -20"><span class='ocrx_word' id='word_1_30' title='bbox 359 728 679 797; x_wconf 84' lang='lat' dir='ltr'><strong>grinationis</strong></span> <span class='ocrx_word' id='word_1_31' title='bbox 706 743 861 797; x_wconf 68' lang='lat' dir='ltr'><strong>mem,</strong></span> <span class='ocrx_word' id='word_1_32' title='bbox 906 735 960 783; x_wconf 90' lang='lat' dir='ltr'><strong>et</strong></span> <span class='ocrx_word' id='word_1_33' title='bbox 997 722 1399 799; x_wconf 66' lang='lat' dir='ltr'><strong>persecutiones</strong></span> <span class='ocrx_word' id='word_1_34' title='bbox 1427 731 1645 801; x_wconf 79' lang='lat' dir='ltr'><strong>multas,</strong></span> <span class='ocrx_word' id='word_1_35' title='bbox 1676 748 1845 803; x_wconf 88' lang='lat' dir='ltr'><strong>usque</strong></span> <span class='ocrx_word' id='word_1_36' title='bbox 1875 734 1942 787; x_wconf 89' lang='lat' dir='ltr'><strong>ad</strong></span> 
     </span>
    </p>
   </div>
   <div class='ocr_carea' id='block_1_7' title="bbox 360 820 1939 895">
    <p class='ocr_par' dir='ltr' id='par_1_7' title="bbox 360 820 1939 895">
     <span class='ocr_line' id='line_1_7' title="bbox 360 820 1939 895; baseline 0.002 -19"><span class='ocrx_word' id='word_1_37' title='bbox 360 822 592 887; x_wconf 84' lang='lat' dir='ltr'><strong>vincula,</strong></span> <span class='ocrx_word' id='word_1_38' title='bbox 646 829 701 876; x_wconf 90' lang='lat' dir='ltr'><strong>et</strong></span> <span class='ocrx_word' id='word_1_39' title='bbox 721 829 780 876; x_wconf 90' lang='lat' dir='ltr'><strong>ut</strong></span> <span class='ocrx_word' id='word_1_40' title='bbox 806 820 988 876; x_wconf 89' lang='lat' dir='ltr'><strong>darem</strong></span> <span class='ocrx_word' id='word_1_41' title='bbox 1018 821 1405 890; x_wconf 76' lang='lat' dir='ltr'><strong>ingenuitatem</strong></span> <span class='ocrx_word' id='word_1_42' title='bbox 1432 838 1609 879; x_wconf 86' lang='lat' dir='ltr'><strong>meam</strong></span> <span class='ocrx_word' id='word_1_43' title='bbox 1663 840 1763 895; x_wconf 86' lang='lat' dir='ltr'><strong>pro</strong></span> <span class='ocrx_word' id='word_1_44' title='bbox 1792 825 1939 879; x_wconf 85' lang='lat' dir='ltr'><strong>utili-</strong></span> 
     </span>
    </p>
   </div>
   <div class='ocr_carea' id='block_1_8' title="bbox 363 901 1723 971">
    <p class='ocr_par' dir='ltr' id='par_1_8' title="bbox 363 901 1723 971">
     <span class='ocr_line' id='line_1_8' title="bbox 363 901 1723 971; baseline 0 -2"><span class='ocrx_word' id='word_1_45' title='bbox 363 921 476 969; x_wconf 92' lang='lat' dir='ltr'><strong>tate</strong></span> <span class='ocrx_word' id='word_1_46' title='bbox 495 913 741 971; x_wconf 88' lang='lat' dir='ltr'><strong>aliorum.</strong></span> <span class='ocrx_word' id='word_1_47' title='bbox 1638 901 1648 909; x_wconf 74' lang='grc'><em>’</em></span> <span class='ocrx_word' id='word_1_48' title='bbox 1714 908 1723 918; x_wconf 86' lang='grc'><strong>’</strong></span> 
     </span>
    </p>
   </div>
   <div class='ocr_carea' id='block_1_9' title="bbox 429 1002 1941 1078">
    <p class='ocr_par' dir='ltr' id='par_1_9' title="bbox 429 1002 1941 1078">
     <span class='ocr_line' id='line_1_9' title="bbox 429 1002 1941 1078; baseline 0.003 -18"><span class='ocrx_word' id='word_1_49' title='bbox 429 1004 570 1061; x_wconf 76' lang='lat' dir='ltr'><strong>XVI.</strong></span> <span class='ocrx_word' id='word_1_50' title='bbox 609 1002 678 1062; x_wconf 86' lang='lat' dir='ltr'><strong>Et</strong></span> <span class='ocrx_word' id='word_1_51' title='bbox 730 1006 775 1061; x_wconf 91' lang='lat' dir='ltr'><strong>si</strong></span> <span class='ocrx_word' id='word_1_52' title='bbox 803 1004 994 1075; x_wconf 87' lang='lat' dir='ltr'><strong>dignus</strong></span> <span class='ocrx_word' id='word_1_53' title='bbox 1019 1004 1192 1072; x_wconf 88' lang='lat' dir='ltr'><strong>fuero,</strong></span> <span class='ocrx_word' id='word_1_54' title='bbox 1236 1015 1518 1078; x_wconf 89' lang='lat' dir='ltr'><strong>promptus</strong></span> <span class='ocrx_word' id='word_1_55' title='bbox 1546 1024 1663 1063; x_wconf 80' lang='lat' dir='ltr'><strong>sum</strong></span> <span class='ocrx_word' id='word_1_56' title='bbox 1691 1016 1750 1063; x_wconf 91' lang='lat' dir='ltr'><strong>ut</strong></span> <span class='ocrx_word' id='word_1_57' title='bbox 1777 1009 1941 1064; x_wconf 88' lang='lat' dir='ltr'><strong>etiam</strong></span> 
     </span>
    </p>
   </div>
   <div class='ocr_carea' id='block_1_10' title="bbox 362 1097 1942 1169">
    <p class='ocr_par' dir='ltr' id='par_1_10' title="bbox 362 1097 1942 1169">
     <span class='ocr_line' id='line_1_10' title="bbox 362 1097 1942 1169; baseline 0.001 -17"><span class='ocrx_word' id='word_1_58' title='bbox 362 1098 596 1153; x_wconf 90' lang='lat' dir='ltr'><strong>animam</strong></span> <span class='ocrx_word' id='word_1_59' title='bbox 632 1111 809 1152; x_wconf 87' lang='lat' dir='ltr'><strong>meam</strong></span> <span class='ocrx_word' id='word_1_60' title='bbox 838 1097 1217 1154; x_wconf 87' lang='lat' dir='ltr'><strong>incunctanter</strong></span> <span class='ocrx_word' id='word_1_61' title='bbox 1269 1105 1325 1153; x_wconf 91' lang='lat' dir='ltr'><strong>et</strong></span> <span class='ocrx_word' id='word_1_62' title='bbox 1352 1098 1702 1155; x_wconf 86' lang='lat' dir='ltr'><strong>libentissime</strong></span> <span class='ocrx_word' id='word_1_63' title='bbox 1723 1114 1823 1169; x_wconf 91' lang='lat' dir='ltr'><strong>pro</strong></span> <span class='ocrx_word' id='word_1_64' title='bbox 1843 1115 1942 1154; x_wconf 90' lang='lat' dir='ltr'><strong>no-</strong></span> 
     </span>
    </p>
   </div>
   <div class='ocr_carea' id='block_1_11' title="bbox 362 1186 1944 1259">
    <p class='ocr_par' dir='ltr' id='par_1_11' title="bbox 362 1186 1944 1259">
     <span class='ocr_line' id='line_1_11' title="bbox 362 1186 1944 1259; baseline 0.003 -20"><span class='ocrx_word' id='word_1_65' title='bbox 362 1186 508 1242; x_wconf 86' lang='lat' dir='ltr'><strong>mine</strong></span> <span class='ocrx_word' id='word_1_66' title='bbox 535 1187 667 1255; x_wconf 87' lang='lat' dir='ltr'><strong>ejus,</strong></span> <span class='ocrx_word' id='word_1_67' title='bbox 698 1195 754 1241; x_wconf 89' lang='lat' dir='ltr'><strong>et</strong></span> <span class='ocrx_word' id='word_1_68' title='bbox 784 1186 856 1241; x_wconf 92' lang='lat' dir='ltr'><strong>ibi</strong></span> <span class='ocrx_word' id='word_1_69' title='bbox 878 1195 1008 1258; x_wconf 91' lang='lat' dir='ltr'><strong>opto</strong></span> <span class='ocrx_word' id='word_1_70' title='bbox 1038 1187 1354 1257; x_wconf 87' lang='lat' dir='ltr'><strong>impendere</strong></span> <span class='ocrx_word' id='word_1_71' title='bbox 1374 1203 1493 1243; x_wconf 91' lang='lat' dir='ltr'><strong>eam</strong></span> <span class='ocrx_word' id='word_1_72' title='bbox 1514 1204 1682 1259; x_wconf 90' lang='lat' dir='ltr'><strong>usque</strong></span> <span class='ocrx_word' id='word_1_73' title='bbox 1710 1191 1774 1243; x_wconf 91' lang='lat' dir='ltr'><strong>ad</strong></span> <span class='ocrx_word' id='word_1_74' title='bbox 1805 1206 1944 1245; x_wconf 88' lang='lat' dir='ltr'><strong>mor-</strong></span> 
     </span>
    </p>
   </div>
   <div class='ocr_carea' id='block_1_12' title="bbox 362 1277 1941 1349">
    <p class='ocr_par' dir='ltr' id='par_1_12' title="bbox 362 1277 1941 1349">
     <span class='ocr_line' id='line_1_12' title="bbox 362 1277 1941 1349; baseline 0.003 -16"><span class='ocrx_word' id='word_1_75' title='bbox 362 1283 491 1343; x_wconf 88' lang='lat' dir='ltr'><strong>tem,</strong></span> <span class='ocrx_word' id='word_1_76' title='bbox 520 1278 567 1332; x_wconf 94' lang='lat' dir='ltr'><strong>si</strong></span> <span class='ocrx_word' id='word_1_77' title='bbox 594 1277 852 1333; x_wconf 88' lang='lat' dir='ltr'><strong>Dominus</strong></span> <span class='ocrx_word' id='word_1_78' title='bbox 869 1279 1002 1333; x_wconf 87' lang='lat' dir='ltr'><strong>mihi</strong></span> <span class='ocrx_word' id='word_1_79' title='bbox 1030 1278 1364 1347; x_wconf 79' lang='lat' dir='ltr'><strong>indulgeret;</strong></span> <span class='ocrx_word' id='word_1_80' title='bbox 1396 1279 1521 1349; x_wconf 88' lang='lat' dir='ltr'><strong>quia</strong></span> <span class='ocrx_word' id='word_1_81' title='bbox 1548 1279 1706 1335; x_wconf 83' lang='lat' dir='ltr'><strong>valde</strong></span> <span class='ocrx_word' id='word_1_82' title='bbox 1727 1280 1941 1337; x_wconf 88' lang='lat' dir='ltr'><strong>debitor</strong></span> 
     </span>
    </p>
   </div>
   <div class='ocr_carea' id='block_1_13' title="bbox 359 1369 1942 1443">
    <p class='ocr_par' dir='ltr' id='par_1_13' title="bbox 359 1369 1942 1443">
     <span class='ocr_line' id='line_1_13' title="bbox 359 1369 1942 1443; baseline 0.002 -18"><span class='ocrx_word' id='word_1_83' title='bbox 359 1384 476 1425; x_wconf 88' lang='lat' dir='ltr'><strong>sum</strong></span> <span class='ocrx_word' id='word_1_84' title='bbox 498 1369 630 1435; x_wconf 87' lang='lat' dir='ltr'><strong>Deo,</strong></span> <span class='ocrx_word' id='word_1_85' title='bbox 659 1371 752 1440; x_wconf 91' lang='lat' dir='ltr'><strong>qui</strong></span> <span class='ocrx_word' id='word_1_86' title='bbox 782 1371 911 1425; x_wconf 90' lang='lat' dir='ltr'><strong>mihi</strong></span> <span class='ocrx_word' id='word_1_87' title='bbox 931 1379 1137 1425; x_wconf 88' lang='lat' dir='ltr'><strong>tantam</strong></span> <span class='ocrx_word' id='word_1_88' title='bbox 1157 1371 1385 1439; x_wconf 80' lang='lat' dir='ltr'><strong>gratiam</strong></span> <span class='ocrx_word' id='word_1_89' title='bbox 1405 1370 1642 1437; x_wconf 91' lang='lat' dir='ltr'><strong>donavit,</strong></span> <span class='ocrx_word' id='word_1_90' title='bbox 1674 1380 1731 1427; x_wconf 93' lang='lat' dir='ltr'><strong>ut</strong></span> <span class='ocrx_word' id='word_1_91' title='bbox 1757 1374 1942 1443; x_wconf 85' lang='lat' dir='ltr'><strong>populi</strong></span> 
     </span>
    </p>
   </div>
   <div class='ocr_carea' id='block_1_14' title="bbox 357 1461 1942 1533">
    <p class='ocr_par' dir='ltr' id='par_1_14' title="bbox 357 1461 1942 1533">
     <span class='ocr_line' id='line_1_14' title="bbox 357 1461 1942 1533; baseline 0.002 -17"><span class='ocrx_word' id='word_1_92' title='bbox 357 1461 510 1516; x_wconf 89' lang='lat' dir='ltr'><strong>multi</strong></span> <span class='ocrx_word' id='word_1_93' title='bbox 539 1476 637 1531; x_wconf 87' lang='lat' dir='ltr'><strong>per</strong></span> <span class='ocrx_word' id='word_1_94' title='bbox 658 1476 744 1517; x_wconf 83' lang='lat' dir='ltr'><strong>me</strong></span> <span class='ocrx_word' id='word_1_95' title='bbox 773 1461 827 1516; x_wconf 90' lang='lat' dir='ltr'><strong>in</strong></span> <span class='ocrx_word' id='word_1_96' title='bbox 856 1461 1023 1517; x_wconf 91' lang='lat' dir='ltr'><strong>Deum</strong></span> <span class='ocrx_word' id='word_1_97' title='bbox 1051 1469 1483 1529; x_wconf 88' lang='lat' dir='ltr'><strong>renascerentur,</strong></span> <span class='ocrx_word' id='word_1_98' title='bbox 1516 1471 1571 1518; x_wconf 90' lang='lat' dir='ltr'><strong>et</strong></span> <span class='ocrx_word' id='word_1_99' title='bbox 1598 1463 1942 1533; x_wconf 86' lang='lat' dir='ltr'><strong>postmodum</strong></span> 
     </span>
    </p>
   </div>
   <div class='ocr_carea' id='block_1_15' title="bbox 359 1552 1946 1622">
    <p class='ocr_par' dir='ltr' id='par_1_15' title="bbox 359 1552 1946 1622">
     <span class='ocr_line' id='line_1_15' title="bbox 359 1552 1946 1622; baseline 0.002 -16"><span class='ocrx_word' id='word_1_100' title='bbox 359 1559 893 1617; x_wconf 77' lang='lat' dir='ltr'><strong>consummarentur;</strong></span> <span class='ocrx_word' id='word_1_101' title='bbox 925 1559 979 1606; x_wconf 88' lang='lat' dir='ltr'><strong>et</strong></span> <span class='ocrx_word' id='word_1_102' title='bbox 1001 1560 1060 1606; x_wconf 90' lang='lat' dir='ltr'><strong>ut</strong></span> <span class='ocrx_word' id='word_1_103' title='bbox 1078 1552 1260 1608; x_wconf 85' lang='lat' dir='ltr'><strong>clerici</strong></span> <span class='ocrx_word' id='word_1_104' title='bbox 1289 1554 1486 1622; x_wconf 90' lang='lat' dir='ltr'><strong>ubique</strong></span> <span class='ocrx_word' id='word_1_105' title='bbox 1513 1554 1618 1609; x_wconf 87' lang='lat' dir='ltr'><strong>illis</strong></span> <span class='ocrx_word' id='word_1_106' title='bbox 1637 1553 1946 1610; x_wconf 89' lang='lat' dir='ltr'><strong>ordinaren-</strong></span> 
     </span>
    </p>
   </div>
   <div class='ocr_carea' id='block_1_16' title="bbox 369 1642 1941 1725">
    <p class='ocr_par' dir='ltr' id='par_1_16' title="bbox 369 1642 1941 1725">
     <span class='ocr_line' id='line_1_16' title="bbox 369 1642 1941 1725; baseline 0.005 -30"><span class='ocrx_word' id='word_1_107' title='bbox 369 1648 459 1696; x_wconf 85' lang='lat' dir='ltr'><strong>tur</strong></span> <span class='ocrx_word' id='word_1_108' title='bbox 511 1642 578 1697; x_wconf 92' lang='lat' dir='ltr'><strong>ad</strong></span> <span class='ocrx_word' id='word_1_109' title='bbox 645 1642 861 1714; x_wconf 86' lang='lat' dir='ltr'><strong>plebem</strong></span> <span class='ocrx_word' id='word_1_110' title='bbox 915 1646 1391 1714; x_wconf 88' lang='lat' dir='ltr'><strong>nupervenientem</strong></span> <span class='ocrx_word' id='word_1_111' title='bbox 1445 1645 1511 1699; x_wconf 93' lang='lat' dir='ltr'><strong>ad</strong></span> <span class='ocrx_word' id='word_1_112' title='bbox 1569 1646 1941 1725; x_wconf 71' lang='lat' dir='ltr'><strong>credulitatem</strong></span> 
     </span>
    </p>
   </div>
   <div class='ocr_carea' id='block_1_17' title="bbox 361 1734 1944 1805">
    <p class='ocr_par' dir='ltr' id='par_1_17' title="bbox 361 1734 1944 1805">
     <span class='ocr_line' id='line_1_17' title="bbox 361 1734 1944 1805; baseline 0.004 -16"><span class='ocrx_word' id='word_1_113' title='bbox 361 1749 525 1805; x_wconf 85' lang='lat' dir='ltr'><strong>quam</strong></span> <span class='ocrx_word' id='word_1_114' title='bbox 570 1735 799 1805; x_wconf 86' lang='lat' dir='ltr'><strong>sumpsit</strong></span> <span class='ocrx_word' id='word_1_115' title='bbox 844 1734 1102 1791; x_wconf 85' lang='lat' dir='ltr'><strong>Dominus</strong></span> <span class='ocrx_word' id='word_1_116' title='bbox 1156 1736 1222 1790; x_wconf 93' lang='lat' dir='ltr'><strong>ab</strong></span> <span class='ocrx_word' id='word_1_117' title='bbox 1275 1738 1531 1792; x_wconf 79' lang='lat' dir='ltr'><strong>extremis</strong></span> <span class='ocrx_word' id='word_1_118' title='bbox 1576 1747 1763 1803; x_wconf 82' lang='lat' dir='ltr'><strong>teme,</strong></span> <span class='ocrx_word' id='word_1_119' title='bbox 1808 1738 1944 1795; x_wconf 91' lang='lat' dir='ltr'><strong>sicut</strong></span> 
     </span>
    </p>
   </div>
   <div class='ocr_carea' id='block_1_18' title="bbox 361 1826 1943 1900">
    <p class='ocr_par' dir='ltr' id='par_1_18' title="bbox 361 1826 1943 1900">
     <span class='ocr_line' id='line_1_18' title="bbox 361 1826 1943 1900; baseline 0.001 -18"><span class='ocrx_word' id='word_1_120' title='bbox 361 1826 493 1882; x_wconf 91' lang='lat' dir='ltr'><strong>olim</strong></span> <span class='ocrx_word' id='word_1_121' title='bbox 522 1826 844 1895; x_wconf 87' lang='lat' dir='ltr'><strong>promiserat</strong></span> <span class='ocrx_word' id='word_1_122' title='bbox 873 1840 969 1895; x_wconf 87' lang='lat' dir='ltr'><strong>per</strong></span> <span class='ocrx_word' id='word_1_123' title='bbox 994 1826 1305 1896; x_wconf 85' lang='lat' dir='ltr'><strong>prophetas.</strong></span> <span class='ocrx_word' id='word_1_124' title='bbox 1336 1827 1418 1880; x_wconf 79' lang='lat' dir='ltr'><strong>Ad</strong></span> <span class='ocrx_word' id='word_1_125' title='bbox 1446 1835 1495 1882; x_wconf 90' lang='lat' dir='ltr'><strong>te</strong></span> <span class='ocrx_word' id='word_1_126' title='bbox 1523 1836 1700 1900; x_wconf 78' lang='lat' dir='ltr'><strong>gentes</strong></span> <span class='ocrx_word' id='word_1_127' title='bbox 1742 1831 1943 1883; x_wconf 81' lang='lat' dir='ltr'><strong>venient</strong></span> 
     </span>
    </p>
   </div>
   <div class='ocr_carea' id='block_1_19' title="bbox 2045 633 3620 706">
    <p class='ocr_par' dir='ltr' id='par_1_19' title="bbox 2045 633 3620 706">
     <span class='ocr_line' id='line_1_19' title="bbox 2045 633 3620 706; baseline 0.006 -19"><span class='ocrx_word' id='word_1_128' title='bbox 2045 651 2151 688; x_wconf 91' lang='lat' dir='ltr'><strong>non</strong></span> <span class='ocrx_word' id='word_1_129' title='bbox 2197 633 2401 705; x_wconf 79' lang='lat' dir='ltr'><strong>plebem</strong></span> <span class='ocrx_word' id='word_1_130' title='bbox 2456 652 2639 701; x_wconf 87' lang='lat' dir='ltr'><strong>meam,</strong></span> <span class='ocrx_word' id='word_1_131' title='bbox 2682 634 2877 706; x_wconf 84' lang='lat' dir='ltr'><strong>plebem</strong></span> <span class='ocrx_word' id='word_1_132' title='bbox 2904 654 3092 704; x_wconf 87' lang='lat' dir='ltr'><strong>meam,</strong></span> <span class='ocrx_word' id='word_1_133' title='bbox 3123 646 3173 690; x_wconf 91' lang='lat' dir='ltr'><strong>et</strong></span> <span class='ocrx_word' id='word_1_134' title='bbox 3196 654 3298 692; x_wconf 90' lang='lat' dir='ltr'><strong>non</strong></span> <span class='ocrx_word' id='word_1_135' title='bbox 3322 642 3620 695; x_wconf 83' lang='lat' dir='ltr'><strong>misericor-</strong></span> 
     </span>
    </p>
   </div>
   <div class='ocr_carea' id='block_1_20' title="bbox 2045 725 3617 803">
    <p class='ocr_par' dir='ltr' id='par_1_20' title="bbox 2045 725 3617 803">
     <span class='ocr_line' id='line_1_20' title="bbox 2045 725 3617 803; baseline 0.006 -24"><span class='ocrx_word' id='word_1_136' title='bbox 2045 725 2187 780; x_wconf 91' lang='lat' dir='ltr'><strong>diam</strong></span> <span class='ocrx_word' id='word_1_137' title='bbox 2214 734 2557 790; x_wconf 81' lang='lat' dir='ltr'><strong>consecutam,</strong></span> <span class='ocrx_word' id='word_1_138' title='bbox 2582 727 2990 781; x_wconf 85' lang='lat' dir='ltr'><strong>misericordiam</strong></span> <span class='ocrx_word' id='word_1_139' title='bbox 3020 739 3344 784; x_wconf 80' lang='lat' dir='ltr'><strong>consecutam</strong></span> <span class='ocrx_word' id='word_1_140' title='bbox 3366 729 3541 803; x_wconf 73' lang='lat' dir='ltr'><strong>(Osea:</strong></span> <span class='ocrx_word' id='word_1_141' title='bbox 3561 750 3617 796; x_wconf 82' lang='grc' dir='ltr'><strong>ιι,</strong></span> 
     </span>
    </p>
   </div>
   <div class='ocr_carea' id='block_1_21' title="bbox 2042 817 3620 890">
    <p class='ocr_par' dir='ltr' id='par_1_21' title="bbox 2042 817 3620 890">
     <span class='ocr_line' id='line_1_21' title="bbox 2042 817 3620 890; baseline 0.006 -20"><span class='ocrx_word' id='word_1_142' title='bbox 2042 817 2144 885; x_wconf 69' lang='lat'><strong>24;</strong></span> <span class='ocrx_word' id='word_1_143' title='bbox 2186 817 2338 873; x_wconf 86' lang='lat' dir='ltr'><strong>Rom.</strong></span> <span class='ocrx_word' id='word_1_144' title='bbox 2379 837 2459 886; x_wconf 81' lang='lat' dir='ltr'><strong>Ix,</strong></span> <span class='ocrx_word' id='word_1_145' title='bbox 2513 817 2623 885; x_wconf 72' lang='lat'><strong>25;</strong></span> <span class='ocrx_word' id='word_1_146' title='bbox 2678 819 2707 872; x_wconf 92' lang='grc'><strong>1</strong></span> <span class='ocrx_word' id='word_1_147' title='bbox 2752 818 2893 874; x_wconf 88' lang='lat' dir='ltr'><strong>Petr.</strong></span> <span class='ocrx_word' id='word_1_148' title='bbox 2926 837 2980 884; x_wconf 83' lang='grc' dir='ltr'><strong>ιι,</strong></span> <span class='ocrx_word' id='word_1_149' title='bbox 3015 820 3123 890; x_wconf 89' lang='grc'><strong>10).</strong></span> <span class='ocrx_word' id='word_1_150' title='bbox 3179 822 3248 875; x_wconf 85' lang='lat' dir='ltr'><strong>Et</strong></span> <span class='ocrx_word' id='word_1_151' title='bbox 3275 826 3373 878; x_wconf 81' lang='lat' dir='ltr'><strong>erit</strong></span> <span class='ocrx_word' id='word_1_152' title='bbox 3410 827 3464 879; x_wconf 86' lang='lat' dir='ltr'><strong>in</strong></span> <span class='ocrx_word' id='word_1_153' title='bbox 3507 827 3620 880; x_wconf 82' lang='lat' dir='ltr'><strong>loco</strong></span> 
     </span>
    </p>
   </div>
   <div class='ocr_carea' id='block_1_22' title="bbox 2044 909 3622 987">
    <p class='ocr_par' dir='ltr' id='par_1_22' title="bbox 2044 909 3622 987">
     <span class='ocr_line' id='line_1_22' title="bbox 2044 909 3622 987; baseline 0.007 -25"><span class='ocrx_word' id='word_1_154' title='bbox 2044 909 2130 962; x_wconf 91' lang='lat' dir='ltr'><strong>ubi</strong></span> <span class='ocrx_word' id='word_1_155' title='bbox 2158 910 2349 965; x_wconf 86' lang='lat' dir='ltr'><strong>dictum</strong></span> <span class='ocrx_word' id='word_1_156' title='bbox 2363 920 2440 966; x_wconf 90' lang='lat' dir='ltr'><strong>est</strong></span> <span class='ocrx_word' id='word_1_157' title='bbox 2462 928 2479 965; x_wconf 91' lang='lat'><strong><em>:</em></strong></span> <span class='ocrx_word' id='word_1_158' title='bbox 2504 909 2627 966; x_wconf 89' lang='lat' dir='ltr'><strong>Non</strong></span> <span class='ocrx_word' id='word_1_159' title='bbox 2657 910 2797 982; x_wconf 81' lang='lat' dir='ltr'><strong>plebs</strong></span> <span class='ocrx_word' id='word_1_160' title='bbox 2815 930 2929 966; x_wconf 88' lang='lat' dir='ltr'><strong>mea</strong></span> <span class='ocrx_word' id='word_1_161' title='bbox 2958 930 3065 979; x_wconf 88' lang='lat' dir='ltr'><strong>vos,</strong></span> <span class='ocrx_word' id='word_1_162' title='bbox 3087 914 3155 969; x_wconf 89' lang='lat' dir='ltr'><strong>ibi</strong></span> <span class='ocrx_word' id='word_1_163' title='bbox 3186 915 3497 981; x_wconf 85' lang='lat' dir='ltr'><strong>vocabuntur</strong></span> <span class='ocrx_word' id='word_1_164' title='bbox 3521 920 3622 987; x_wconf 90' lang='lat' dir='ltr'><strong>ﬁlii</strong></span> 
     </span>
    </p>
   </div>
   <div class='ocr_carea' id='block_1_23' title="bbox 2046 996 3065 1072">
    <p class='ocr_par' dir='ltr' id='par_1_23' title="bbox 2046 996 3065 1072">
     <span class='ocr_line' id='line_1_23' title="bbox 2046 996 3065 1072; baseline 0.006 -21"><span class='ocrx_word' id='word_1_165' title='bbox 2046 996 2143 1052; x_wconf 89' lang='lat' dir='ltr'><strong>Dei</strong></span> <span class='ocrx_word' id='word_1_166' title='bbox 2172 997 2465 1071; x_wconf 74' lang='lat' dir='ltr'><strong>uiui-(Osca:</strong></span> <span class='ocrx_word' id='word_1_167' title='bbox 2492 1018 2527 1065; x_wconf 82' lang='grc' dir='ltr'><strong>ι,</strong></span> <span class='ocrx_word' id='word_1_168' title='bbox 2554 1000 2651 1067; x_wconf 86' lang='grc'><strong>10;</strong></span> <span class='ocrx_word' id='word_1_169' title='bbox 2678 1000 2828 1056; x_wconf 80' lang='lat' dir='ltr'><strong>Rom.</strong></span> <span class='ocrx_word' id='word_1_170' title='bbox 2855 1021 2930 1068; x_wconf 79' lang='lat' dir='ltr'><strong>ix,</strong></span> <span class='ocrx_word' id='word_1_171' title='bbox 2955 1003 3065 1072; x_wconf 73' lang='grc'><strong>26).</strong></span> 
     </span>
    </p>
   </div>
   <div class='ocr_carea' id='block_1_24' title="bbox 2072 1087 3621 1168">
    <p class='ocr_par' dir='ltr' id='par_1_24' title="bbox 2072 1087 3621 1168">
     <span class='ocr_line' id='line_1_24' title="bbox 2072 1087 3621 1168; baseline 0.011 -28"><span class='ocrx_word' id='word_1_172' title='bbox 2072 1088 2075 1091; x_wconf 85' lang='grc'><em>’</em></span> <span class='ocrx_word' id='word_1_173' title='bbox 2114 1087 2295 1143; x_wconf 79' lang='lat' dir='ltr'><strong>XVIII.</strong></span> <span class='ocrx_word' id='word_1_174' title='bbox 2339 1088 2489 1144; x_wconf 89' lang='lat' dir='ltr'><strong>Unde</strong></span> <span class='ocrx_word' id='word_1_175' title='bbox 2517 1099 2694 1146; x_wconf 88' lang='lat' dir='ltr'><strong>autem</strong></span> <span class='ocrx_word' id='word_1_176' title='bbox 2725 1089 3024 1149; x_wconf 76' lang='lat' dir='ltr'><strong>Iﬁberiona:</strong></span> <span class='ocrx_word' id='word_1_177' title='bbox 3058 1096 3150 1166; x_wconf 91' lang='lat' dir='ltr'><strong>qui</strong></span> <span class='ocrx_word' id='word_1_178' title='bbox 3177 1114 3447 1168; x_wconf 88' lang='lat' dir='ltr'><strong>nunquam</strong></span> <span class='ocrx_word' id='word_1_179' title='bbox 3477 1101 3621 1156; x_wconf 89' lang='lat' dir='ltr'><strong>noti—</strong></span> 
     </span>
    </p>
   </div>
   <div class='ocr_carea' id='block_1_25' title="bbox 2046 1179 3621 1262">
    <p class='ocr_par' dir='ltr' id='par_1_25' title="bbox 2046 1179 3621 1262">
     <span class='ocr_line' id='line_1_25' title="bbox 2046 1179 3621 1262; baseline 0.009 -29"><span class='ocrx_word' id='word_1_180' title='bbox 2046 1179 2174 1234; x_wconf 91' lang='lat' dir='ltr'><strong>tiam</strong></span> <span class='ocrx_word' id='word_1_181' title='bbox 2212 1180 2306 1235; x_wconf 90' lang='lat' dir='ltr'><strong>Dei</strong></span> <span class='ocrx_word' id='word_1_182' title='bbox 2334 1181 2656 1249; x_wconf 90' lang='lat' dir='ltr'><strong>habuerunt,</strong></span> <span class='ocrx_word' id='word_1_183' title='bbox 2708 1184 2808 1239; x_wconf 91' lang='lat' dir='ltr'><strong>nisi</strong></span> <span class='ocrx_word' id='word_1_184' title='bbox 2855 1186 2993 1240; x_wconf 93' lang='lat' dir='ltr'><strong>idola</strong></span> <span class='ocrx_word' id='word_1_185' title='bbox 3042 1196 3097 1242; x_wconf 89' lang='lat' dir='ltr'><strong>et</strong></span> <span class='ocrx_word' id='word_1_186' title='bbox 3142 1189 3410 1245; x_wconf 90' lang='lat' dir='ltr'><strong>immunda</strong></span> <span class='ocrx_word' id='word_1_187' title='bbox 3452 1207 3621 1262; x_wconf 86' lang='lat' dir='ltr'><strong>usque</strong></span> 
     </span>
    </p>
   </div>
   <div class='ocr_carea' id='block_1_26' title="bbox 2046 1268 3622 1351">
    <p class='ocr_par' dir='ltr' id='par_1_26' title="bbox 2046 1268 3622 1351">
     <span class='ocr_line' id='line_1_26' title="bbox 2046 1268 3622 1351; baseline 0.008 -24"><span class='ocrx_word' id='word_1_188' title='bbox 2046 1289 2187 1328; x_wconf 90' lang='lat' dir='ltr'><strong>nunc</strong></span> <span class='ocrx_word' id='word_1_189' title='bbox 2230 1289 2443 1344; x_wconf 86' lang='lat' dir='ltr'><strong>semper</strong></span> <span class='ocrx_word' id='word_1_190' title='bbox 2470 1275 2783 1343; x_wconf 89' lang='lat' dir='ltr'><strong>coluerunt;</strong></span> <span class='ocrx_word' id='word_1_191' title='bbox 2830 1274 3099 1346; x_wconf 86' lang='lat' dir='ltr'><strong>quomodo</strong></span> <span class='ocrx_word' id='word_1_192' title='bbox 3147 1268 3501 1351; x_wconf 22' lang='lat' dir='ltr'><strong>nuper-facta</strong></span> <span class='ocrx_word' id='word_1_193' title='bbox 3542 1292 3622 1339; x_wconf 85' lang='lat' dir='ltr'><strong>est</strong></span> 
     </span>
    </p>
   </div>
   <div class='ocr_carea' id='block_1_27' title="bbox 2043 1362 3621 1439">
    <p class='ocr_par' dir='ltr' id='par_1_27' title="bbox 2043 1362 3621 1439">
     <span class='ocr_line' id='line_1_27' title="bbox 2043 1362 3621 1439; baseline 0.008 -23"><span class='ocrx_word' id='word_1_194' title='bbox 2043 1362 2195 1432; x_wconf 91' lang='lat' dir='ltr'><strong>plebs</strong></span> <span class='ocrx_word' id='word_1_195' title='bbox 2223 1363 2453 1430; x_wconf 88' lang='lat' dir='ltr'><strong>Domini,</strong></span> <span class='ocrx_word' id='word_1_196' title='bbox 2483 1373 2539 1420; x_wconf 87' lang='lat' dir='ltr'><strong>et</strong></span> <span class='ocrx_word' id='word_1_197' title='bbox 2565 1364 2658 1420; x_wconf 84' lang='lat' dir='ltr'><strong>lilii</strong></span> <span class='ocrx_word' id='word_1_198' title='bbox 2684 1365 2783 1421; x_wconf 93' lang='lat' dir='ltr'><strong>Dei</strong></span> <span class='ocrx_word' id='word_1_199' title='bbox 2812 1372 3217 1439; x_wconf 90' lang='lat' dir='ltr'><strong>nuncupantur?</strong></span> <span class='ocrx_word' id='word_1_200' title='bbox 3246 1371 3363 1426; x_wconf 90' lang='lat' dir='ltr'><strong>Filii</strong></span> <span class='ocrx_word' id='word_1_201' title='bbox 3402 1372 3621 1429; x_wconf 80' lang='lat' dir='ltr'><strong>Scotto-</strong></span> 
     </span>
    </p>
   </div>
   <div class='ocr_carea' id='block_1_28' title="bbox 2043 1454 3620 1532">
    <p class='ocr_par' dir='ltr' id='par_1_28' title="bbox 2043 1454 3620 1532">
     <span class='ocr_line' id='line_1_28' title="bbox 2043 1454 3620 1532; baseline 0.008 -24"><span class='ocrx_word' id='word_1_202' title='bbox 2043 1470 2163 1508; x_wconf 86' lang='lat' dir='ltr'><strong>rum</strong></span> <span class='ocrx_word' id='word_1_203' title='bbox 2192 1463 2246 1509; x_wconf 92' lang='lat' dir='ltr'><strong>et</strong></span> <span class='ocrx_word' id='word_1_204' title='bbox 2272 1454 2394 1510; x_wconf 65' lang='lat' dir='ltr'><strong>ﬁlias</strong></span> <span class='ocrx_word' id='word_1_205' title='bbox 2430 1457 2736 1526; x_wconf 86' lang='lat' dir='ltr'><strong>regulorum</strong></span> <span class='ocrx_word' id='word_1_206' title='bbox 2754 1501 2769 1525; x_wconf 89' lang='lat'><strong>,</strong></span> <span class='ocrx_word' id='word_1_207' title='bbox 2800 1463 3045 1516; x_wconf 87' lang='lat' dir='ltr'><strong>monachi</strong></span> <span class='ocrx_word' id='word_1_208' title='bbox 3086 1471 3141 1517; x_wconf 90' lang='lat' dir='ltr'><strong>et</strong></span> <span class='ocrx_word' id='word_1_209' title='bbox 3164 1464 3399 1532; x_wconf 78' lang='lat' dir='ltr'><strong>virgines</strong></span> <span class='ocrx_word' id='word_1_210' title='bbox 3426 1464 3620 1523; x_wconf 87' lang='lat' dir='ltr'><strong>Christi</strong></span> 
     </span>
    </p>
   </div>
   <div class='ocr_carea' id='block_1_29' title="bbox 2044 1546 3625 1626">
    <p class='ocr_par' dir='ltr' id='par_1_29' title="bbox 2044 1546 3625 1626">
     <span class='ocr_line' id='line_1_29' title="bbox 2044 1546 3625 1626; baseline 0.008 -26"><span class='ocrx_word' id='word_1_211' title='bbox 2044 1560 2163 1601; x_wconf 91' lang='lat' dir='ltr'><strong>esse</strong></span> <span class='ocrx_word' id='word_1_212' title='bbox 2191 1546 2457 1603; x_wconf 88' lang='lat' dir='ltr'><strong>videntur.</strong></span> <span class='ocrx_word' id='word_1_213' title='bbox 2490 1548 2558 1603; x_wconf 90' lang='lat' dir='ltr'><strong>Et</strong></span> <span class='ocrx_word' id='word_1_214' title='bbox 2577 1551 2739 1605; x_wconf 90' lang='lat' dir='ltr'><strong>etiam</strong></span> <span class='ocrx_word' id='word_1_215' title='bbox 2768 1568 2874 1606; x_wconf 91' lang='lat' dir='ltr'><strong>una</strong></span> <span class='ocrx_word' id='word_1_216' title='bbox 2892 1554 3173 1609; x_wconf 80' lang='lat' dir='ltr'><strong>benedicta</strong></span> <span class='ocrx_word' id='word_1_217' title='bbox 3204 1555 3389 1610; x_wconf 91' lang='lat' dir='ltr'><strong>Scotta</strong></span> <span class='ocrx_word' id='word_1_218' title='bbox 3424 1569 3445 1595; x_wconf 80' lang='grc' dir='ltr'><strong>ο</strong></span> <span class='ocrx_word' id='word_1_219' title='bbox 3476 1559 3625 1626; x_wconf 80' lang='lat' dir='ltr'><strong>geni-</strong></span> 
     </span>
    </p>
   </div>
   <div class='ocr_carea' id='block_1_30' title="bbox 2043 1635 3625 1716">
    <p class='ocr_par' dir='ltr' id='par_1_30' title="bbox 2043 1635 3625 1716">
     <span class='ocr_line' id='line_1_30' title="bbox 2043 1635 3625 1716; baseline 0.009 -27"><span class='ocrx_word' id='word_1_220' title='bbox 2043 1635 2152 1690; x_wconf 90' lang='lat' dir='ltr'><strong>tiva</strong></span> <span class='ocrx_word' id='word_1_221' title='bbox 2181 1637 2393 1702; x_wconf 91' lang='lat' dir='ltr'><strong>nobilis,</strong></span> <span class='ocrx_word' id='word_1_222' title='bbox 2426 1639 2804 1708; x_wconf 91' lang='lat' dir='ltr'><strong>pulcherrima,</strong></span> <span class='ocrx_word' id='word_1_223' title='bbox 2835 1641 3015 1697; x_wconf 90' lang='lat' dir='ltr'><strong>adulta</strong></span> <span class='ocrx_word' id='word_1_224' title='bbox 3045 1652 3181 1709; x_wconf 87' lang='lat' dir='ltr'><strong>erat,</strong></span> <span class='ocrx_word' id='word_1_225' title='bbox 3212 1661 3372 1715; x_wconf 88' lang='lat' dir='ltr'><strong>quam</strong></span> <span class='ocrx_word' id='word_1_226' title='bbox 3404 1662 3504 1716; x_wconf 87' lang='lat' dir='ltr'><strong>ego</strong></span> <span class='ocrx_word' id='word_1_227' title='bbox 3525 1650 3625 1703; x_wconf 63' lang='grc' dir='ltr'><strong>ιω-</strong></span> 
     </span>
    </p>
   </div>
   <div class='ocr_carea' id='block_1_31' title="bbox 2044 1726 3623 1800">
    <p class='ocr_par' dir='ltr' id='par_1_31' title="bbox 2044 1726 3623 1800">
     <span class='ocr_line' id='line_1_31' title="bbox 2044 1726 3623 1800; baseline 0.008 -21"><span class='ocrx_word' id='word_1_228' title='bbox 2044 1727 2259 1796; x_wconf 88' lang='lat' dir='ltr'><strong>ptizavi.</strong></span> <span class='ocrx_word' id='word_1_229' title='bbox 2290 1726 2359 1782; x_wconf 86' lang='lat' dir='ltr'><strong>Et</strong></span> <span class='ocrx_word' id='word_1_230' title='bbox 2383 1739 2507 1799; x_wconf 91' lang='lat' dir='ltr'><strong>post</strong></span> <span class='ocrx_word' id='word_1_231' title='bbox 2533 1746 2735 1800; x_wconf 91' lang='lat' dir='ltr'><strong>paucos</strong></span> <span class='ocrx_word' id='word_1_232' title='bbox 2755 1731 2887 1796; x_wconf 88' lang='lat' dir='ltr'><strong>dies,</strong></span> <span class='ocrx_word' id='word_1_233' title='bbox 2911 1748 3016 1786; x_wconf 88' lang='lat' dir='ltr'><strong>una</strong></span> <span class='ocrx_word' id='word_1_234' title='bbox 3042 1749 3201 1789; x_wconf 91' lang='lat' dir='ltr'><strong>causa</strong></span> <span class='ocrx_word' id='word_1_235' title='bbox 3223 1737 3369 1790; x_wconf 89' lang='lat' dir='ltr'><strong>venit</strong></span> <span class='ocrx_word' id='word_1_236' title='bbox 3397 1736 3461 1791; x_wconf 89' lang='lat' dir='ltr'><strong>ad</strong></span> <span class='ocrx_word' id='word_1_237' title='bbox 3486 1736 3623 1793; x_wconf 86' lang='lat' dir='ltr'><strong>nos:</strong></span> 
     </span>
    </p>
   </div>
   <div class='ocr_carea' id='block_1_32' title="bbox 2046 1816 3625 1894">
    <p class='ocr_par' dir='ltr' id='par_1_32' title="bbox 2046 1816 3625 1894">
     <span class='ocr_line' id='line_1_32' title="bbox 2046 1816 3625 1894; baseline 0.009 -25"><span class='ocrx_word' id='word_1_238' title='bbox 2046 1816 2334 1871; x_wconf 87' lang='lat' dir='ltr'><strong>insinuavit</strong></span> <span class='ocrx_word' id='word_1_239' title='bbox 2378 1819 2530 1875; x_wconf 92' lang='lat' dir='ltr'><strong>nobis</strong></span> <span class='ocrx_word' id='word_1_240' title='bbox 2557 1836 2873 1890; x_wconf 89' lang='lat' dir='ltr'><strong>responsum</strong></span> <span class='ocrx_word' id='word_1_241' title='bbox 2920 1824 3189 1893; x_wconf 88' lang='lat' dir='ltr'><strong>accepisse</strong></span> <span class='ocrx_word' id='word_1_242' title='bbox 3216 1841 3243 1878; x_wconf 92' lang='lat' dir='ltr'><strong>a</strong></span> <span class='ocrx_word' id='word_1_243' title='bbox 3276 1827 3464 1882; x_wconf 88' lang='lat' dir='ltr'><strong>nuntio</strong></span> <span class='ocrx_word' id='word_1_244' title='bbox 3509 1829 3625 1894; x_wconf 89' lang='lat' dir='ltr'><strong>Dei,</strong></span> 
     </span>
    </p>
   </div>
   <div class='ocr_carea' id='block_1_33' title="bbox 362 1905 1951 1990">
    <p class='ocr_par' dir='ltr' id='par_1_33' title="bbox 362 1915 1943 1990">
     <span class='ocr_line' id='line_1_33' title="bbox 362 1915 1943 1990; baseline 0.004 -22"><span class='ocrx_word' id='word_1_245' title='bbox 362 1915 427 1969; x_wconf 87' lang='lat' dir='ltr'><strong>ab</strong></span> <span class='ocrx_word' id='word_1_246' title='bbox 454 1916 699 1972; x_wconf 71' lang='lat' dir='ltr'><strong>extremis</strong></span> <span class='ocrx_word' id='word_1_247' title='bbox 726 1926 894 1984; x_wconf 81' lang='lat' dir='ltr'><strong>teme,</strong></span> <span class='ocrx_word' id='word_1_248' title='bbox 940 1925 989 1971; x_wconf 91' lang='lat' dir='ltr'><strong>et</strong></span> <span class='ocrx_word' id='word_1_249' title='bbox 1015 1917 1188 1971; x_wconf 83' lang='lat' dir='ltr'><strong>dicent</strong></span> <span class='ocrx_word' id='word_1_250' title='bbox 1216 1933 1234 1970; x_wconf 94' lang='lat'><em>:</em></span> <span class='ocrx_word' id='word_1_251' title='bbox 1266 1915 1414 1972; x_wconf 86' lang='lat' dir='ltr'><strong>Sicut</strong></span> <span class='ocrx_word' id='word_1_252' title='bbox 1442 1919 1580 1989; x_wconf 76' lang='lat' dir='ltr'><strong>falsa</strong></span> <span class='ocrx_word' id='word_1_253' title='bbox 1610 1935 1943 1990; x_wconf 84' lang='lat' dir='ltr'><strong>comparave-</strong></span> 
     </span>
    </p>
   </div>
   <div class='ocr_carea' id='block_1_34' title="bbox 2042 1905 3627 1990">
    <p class='ocr_par' dir='ltr' id='par_1_34' title="bbox 2048 1905 3627 1987">
     <span class='ocr_line' id='line_1_34' title="bbox 2048 1905 3627 1987; baseline 0.006 -24"><span class='ocrx_word' id='word_1_254' title='bbox 2048 1905 2076 1945; x_wconf 74' lang='grc' dir='ltr'>ἀ</span> <span class='ocrx_word' id='word_1_255' title='bbox 2104 1916 2160 1963; x_wconf 91' lang='lat' dir='ltr'><strong>et</strong></span> <span class='ocrx_word' id='word_1_256' title='bbox 2192 1917 2402 1964; x_wconf 82' lang='lat' dir='ltr'><strong>monuit</strong></span> <span class='ocrx_word' id='word_1_257' title='bbox 2426 1910 2586 1965; x_wconf 89' lang='lat' dir='ltr'><strong>etiam</strong></span> <span class='ocrx_word' id='word_1_258' title='bbox 2618 1918 2677 1965; x_wconf 91' lang='lat' dir='ltr'><strong>ut</strong></span> <span class='ocrx_word' id='word_1_259' title='bbox 2704 1922 2849 1973; x_wconf 90' lang='lat' dir='ltr'><strong>esset</strong></span> <span class='ocrx_word' id='word_1_260' title='bbox 2874 1913 3025 1982; x_wconf 89' lang='lat' dir='ltr'><strong>virgo</strong></span> <span class='ocrx_word' id='word_1_261' title='bbox 3053 1913 3251 1969; x_wconf 85' lang='lat' dir='ltr'><strong>Christi</strong></span> <span class='ocrx_word' id='word_1_262' title='bbox 3286 1924 3340 1971; x_wconf 91' lang='lat' dir='ltr'><strong>et</strong></span> <span class='ocrx_word' id='word_1_263' title='bbox 3368 1918 3479 1987; x_wconf 88' lang='lat' dir='ltr'><strong>ipsa</strong></span> <span class='ocrx_word' id='word_1_264' title='bbox 3513 1919 3627 1974; x_wconf 85' lang='lat' dir='ltr'><strong>Deo</strong></span> 
     </span>
    </p>
   </div>
   <div class='ocr_carea' id='block_1_35' title="bbox 364 2010 1930 2084">
    <p class='ocr_par' dir='ltr' id='par_1_35' title="bbox 364 2010 1930 2084">
     <span class='ocr_line' id='line_1_35' title="bbox 364 2010 1930 2084; baseline 0.002 -21"><span class='ocrx_word' id='word_1_265' title='bbox 364 2020 483 2063; x_wconf 84' lang='lat' dir='ltr'><strong>runt</strong></span> <span class='ocrx_word' id='word_1_266' title='bbox 511 2020 681 2080; x_wconf 79' lang='lat' dir='ltr'><strong>patres</strong></span> <span class='ocrx_word' id='word_1_267' title='bbox 718 2010 1042 2075; x_wconf 88' lang='lat' dir='ltr'><strong>nostriidola,</strong></span> <span class='ocrx_word' id='word_1_268' title='bbox 1070 2019 1120 2065; x_wconf 91' lang='lat' dir='ltr'><strong>et</strong></span> <span class='ocrx_word' id='word_1_269' title='bbox 1145 2027 1248 2066; x_wconf 91' lang='lat' dir='ltr'><strong>non</strong></span> <span class='ocrx_word' id='word_1_270' title='bbox 1277 2020 1354 2065; x_wconf 89' lang='lat' dir='ltr'><strong>est</strong></span> <span class='ocrx_word' id='word_1_271' title='bbox 1380 2011 1578 2066; x_wconf 85' lang='lat' dir='ltr'><strong>utilitas</strong></span> <span class='ocrx_word' id='word_1_272' title='bbox 1598 2012 1652 2066; x_wconf 87' lang='lat' dir='ltr'><strong>in</strong></span> <span class='ocrx_word' id='word_1_273' title='bbox 1690 2013 1764 2066; x_wconf 89' lang='lat' dir='ltr'><strong>eis</strong></span> <span class='ocrx_word' id='word_1_274' title='bbox 1798 2010 1930 2084; x_wconf 80' lang='lat' dir='ltr'><strong>(Jer.</strong></span> 
     </span>
    </p>
   </div>
   <div class='ocr_carea' id='block_1_36' title="bbox 368 2099 1946 2176">
    <p class='ocr_par' dir='ltr' id='par_1_36' title="bbox 368 2099 1946 2176">
     <span class='ocr_line' id='line_1_36' title="bbox 368 2099 1946 2176; baseline 0.003 -20"><span class='ocrx_word' id='word_1_275' title='bbox 368 2118 474 2168; x_wconf 72' lang='lat' dir='ltr'><strong>3m,</strong></span> <span class='ocrx_word' id='word_1_276' title='bbox 506 2099 617 2173; x_wconf 85' lang='grc'><strong>19).</strong></span> <span class='ocrx_word' id='word_1_277' title='bbox 647 2100 713 2156; x_wconf 83' lang='grc' dir='ltr'><strong>Ει</strong></span> <span class='ocrx_word' id='word_1_278' title='bbox 736 2102 927 2158; x_wconf 91' lang='lat' dir='ltr'><strong>iterum</strong></span> <span class='ocrx_word' id='word_1_279' title='bbox 954 2121 965 2154; x_wconf 93' lang='lat'>:</span> <span class='ocrx_word' id='word_1_280' title='bbox 1001 2102 1161 2157; x_wconf 88' lang='lat' dir='ltr'><strong>Posui</strong></span> <span class='ocrx_word' id='word_1_281' title='bbox 1183 2112 1230 2157; x_wconf 90' lang='lat' dir='ltr'><strong>te</strong></span> <span class='ocrx_word' id='word_1_282' title='bbox 1250 2104 1418 2158; x_wconf 83' lang='lat' dir='ltr'><strong>lumen</strong></span> <span class='ocrx_word' id='word_1_283' title='bbox 1442 2106 1497 2158; x_wconf 89' lang='lat' dir='ltr'><strong>in</strong></span> <span class='ocrx_word' id='word_1_284' title='bbox 1523 2104 1779 2176; x_wconf 85' lang='lat' dir='ltr'><strong>gentibus,</strong></span> <span class='ocrx_word' id='word_1_285' title='bbox 1803 2115 1858 2161; x_wconf 90' lang='lat' dir='ltr'><strong>ut</strong></span> <span class='ocrx_word' id='word_1_286' title='bbox 1873 2109 1946 2162; x_wconf 89' lang='lat' dir='ltr'><strong>sis</strong></span> 
     </span>
    </p>
   </div>
   <div class='ocr_carea' id='block_1_37' title="bbox 366 2197 1943 2270">
    <p class='ocr_par' dir='ltr' id='par_1_37' title="bbox 366 2197 1943 2270">
     <span class='ocr_line' id='line_1_37' title="bbox 366 2197 1943 2270; baseline 0.003 -21"><span class='ocrx_word' id='word_1_287' title='bbox 366 2197 420 2251; x_wconf 89' lang='lat' dir='ltr'><strong>in</strong></span> <span class='ocrx_word' id='word_1_288' title='bbox 473 2197 688 2252; x_wconf 85' lang='lat' dir='ltr'><strong>salutem</strong></span> <span class='ocrx_word' id='word_1_289' title='bbox 734 2214 891 2270; x_wconf 84' lang='lat' dir='ltr'><strong>usque</strong></span> <span class='ocrx_word' id='word_1_290' title='bbox 921 2199 989 2251; x_wconf 88' lang='lat' dir='ltr'><strong>ad</strong></span> <span class='ocrx_word' id='word_1_291' title='bbox 1017 2208 1300 2253; x_wconf 71' lang='lat' dir='ltr'><strong>extremum</strong></span> <span class='ocrx_word' id='word_1_292' title='bbox 1331 2208 1479 2252; x_wconf 77' lang='lat' dir='ltr'><strong>terra:</strong></span> <span class='ocrx_word' id='word_1_293' title='bbox 1505 2197 1660 2269; x_wconf 84' lang='lat' dir='ltr'><strong>(Isai.</strong></span> <span class='ocrx_word' id='word_1_294' title='bbox 1696 2215 1838 2262; x_wconf 68' lang='grc' dir='ltr'><strong>χιιι,</strong></span> <span class='ocrx_word' id='word_1_295' title='bbox 1866 2199 1943 2270; x_wconf 89' lang='grc'><strong>6).</strong></span> 
     </span>
    </p>
   </div>
   <div class='ocr_carea' id='block_1_38' title="bbox 366 2276 1948 2359">
    <p class='ocr_par' dir='ltr' id='par_1_38' title="bbox 366 2276 1948 2359">
     <span class='ocr_line' id='line_1_38' title="bbox 366 2276 1948 2359; baseline 0.001 -18"><span class='ocrx_word' id='word_1_296' title='bbox 366 2286 437 2341; x_wconf 84' lang='grc' dir='ltr'><strong>Ει</strong></span> <span class='ocrx_word' id='word_1_297' title='bbox 475 2287 548 2343; x_wconf 88' lang='lat' dir='ltr'><strong>ibi</strong></span> <span class='ocrx_word' id='word_1_298' title='bbox 593 2287 716 2343; x_wconf 88' lang='lat' dir='ltr'><strong>volo</strong></span> <span class='ocrx_word' id='word_1_299' title='bbox 745 2276 1061 2359; x_wconf 83' lang='lat' dir='ltr'><strong>exspectare</strong></span> <span class='ocrx_word' id='word_1_300' title='bbox 1086 2286 1411 2358; x_wconf 89' lang='lat' dir='ltr'><strong>promissum</strong></span> <span class='ocrx_word' id='word_1_301' title='bbox 1442 2287 1628 2357; x_wconf 91' lang='lat' dir='ltr'><strong>ipsius,</strong></span> <span class='ocrx_word' id='word_1_302' title='bbox 1649 2288 1740 2356; x_wconf 90' lang='lat' dir='ltr'><strong>qui</strong></span> <span class='ocrx_word' id='word_1_303' title='bbox 1762 2288 1948 2357; x_wconf 89' lang='lat' dir='ltr'><strong>utique</strong></span> 
     </span>
    </p>
   </div>
   <div class='ocr_carea' id='block_1_39' title="bbox 367 2374 1949 2457">
    <p class='ocr_par' dir='ltr' id='par_1_39' title="bbox 367 2374 1949 2457">
     <span class='ocr_line' id='line_1_39' title="bbox 367 2374 1949 2457; baseline -0.001 -24"><span class='ocrx_word' id='word_1_304' title='bbox 367 2393 639 2449; x_wconf 89' lang='lat' dir='ltr'><strong>nunquam</strong></span> <span class='ocrx_word' id='word_1_305' title='bbox 684 2379 849 2445; x_wconf 86' lang='lat' dir='ltr'><strong>fallit,</strong></span> <span class='ocrx_word' id='word_1_306' title='bbox 898 2379 1040 2435; x_wconf 90' lang='lat' dir='ltr'><strong>sicut</strong></span> <span class='ocrx_word' id='word_1_307' title='bbox 1063 2378 1118 2432; x_wconf 91' lang='lat' dir='ltr'><strong>in</strong></span> <span class='ocrx_word' id='word_1_308' title='bbox 1160 2374 1453 2457; x_wconf 87' lang='lat' dir='ltr'><strong>Evangelio</strong></span> <span class='ocrx_word' id='word_1_309' title='bbox 1480 2377 1807 2457; x_wconf 76' lang='lat' dir='ltr'><strong>pollicetur:</strong></span> <span class='ocrx_word' id='word_1_310' title='bbox 1849 2376 1949 2432; x_wconf 87' lang='lat' dir='ltr'><strong>Ve-</strong></span> 
     </span>
    </p>
   </div>
   <div class='ocr_carea' id='block_1_40' title="bbox 367 2456 1952 2530">
    <p class='ocr_par' dir='ltr' id='par_1_40' title="bbox 367 2456 1952 2530">
     <span class='ocr_line' id='line_1_40' title="bbox 367 2456 1952 2530; baseline -0.002 -6"><span class='ocrx_word' id='word_1_311' title='bbox 367 2471 506 2525; x_wconf 89' lang='lat' dir='ltr'><strong>nient</strong></span> <span class='ocrx_word' id='word_1_312' title='bbox 532 2468 596 2524; x_wconf 87' lang='lat' dir='ltr'><strong>ab</strong></span> <span class='ocrx_word' id='word_1_313' title='bbox 626 2468 835 2524; x_wconf 85' lang='lat' dir='ltr'><strong>Oriente</strong></span> <span class='ocrx_word' id='word_1_314' title='bbox 854 2479 905 2523; x_wconf 88' lang='lat' dir='ltr'><strong>et</strong></span> <span class='ocrx_word' id='word_1_315' title='bbox 934 2456 1237 2530; x_wconf 83' lang='lat' dir='ltr'><strong>Occidente,</strong></span> <span class='ocrx_word' id='word_1_316' title='bbox 1261 2477 1310 2523; x_wconf 90' lang='lat' dir='ltr'><strong>et</strong></span> <span class='ocrx_word' id='word_1_317' title='bbox 1334 2468 1625 2523; x_wconf 87' lang='lat' dir='ltr'><strong>recumbent</strong></span> <span class='ocrx_word' id='word_1_318' title='bbox 1645 2456 1759 2521; x_wconf 83' lang='lat' dir='ltr'><strong>cum</strong></span> <span class='ocrx_word' id='word_1_319' title='bbox 1790 2468 1952 2522; x_wconf 83' lang='lat' dir='ltr'><strong>Abra-</strong></span> 
     </span>
    </p>
   </div>
   <div class='ocr_carea' id='block_1_41' title="bbox 367 2556 1951 2632">
    <p class='ocr_par' dir='ltr' id='par_1_41' title="bbox 367 2556 1951 2632">
     <span class='ocr_line' id='line_1_41' title="bbox 367 2556 1951 2632; baseline -0.003 -14"><span class='ocrx_word' id='word_1_320' title='bbox 367 2561 505 2626; x_wconf 78' lang='lat' dir='ltr'><strong>ham,</strong></span> <span class='ocrx_word' id='word_1_321' title='bbox 542 2570 592 2615; x_wconf 91' lang='lat' dir='ltr'><strong>et</strong></span> <span class='ocrx_word' id='word_1_322' title='bbox 614 2560 788 2626; x_wconf 84' lang='lat' dir='ltr'><strong>Isaac,</strong></span> <span class='ocrx_word' id='word_1_323' title='bbox 813 2569 863 2615; x_wconf 88' lang='lat' dir='ltr'><strong>et</strong></span> <span class='ocrx_word' id='word_1_324' title='bbox 901 2558 1063 2615; x_wconf 73' lang='lat' dir='ltr'><strong>Iacob</strong></span> <span class='ocrx_word' id='word_1_325' title='bbox 1092 2557 1307 2632; x_wconf 81' lang='lat' dir='ltr'><strong>(Matth.</strong></span> <span class='ocrx_word' id='word_1_326' title='bbox 1340 2574 1450 2626; x_wconf 82' lang='lat' dir='ltr'><strong>vui,</strong></span> <span class='ocrx_word' id='word_1_327' title='bbox 1474 2558 1585 2630; x_wconf 86' lang='grc'><strong>11),</strong></span> <span class='ocrx_word' id='word_1_328' title='bbox 1612 2556 1642 2596; x_wconf 70' lang='grc' dir='ltr'>δ</span> <span class='ocrx_word' id='word_1_329' title='bbox 1674 2558 1814 2615; x_wconf 91' lang='lat' dir='ltr'><strong>sicut</strong></span> <span class='ocrx_word' id='word_1_330' title='bbox 1836 2572 1951 2613; x_wconf 89' lang='lat' dir='ltr'><strong>cre—</strong></span> 
     </span>
    </p>
   </div>
   <div class='ocr_carea' id='block_1_42' title="bbox 367 2647 1803 2718">
    <p class='ocr_par' dir='ltr' id='par_1_42' title="bbox 367 2647 1803 2718">
     <span class='ocr_line' id='line_1_42' title="bbox 367 2647 1803 2718; baseline -0.003 -11"><span class='ocrx_word' id='word_1_331' title='bbox 367 2652 562 2718; x_wconf 79' lang='lat' dir='ltr'><strong>dimus,</strong></span> <span class='ocrx_word' id='word_1_332' title='bbox 594 2652 662 2707; x_wconf 91' lang='lat' dir='ltr'><strong>ab</strong></span> <span class='ocrx_word' id='word_1_333' title='bbox 692 2651 839 2707; x_wconf 90' lang='lat' dir='ltr'><strong>omni</strong></span> <span class='ocrx_word' id='word_1_334' title='bbox 864 2651 1065 2706; x_wconf 90' lang='lat' dir='ltr'><strong>mundo</strong></span> <span class='ocrx_word' id='word_1_335' title='bbox 1094 2649 1306 2705; x_wconf 87' lang='lat' dir='ltr'><strong>venturi</strong></span> <span class='ocrx_word' id='word_1_336' title='bbox 1346 2655 1471 2705; x_wconf 89' lang='lat' dir='ltr'><strong>sunt</strong></span> <span class='ocrx_word' id='word_1_337' title='bbox 1499 2647 1803 2704; x_wconf 85' lang='lat' dir='ltr'><strong>credentes.</strong></span> 
     </span>
    </p>
   </div>
   <div class='ocr_carea' id='block_1_43' title="bbox 440 2738 1951 2811">
    <p class='ocr_par' dir='ltr' id='par_1_43' title="bbox 440 2738 1951 2811">
     <span class='ocr_line' id='line_1_43' title="bbox 440 2738 1951 2811; baseline -0.004 -14"><span class='ocrx_word' id='word_1_338' title='bbox 440 2740 597 2797; x_wconf 80' lang='lat' dir='ltr'><strong>XVII.</strong></span> <span class='ocrx_word' id='word_1_339' title='bbox 637 2741 845 2798; x_wconf 89' lang='lat' dir='ltr'><strong>Idcirco</strong></span> <span class='ocrx_word' id='word_1_340' title='bbox 894 2747 1110 2811; x_wconf 87' lang='lat' dir='ltr'><strong>oportet</strong></span> <span class='ocrx_word' id='word_1_341' title='bbox 1151 2739 1366 2811; x_wconf 90' lang='lat' dir='ltr'><strong>quidem</strong></span> <span class='ocrx_word' id='word_1_342' title='bbox 1412 2739 1551 2794; x_wconf 91' lang='lat' dir='ltr'><strong>bene</strong></span> <span class='ocrx_word' id='word_1_343' title='bbox 1578 2745 1635 2793; x_wconf 90' lang='lat' dir='ltr'><strong>et</strong></span> <span class='ocrx_word' id='word_1_344' title='bbox 1662 2738 1951 2807; x_wconf 74' lang='lat' dir='ltr'><strong>diligenter</strong></span> 
     </span>
    </p>
   </div>
   <div class='ocr_carea' id='block_1_44' title="bbox 370 2828 1951 2906">
    <p class='ocr_par' dir='ltr' id='par_1_44' title="bbox 370 2828 1951 2906">
     <span class='ocr_line' id='line_1_44' title="bbox 370 2828 1951 2906; baseline -0.004 -17"><span class='ocrx_word' id='word_1_345' title='bbox 370 2834 597 2906; x_wconf 89' lang='lat' dir='ltr'><strong>piscari,</strong></span> <span class='ocrx_word' id='word_1_346' title='bbox 650 2835 789 2890; x_wconf 91' lang='lat' dir='ltr'><strong>sicut</strong></span> <span class='ocrx_word' id='word_1_347' title='bbox 830 2832 1089 2890; x_wconf 89' lang='lat' dir='ltr'><strong>Dominus</strong></span> <span class='ocrx_word' id='word_1_348' title='bbox 1136 2839 1459 2903; x_wconf 68' lang='lat' dir='ltr'><strong>praemonet,</strong></span> <span class='ocrx_word' id='word_1_349' title='bbox 1510 2831 1731 2886; x_wconf 91' lang='lat' dir='ltr'><strong>dicens:</strong></span> <span class='ocrx_word' id='word_1_350' title='bbox 1770 2828 1951 2884; x_wconf 85' lang='lat' dir='ltr'><strong>Venite</strong></span> 
     </span>
    </p>
   </div>
   <div class='ocr_carea' id='block_1_45' title="bbox 324 2918 1948 2997">
    <p class='ocr_par' dir='ltr' id='par_1_45' title="bbox 324 2918 1948 2997">
     <span class='ocr_line' id='line_1_45' title="bbox 324 2918 1948 2997; baseline -0.003 -18"><span class='ocrx_word' id='word_1_351' title='bbox 324 2946 327 2949; x_wconf 56' lang='grc' dir='ltr'><strong><em>λ</em></strong></span> <span class='ocrx_word' id='word_1_352' title='bbox 370 2937 482 2996; x_wconf 86' lang='lat' dir='ltr'><strong>post</strong></span> <span class='ocrx_word' id='word_1_353' title='bbox 502 2942 601 2990; x_wconf 89' lang='lat' dir='ltr'><strong>me,</strong></span> <span class='ocrx_word' id='word_1_354' title='bbox 634 2933 682 2978; x_wconf 88' lang='lat' dir='ltr'><strong>et</strong></span> <span class='ocrx_word' id='word_1_355' title='bbox 698 2926 888 2996; x_wconf 74' lang='lat' dir='ltr'><strong>faciam</strong></span> <span class='ocrx_word' id='word_1_356' title='bbox 902 2942 986 2979; x_wconf 83' lang='lat' dir='ltr'><strong>vos</strong></span> <span class='ocrx_word' id='word_1_357' title='bbox 1000 2926 1116 2996; x_wconf 87' lang='lat' dir='ltr'><strong>ﬁeri</strong></span> <span class='ocrx_word' id='word_1_358' title='bbox 1139 2926 1421 2997; x_wconf 83' lang='lat' dir='ltr'><strong>piscatores</strong></span> <span class='ocrx_word' id='word_1_359' title='bbox 1450 2923 1711 2977; x_wconf 80' lang='lat' dir='ltr'><strong>hominum</strong></span> <span class='ocrx_word' id='word_1_360' title='bbox 1734 2918 1948 2991; x_wconf 74' lang='lat' dir='ltr'><strong>(Matth.</strong></span> 
     </span>
    </p>
   </div>
   <div class='ocr_carea' id='block_1_46' title="bbox 373 3005 1954 3086">
    <p class='ocr_par' dir='ltr' id='par_1_46' title="bbox 373 3005 1954 3086">
     <span class='ocr_line' id='line_1_46' title="bbox 373 3005 1954 3086; baseline -0.003 -17"><span class='ocrx_word' id='word_1_361' title='bbox 373 3030 447 3081; x_wconf 82' lang='lat' dir='ltr'><strong>tv,</strong></span> <span class='ocrx_word' id='word_1_362' title='bbox 506 3013 616 3085; x_wconf 86' lang='grc'><strong>18).</strong></span> <span class='ocrx_word' id='word_1_363' title='bbox 668 3013 736 3068; x_wconf 85' lang='lat' dir='ltr'><strong>Et</strong></span> <span class='ocrx_word' id='word_1_364' title='bbox 790 3016 982 3071; x_wconf 85' lang='lat' dir='ltr'><strong>iterum</strong></span> <span class='ocrx_word' id='word_1_365' title='bbox 1027 3005 1156 3070; x_wconf 81' lang='lat' dir='ltr'><strong>dicit</strong></span> <span class='ocrx_word' id='word_1_366' title='bbox 1204 3031 1303 3085; x_wconf 91' lang='lat' dir='ltr'><strong>per</strong></span> <span class='ocrx_word' id='word_1_367' title='bbox 1326 3014 1618 3086; x_wconf 88' lang='lat' dir='ltr'><strong>prophetas</strong></span> <span class='ocrx_word' id='word_1_368' title='bbox 1650 3031 1662 3065; x_wconf 88' lang='lat'><strong>:</strong></span> <span class='ocrx_word' id='word_1_369' title='bbox 1696 3012 1830 3067; x_wconf 87' lang='lat' dir='ltr'><strong>Ecce</strong></span> <span class='ocrx_word' id='word_1_370' title='bbox 1857 3010 1954 3084; x_wconf 53' lang='lat' dir='ltr'><strong>ego~</strong></span> 
     </span>
    </p>
   </div>
   <div class='ocr_carea' id='block_1_47' title="bbox 372 3102 1951 3174">
    <p class='ocr_par' dir='ltr' id='par_1_47' title="bbox 372 3102 1951 3174">
     <span class='ocr_line' id='line_1_47' title="bbox 372 3102 1951 3174; baseline 0.001 -18"><span class='ocrx_word' id='word_1_371' title='bbox 372 3105 520 3157; x_wconf 86' lang='lat' dir='ltr'><strong>mitto</strong></span> <span class='ocrx_word' id='word_1_372' title='bbox 564 3103 845 3174; x_wconf 82' lang='lat' dir='ltr'><strong>piscatores</strong></span> <span class='ocrx_word' id='word_1_373' title='bbox 891 3112 939 3157; x_wconf 88' lang='lat' dir='ltr'><strong>et</strong></span> <span class='ocrx_word' id='word_1_374' title='bbox 990 3113 1251 3159; x_wconf 85' lang='lat' dir='ltr'><strong>venatores</strong></span> <span class='ocrx_word' id='word_1_375' title='bbox 1278 3105 1500 3170; x_wconf 90' lang='lat' dir='ltr'><strong>multas,</strong></span> <span class='ocrx_word' id='word_1_376' title='bbox 1544 3104 1669 3158; x_wconf 87' lang='lat' dir='ltr'><strong>dicit</strong></span> <span class='ocrx_word' id='word_1_377' title='bbox 1701 3102 1951 3157; x_wconf 86' lang='lat' dir='ltr'><strong>Dominus</strong></span> 
     </span>
    </p>
   </div>
   <div class='ocr_carea' id='block_1_48' title="bbox 344 3193 1953 3267">
    <p class='ocr_par' dir='ltr' id='par_1_48' title="bbox 344 3193 1953 3267">
     <span class='ocr_line' id='line_1_48' title="bbox 344 3193 1953 3267; baseline -0.001 -19"><span class='ocrx_word' id='word_1_378' title='bbox 344 3193 507 3267; x_wconf 67' lang='lat' dir='ltr'><strong>‘Her.</strong></span> <span class='ocrx_word' id='word_1_379' title='bbox 532 3211 639 3258; x_wconf 78' lang='lat' dir='ltr'><strong>xvi,</strong></span> <span class='ocrx_word' id='word_1_380' title='bbox 666 3194 776 3265; x_wconf 85' lang='grc'><strong>16),</strong></span> <span class='ocrx_word' id='word_1_381' title='bbox 811 3201 915 3249; x_wconf 89' lang='lat' dir='ltr'><strong>etc.</strong></span> <span class='ocrx_word' id='word_1_382' title='bbox 940 3193 1092 3249; x_wconf 90' lang='lat' dir='ltr'><strong>Unde</strong></span> <span class='ocrx_word' id='word_1_383' title='bbox 1115 3203 1293 3251; x_wconf 89' lang='lat' dir='ltr'><strong>autem</strong></span> <span class='ocrx_word' id='word_1_384' title='bbox 1322 3196 1478 3250; x_wconf 86' lang='lat' dir='ltr'><strong>valde</strong></span> <span class='ocrx_word' id='word_1_385' title='bbox 1506 3194 1790 3266; x_wconf 88' lang='lat' dir='ltr'><strong>oportebat</strong></span> <span class='ocrx_word' id='word_1_386' title='bbox 1819 3193 1953 3247; x_wconf 89' lang='lat' dir='ltr'><strong>retia</strong></span> 
     </span>
    </p>
   </div>
   <div class='ocr_carea' id='block_1_49' title="bbox 2051 2002 3631 2078">
    <p class='ocr_par' dir='ltr' id='par_1_49' title="bbox 2051 2002 3631 2078">
     <span class='ocr_line' id='line_1_49' title="bbox 2051 2002 3631 2078; baseline 0.006 -23"><span class='ocrx_word' id='word_1_387' title='bbox 2051 2002 2401 2072; x_wconf 86' lang='lat' dir='ltr'><strong>proximaret.</strong></span> <span class='ocrx_word' id='word_1_388' title='bbox 2434 2002 2544 2057; x_wconf 91' lang='lat' dir='ltr'><strong>Deo</strong></span> <span class='ocrx_word' id='word_1_389' title='bbox 2574 2004 2772 2072; x_wconf 88' lang='lat' dir='ltr'><strong>gratias</strong></span> <span class='ocrx_word' id='word_1_390' title='bbox 2797 2021 2808 2056; x_wconf 91' lang='lat'>:</span> <span class='ocrx_word' id='word_1_391' title='bbox 2842 2012 2993 2059; x_wconf 84' lang='lat' dir='ltr'><strong>sexta</strong></span> <span class='ocrx_word' id='word_1_392' title='bbox 3017 2006 3085 2061; x_wconf 91' lang='lat' dir='ltr'><strong>ab</strong></span> <span class='ocrx_word' id='word_1_393' title='bbox 3112 2005 3214 2062; x_wconf 91' lang='lat' dir='ltr'><strong>hac</strong></span> <span class='ocrx_word' id='word_1_394' title='bbox 3237 2007 3324 2062; x_wconf 91' lang='lat' dir='ltr'><strong>die</strong></span> <span class='ocrx_word' id='word_1_395' title='bbox 3353 2010 3553 2078; x_wconf 86' lang='lat' dir='ltr'><strong>optime</strong></span> <span class='ocrx_word' id='word_1_396' title='bbox 3574 2016 3631 2065; x_wconf 84' lang='lat' dir='ltr'><strong>et</strong></span> 
     </span>
    </p>
   </div>
   <div class='ocr_carea' id='block_1_50' title="bbox 2050 2092 3631 2168">
    <p class='ocr_par' dir='ltr' id='par_1_50' title="bbox 2050 2092 3631 2168">
     <span class='ocr_line' id='line_1_50' title="bbox 2050 2092 3631 2168; baseline 0.005 -21"><span class='ocrx_word' id='word_1_397' title='bbox 2050 2092 2353 2148; x_wconf 55' lang='lat' dir='ltr'><strong>avidissime</strong></span> <span class='ocrx_word' id='word_1_398' title='bbox 2381 2093 2605 2164; x_wconf 90' lang='lat' dir='ltr'><strong>arripuit</strong></span> <span class='ocrx_word' id='word_1_399' title='bbox 2632 2093 2780 2161; x_wconf 87' lang='lat' dir='ltr'><strong>illud,</strong></span> <span class='ocrx_word' id='word_1_400' title='bbox 2811 2095 2955 2165; x_wconf 89' lang='lat' dir='ltr'><strong>quod</strong></span> <span class='ocrx_word' id='word_1_401' title='bbox 2981 2097 3142 2151; x_wconf 92' lang='lat' dir='ltr'><strong>etiam</strong></span> <span class='ocrx_word' id='word_1_402' title='bbox 3172 2113 3359 2153; x_wconf 90' lang='lat' dir='ltr'><strong>omnes</strong></span> <span class='ocrx_word' id='word_1_403' title='bbox 3396 2098 3631 2168; x_wconf 80' lang='lat' dir='ltr'><strong>virgines</strong></span> 
     </span>
    </p>
   </div>
   <div class='ocr_carea' id='block_1_51' title="bbox 2049 2183 3631 2260">
    <p class='ocr_par' dir='ltr' id='par_1_51' title="bbox 2049 2183 3631 2260">
     <span class='ocr_line' id='line_1_51' title="bbox 2049 2183 3631 2260; baseline 0.003 -20"><span class='ocrx_word' id='word_1_404' title='bbox 2049 2183 2145 2240; x_wconf 88' lang='lat' dir='ltr'><strong>Dei</strong></span> <span class='ocrx_word' id='word_1_405' title='bbox 2175 2186 2247 2240; x_wconf 89' lang='lat' dir='ltr'><strong>ita</strong></span> <span class='ocrx_word' id='word_1_406' title='bbox 2276 2186 2379 2241; x_wconf 89' lang='lat' dir='ltr'><strong>hoc</strong></span> <span class='ocrx_word' id='word_1_407' title='bbox 2423 2186 2643 2251; x_wconf 87' lang='lat' dir='ltr'><strong>faciunt,</strong></span> <span class='ocrx_word' id='word_1_408' title='bbox 2675 2202 2781 2243; x_wconf 91' lang='lat' dir='ltr'><strong>non</strong></span> <span class='ocrx_word' id='word_1_409' title='bbox 2828 2196 3021 2258; x_wconf 87' lang='lat' dir='ltr'><strong>sponte</strong></span> <span class='ocrx_word' id='word_1_410' title='bbox 3047 2196 3258 2260; x_wconf 85' lang='lat' dir='ltr'><strong>patrum</strong></span> <span class='ocrx_word' id='word_1_411' title='bbox 3298 2205 3503 2254; x_wconf 89' lang='lat' dir='ltr'><strong>earum,</strong></span> <span class='ocrx_word' id='word_1_412' title='bbox 3534 2189 3631 2245; x_wconf 89' lang='lat' dir='ltr'><strong>sed</strong></span> 
     </span>
    </p>
   </div>
   <div class='ocr_carea' id='block_1_52' title="bbox 2048 2278 3629 2353">
    <p class='ocr_par' dir='ltr' id='par_1_52' title="bbox 2048 2278 3629 2353">
     <span class='ocr_line' id='line_1_52' title="bbox 2048 2278 3629 2353; baseline 0.003 -20"><span class='ocrx_word' id='word_1_413' title='bbox 2048 2278 2478 2347; x_wconf 88' lang='lat' dir='ltr'><strong>persecutionem</strong></span> <span class='ocrx_word' id='word_1_414' title='bbox 2523 2279 2816 2349; x_wconf 89' lang='lat' dir='ltr'><strong>patiuntur,</strong></span> <span class='ocrx_word' id='word_1_415' title='bbox 2849 2288 2904 2335; x_wconf 90' lang='lat' dir='ltr'><strong>et</strong></span> <span class='ocrx_word' id='word_1_416' title='bbox 2928 2281 3251 2350; x_wconf 81' lang='lat' dir='ltr'><strong>improperia</strong></span> <span class='ocrx_word' id='word_1_417' title='bbox 3285 2280 3415 2336; x_wconf 86' lang='lat' dir='ltr'><strong>falsa</strong></span> <span class='ocrx_word' id='word_1_418' title='bbox 3459 2298 3490 2336; x_wconf 92' lang='lat' dir='ltr'><strong>a</strong></span> <span class='ocrx_word' id='word_1_419' title='bbox 3530 2298 3629 2353; x_wconf 84' lang='lat' dir='ltr'><strong>pa-</strong></span> 
     </span>
    </p>
   </div>
   <div class='ocr_carea' id='block_1_53' title="bbox 2048 2368 3626 2440">
    <p class='ocr_par' dir='ltr' id='par_1_53' title="bbox 2048 2368 3626 2440">
     <span class='ocr_line' id='line_1_53' title="bbox 2048 2368 3626 2440; baseline 0.004 -19"><span class='ocrx_word' id='word_1_420' title='bbox 2048 2368 2290 2424; x_wconf 90' lang='lat' dir='ltr'><strong>rentibus</strong></span> <span class='ocrx_word' id='word_1_421' title='bbox 2316 2369 2427 2422; x_wconf 89' lang='lat' dir='ltr'><strong>suis</strong></span> <span class='ocrx_word' id='word_1_422' title='bbox 2459 2386 2471 2420; x_wconf 90' lang='lat'><strong>:</strong></span> <span class='ocrx_word' id='word_1_423' title='bbox 2502 2379 2557 2423; x_wconf 90' lang='lat' dir='ltr'><strong>et</strong></span> <span class='ocrx_word' id='word_1_424' title='bbox 2586 2369 2930 2425; x_wconf 90' lang='lat' dir='ltr'><strong>nihilominus</strong></span> <span class='ocrx_word' id='word_1_425' title='bbox 2954 2369 3076 2440; x_wconf 87' lang='lat' dir='ltr'><strong>plus</strong></span> <span class='ocrx_word' id='word_1_426' title='bbox 3099 2378 3324 2439; x_wconf 87' lang='lat' dir='ltr'><strong>augetur</strong></span> <span class='ocrx_word' id='word_1_427' title='bbox 3353 2387 3626 2439; x_wconf 90' lang='lat' dir='ltr'><strong>numerus,</strong></span> 
     </span>
    </p>
   </div>
   <div class='ocr_carea' id='block_1_54' title="bbox 2049 2459 3633 2533">
    <p class='ocr_par' dir='ltr' id='par_1_54' title="bbox 2049 2459 3633 2533">
     <span class='ocr_line' id='line_1_54' title="bbox 2049 2459 3633 2533; baseline 0.003 -20"><span class='ocrx_word' id='word_1_428' title='bbox 2049 2467 2105 2513; x_wconf 93' lang='lat' dir='ltr'><strong>et</strong></span> <span class='ocrx_word' id='word_1_429' title='bbox 2132 2459 2198 2513; x_wconf 92' lang='lat' dir='ltr'><strong>de</strong></span> <span class='ocrx_word' id='word_1_430' title='bbox 2226 2472 2423 2527; x_wconf 87' lang='lat' dir='ltr'><strong>genere</strong></span> <span class='ocrx_word' id='word_1_431' title='bbox 2451 2465 2637 2514; x_wconf 89' lang='lat' dir='ltr'><strong>nostro</strong></span> <span class='ocrx_word' id='word_1_432' title='bbox 2666 2469 2689 2497; x_wconf 74' lang='grc' dir='ltr'>θ</span> <span class='ocrx_word' id='word_1_433' title='bbox 2719 2461 2811 2529; x_wconf 89' lang='lat' dir='ltr'><strong>qui</strong></span> <span class='ocrx_word' id='word_1_434' title='bbox 2841 2461 2913 2515; x_wconf 89' lang='lat' dir='ltr'><strong>ibi</strong></span> <span class='ocrx_word' id='word_1_435' title='bbox 2941 2462 3053 2533; x_wconf 86' lang='lat' dir='ltr'><strong>nati</strong></span> <span class='ocrx_word' id='word_1_436' title='bbox 3077 2469 3218 2528; x_wconf 90' lang='lat' dir='ltr'><strong>sunt,</strong></span> <span class='ocrx_word' id='word_1_437' title='bbox 3246 2461 3511 2519; x_wconf 90' lang='lat' dir='ltr'><strong>nescimus</strong></span> <span class='ocrx_word' id='word_1_438' title='bbox 3532 2480 3633 2518; x_wconf 80' lang='lat' dir='ltr'><strong>nu-</strong></span> 
     </span>
    </p>
   </div>
   <div class='ocr_carea' id='block_1_55' title="bbox 2049 2550 3632 2621">
    <p class='ocr_par' dir='ltr' id='par_1_55' title="bbox 2049 2550 3632 2621">
     <span class='ocr_line' id='line_1_55' title="bbox 2049 2550 3632 2621; baseline 0.002 -17"><span class='ocrx_word' id='word_1_439' title='bbox 2049 2565 2257 2605; x_wconf 89' lang='lat' dir='ltr'><strong>merum</strong></span> <span class='ocrx_word' id='word_1_440' title='bbox 2286 2565 2491 2615; x_wconf 89' lang='lat' dir='ltr'><strong>eorum,</strong></span> <span class='ocrx_word' id='word_1_441' title='bbox 2521 2559 2717 2621; x_wconf 76' lang='lat' dir='ltr'><strong>prmter</strong></span> <span class='ocrx_word' id='word_1_442' title='bbox 2741 2550 2931 2607; x_wconf 88' lang='lat' dir='ltr'><strong>viduas</strong></span> <span class='ocrx_word' id='word_1_443' title='bbox 2970 2558 3025 2605; x_wconf 92' lang='lat' dir='ltr'><strong>et</strong></span> <span class='ocrx_word' id='word_1_444' title='bbox 3050 2550 3401 2608; x_wconf 90' lang='lat' dir='ltr'><strong>continentes.</strong></span> <span class='ocrx_word' id='word_1_445' title='bbox 3433 2550 3539 2607; x_wconf 89' lang='lat' dir='ltr'><strong>Sed</strong></span> <span class='ocrx_word' id='word_1_446' title='bbox 3564 2555 3632 2620; x_wconf 67' lang='grc' dir='ltr'><strong>ζει</strong></span> 
     </span>
    </p>
   </div>
   <div class='ocr_carea' id='block_1_56' title="bbox 2052 2639 3632 2713">
    <p class='ocr_par' dir='ltr' id='par_1_56' title="bbox 2052 2639 3632 2713">
     <span class='ocr_line' id='line_1_56' title="bbox 2052 2639 3632 2713; baseline 0.003 -19"><span class='ocrx_word' id='word_1_447' title='bbox 2052 2639 2155 2695; x_wconf 73' lang='lat' dir='ltr'><strong>illae</strong></span> <span class='ocrx_word' id='word_1_448' title='bbox 2176 2640 2409 2695; x_wconf 75' lang='lat' dir='ltr'><strong>maxime</strong></span> <span class='ocrx_word' id='word_1_449' title='bbox 2436 2641 2701 2708; x_wconf 91' lang='lat' dir='ltr'><strong>laborant,</strong></span> <span class='ocrx_word' id='word_1_450' title='bbox 2723 2656 2844 2711; x_wconf 66' lang='lat' dir='ltr'><strong>quae</strong></span> <span class='ocrx_word' id='word_1_451' title='bbox 2864 2642 3086 2697; x_wconf 87' lang='lat' dir='ltr'><strong>servitio</strong></span> <span class='ocrx_word' id='word_1_452' title='bbox 3114 2642 3440 2710; x_wconf 87' lang='lat' dir='ltr'><strong>detinentur,</strong></span> <span class='ocrx_word' id='word_1_453' title='bbox 3464 2658 3632 2713; x_wconf 80' lang='lat' dir='ltr'><strong>usque</strong></span> 
     </span>
    </p>
   </div>
   <div class='ocr_carea' id='block_1_57' title="bbox 2052 2728 3633 2802">
    <p class='ocr_par' dir='ltr' id='par_1_57' title="bbox 2052 2728 3633 2802">
     <span class='ocr_line' id='line_1_57' title="bbox 2052 2728 3633 2802; baseline 0.003 -17"><span class='ocrx_word' id='word_1_454' title='bbox 2052 2730 2120 2785; x_wconf 92' lang='lat' dir='ltr'><strong>ad</strong></span> <span class='ocrx_word' id='word_1_455' title='bbox 2149 2738 2384 2785; x_wconf 89' lang='lat' dir='ltr'><strong>terrores</strong></span> <span class='ocrx_word' id='word_1_456' title='bbox 2412 2740 2466 2785; x_wconf 89' lang='lat' dir='ltr'><strong>et</strong></span> <span class='ocrx_word' id='word_1_457' title='bbox 2515 2732 2687 2787; x_wconf 91' lang='lat' dir='ltr'><strong>minas</strong></span> <span class='ocrx_word' id='word_1_458' title='bbox 2713 2731 2925 2788; x_wconf 88' lang='lat' dir='ltr'><strong>assidue</strong></span> <span class='ocrx_word' id='word_1_459' title='bbox 2972 2728 3338 2802; x_wconf 78' lang='lat' dir='ltr'><strong>perseverant.</strong></span> <span class='ocrx_word' id='word_1_460' title='bbox 3372 2733 3478 2789; x_wconf 90' lang='lat' dir='ltr'><strong>Sed</strong></span> <span class='ocrx_word' id='word_1_461' title='bbox 3522 2732 3633 2789; x_wconf 90' lang='lat' dir='ltr'><strong>Do-</strong></span> 
     </span>
    </p>
   </div>
   <div class='ocr_carea' id='block_1_58' title="bbox 2050 2820 3634 2890">
    <p class='ocr_par' dir='ltr' id='par_1_58' title="bbox 2050 2820 3634 2890">
     <span class='ocr_line' id='line_1_58' title="bbox 2050 2820 3634 2890; baseline 0.003 -17"><span class='ocrx_word' id='word_1_462' title='bbox 2050 2821 2229 2875; x_wconf 89' lang='lat' dir='ltr'><strong>minus</strong></span> <span class='ocrx_word' id='word_1_463' title='bbox 2254 2821 2481 2889; x_wconf 75' lang='lat' dir='ltr'><strong>gratiam</strong></span> <span class='ocrx_word' id='word_1_464' title='bbox 2525 2821 2671 2875; x_wconf 92' lang='lat' dir='ltr'><strong>dedit</strong></span> <span class='ocrx_word' id='word_1_465' title='bbox 2698 2822 2882 2875; x_wconf 90' lang='lat' dir='ltr'><strong>multis</strong></span> <span class='ocrx_word' id='word_1_466' title='bbox 2922 2838 2989 2877; x_wconf 88' lang='lat' dir='ltr'><strong>ex</strong></span> <span class='ocrx_word' id='word_1_467' title='bbox 3023 2820 3043 2861; x_wconf 73' lang='grc' dir='ltr'>ί</span> <span class='ocrx_word' id='word_1_468' title='bbox 3092 2823 3299 2879; x_wconf 90' lang='lat' dir='ltr'><strong>ancillis</strong></span> <span class='ocrx_word' id='word_1_469' title='bbox 3335 2822 3478 2890; x_wconf 86' lang='lat' dir='ltr'><strong>suis;</strong></span> <span class='ocrx_word' id='word_1_470' title='bbox 3508 2840 3634 2878; x_wconf 89' lang='lat' dir='ltr'><strong>nam</strong></span> 
     </span>
    </p>
   </div>
   <div class='ocr_carea' id='block_1_59' title="bbox 2012 2908 3237 2978">
    <p class='ocr_par' dir='ltr' id='par_1_59' title="bbox 2012 2908 3237 2978">
     <span class='ocr_line' id='line_1_59' title="bbox 2012 2908 3237 2978; baseline 0.005 -13"><span class='ocrx_word' id='word_1_471' title='bbox 2012 2908 2019 2913; x_wconf 79' lang='grc'><em>’</em></span> <span class='ocrx_word' id='word_1_472' title='bbox 2052 2913 2153 2966; x_wconf 88' lang='lat' dir='ltr'><strong>etsi</strong></span> <span class='ocrx_word' id='word_1_473' title='bbox 2183 2919 2451 2978; x_wconf 88' lang='lat' dir='ltr'><strong>vetantur,</strong></span> <span class='ocrx_word' id='word_1_474' title='bbox 2486 2920 2664 2967; x_wconf 90' lang='lat' dir='ltr'><strong>tamen</strong></span> <span class='ocrx_word' id='word_1_475' title='bbox 2705 2913 2916 2969; x_wconf 81' lang='lat' dir='ltr'><strong>fortiter</strong></span> <span class='ocrx_word' id='word_1_476' title='bbox 2943 2914 3237 2971; x_wconf 90' lang='lat' dir='ltr'><strong>imitantur.</strong></span> 
     </span>
    </p>
   </div>
   <div class='ocr_carea' id='block_1_60' title="bbox 2125 2999 3634 3083">
    <p class='ocr_par' dir='ltr' id='par_1_60' title="bbox 2125 2999 3634 3083">
     <span class='ocr_line' id='line_1_60' title="bbox 2125 2999 3634 3083; baseline 0.007 -29"><span class='ocrx_word' id='word_1_477' title='bbox 2125 3000 2264 3055; x_wconf 82' lang='lat' dir='ltr'><strong>XIX.</strong></span> <span class='ocrx_word' id='word_1_478' title='bbox 2311 2999 2461 3057; x_wconf 85' lang='lat' dir='ltr'><strong>Unde</strong></span> <span class='ocrx_word' id='word_1_479' title='bbox 2490 3010 2669 3057; x_wconf 89' lang='lat' dir='ltr'><strong>autem</strong></span> <span class='ocrx_word' id='word_1_480' title='bbox 2700 3006 2799 3059; x_wconf 89' lang='lat' dir='ltr'><strong>etsi</strong></span> <span class='ocrx_word' id='word_1_481' title='bbox 2828 3005 3049 3061; x_wconf 88' lang='lat' dir='ltr'><strong>voluero</strong></span> <span class='ocrx_word' id='word_1_482' title='bbox 3072 3014 3097 3054; x_wconf 81' lang='lat'><strong>8</strong></span> <span class='ocrx_word' id='word_1_483' title='bbox 3123 3008 3369 3063; x_wconf 89' lang='lat' dir='ltr'><strong>amittere</strong></span> <span class='ocrx_word' id='word_1_484' title='bbox 3396 3008 3533 3083; x_wconf 91' lang='lat' dir='ltr'><strong>illas,</strong></span> <span class='ocrx_word' id='word_1_485' title='bbox 3577 3016 3634 3063; x_wconf 90' lang='lat' dir='ltr'><strong>et</strong></span> 
     </span>
    </p>
   </div>
   <div class='ocr_carea' id='block_1_61' title="bbox 2053 3087 3631 3167">
    <p class='ocr_par' dir='ltr' id='par_1_61' title="bbox 2053 3087 3631 3167">
     <span class='ocr_line' id='line_1_61' title="bbox 2053 3087 3631 3167; baseline 0.004 -20"><span class='ocrx_word' id='word_1_486' title='bbox 2053 3102 2111 3147; x_wconf 92' lang='lat' dir='ltr'><strong>ut</strong></span> <span class='ocrx_word' id='word_1_487' title='bbox 2139 3108 2367 3163; x_wconf 88' lang='lat' dir='ltr'><strong>pergens</strong></span> <span class='ocrx_word' id='word_1_488' title='bbox 2397 3094 2447 3147; x_wconf 90' lang='lat' dir='ltr'><strong>in</strong></span> <span class='ocrx_word' id='word_1_489' title='bbox 2465 3087 2766 3150; x_wconf 88' lang='lat' dir='ltr'><strong>Britannias</strong></span> <span class='ocrx_word' id='word_1_490' title='bbox 2785 3102 2840 3150; x_wconf 93' lang='lat' dir='ltr'><strong>et</strong></span> <span class='ocrx_word' id='word_1_491' title='bbox 2860 3094 3208 3152; x_wconf 90' lang='lat' dir='ltr'><strong>libentissime</strong></span> <span class='ocrx_word' id='word_1_492' title='bbox 3228 3106 3445 3167; x_wconf 90' lang='lat' dir='ltr'><strong>paratus</strong></span> <span class='ocrx_word' id='word_1_493' title='bbox 3464 3113 3631 3166; x_wconf 88' lang='lat' dir='ltr'><strong>eram,</strong></span> 
     </span>
    </p>
   </div>
   <div class='ocr_carea' id='block_1_62' title="bbox 2054 3186 3636 3258">
    <p class='ocr_par' dir='ltr' id='par_1_62' title="bbox 2054 3186 3636 3258">
     <span class='ocr_line' id='line_1_62' title="bbox 2054 3186 3636 3258; baseline 0.006 -19"><span class='ocrx_word' id='word_1_494' title='bbox 2054 3187 2205 3254; x_wconf 90' lang='lat' dir='ltr'><strong>quasi</strong></span> <span class='ocrx_word' id='word_1_495' title='bbox 2245 3186 2313 3241; x_wconf 91' lang='lat' dir='ltr'><strong>ad</strong></span> <span class='ocrx_word' id='word_1_496' title='bbox 2352 3186 2578 3256; x_wconf 87' lang='lat' dir='ltr'><strong>patriam</strong></span> <span class='ocrx_word' id='word_1_497' title='bbox 2621 3193 2676 3241; x_wconf 89' lang='lat' dir='ltr'><strong>et</strong></span> <span class='ocrx_word' id='word_1_498' title='bbox 2704 3195 2956 3257; x_wconf 90' lang='lat' dir='ltr'><strong>parentes</strong></span> <span class='ocrx_word' id='word_1_499' title='bbox 3007 3206 3019 3241; x_wconf 91' lang='lat'><strong>:</strong></span> <span class='ocrx_word' id='word_1_500' title='bbox 3072 3205 3179 3244; x_wconf 93' lang='lat' dir='ltr'><strong>non</strong></span> <span class='ocrx_word' id='word_1_501' title='bbox 3222 3190 3275 3245; x_wconf 90' lang='lat' dir='ltr'><strong>id</strong></span> <span class='ocrx_word' id='word_1_502' title='bbox 3304 3190 3496 3258; x_wconf 92' lang='lat' dir='ltr'><strong>solum,</strong></span> <span class='ocrx_word' id='word_1_503' title='bbox 3542 3193 3636 3248; x_wconf 90' lang='lat' dir='ltr'><strong>sed</strong></span> 
     </span>
    </p>
   </div>
   <div class='ocr_carea' id='block_1_63' title="bbox 371 3275 3636 3358">
    <p class='ocr_par' dir='ltr' id='par_1_63' title="bbox 371 3275 3636 3358">
     <span class='ocr_line' id='line_1_63' title="bbox 371 3275 3636 3358; baseline 0.001 -17"><span class='ocrx_word' id='word_1_504' title='bbox 371 3294 553 3341; x_wconf 87' lang='lat' dir='ltr'><strong>nostra</strong></span> <span class='ocrx_word' id='word_1_505' title='bbox 584 3286 825 3351; x_wconf 82' lang='lat' dir='ltr'><strong>tendere,</strong></span> <span class='ocrx_word' id='word_1_506' title='bbox 856 3286 927 3339; x_wconf 84' lang='lat' dir='ltr'><strong>ita</strong></span> <span class='ocrx_word' id='word_1_507' title='bbox 959 3292 1015 3340; x_wconf 91' lang='lat' dir='ltr'><strong>ut</strong></span> <span class='ocrx_word' id='word_1_508' title='bbox 1040 3286 1324 3342; x_wconf 78' lang='lat' dir='ltr'><strong>multitudo</strong></span> <span class='ocrx_word' id='word_1_509' title='bbox 1347 3286 1562 3358; x_wconf 80' lang='lat' dir='ltr'><strong>COpiosa</strong></span> <span class='ocrx_word' id='word_1_510' title='bbox 1584 3293 1639 3340; x_wconf 90' lang='lat' dir='ltr'><strong>et</strong></span> <span class='ocrx_word' id='word_1_511' title='bbox 1664 3285 1819 3340; x_wconf 88' lang='lat' dir='ltr'><strong>turba</strong></span> <span class='ocrx_word' id='word_1_512' title='bbox 1838 3282 1951 3338; x_wconf 91' lang='lat' dir='ltr'><strong>Deo</strong></span> <span class='ocrx_word' id='word_1_513' title='bbox 1979 3288 2025 3353; x_wconf 77' lang='grc' dir='ltr'>ο</span> <span class='ocrx_word' id='word_1_514' title='bbox 2055 3291 2202 3331; x_wconf 82' lang='lat' dir='ltr'><strong>eram</strong></span> <span class='ocrx_word' id='word_1_515' title='bbox 2230 3292 2400 3348; x_wconf 86' lang='lat' dir='ltr'><strong>usque</strong></span> <span class='ocrx_word' id='word_1_516' title='bbox 2428 3275 2628 3333; x_wconf 80' lang='lat' dir='ltr'><strong>Gallias</strong></span> <span class='ocrx_word' id='word_1_517' title='bbox 2650 3277 2868 3333; x_wconf 80' lang='lat' dir='ltr'><strong>visitare</strong></span> <span class='ocrx_word' id='word_1_518' title='bbox 2894 3277 3105 3345; x_wconf 82' lang='lat' dir='ltr'><strong>fratres.</strong></span> <span class='ocrx_word' id='word_1_519' title='bbox 3130 3282 3186 3333; x_wconf 82' lang='lat' dir='ltr'><strong>et</strong></span> <span class='ocrx_word' id='word_1_520' title='bbox 3211 3288 3271 3334; x_wconf 80' lang='lat' dir='ltr'><strong>ut</strong></span> <span class='ocrx_word' id='word_1_521' title='bbox 3300 3279 3533 3337; x_wconf 84' lang='lat' dir='ltr'><strong>viderem</strong></span> <span class='ocrx_word' id='word_1_522' title='bbox 3554 3281 3636 3335; x_wconf 79' lang='lat' dir='ltr'><strong>fa-</strong></span> 
     </span>
    </p>
   </div>
   <div class='ocr_carea' id='block_1_64' title="bbox 372 3375 1953 3447">
    <p class='ocr_par' dir='ltr' id='par_1_64' title="bbox 372 3375 1953 3447">
     <span class='ocr_line' id='line_1_64' title="bbox 372 3375 1953 3447; baseline -0.003 -16"><span class='ocrx_word' id='word_1_523' title='bbox 372 3382 675 3447; x_wconf 87' lang='lat' dir='ltr'><strong>caperetur,</strong></span> <span class='ocrx_word' id='word_1_524' title='bbox 702 3384 761 3429; x_wconf 93' lang='lat' dir='ltr'><strong>ut</strong></span> <span class='ocrx_word' id='word_1_525' title='bbox 785 3375 981 3446; x_wconf 87' lang='lat' dir='ltr'><strong>ubique</strong></span> <span class='ocrx_word' id='word_1_526' title='bbox 1000 3383 1181 3433; x_wconf 88' lang='lat' dir='ltr'><strong>essent</strong></span> <span class='ocrx_word' id='word_1_527' title='bbox 1205 3375 1388 3432; x_wconf 90' lang='lat' dir='ltr'><strong>clerici</strong></span> <span class='ocrx_word' id='word_1_528' title='bbox 1414 3375 1507 3444; x_wconf 89' lang='lat' dir='ltr'><strong>qui</strong></span> <span class='ocrx_word' id='word_1_529' title='bbox 1535 3375 1869 3445; x_wconf 84' lang='lat' dir='ltr'><strong>haptizarent</strong></span> <span class='ocrx_word' id='word_1_530' title='bbox 1897 3380 1953 3427; x_wconf 92' lang='lat' dir='ltr'><strong>et</strong></span> 
     </span>
    </p>
   </div>
   <div class='ocr_carea' id='block_1_65' title="bbox 375 3465 1948 3535">
    <p class='ocr_par' dir='ltr' id='par_1_65' title="bbox 375 3465 1948 3535">
     <span class='ocr_line' id='line_1_65' title="bbox 375 3465 1948 3535; baseline -0.003 -14"><span class='ocrx_word' id='word_1_531' title='bbox 375 3467 789 3521; x_wconf 77' lang='lat' dir='ltr'><strong>exhortarentur</strong></span> <span class='ocrx_word' id='word_1_532' title='bbox 814 3466 1071 3535; x_wconf 78' lang='lat' dir='ltr'><strong>pupulum</strong></span> <span class='ocrx_word' id='word_1_533' title='bbox 1101 3465 1428 3533; x_wconf 86' lang='lat' dir='ltr'><strong>indigentem</strong></span> <span class='ocrx_word' id='word_1_534' title='bbox 1455 3473 1510 3519; x_wconf 92' lang='lat' dir='ltr'><strong>et</strong></span> <span class='ocrx_word' id='word_1_535' title='bbox 1529 3465 1948 3529; x_wconf 89' lang='lat' dir='ltr'><strong>desiderantem,</strong></span> 
     </span>
    </p>
   </div>
   <div class='ocr_carea' id='block_1_66' title="bbox 374 3554 1953 3624">
    <p class='ocr_par' dir='ltr' id='par_1_66' title="bbox 374 3554 1953 3624">
     <span class='ocr_line' id='line_1_66' title="bbox 374 3554 1953 3624; baseline -0.002 -13"><span class='ocrx_word' id='word_1_536' title='bbox 374 3558 509 3613; x_wconf 84' lang='lat' dir='ltr'><strong>sicut</strong></span> <span class='ocrx_word' id='word_1_537' title='bbox 548 3556 808 3612; x_wconf 90' lang='lat' dir='ltr'><strong>Dominus</strong></span> <span class='ocrx_word' id='word_1_538' title='bbox 855 3556 910 3609; x_wconf 91' lang='lat' dir='ltr'><strong>in</strong></span> <span class='ocrx_word' id='word_1_539' title='bbox 957 3554 1249 3624; x_wconf 87' lang='lat' dir='ltr'><strong>Evangelio</strong></span> <span class='ocrx_word' id='word_1_540' title='bbox 1276 3556 1525 3610; x_wconf 89' lang='lat' dir='ltr'><strong>admonet</strong></span> <span class='ocrx_word' id='word_1_541' title='bbox 1562 3563 1615 3610; x_wconf 91' lang='lat' dir='ltr'><strong>et</strong></span> <span class='ocrx_word' id='word_1_542' title='bbox 1639 3555 1832 3618; x_wconf 88' lang='lat' dir='ltr'><strong>docet,</strong></span> <span class='ocrx_word' id='word_1_543' title='bbox 1872 3554 1953 3608; x_wconf 91' lang='lat' dir='ltr'><strong>di-</strong></span> 
     </span>
    </p>
   </div>
   <div class='ocr_carea' id='block_1_67' title="bbox 376 3642 1953 3718">
    <p class='ocr_par' dir='ltr' id='par_1_67' title="bbox 376 3642 1953 3718">
     <span class='ocr_line' id='line_1_67' title="bbox 376 3642 1953 3718; baseline -0.002 -16"><span class='ocrx_word' id='word_1_544' title='bbox 376 3662 503 3703; x_wconf 87' lang='lat' dir='ltr'><strong>cens</strong></span> <span class='ocrx_word' id='word_1_545' title='bbox 535 3667 547 3699; x_wconf 92' lang='lat'>:</span> <span class='ocrx_word' id='word_1_546' title='bbox 591 3646 789 3702; x_wconf 82' lang='lat' dir='ltr'><strong>Euntes</strong></span> <span class='ocrx_word' id='word_1_547' title='bbox 830 3664 952 3718; x_wconf 91' lang='lat' dir='ltr'><strong>ergo</strong></span> <span class='ocrx_word' id='word_1_548' title='bbox 982 3647 1158 3700; x_wconf 87' lang='lat' dir='ltr'><strong>docete</strong></span> <span class='ocrx_word' id='word_1_549' title='bbox 1184 3662 1358 3699; x_wconf 89' lang='lat' dir='ltr'><strong>omnes</strong></span> <span class='ocrx_word' id='word_1_550' title='bbox 1396 3655 1590 3717; x_wconf 86' lang='lat' dir='ltr'><strong>gentes,</strong></span> <span class='ocrx_word' id='word_1_551' title='bbox 1637 3642 1953 3716; x_wconf 62' lang='lat' dir='ltr'><strong>baptisantes</strong></span> 
     </span>
    </p>
   </div>
   <div class='ocr_carea' id='block_1_68' title="bbox 377 3736 1955 3808">
    <p class='ocr_par' dir='ltr' id='par_1_68' title="bbox 377 3736 1955 3808">
     <span class='ocr_line' id='line_1_68' title="bbox 377 3736 1955 3808; baseline -0.001 -15"><span class='ocrx_word' id='word_1_552' title='bbox 377 3756 458 3794; x_wconf 85' lang='lat' dir='ltr'><strong>eos</strong></span> <span class='ocrx_word' id='word_1_553' title='bbox 476 3740 531 3794; x_wconf 84' lang='lat' dir='ltr'><strong>in</strong></span> <span class='ocrx_word' id='word_1_554' title='bbox 550 3742 756 3795; x_wconf 82' lang='lat' dir='ltr'><strong>nomine</strong></span> <span class='ocrx_word' id='word_1_555' title='bbox 781 3738 976 3803; x_wconf 83' lang='lat' dir='ltr'><strong>Patris,</strong></span> <span class='ocrx_word' id='word_1_556' title='bbox 1009 3745 1058 3791; x_wconf 92' lang='lat' dir='ltr'><strong>et</strong></span> <span class='ocrx_word' id='word_1_557' title='bbox 1084 3736 1233 3801; x_wconf 78' lang='lat' dir='ltr'><strong>Filii,</strong></span> <span class='ocrx_word' id='word_1_558' title='bbox 1275 3745 1323 3789; x_wconf 90' lang='lat' dir='ltr'><strong>et</strong></span> <span class='ocrx_word' id='word_1_559' title='bbox 1353 3736 1579 3808; x_wconf 86' lang='lat' dir='ltr'><strong>Spiritus</strong></span> <span class='ocrx_word' id='word_1_560' title='bbox 1607 3738 1776 3790; x_wconf 89' lang='lat' dir='ltr'><strong>sancti</strong></span> <span class='ocrx_word' id='word_1_561' title='bbox 1806 3754 1823 3800; x_wconf 89' lang='lat'><strong>;</strong></span> <span class='ocrx_word' id='word_1_562' title='bbox 1858 3736 1955 3791; x_wconf 86' lang='lat' dir='ltr'><strong>do-</strong></span> 
     </span>
    </p>
   </div>
   <div class='ocr_carea' id='block_1_69' title="bbox 375 3825 1953 3898">
    <p class='ocr_par' dir='ltr' id='par_1_69' title="bbox 375 3825 1953 3898">
     <span class='ocr_line' id='line_1_69' title="bbox 375 3825 1953 3898; baseline -0.002 -15"><span class='ocrx_word' id='word_1_563' title='bbox 375 3840 539 3884; x_wconf 85' lang='lat' dir='ltr'><strong>centes</strong></span> <span class='ocrx_word' id='word_1_564' title='bbox 588 3848 673 3885; x_wconf 90' lang='lat' dir='ltr'><strong>eos</strong></span> <span class='ocrx_word' id='word_1_565' title='bbox 702 3830 973 3884; x_wconf 83' lang='lat' dir='ltr'><strong>observare</strong></span> <span class='ocrx_word' id='word_1_566' title='bbox 995 3827 1168 3881; x_wconf 90' lang='lat' dir='ltr'><strong>omnia</strong></span> <span class='ocrx_word' id='word_1_567' title='bbox 1191 3843 1505 3898; x_wconf 74' lang='lat' dir='ltr'><strong>quwcunque</strong></span> <span class='ocrx_word' id='word_1_568' title='bbox 1532 3825 1774 3879; x_wconf 85' lang='lat' dir='ltr'><strong>mandavi</strong></span> <span class='ocrx_word' id='word_1_569' title='bbox 1794 3826 1953 3880; x_wconf 72' lang='lat' dir='ltr'><strong>vobis.</strong></span> 
     </span>
    </p>
   </div>
   <div class='ocr_carea' id='block_1_70' title="bbox 377 3916 1960 3992">
    <p class='ocr_par' dir='ltr' id='par_1_70' title="bbox 377 3916 1960 3992">
     <span class='ocr_line' id='line_1_70' title="bbox 377 3916 1960 3992; baseline -0.001 -19"><span class='ocrx_word' id='word_1_570' title='bbox 377 3918 447 3973; x_wconf 80' lang='lat' dir='ltr'><strong>Et</strong></span> <span class='ocrx_word' id='word_1_571' title='bbox 467 3936 580 3974; x_wconf 87' lang='lat' dir='ltr'><strong>ecce</strong></span> <span class='ocrx_word' id='word_1_572' title='bbox 598 3937 690 3992; x_wconf 87' lang='lat' dir='ltr'><strong>ego</strong></span> <span class='ocrx_word' id='word_1_573' title='bbox 710 3918 968 3975; x_wconf 84' lang='lat' dir='ltr'><strong>vobiscum</strong></span> <span class='ocrx_word' id='word_1_574' title='bbox 990 3934 1102 3972; x_wconf 86' lang='lat' dir='ltr'><strong>sum</strong></span> <span class='ocrx_word' id='word_1_575' title='bbox 1123 3917 1359 3972; x_wconf 89' lang='lat' dir='ltr'><strong>omnibus</strong></span> <span class='ocrx_word' id='word_1_576' title='bbox 1381 3916 1555 3971; x_wconf 88' lang='lat' dir='ltr'><strong>diebus</strong></span> <span class='ocrx_word' id='word_1_577' title='bbox 1576 3932 1734 3989; x_wconf 80' lang='lat' dir='ltr'><strong>usque</strong></span> <span class='ocrx_word' id='word_1_578' title='bbox 1754 3918 1824 3971; x_wconf 87' lang='lat' dir='ltr'><strong>ad</strong></span> <span class='ocrx_word' id='word_1_579' title='bbox 1842 3935 1960 3973; x_wconf 89' lang='lat' dir='ltr'><strong>con-</strong></span> 
     </span>
    </p>
   </div>
   <div class='ocr_carea' id='block_1_71' title="bbox 383 4008 1956 4080">
    <p class='ocr_par' dir='ltr' id='par_1_71' title="bbox 383 4008 1956 4080">
     <span class='ocr_line' id='line_1_71' title="bbox 383 4008 1956 4080; baseline 0.001 -17"><span class='ocrx_word' id='word_1_580' title='bbox 383 4012 774 4064; x_wconf 85' lang='lat' dir='ltr'><strong>summationem</strong></span> <span class='ocrx_word' id='word_1_581' title='bbox 794 4011 968 4065; x_wconf 65' lang='lat' dir='ltr'><strong>seaculi</strong></span> <span class='ocrx_word' id='word_1_582' title='bbox 990 4008 1201 4080; x_wconf 80' lang='lat' dir='ltr'><strong>(Matth.</strong></span> <span class='ocrx_word' id='word_1_583' title='bbox 1226 4025 1411 4075; x_wconf 81' lang='lat' dir='ltr'><strong>xxvnt,</strong></span> <span class='ocrx_word' id='word_1_584' title='bbox 1434 4008 1520 4077; x_wconf 84' lang='lat' dir='ltr'><strong>I9,</strong></span> <span class='ocrx_word' id='word_1_585' title='bbox 1536 4009 1650 4080; x_wconf 78' lang='lat'><strong>‘20).</strong></span> <span class='ocrx_word' id='word_1_586' title='bbox 1676 4008 1741 4064; x_wconf 89' lang='lat' dir='ltr'><strong>Et</strong></span> <span class='ocrx_word' id='word_1_587' title='bbox 1762 4011 1956 4065; x_wconf 89' lang='lat' dir='ltr'><strong>iterum</strong></span> 
     </span>
    </p>
   </div>
   <div class='ocr_carea' id='block_1_72' title="bbox 380 4097 1955 4171">
    <p class='ocr_par' dir='ltr' id='par_1_72' title="bbox 380 4097 1955 4171">
     <span class='ocr_line' id='line_1_72' title="bbox 380 4097 1955 4171; baseline -0.001 -16"><span class='ocrx_word' id='word_1_588' title='bbox 380 4099 556 4154; x_wconf 87' lang='lat' dir='ltr'><strong>dicit:</strong></span> <span class='ocrx_word' id='word_1_589' title='bbox 609 4097 803 4152; x_wconf 83' lang='lat' dir='ltr'><strong>Euntes</strong></span> <span class='ocrx_word' id='word_1_590' title='bbox 853 4115 974 4171; x_wconf 88' lang='lat' dir='ltr'><strong>ergo</strong></span> <span class='ocrx_word' id='word_1_591' title='bbox 1020 4102 1074 4153; x_wconf 89' lang='lat' dir='ltr'><strong>in</strong></span> <span class='ocrx_word' id='word_1_592' title='bbox 1128 4098 1373 4153; x_wconf 86' lang='lat' dir='ltr'><strong>mundum</strong></span> <span class='ocrx_word' id='word_1_593' title='bbox 1426 4101 1716 4154; x_wconf 83' lang='lat' dir='ltr'><strong>unirersum</strong></span> <span class='ocrx_word' id='word_1_594' title='bbox 1760 4100 1955 4170; x_wconf 67' lang='lat' dir='ltr'><strong>praedi-</strong></span> 
     </span>
    </p>
   </div>
   <div class='ocr_carea' id='block_1_73' title="bbox 295 4178 1960 4262">
    <p class='ocr_par' dir='ltr' id='par_1_73' title="bbox 295 4178 1960 4262">
     <span class='ocr_line' id='line_1_73' title="bbox 295 4178 1960 4262; baseline -0.001 -16"><span class='ocrx_word' id='word_1_595' title='bbox 295 4178 302 4186; x_wconf 46' lang='grc'>”</span> <span class='ocrx_word' id='word_1_596' title='bbox 379 4197 496 4246; x_wconf 87' lang='lat' dir='ltr'><strong>cate</strong></span> <span class='ocrx_word' id='word_1_597' title='bbox 527 4189 864 4262; x_wconf 77' lang='lat' dir='ltr'><strong>anitgelium</strong></span> <span class='ocrx_word' id='word_1_598' title='bbox 891 4191 1026 4245; x_wconf 89' lang='lat' dir='ltr'><strong>omni</strong></span> <span class='ocrx_word' id='word_1_599' title='bbox 1065 4200 1331 4245; x_wconf 73' lang='lat' dir='ltr'><strong>creatum.</strong></span> <span class='ocrx_word' id='word_1_600' title='bbox 1368 4189 1468 4254; x_wconf 87' lang='lat' dir='ltr'><strong>Qui</strong></span> <span class='ocrx_word' id='word_1_601' title='bbox 1496 4191 1770 4246; x_wconf 85' lang='lat' dir='ltr'><strong>crediderit</strong></span> <span class='ocrx_word' id='word_1_602' title='bbox 1796 4200 1846 4245; x_wconf 89' lang='lat' dir='ltr'><strong>et</strong></span> <span class='ocrx_word' id='word_1_603' title='bbox 1874 4190 1960 4245; x_wconf 86' lang='lat' dir='ltr'><strong>ba-</strong></span> 
     </span>
    </p>
   </div>
   <div class='ocr_carea' id='block_1_74' title="bbox 377 4281 1959 4358">
    <p class='ocr_par' dir='ltr' id='par_1_74' title="bbox 377 4281 1959 4358">
     <span class='ocr_line' id='line_1_74' title="bbox 377 4281 1959 4358; baseline -0.003 -17"><span class='ocrx_word' id='word_1_604' title='bbox 377 4286 600 4358; x_wconf 78' lang='lat' dir='ltr'><strong>ptizatus</strong></span> <span class='ocrx_word' id='word_1_605' title='bbox 638 4286 829 4357; x_wconf 75' lang='lat' dir='ltr'><strong>fuerit,</strong></span> <span class='ocrx_word' id='word_1_606' title='bbox 870 4284 1039 4339; x_wconf 84' lang='lat' dir='ltr'><strong>salvus</strong></span> <span class='ocrx_word' id='word_1_607' title='bbox 1071 4284 1187 4339; x_wconf 89' lang='lat' dir='ltr'><strong>erit.</strong></span> <span class='ocrx_word' id='word_1_608' title='bbox 1238 4281 1340 4348; x_wconf 84' lang='lat' dir='ltr'><strong>Qui</strong></span> <span class='ocrx_word' id='word_1_609' title='bbox 1380 4301 1498 4338; x_wconf 78' lang='lat' dir='ltr'><strong>vero</strong></span> <span class='ocrx_word' id='word_1_610' title='bbox 1548 4302 1650 4338; x_wconf 88' lang='lat' dir='ltr'><strong>non</strong></span> <span class='ocrx_word' id='word_1_611' title='bbox 1682 4284 1959 4339; x_wconf 82' lang='lat' dir='ltr'><strong>crediderit</strong></span> 
     </span>
    </p>
   </div>
   <div class='ocr_carea' id='block_1_75' title="bbox 377 4372 1961 4446">
    <p class='ocr_par' dir='ltr' id='par_1_75' title="bbox 377 4372 1961 4446">
     <span class='ocr_line' id='line_1_75' title="bbox 377 4372 1961 4446; baseline -0.003 -15"><span class='ocrx_word' id='word_1_612' title='bbox 377 4373 801 4432; x_wconf 83' lang='lat' dir='ltr'><strong>condemnabitur</strong></span> <span class='ocrx_word' id='word_1_613' title='bbox 831 4374 1022 4446; x_wconf 77' lang='lat' dir='ltr'><strong>(Marc.</strong></span> <span class='ocrx_word' id='word_1_614' title='bbox 1047 4391 1156 4443; x_wconf 78' lang='lat' dir='ltr'><strong>XVI,</strong></span> <span class='ocrx_word' id='word_1_615' title='bbox 1178 4372 1391 4443; x_wconf 80' lang='grc'><strong>15,16).</strong></span> <span class='ocrx_word' id='word_1_616' title='bbox 1412 4372 1480 4427; x_wconf 86' lang='lat' dir='ltr'><strong>Et</strong></span> <span class='ocrx_word' id='word_1_617' title='bbox 1506 4374 1697 4428; x_wconf 89' lang='lat' dir='ltr'><strong>iterum</strong></span> <span class='ocrx_word' id='word_1_618' title='bbox 1720 4392 1731 4426; x_wconf 88' lang='lat'>:</span> <span class='ocrx_word' id='word_1_619' title='bbox 1760 4374 1961 4428; x_wconf 71' lang='lat' dir='ltr'><strong>Prcedi-</strong></span> 
     </span>
    </p>
   </div>
   <div class='ocr_carea' id='block_1_76' title="bbox 380 4467 1962 4541">
    <p class='ocr_par' dir='ltr' id='par_1_76' title="bbox 380 4467 1962 4541">
     <span class='ocr_line' id='line_1_76' title="bbox 380 4467 1962 4541; baseline -0.001 -20"><span class='ocrx_word' id='word_1_620' title='bbox 380 4467 577 4522; x_wconf 82' lang='lat' dir='ltr'><strong>cabitur</strong></span> <span class='ocrx_word' id='word_1_621' title='bbox 602 4468 699 4523; x_wconf 91' lang='lat' dir='ltr'><strong>hoc</strong></span> <span class='ocrx_word' id='word_1_622' title='bbox 718 4467 1056 4541; x_wconf 77' lang='lat' dir='ltr'><strong>Evangeliuns</strong></span> <span class='ocrx_word' id='word_1_623' title='bbox 1081 4469 1224 4540; x_wconf 88' lang='lat' dir='ltr'><strong>regni</strong></span> <span class='ocrx_word' id='word_1_624' title='bbox 1252 4469 1487 4522; x_wconf 84' lang='lat' dir='ltr'><strong>universo</strong></span> <span class='ocrx_word' id='word_1_625' title='bbox 1508 4468 1719 4532; x_wconf 90' lang='lat' dir='ltr'><strong>mundo,</strong></span> <span class='ocrx_word' id='word_1_626' title='bbox 1742 4468 1798 4521; x_wconf 90' lang='lat' dir='ltr'><strong>in</strong></span> <span class='ocrx_word' id='word_1_627' title='bbox 1828 4468 1962 4521; x_wconf 88' lang='lat' dir='ltr'><strong>testi-</strong></span> 
     </span>
    </p>
   </div>
   <div class='ocr_carea' id='block_1_77' title="bbox 380 4558 1955 4633">
    <p class='ocr_par' dir='ltr' id='par_1_77' title="bbox 380 4558 1955 4633">
     <span class='ocr_line' id='line_1_77' title="bbox 380 4558 1955 4633; baseline -0.001 -21"><span class='ocrx_word' id='word_1_628' title='bbox 380 4559 606 4613; x_wconf 80' lang='lat' dir='ltr'><strong>monium</strong></span> <span class='ocrx_word' id='word_1_629' title='bbox 634 4559 866 4615; x_wconf 86' lang='lat' dir='ltr'><strong>omnibus</strong></span> <span class='ocrx_word' id='word_1_630' title='bbox 896 4560 1159 4633; x_wconf 88' lang='lat' dir='ltr'><strong>gentibus,</strong></span> <span class='ocrx_word' id='word_1_631' title='bbox 1186 4569 1236 4615; x_wconf 89' lang='lat' dir='ltr'><strong>et</strong></span> <span class='ocrx_word' id='word_1_632' title='bbox 1258 4569 1377 4614; x_wconf 90' lang='lat' dir='ltr'><strong>tunc</strong></span> <span class='ocrx_word' id='word_1_633' title='bbox 1402 4560 1567 4615; x_wconf 81' lang='lat' dir='ltr'><strong>veniet</strong></span> <span class='ocrx_word' id='word_1_634' title='bbox 1597 4560 1719 4629; x_wconf 87' lang='lat' dir='ltr'><strong>ﬁnis</strong></span> <span class='ocrx_word' id='word_1_635' title='bbox 1742 4558 1955 4630; x_wconf 77' lang='lat' dir='ltr'><strong>(Matth.</strong></span> 
     </span>
    </p>
   </div>
   <div class='ocr_carea' id='block_1_78' title="bbox 2054 3369 3636 3445">
    <p class='ocr_par' dir='ltr' id='par_1_78' title="bbox 2054 3369 3636 3445">
     <span class='ocr_line' id='line_1_78' title="bbox 2054 3369 3636 3445; baseline 0.004 -21"><span class='ocrx_word' id='word_1_636' title='bbox 2054 3370 2192 3424; x_wconf 91' lang='lat' dir='ltr'><strong>ciem</strong></span> <span class='ocrx_word' id='word_1_637' title='bbox 2236 3376 2545 3425; x_wconf 90' lang='lat' dir='ltr'><strong>sanctorum</strong></span> <span class='ocrx_word' id='word_1_638' title='bbox 2592 3369 2804 3425; x_wconf 91' lang='lat' dir='ltr'><strong>Domini</strong></span> <span class='ocrx_word' id='word_1_639' title='bbox 2850 3371 2973 3426; x_wconf 92' lang='lat' dir='ltr'><strong>mei.</strong></span> <span class='ocrx_word' id='word_1_640' title='bbox 3024 3370 3137 3428; x_wconf 90' lang='lat' dir='ltr'><strong>Scit</strong></span> <span class='ocrx_word' id='word_1_641' title='bbox 3162 3372 3304 3428; x_wconf 89' lang='lat' dir='ltr'><strong>Deus</strong></span> <span class='ocrx_word' id='word_1_642' title='bbox 3345 3375 3489 3445; x_wconf 91' lang='lat' dir='ltr'><strong>quod</strong></span> <span class='ocrx_word' id='word_1_643' title='bbox 3536 3389 3636 3444; x_wconf 85' lang='lat' dir='ltr'><strong>ego</strong></span> 
     </span>
    </p>
   </div>
   <div class='ocr_carea' id='block_1_79' title="bbox 2055 3461 3634 3537">
    <p class='ocr_par' dir='ltr' id='par_1_79' title="bbox 2055 3461 3634 3537">
     <span class='ocr_line' id='line_1_79' title="bbox 2055 3461 3634 3537; baseline 0.004 -22"><span class='ocrx_word' id='word_1_644' title='bbox 2055 3461 2208 3517; x_wconf 91' lang='lat' dir='ltr'><strong>valde</strong></span> <span class='ocrx_word' id='word_1_645' title='bbox 2235 3463 2517 3533; x_wconf 90' lang='lat' dir='ltr'><strong>optabam;</strong></span> <span class='ocrx_word' id='word_1_646' title='bbox 2548 3462 2647 3518; x_wconf 93' lang='lat' dir='ltr'><strong>sed</strong></span> <span class='ocrx_word' id='word_1_647' title='bbox 2676 3463 2923 3531; x_wconf 86' lang='lat' dir='ltr'><strong>alligatus</strong></span> <span class='ocrx_word' id='word_1_648' title='bbox 2964 3462 3185 3533; x_wconf 90' lang='lat' dir='ltr'><strong>Spiritu,</strong></span> <span class='ocrx_word' id='word_1_649' title='bbox 3226 3464 3317 3533; x_wconf 89' lang='lat' dir='ltr'><strong>qui</strong></span> <span class='ocrx_word' id='word_1_650' title='bbox 3347 3466 3476 3520; x_wconf 89' lang='lat' dir='ltr'><strong>mihi</strong></span> <span class='ocrx_word' id='word_1_651' title='bbox 3504 3484 3634 3537; x_wconf 89' lang='lat' dir='ltr'><strong>pro-</strong></span> 
     </span>
    </p>
   </div>
   <div class='ocr_carea' id='block_1_80' title="bbox 2058 3546 3634 3618">
    <p class='ocr_par' dir='ltr' id='par_1_80' title="bbox 2058 3546 3634 3618">
     <span class='ocr_line' id='line_1_80' title="bbox 2058 3546 3634 3618; baseline 0.003 -12"><span class='ocrx_word' id='word_1_652' title='bbox 2058 3560 2283 3608; x_wconf 89' lang='lat' dir='ltr'><strong>testatur</strong></span> <span class='ocrx_word' id='word_1_653' title='bbox 2307 3556 2353 3608; x_wconf 91' lang='lat' dir='ltr'><strong>si</strong></span> <span class='ocrx_word' id='word_1_654' title='bbox 2379 3546 2484 3609; x_wconf 89' lang='lat' dir='ltr'><strong>hoc</strong></span> <span class='ocrx_word' id='word_1_655' title='bbox 2503 3553 2701 3618; x_wconf 81' lang='lat' dir='ltr'><strong>fecero,</strong></span> <span class='ocrx_word' id='word_1_656' title='bbox 2727 3560 2784 3610; x_wconf 90' lang='lat' dir='ltr'><strong>ut</strong></span> <span class='ocrx_word' id='word_1_657' title='bbox 2816 3553 3047 3609; x_wconf 90' lang='lat' dir='ltr'><strong>futurum</strong></span> <span class='ocrx_word' id='word_1_658' title='bbox 3087 3570 3239 3609; x_wconf 89' lang='lat' dir='ltr'><strong>reum</strong></span> <span class='ocrx_word' id='word_1_659' title='bbox 3268 3571 3355 3611; x_wconf 92' lang='lat' dir='ltr'><strong>me</strong></span> <span class='ocrx_word' id='word_1_660' title='bbox 3391 3570 3511 3611; x_wconf 86' lang='lat' dir='ltr'><strong>esse</strong></span> <span class='ocrx_word' id='word_1_661' title='bbox 3537 3556 3634 3611; x_wconf 84' lang='lat' dir='ltr'><strong>de-</strong></span> 
     </span>
    </p>
   </div>
   <div class='ocr_carea' id='block_1_81' title="bbox 2057 3644 3636 3716">
    <p class='ocr_par' dir='ltr' id='par_1_81' title="bbox 2057 3644 3636 3716">
     <span class='ocr_line' id='line_1_81' title="bbox 2057 3644 3636 3716; baseline 0.002 -16"><span class='ocrx_word' id='word_1_662' title='bbox 2057 3645 2259 3713; x_wconf 84' lang='lat' dir='ltr'><strong>signat;</strong></span> <span class='ocrx_word' id='word_1_663' title='bbox 2292 3652 2347 3699; x_wconf 88' lang='lat' dir='ltr'><strong>et</strong></span> <span class='ocrx_word' id='word_1_664' title='bbox 2374 3646 2539 3701; x_wconf 91' lang='lat' dir='ltr'><strong>timeo</strong></span> <span class='ocrx_word' id='word_1_665' title='bbox 2568 3645 2793 3715; x_wconf 89' lang='lat' dir='ltr'><strong>perdere</strong></span> <span class='ocrx_word' id='word_1_666' title='bbox 2819 3644 3055 3700; x_wconf 90' lang='lat' dir='ltr'><strong>laborem</strong></span> <span class='ocrx_word' id='word_1_667' title='bbox 3079 3661 3242 3716; x_wconf 91' lang='lat' dir='ltr'><strong>quem</strong></span> <span class='ocrx_word' id='word_1_668' title='bbox 3270 3647 3536 3703; x_wconf 90' lang='lat' dir='ltr'><strong>inchoavi.</strong></span> <span class='ocrx_word' id='word_1_669' title='bbox 3567 3648 3636 3703; x_wconf 90' lang='lat' dir='ltr'><strong>Et</strong></span> 
     </span>
    </p>
   </div>
   <div class='ocr_carea' id='block_1_82' title="bbox 2059 3733 3636 3810">
    <p class='ocr_par' dir='ltr' id='par_1_82' title="bbox 2059 3733 3636 3810">
     <span class='ocr_line' id='line_1_82' title="bbox 2059 3733 3636 3810; baseline 0.003 -22"><span class='ocrx_word' id='word_1_670' title='bbox 2059 3750 2165 3788; x_wconf 90' lang='lat' dir='ltr'><strong>non</strong></span> <span class='ocrx_word' id='word_1_671' title='bbox 2186 3750 2306 3803; x_wconf 85' lang='lat' dir='ltr'><strong>ego,</strong></span> <span class='ocrx_word' id='word_1_672' title='bbox 2333 3734 2427 3789; x_wconf 90' lang='lat' dir='ltr'><strong>sed</strong></span> <span class='ocrx_word' id='word_1_673' title='bbox 2454 3733 2697 3790; x_wconf 89' lang='lat' dir='ltr'><strong>Christus</strong></span> <span class='ocrx_word' id='word_1_674' title='bbox 2716 3735 2973 3791; x_wconf 89' lang='lat' dir='ltr'><strong>Dominus</strong></span> <span class='ocrx_word' id='word_1_675' title='bbox 2991 3736 3084 3805; x_wconf 87' lang='lat' dir='ltr'><strong>qui</strong></span> <span class='ocrx_word' id='word_1_676' title='bbox 3113 3735 3142 3773; x_wconf 70' lang='grc' dir='ltr'><strong>ιι</strong></span> <span class='ocrx_word' id='word_1_677' title='bbox 3162 3753 3249 3792; x_wconf 91' lang='lat' dir='ltr'><strong>me</strong></span> <span class='ocrx_word' id='word_1_678' title='bbox 3278 3739 3561 3810; x_wconf 85' lang='lat' dir='ltr'><strong>imperavit</strong></span> <span class='ocrx_word' id='word_1_679' title='bbox 3578 3749 3636 3796; x_wconf 85' lang='lat' dir='ltr'><strong>ut</strong></span> 
     </span>
    </p>
   </div>
   <div class='ocr_carea' id='block_1_83' title="bbox 2020 3826 3636 3905">
    <p class='ocr_par' dir='ltr' id='par_1_83' title="bbox 2020 3826 3636 3905">
     <span class='ocr_line' id='line_1_83' title="bbox 2020 3826 3636 3905; baseline 0.006 -26"><span class='ocrx_word' id='word_1_680' title='bbox 2020 3842 2029 3849; x_wconf 87' lang='grc'><strong>·</strong></span> <span class='ocrx_word' id='word_1_681' title='bbox 2057 3827 2315 3892; x_wconf 87' lang='lat' dir='ltr'><strong>venirem,</strong></span> <span class='ocrx_word' id='word_1_682' title='bbox 2349 3841 2467 3882; x_wconf 83' lang='lat' dir='ltr'><strong>esse</strong></span> <span class='ocrx_word' id='word_1_683' title='bbox 2494 3843 2616 3882; x_wconf 91' lang='lat' dir='ltr'><strong>cum</strong></span> <span class='ocrx_word' id='word_1_684' title='bbox 2643 3826 2748 3905; x_wconf 77' lang='lat' dir='ltr'><strong>illis</strong></span> <span class='ocrx_word' id='word_1_685' title='bbox 2777 3829 3047 3884; x_wconf 88' lang='lat' dir='ltr'><strong>residuum</strong></span> <span class='ocrx_word' id='word_1_686' title='bbox 3071 3831 3244 3886; x_wconf 63' lang='lat' dir='ltr'><strong>aetatis</strong></span> <span class='ocrx_word' id='word_1_687' title='bbox 3264 3844 3428 3897; x_wconf 70' lang='lat' dir='ltr'><strong>meae;</strong></span> <span class='ocrx_word' id='word_1_688' title='bbox 3457 3834 3503 3887; x_wconf 93' lang='lat' dir='ltr'><strong>si</strong></span> <span class='ocrx_word' id='word_1_689' title='bbox 3531 3832 3636 3890; x_wconf 89' lang='lat' dir='ltr'><strong>Do-</strong></span> 
     </span>
    </p>
   </div>
   <div class='ocr_carea' id='block_1_84' title="bbox 2059 3918 3629 3992">
    <p class='ocr_par' dir='ltr' id='par_1_84' title="bbox 2059 3918 3629 3992">
     <span class='ocr_line' id='line_1_84' title="bbox 2059 3918 3629 3992; baseline 0.006 -21"><span class='ocrx_word' id='word_1_690' title='bbox 2059 3918 2233 3974; x_wconf 91' lang='lat' dir='ltr'><strong>minus</strong></span> <span class='ocrx_word' id='word_1_691' title='bbox 2259 3918 2489 3973; x_wconf 88' lang='lat' dir='ltr'><strong>voluerit</strong></span> <span class='ocrx_word' id='word_1_692' title='bbox 2516 3926 2571 3973; x_wconf 92' lang='lat' dir='ltr'><strong>et</strong></span> <span class='ocrx_word' id='word_1_693' title='bbox 2597 3918 2909 3974; x_wconf 87' lang='lat' dir='ltr'><strong>custodierit</strong></span> <span class='ocrx_word' id='word_1_694' title='bbox 2955 3936 3042 3975; x_wconf 89' lang='lat' dir='ltr'><strong>me</strong></span> <span class='ocrx_word' id='word_1_695' title='bbox 3086 3920 3154 3975; x_wconf 92' lang='lat' dir='ltr'><strong>ab</strong></span> <span class='ocrx_word' id='word_1_696' title='bbox 3183 3924 3329 3978; x_wconf 89' lang='lat' dir='ltr'><strong>omni</strong></span> <span class='ocrx_word' id='word_1_697' title='bbox 3353 3924 3440 3978; x_wconf 89' lang='lat' dir='ltr'><strong>via</strong></span> <span class='ocrx_word' id='word_1_698' title='bbox 3467 3925 3629 3992; x_wconf 87' lang='lat' dir='ltr'><strong>mala,</strong></span> 
     </span>
    </p>
   </div>
   <div class='ocr_carea' id='block_1_85' title="bbox 2058 3999 3635 4081">
    <p class='ocr_par' dir='ltr' id='par_1_85' title="bbox 2058 3999 3635 4081">
     <span class='ocr_line' id='line_1_85' title="bbox 2058 3999 3635 4081; baseline 0.006 -18"><span class='ocrx_word' id='word_1_699' title='bbox 2058 4017 2118 4064; x_wconf 91' lang='lat' dir='ltr'><strong>ut</strong></span> <span class='ocrx_word' id='word_1_700' title='bbox 2144 4025 2251 4064; x_wconf 91' lang='lat' dir='ltr'><strong>non</strong></span> <span class='ocrx_word' id='word_1_701' title='bbox 2280 4024 2498 4079; x_wconf 89' lang='lat' dir='ltr'><strong>peccem</strong></span> <span class='ocrx_word' id='word_1_702' title='bbox 2535 4024 2717 4065; x_wconf 90' lang='lat' dir='ltr'><strong>coram</strong></span> <span class='ocrx_word' id='word_1_703' title='bbox 2763 4010 2874 4066; x_wconf 93' lang='lat' dir='ltr'><strong>illo.</strong></span> <span class='ocrx_word' id='word_1_704' title='bbox 2911 4008 2928 4048; x_wconf 74' lang='grc' dir='ltr'><strong>ί</strong></span> <span class='ocrx_word' id='word_1_705' title='bbox 2964 4008 3133 4081; x_wconf 91' lang='lat' dir='ltr'><strong>Spero</strong></span> <span class='ocrx_word' id='word_1_706' title='bbox 3176 3999 3355 4069; x_wconf 88' lang='lat' dir='ltr'><strong>autem</strong></span> <span class='ocrx_word' id='word_1_707' title='bbox 3395 4014 3502 4071; x_wconf 87' lang='lat' dir='ltr'><strong>hoc</strong></span> <span class='ocrx_word' id='word_1_708' title='bbox 3536 4015 3635 4071; x_wconf 87' lang='lat' dir='ltr'><strong>de-</strong></span> 
     </span>
    </p>
   </div>
   <div class='ocr_carea' id='block_1_86' title="bbox 2058 4100 3635 4176">
    <p class='ocr_par' dir='ltr' id='par_1_86' title="bbox 2058 4100 3635 4176">
     <span class='ocr_line' id='line_1_86' title="bbox 2058 4100 3635 4176; baseline 0.005 -21"><span class='ocrx_word' id='word_1_709' title='bbox 2058 4100 2300 4166; x_wconf 84' lang='lat' dir='ltr'><strong>bueram,</strong></span> <span class='ocrx_word' id='word_1_710' title='bbox 2330 4100 2424 4155; x_wconf 90' lang='lat' dir='ltr'><strong>sed</strong></span> <span class='ocrx_word' id='word_1_711' title='bbox 2444 4109 2641 4156; x_wconf 89' lang='lat' dir='ltr'><strong>memet</strong></span> <span class='ocrx_word' id='word_1_712' title='bbox 2670 4102 2839 4172; x_wconf 91' lang='lat' dir='ltr'><strong>ipsum</strong></span> <span class='ocrx_word' id='word_1_713' title='bbox 2862 4112 2973 4159; x_wconf 86' lang='lat' dir='ltr'><strong>non</strong></span> <span class='ocrx_word' id='word_1_714' title='bbox 3010 4104 3192 4169; x_wconf 89' lang='lat' dir='ltr'><strong>credo,</strong></span> <span class='ocrx_word' id='word_1_715' title='bbox 3218 4106 3454 4176; x_wconf 90' lang='lat' dir='ltr'><strong>quandiu</strong></span> <span class='ocrx_word' id='word_1_716' title='bbox 3482 4105 3635 4164; x_wconf 86' lang='lat' dir='ltr'><strong>fuero</strong></span> 
     </span>
    </p>
   </div>
   <div class='ocr_carea' id='block_1_87' title="bbox 2060 4190 3637 4267">
    <p class='ocr_par' dir='ltr' id='par_1_87' title="bbox 2060 4190 3637 4267">
     <span class='ocr_line' id='line_1_87' title="bbox 2060 4190 3637 4267; baseline 0.006 -23"><span class='ocrx_word' id='word_1_717' title='bbox 2060 4190 2112 4244; x_wconf 92' lang='lat' dir='ltr'><strong>in</strong></span> <span class='ocrx_word' id='word_1_718' title='bbox 2141 4190 2245 4246; x_wconf 90' lang='lat' dir='ltr'><strong>hoc</strong></span> <span class='ocrx_word' id='word_1_719' title='bbox 2283 4206 2511 4262; x_wconf 90' lang='lat' dir='ltr'><strong>corpore</strong></span> <span class='ocrx_word' id='word_1_720' title='bbox 2539 4193 2748 4257; x_wconf 90' lang='lat' dir='ltr'><strong>mortis,</strong></span> <span class='ocrx_word' id='word_1_721' title='bbox 2777 4193 2903 4263; x_wconf 91' lang='lat' dir='ltr'><strong>quia</strong></span> <span class='ocrx_word' id='word_1_722' title='bbox 2944 4191 3099 4255; x_wconf 87' lang='lat' dir='ltr'><strong>fortis</strong></span> <span class='ocrx_word' id='word_1_723' title='bbox 3144 4202 3227 4251; x_wconf 88' lang='lat' dir='ltr'><strong>est</strong></span> <span class='ocrx_word' id='word_1_724' title='bbox 3261 4198 3357 4265; x_wconf 92' lang='lat' dir='ltr'><strong>qui</strong></span> <span class='ocrx_word' id='word_1_725' title='bbox 3396 4198 3637 4267; x_wconf 87' lang='lat' dir='ltr'><strong>quotidie</strong></span> 
     </span>
    </p>
   </div>
   <div class='ocr_carea' id='block_1_88' title="bbox 2058 4281 3635 4357">
    <p class='ocr_par' dir='ltr' id='par_1_88' title="bbox 2058 4281 3635 4357">
     <span class='ocr_line' id='line_1_88' title="bbox 2058 4281 3635 4357; baseline 0.007 -23"><span class='ocrx_word' id='word_1_726' title='bbox 2058 4281 2249 4337; x_wconf 90' lang='lat' dir='ltr'><strong>nititur</strong></span> <span class='ocrx_word' id='word_1_727' title='bbox 2292 4282 2605 4338; x_wconf 86' lang='lat' dir='ltr'><strong>subvertere</strong></span> <span class='ocrx_word' id='word_1_728' title='bbox 2650 4296 2735 4337; x_wconf 91' lang='lat' dir='ltr'><strong>me</strong></span> <span class='ocrx_word' id='word_1_729' title='bbox 2763 4298 2793 4337; x_wconf 95' lang='lat' dir='ltr'><strong>a</strong></span> <span class='ocrx_word' id='word_1_730' title='bbox 2824 4282 2927 4339; x_wconf 86' lang='lat' dir='ltr'><strong>ﬁde</strong></span> <span class='ocrx_word' id='word_1_731' title='bbox 2960 4292 3016 4339; x_wconf 92' lang='lat' dir='ltr'><strong>et</strong></span> <span class='ocrx_word' id='word_1_732' title='bbox 3053 4300 3084 4338; x_wconf 95' lang='lat' dir='ltr'><strong>a</strong></span> <span class='ocrx_word' id='word_1_733' title='bbox 3112 4286 3387 4357; x_wconf 87' lang='lat' dir='ltr'><strong>proposita</strong></span> <span class='ocrx_word' id='word_1_734' title='bbox 3419 4289 3434 4338; x_wconf 80' lang='grc' dir='ltr'><strong><em>ι</em></strong></span> <span class='ocrx_word' id='word_1_735' title='bbox 3473 4290 3635 4345; x_wconf 88' lang='lat' dir='ltr'><strong>casti-</strong></span> 
     </span>
    </p>
   </div>
   <div class='ocr_carea' id='block_1_89' title="bbox 2059 4372 3632 4442">
    <p class='ocr_par' dir='ltr' id='par_1_89' title="bbox 2059 4372 3632 4442">
     <span class='ocr_line' id='line_1_89' title="bbox 2059 4372 3632 4442; baseline 0.004 -17"><span class='ocrx_word' id='word_1_736' title='bbox 2059 4378 2188 4438; x_wconf 89' lang='lat' dir='ltr'><strong>tate,</strong></span> <span class='ocrx_word' id='word_1_737' title='bbox 2216 4388 2387 4442; x_wconf 90' lang='lat' dir='ltr'><strong>usque</strong></span> <span class='ocrx_word' id='word_1_738' title='bbox 2414 4374 2469 4428; x_wconf 92' lang='lat' dir='ltr'><strong>in</strong></span> <span class='ocrx_word' id='word_1_739' title='bbox 2489 4372 2649 4429; x_wconf 84' lang='lat' dir='ltr'><strong>finem</strong></span> <span class='ocrx_word' id='word_1_740' title='bbox 2669 4374 2790 4429; x_wconf 63' lang='lat' dir='ltr'><strong>vitae</strong></span> <span class='ocrx_word' id='word_1_741' title='bbox 2816 4389 2968 4441; x_wconf 69' lang='lat' dir='ltr'><strong>mese,</strong></span> <span class='ocrx_word' id='word_1_742' title='bbox 2990 4374 3203 4430; x_wconf 90' lang='lat' dir='ltr'><strong>Christo</strong></span> <span class='ocrx_word' id='word_1_743' title='bbox 3222 4375 3451 4433; x_wconf 88' lang='lat' dir='ltr'><strong>Domino</strong></span> <span class='ocrx_word' id='word_1_744' title='bbox 3471 4395 3593 4435; x_wconf 92' lang='lat' dir='ltr'><strong>meo</strong></span> <span class='ocrx_word' id='word_1_745' title='bbox 3618 4398 3632 4431; x_wconf 90' lang='lat'>:</span> 
     </span>
    </p>
   </div>
   <div class='ocr_carea' id='block_1_90' title="bbox 2059 4460 3641 4535">
    <p class='ocr_par' dir='ltr' id='par_1_90' title="bbox 2059 4460 3641 4535">
     <span class='ocr_line' id='line_1_90' title="bbox 2059 4460 3641 4535; baseline 0.005 -18"><span class='ocrx_word' id='word_1_746' title='bbox 2059 4460 2155 4517; x_wconf 87' lang='lat' dir='ltr'><strong>sed</strong></span> <span class='ocrx_word' id='word_1_747' title='bbox 2180 4478 2306 4517; x_wconf 87' lang='lat' dir='ltr'><strong>caro</strong></span> <span class='ocrx_word' id='word_1_748' title='bbox 2334 4463 2549 4518; x_wconf 91' lang='lat' dir='ltr'><strong>inimica</strong></span> <span class='ocrx_word' id='word_1_749' title='bbox 2575 4476 2788 4535; x_wconf 72' lang='lat' dir='ltr'><strong>semper</strong></span> <span class='ocrx_word' id='word_1_750' title='bbox 2810 4465 2971 4519; x_wconf 88' lang='lat' dir='ltr'><strong>trahit</strong></span> <span class='ocrx_word' id='word_1_751' title='bbox 2997 4465 3065 4520; x_wconf 88' lang='lat' dir='ltr'><strong>ad</strong></span> <span class='ocrx_word' id='word_1_752' title='bbox 3085 4473 3335 4535; x_wconf 91' lang='lat' dir='ltr'><strong>mortem,</strong></span> <span class='ocrx_word' id='word_1_753' title='bbox 3366 4468 3419 4524; x_wconf 89' lang='lat' dir='ltr'><strong>id</strong></span> <span class='ocrx_word' id='word_1_754' title='bbox 3446 4479 3547 4535; x_wconf 89' lang='lat' dir='ltr'><strong>est,</strong></span> <span class='ocrx_word' id='word_1_755' title='bbox 3570 4469 3641 4525; x_wconf 92' lang='lat' dir='ltr'><strong>ad</strong></span> 
     </span>
    </p>
   </div>
   <div class='ocr_carea' id='block_1_91' title="bbox 2060 4553 3636 4633">
    <p class='ocr_par' dir='ltr' id='par_1_91' title="bbox 2060 4553 3636 4633">
     <span class='ocr_line' id='line_1_91' title="bbox 2060 4553 3636 4633; baseline 0.006 -24"><span class='ocrx_word' id='word_1_756' title='bbox 2060 4554 2339 4611; x_wconf 88' lang='lat' dir='ltr'><strong>illecebras</strong></span> <span class='ocrx_word' id='word_1_757' title='bbox 2380 4553 2407 4593; x_wconf 80' lang='grc' dir='ltr'>ι</span> <span class='ocrx_word' id='word_1_758' title='bbox 2457 4555 2646 4613; x_wconf 60' lang='lat' dir='ltr'><strong>illiciti;</strong></span> <span class='ocrx_word' id='word_1_759' title='bbox 2683 4558 3054 4627; x_wconf 83' lang='lat' dir='ltr'><strong>perﬁciendas.</strong></span> <span class='ocrx_word' id='word_1_760' title='bbox 3104 4558 3168 4614; x_wconf 86' lang='lat' dir='ltr'><strong>Et</strong></span> <span class='ocrx_word' id='word_1_761' title='bbox 3214 4562 3327 4617; x_wconf 89' lang='lat' dir='ltr'><strong>scio</strong></span> <span class='ocrx_word' id='word_1_762' title='bbox 3366 4578 3435 4617; x_wconf 77' lang='lat' dir='ltr'><strong>ex</strong></span> <span class='ocrx_word' id='word_1_763' title='bbox 3461 4571 3636 4633; x_wconf 89' lang='lat' dir='ltr'><strong>parte,</strong></span> 
     </span>
    </p>
   </div>
   <div class='ocr_carea' id='block_1_92' title="bbox 380 4644 3639 4729">
    <p class='ocr_par' dir='ltr' id='par_1_92' title="bbox 380 4644 3639 4729">
     <span class='ocr_line' id='line_1_92' title="bbox 380 4644 3639 4729; baseline 0.002 -26"><span class='ocrx_word' id='word_1_764' title='bbox 380 4665 524 4715; x_wconf 75' lang='lat' dir='ltr'><strong>xxiv,</strong></span> <span class='ocrx_word' id='word_1_765' title='bbox 558 4649 666 4721; x_wconf 75' lang='grc'><strong>14).</strong></span> <span class='ocrx_word' id='word_1_766' title='bbox 699 4650 766 4706; x_wconf 86' lang='lat' dir='ltr'><strong>Et</strong></span> <span class='ocrx_word' id='word_1_767' title='bbox 788 4652 916 4707; x_wconf 88' lang='lat' dir='ltr'><strong>item</strong></span> <span class='ocrx_word' id='word_1_768' title='bbox 944 4652 1199 4708; x_wconf 88' lang='lat' dir='ltr'><strong>Dominus</strong></span> <span class='ocrx_word' id='word_1_769' title='bbox 1231 4666 1330 4723; x_wconf 91' lang='lat' dir='ltr'><strong>per</strong></span> <span class='ocrx_word' id='word_1_770' title='bbox 1356 4644 1674 4723; x_wconf 79' lang='lat' dir='ltr'><strong>prophetam</strong></span> <span class='ocrx_word' id='word_1_771' title='bbox 1700 4665 1953 4722; x_wconf 59' lang='lat' dir='ltr'><strong>praenun-</strong></span> <span class='ocrx_word' id='word_1_772' title='bbox 1986 4671 2035 4729; x_wconf 71' lang='grc' dir='ltr'><strong>υ</strong></span> <span class='ocrx_word' id='word_1_773' title='bbox 2060 4661 2228 4716; x_wconf 84' lang='lat' dir='ltr'><strong>quare</strong></span> <span class='ocrx_word' id='word_1_774' title='bbox 2256 4647 2420 4701; x_wconf 89' lang='lat' dir='ltr'><strong>vitam</strong></span> <span class='ocrx_word' id='word_1_775' title='bbox 2457 4646 2751 4717; x_wconf 81' lang='lat' dir='ltr'><strong>perfectam</strong></span> <span class='ocrx_word' id='word_1_776' title='bbox 2778 4664 2880 4719; x_wconf 87' lang='lat' dir='ltr'><strong>ego</strong></span> <span class='ocrx_word' id='word_1_777' title='bbox 2908 4667 3018 4707; x_wconf 89' lang='lat' dir='ltr'><strong>non</strong></span> <span class='ocrx_word' id='word_1_778' title='bbox 3044 4654 3130 4720; x_wconf 86' lang='lat' dir='ltr'><strong>egi</strong></span> <span class='ocrx_word' id='word_1_779' title='bbox 3152 4691 3167 4715; x_wconf 90' lang='lat'><strong>,</strong></span> <span class='ocrx_word' id='word_1_780' title='bbox 3197 4654 3338 4710; x_wconf 87' lang='lat' dir='ltr'><strong>sicut</strong></span> <span class='ocrx_word' id='word_1_781' title='bbox 3375 4662 3431 4711; x_wconf 91' lang='lat' dir='ltr'><strong>et</strong></span> <span class='ocrx_word' id='word_1_782' title='bbox 3457 4656 3639 4711; x_wconf 61' lang='lat' dir='ltr'><strong>caeteri</strong></span> 
     </span>
    </p>
   </div>
   <div class='ocr_carea' id='block_1_93' title="bbox 380 4741 1961 4813">
    <p class='ocr_par' dir='ltr' id='par_1_93' title="bbox 380 4741 1961 4813">
     <span class='ocr_line' id='line_1_93' title="bbox 380 4741 1961 4813; baseline 0.002 -18"><span class='ocrx_word' id='word_1_783' title='bbox 380 4741 537 4808; x_wconf 86' lang='lat' dir='ltr'><strong>tians,</strong></span> <span class='ocrx_word' id='word_1_784' title='bbox 564 4743 735 4813; x_wconf 91' lang='lat' dir='ltr'><strong>inquit</strong></span> <span class='ocrx_word' id='word_1_785' title='bbox 761 4762 772 4797; x_wconf 93' lang='lat'><strong>:</strong></span> <span class='ocrx_word' id='word_1_786' title='bbox 799 4743 867 4797; x_wconf 84' lang='lat' dir='ltr'><strong>Et</strong></span> <span class='ocrx_word' id='word_1_787' title='bbox 894 4745 989 4798; x_wconf 86' lang='lat' dir='ltr'><strong>erit</strong></span> <span class='ocrx_word' id='word_1_788' title='bbox 1007 4747 1062 4799; x_wconf 92' lang='lat' dir='ltr'><strong>in</strong></span> <span class='ocrx_word' id='word_1_789' title='bbox 1084 4745 1373 4799; x_wconf 82' lang='lat' dir='ltr'><strong>novissimis</strong></span> <span class='ocrx_word' id='word_1_790' title='bbox 1397 4743 1594 4813; x_wconf 90' lang='lat' dir='ltr'><strong>diebus,</strong></span> <span class='ocrx_word' id='word_1_791' title='bbox 1624 4744 1749 4798; x_wconf 89' lang='lat' dir='ltr'><strong>dicit</strong></span> <span class='ocrx_word' id='word_1_792' title='bbox 1785 4742 1961 4798; x_wconf 86' lang='lat' dir='ltr'><strong>Domi-</strong></span> 
     </span>
    </p>
   </div>
   <div class='ocr_carea' id='block_1_94' title="bbox 380 4831 1954 4906">
    <p class='ocr_par' dir='ltr' id='par_1_94' title="bbox 380 4831 1954 4906">
     <span class='ocr_line' id='line_1_94' title="bbox 380 4831 1954 4906; baseline 0.002 -20"><span class='ocrx_word' id='word_1_793' title='bbox 380 4847 474 4887; x_wconf 84' lang='lat' dir='ltr'><strong>nus</strong></span> <span class='ocrx_word' id='word_1_794' title='bbox 503 4849 520 4886; x_wconf 92' lang='lat'><strong><em>:</em></strong></span> <span class='ocrx_word' id='word_1_795' title='bbox 554 4831 833 4902; x_wconf 70' lang='lat' dir='ltr'><strong>Effundam</strong></span> <span class='ocrx_word' id='word_1_796' title='bbox 852 4836 916 4889; x_wconf 87' lang='lat' dir='ltr'><strong>de</strong></span> <span class='ocrx_word' id='word_1_797' title='bbox 942 4836 1141 4906; x_wconf 87' lang='lat' dir='ltr'><strong>Spiritu</strong></span> <span class='ocrx_word' id='word_1_798' title='bbox 1168 4852 1280 4890; x_wconf 90' lang='lat' dir='ltr'><strong>meo</strong></span> <span class='ocrx_word' id='word_1_799' title='bbox 1308 4852 1460 4905; x_wconf 87' lang='lat' dir='ltr'><strong>super</strong></span> <span class='ocrx_word' id='word_1_800' title='bbox 1487 4851 1687 4890; x_wconf 86' lang='lat' dir='ltr'><strong>omnem</strong></span> <span class='ocrx_word' id='word_1_801' title='bbox 1727 4851 1954 4899; x_wconf 85' lang='lat' dir='ltr'><strong>carnem,</strong></span> 
     </span>
    </p>
   </div>
   <div class='ocr_carea' id='block_1_95' title="bbox 378 4924 1958 4998">
    <p class='ocr_par' dir='ltr' id='par_1_95' title="bbox 378 4924 1958 4998">
     <span class='ocr_line' id='line_1_95' title="bbox 378 4924 1958 4998; baseline 0.001 -20"><span class='ocrx_word' id='word_1_802' title='bbox 378 4933 430 4978; x_wconf 90' lang='lat' dir='ltr'><strong>et</strong></span> <span class='ocrx_word' id='word_1_803' title='bbox 454 4924 827 4996; x_wconf 86' lang='lat' dir='ltr'><strong>prophetabunt</strong></span> <span class='ocrx_word' id='word_1_804' title='bbox 847 4926 947 4996; x_wconf 88' lang='lat' dir='ltr'><strong>ﬁlii</strong></span> <span class='ocrx_word' id='word_1_805' title='bbox 965 4927 1119 4982; x_wconf 87' lang='lat' dir='ltr'><strong>vestri</strong></span> <span class='ocrx_word' id='word_1_806' title='bbox 1142 4935 1192 4981; x_wconf 89' lang='lat' dir='ltr'><strong>et</strong></span> <span class='ocrx_word' id='word_1_807' title='bbox 1218 4927 1345 4998; x_wconf 74' lang='lat' dir='ltr'><strong>ﬁlia:</strong></span> <span class='ocrx_word' id='word_1_808' title='bbox 1363 4934 1563 4995; x_wconf 72' lang='lat' dir='ltr'><strong>vestrae,</strong></span> <span class='ocrx_word' id='word_1_809' title='bbox 1592 4935 1641 4980; x_wconf 87' lang='lat' dir='ltr'><strong>et</strong></span> <span class='ocrx_word' id='word_1_810' title='bbox 1678 4926 1778 4997; x_wconf 88' lang='lat' dir='ltr'><strong>ﬁlii</strong></span> <span class='ocrx_word' id='word_1_811' title='bbox 1805 4925 1958 4980; x_wconf 78' lang='lat' dir='ltr'><strong>vestri</strong></span> 
     </span>
    </p>
   </div>
   <div class='ocr_carea' id='block_1_96' title="bbox 378 5008 1954 5083">
    <p class='ocr_par' dir='ltr' id='par_1_96' title="bbox 378 5008 1954 5083">
     <span class='ocr_line' id='line_1_96' title="bbox 378 5008 1954 5083; baseline 0.001 -13"><span class='ocrx_word' id='word_1_812' title='bbox 378 5016 596 5071; x_wconf 81' lang='lat' dir='ltr'><strong>visiones</strong></span> <span class='ocrx_word' id='word_1_813' title='bbox 633 5016 892 5083; x_wconf 78' lang='lat' dir='ltr'><strong>uidebunt,</strong></span> <span class='ocrx_word' id='word_1_814' title='bbox 939 5008 988 5071; x_wconf 82' lang='lat' dir='ltr'><strong>et</strong></span> <span class='ocrx_word' id='word_1_815' title='bbox 1028 5019 1257 5073; x_wconf 83' lang='lat' dir='ltr'><strong>seniores</strong></span> <span class='ocrx_word' id='word_1_816' title='bbox 1301 5020 1455 5075; x_wconf 81' lang='lat' dir='ltr'><strong>uestri</strong></span> <span class='ocrx_word' id='word_1_817' title='bbox 1501 5019 1705 5073; x_wconf 87' lang='lat' dir='ltr'><strong>somnia</strong></span> <span class='ocrx_word' id='word_1_818' title='bbox 1726 5019 1954 5073; x_wconf 82' lang='lat' dir='ltr'><strong>somnia-</strong></span> 
     </span>
    </p>
   </div>
   <div class='ocr_carea' id='block_1_97' title="bbox 379 5105 1958 5182">
    <p class='ocr_par' dir='ltr' id='par_1_97' title="bbox 379 5105 1958 5182">
     <span class='ocr_line' id='line_1_97' title="bbox 379 5105 1958 5182; baseline 0.003 -24"><span class='ocrx_word' id='word_1_819' title='bbox 379 5105 524 5162; x_wconf 88' lang='lat' dir='ltr'><strong>bunt.</strong></span> <span class='ocrx_word' id='word_1_820' title='bbox 567 5106 635 5175; x_wconf 74' lang='lat' dir='ltr'><strong>Et</strong></span> <span class='ocrx_word' id='word_1_821' title='bbox 658 5108 862 5181; x_wconf 85' lang='lat' dir='ltr'><strong>quidem</strong></span> <span class='ocrx_word' id='word_1_822' title='bbox 884 5126 1038 5181; x_wconf 89' lang='lat' dir='ltr'><strong>super</strong></span> <span class='ocrx_word' id='word_1_823' title='bbox 1056 5127 1228 5165; x_wconf 78' lang='lat' dir='ltr'><strong>servos</strong></span> <span class='ocrx_word' id='word_1_824' title='bbox 1248 5126 1405 5178; x_wconf 89' lang='lat' dir='ltr'><strong>meos,</strong></span> <span class='ocrx_word' id='word_1_825' title='bbox 1437 5119 1488 5165; x_wconf 88' lang='lat' dir='ltr'><strong>et</strong></span> <span class='ocrx_word' id='word_1_826' title='bbox 1540 5127 1693 5182; x_wconf 85' lang='lat' dir='ltr'><strong>super</strong></span> <span class='ocrx_word' id='word_1_827' title='bbox 1738 5108 1958 5164; x_wconf 86' lang='lat' dir='ltr'><strong>ancillas</strong></span> 
     </span>
    </p>
   </div>
   <div class='ocr_carea' id='block_1_98' title="bbox 377 5199 1958 5274">
    <p class='ocr_par' dir='ltr' id='par_1_98' title="bbox 377 5199 1958 5274">
     <span class='ocr_line' id='line_1_98' title="bbox 377 5199 1958 5274; baseline 0.003 -22"><span class='ocrx_word' id='word_1_828' title='bbox 377 5214 541 5268; x_wconf 89' lang='lat' dir='ltr'><strong>meas,</strong></span> <span class='ocrx_word' id='word_1_829' title='bbox 565 5199 619 5253; x_wconf 89' lang='lat' dir='ltr'><strong>in</strong></span> <span class='ocrx_word' id='word_1_830' title='bbox 648 5199 827 5255; x_wconf 83' lang='lat' dir='ltr'><strong>diebus</strong></span> <span class='ocrx_word' id='word_1_831' title='bbox 851 5200 955 5255; x_wconf 83' lang='lat' dir='ltr'><strong>illis</strong></span> <span class='ocrx_word' id='word_1_832' title='bbox 982 5201 1248 5270; x_wconf 72' lang='lat' dir='ltr'><strong>effundam</strong></span> <span class='ocrx_word' id='word_1_833' title='bbox 1273 5202 1338 5257; x_wconf 86' lang='lat' dir='ltr'><strong>de</strong></span> <span class='ocrx_word' id='word_1_834' title='bbox 1365 5201 1566 5274; x_wconf 86' lang='lat' dir='ltr'><strong>Spiritu</strong></span> <span class='ocrx_word' id='word_1_835' title='bbox 1593 5217 1725 5267; x_wconf 88' lang='lat' dir='ltr'><strong>meo,</strong></span> <span class='ocrx_word' id='word_1_836' title='bbox 1749 5210 1800 5256; x_wconf 89' lang='lat' dir='ltr'><strong>et</strong></span> <span class='ocrx_word' id='word_1_837' title='bbox 1832 5218 1958 5272; x_wconf 89' lang='lat' dir='ltr'><strong>pro-</strong></span> 
     </span>
    </p>
   </div>
   <div class='ocr_carea' id='block_1_99' title="bbox 345 5360 1952 5460">
    <p class='ocr_par' dir='ltr' id='par_1_99' title="bbox 345 5360 1952 5460">
     <span class='ocr_line' id='line_1_99' title="bbox 345 5360 1952 5460; baseline 0.004 -30"><span class='ocrx_word' id='word_1_838' title='bbox 345 5451 354 5457; x_wconf 75' lang='lat'><strong>_</strong></span> <span class='ocrx_word' id='word_1_839' title='bbox 382 5360 389 5366; x_wconf 60' lang='grc'><em>’</em></span> <span class='ocrx_word' id='word_1_840' title='bbox 451 5376 768 5460; x_wconf 42' lang='lat' dir='ltr'><strong>{Bolland.,</strong></span> <span class='ocrx_word' id='word_1_841' title='bbox 822 5380 1076 5435; x_wconf 84' lang='lat' dir='ltr'><strong>audirem.</strong></span> <span class='ocrx_word' id='word_1_842' title='bbox 1124 5380 1271 5449; x_wconf 76' lang='lat' dir='ltr'><strong>Mox,</strong></span> <span class='ocrx_word' id='word_1_843' title='bbox 1312 5389 1371 5435; x_wconf 89' lang='lat' dir='ltr'><strong>ut</strong></span> <span class='ocrx_word' id='word_1_844' title='bbox 1407 5381 1583 5437; x_wconf 84' lang='lat' dir='ltr'><strong>darem</strong></span> <span class='ocrx_word' id='word_1_845' title='bbox 1609 5399 1689 5437; x_wconf 82' lang='lat' dir='ltr'><strong>me</strong></span> <span class='ocrx_word' id='word_1_846' title='bbox 1727 5390 1778 5437; x_wconf 86' lang='lat' dir='ltr'><strong>et</strong></span> <span class='ocrx_word' id='word_1_847' title='bbox 1804 5384 1952 5454; x_wconf 84' lang='lat' dir='ltr'><strong>inge-</strong></span> 
     </span>
    </p>
   </div>
   <div class='ocr_carea' id='block_1_100' title="bbox 378 5463 1948 5583">
    <p class='ocr_par' dir='ltr' id='par_1_100' title="bbox 378 5463 1948 5583">
     <span class='ocr_line' id='line_1_100' title="bbox 378 5463 1948 5583; baseline 0.003 -10"><span class='ocrx_word' id='word_1_848' title='bbox 378 5463 786 5583; x_wconf 50' lang='lat' dir='ltr'><strong>“manu.</strong></span> <span class='ocrx_word' id='word_1_849' title='bbox 828 5522 960 5576; x_wconf 87' lang='lat' dir='ltr'><strong>sicut</strong></span> <span class='ocrx_word' id='word_1_850' title='bbox 997 5522 1252 5578; x_wconf 88' lang='lat' dir='ltr'><strong>credimur</strong></span> <span class='ocrx_word' id='word_1_851' title='bbox 1270 5522 1335 5577; x_wconf 89' lang='lat' dir='ltr'><strong>ab</strong></span> <span class='ocrx_word' id='word_1_852' title='bbox 1356 5524 1498 5578; x_wconf 88' lang='lat' dir='ltr'><strong>omni</strong></span> <span class='ocrx_word' id='word_1_853' title='bbox 1519 5523 1708 5579; x_wconf 86' lang='lat' dir='ltr'><strong>mundo</strong></span> <span class='ocrx_word' id='word_1_854' title='bbox 1730 5526 1948 5579; x_wconf 77' lang='lat' dir='ltr'><strong>uenturi.</strong></span> 
     </span>
    </p>
   </div>
   <div class='ocr_carea' id='block_1_101' title="bbox 454 5588 1491 5665">
    <p class='ocr_par' dir='ltr' id='par_1_101' title="bbox 454 5588 1491 5665">
     <span class='ocr_line' id='line_1_101' title="bbox 454 5588 1491 5665; baseline -0.017 0"><span class='ocrx_word' id='word_1_855' title='bbox 454 5599 479 5665; x_wconf 69' lang='grc' dir='ltr'>ῗ</span> <span class='ocrx_word' id='word_1_856' title='bbox 516 5588 684 5665; x_wconf 63' lang='lat'><strong>9°92“</strong></span> <span class='ocrx_word' id='word_1_857' title='bbox 702 5606 811 5665; x_wconf 62' lang='grc' dir='ltr'><strong>Ἴθι</strong></span> <span class='ocrx_word' id='word_1_858' title='bbox 840 5594 1062 5665; x_wconf 60' lang='lat' dir='ltr'><strong>genitivo</strong></span> <span class='ocrx_word' id='word_1_859' title='bbox 1082 5594 1223 5665; x_wconf 91' lang='lat' dir='ltr'><strong>apud</strong></span> <span class='ocrx_word' id='word_1_860' title='bbox 1246 5592 1491 5650; x_wconf 88' lang='lat' dir='ltr'><strong>Bolland.</strong></span> 
     </span>
    </p>
   </div>
   <div class='ocr_carea' id='block_1_102' title="bbox 449 5655 1142 5729">
    <p class='ocr_par' dir='ltr' id='par_1_102' title="bbox 449 5655 1142 5729">
     <span class='ocr_line' id='line_1_102' title="bbox 449 5655 1142 5729; baseline 0.01 -17"><span class='ocrx_word' id='word_1_861' title='bbox 449 5655 475 5695; x_wconf 71' lang='grc' dir='ltr'>ἀ</span> <span class='ocrx_word' id='word_1_862' title='bbox 514 5658 784 5729; x_wconf 45' lang='lat' dir='ltr'><strong>pellam”</strong></span> <span class='ocrx_word' id='word_1_863' title='bbox 817 5655 902 5729; x_wconf 65' lang='lat' dir='ltr'><strong>qui</strong></span> <span class='ocrx_word' id='word_1_864' title='bbox 927 5655 1142 5719; x_wconf 57' lang='lat' dir='ltr'><strong>monuit&#39;.</strong></span> 
     </span>
    </p>
   </div>
   <div class='ocr_carea' id='block_1_103' title="bbox 451 5678 1634 5803">
    <p class='ocr_par' dir='ltr' id='par_1_103' title="bbox 451 5678 1634 5803">
     <span class='ocr_line' id='line_1_103' title="bbox 451 5678 1142 5729; baseline 0.009 -17"><span class='ocrx_word' id='word_1_865' title='bbox 451 5678 475 5695; x_wconf 82' lang='grc' dir='ltr'>ιι</span> <span class='ocrx_word' id='word_1_866' title='bbox 515 5678 784 5729; x_wconf 80' lang='lat' dir='ltr'><strong>nonano.,</strong></span> <span class='ocrx_word' id='word_1_867' title='bbox 884 5680 902 5716; x_wconf 83' lang='grc' dir='ltr'><strong><em>ι</em></strong></span> <span class='ocrx_word' id='word_1_868' title='bbox 927 5678 1142 5719; x_wconf 75' lang='lat' dir='ltr'><strong>monuit.</strong></span> 
     </span>
     <span class='ocr_line' id='line_1_104' title="bbox 451 5678 1634 5803; baseline 0.004 -21"><span class='ocrx_word' id='word_1_869' title='bbox 451 5738 475 5803; x_wconf 64' lang='grc' dir='ltr'>ς</span> <span class='ocrx_word' id='word_1_870' title='bbox 514 5727 784 5803; x_wconf 43' lang='lat' dir='ltr'><strong>Deliam”</strong></span> <span class='ocrx_word' id='word_1_871' title='bbox 817 5678 946 5797; x_wconf 55' lang='lat' dir='ltr'><strong>gum</strong></span> <span class='ocrx_word' id='word_1_872' title='bbox 970 5733 1041 5788; x_wconf 86' lang='lat' dir='ltr'><strong>ibi</strong></span> <span class='ocrx_word' id='word_1_873' title='bbox 1067 5733 1313 5803; x_wconf 87' lang='lat' dir='ltr'><strong>(Christo)</strong></span> <span class='ocrx_word' id='word_1_874' title='bbox 1335 5743 1472 5791; x_wconf 80' lang='lat' dir='ltr'><strong>naue</strong></span> <span class='ocrx_word' id='word_1_875' title='bbox 1495 5743 1634 5789; x_wconf 86' lang='lat' dir='ltr'><strong>sunt.</strong></span> 
     </span>
    </p>
   </div>
   <div class='ocr_carea' id='block_1_104' title="bbox 456 5797 1955 5875">
    <p class='ocr_par' dir='ltr' id='par_1_104' title="bbox 456 5797 1955 5875">
     <span class='ocr_line' id='line_1_105' title="bbox 456 5797 1955 5875; baseline 0.003 -23"><span class='ocrx_word' id='word_1_876' title='bbox 456 5798 475 5835; x_wconf 68' lang='grc' dir='ltr'><em>τ</em></span> <span class='ocrx_word' id='word_1_877' title='bbox 517 5797 608 5854; x_wconf 90' lang='lat' dir='ltr'><strong>Sic</strong></span> <span class='ocrx_word' id='word_1_878' title='bbox 630 5801 875 5875; x_wconf 14' lang='lat' dir='ltr'><strong>legimus,</strong></span> <span class='ocrx_word' id='word_1_879' title='bbox 898 5817 1025 5875; x_wconf 84' lang='lat' dir='ltr'><strong>cum</strong></span> <span class='ocrx_word' id='word_1_880' title='bbox 1058 5797 1326 5870; x_wconf 55' lang='lat' dir='ltr'><strong>Bollandi;</strong></span> <span class='ocrx_word' id='word_1_881' title='bbox 1364 5819 1490 5858; x_wconf 92' lang='lat' dir='ltr'><strong>nam</strong></span> <span class='ocrx_word' id='word_1_882' title='bbox 1523 5810 1776 5875; x_wconf 88' lang='lat' dir='ltr'><strong>corrupte</strong></span> <span class='ocrx_word' id='word_1_883' title='bbox 1814 5797 1955 5872; x_wconf 90' lang='lat' dir='ltr'><strong>apud</strong></span> 
     </span>
    </p>
   </div>
   <div class='ocr_carea' id='block_1_105' title="bbox 380 5867 1598 5937">
    <p class='ocr_par' dir='ltr' id='par_1_105' title="bbox 380 5867 1598 5937">
     <span class='ocr_line' id='line_1_106' title="bbox 380 5867 1598 5937; baseline 0.002 -13"><span class='ocrx_word' id='word_1_884' title='bbox 380 5867 673 5936; x_wconf 62' lang='lat' dir='ltr'><strong>War-mum,</strong></span> <span class='ocrx_word' id='word_1_885' title='bbox 692 5867 906 5926; x_wconf 68' lang='lat' dir='ltr'><strong>ancillis</strong></span> <span class='ocrx_word' id='word_1_886' title='bbox 930 5873 1076 5937; x_wconf 78' lang='lat' dir='ltr'><strong>meis,</strong></span> <span class='ocrx_word' id='word_1_887' title='bbox 1102 5890 1223 5929; x_wconf 89' lang='lat' dir='ltr'><strong>nam</strong></span> <span class='ocrx_word' id='word_1_888' title='bbox 1249 5867 1354 5929; x_wconf 74' lang='lat' dir='ltr'><strong>siue</strong></span> <span class='ocrx_word' id='word_1_889' title='bbox 1381 5881 1598 5927; x_wconf 88' lang='lat' dir='ltr'><strong>tantum.</strong></span> 
     </span>
    </p>
   </div>
   <div class='ocr_carea' id='block_1_106' title="bbox 667 5964 1145 6026">
    <p class='ocr_par' dir='ltr' id='par_1_106' title="bbox 667 5964 1145 6026">
     <span class='ocr_line' id='line_1_107' title="bbox 667 5964 1145 6026; baseline 0.002 -2"><span class='ocrx_word' id='word_1_890' title='bbox 667 5964 938 6026; x_wconf 69' lang='lat' dir='ltr'><strong>Pnaon.</strong></span> <span class='ocrx_word' id='word_1_891' title='bbox 986 5964 1145 6026; x_wconf 88' lang='lat' dir='ltr'><strong>LIII.</strong></span> 
     </span>
    </p>
   </div>
   <div class='ocr_carea' id='block_1_107' title="bbox 352 6028 411 6043">
    <p class='ocr_par' dir='ltr' id='par_1_107' title="bbox 352 6028 411 6043">
     <span class='ocr_line' id='line_1_108' title="bbox 352 6028 411 6043; baseline 0 -6"><span class='ocrx_word' id='word_1_892' title='bbox 352 6028 379 6043; x_wconf 74' lang='grc'><em>,</em></span> <span class='ocrx_word' id='word_1_893' title='bbox 406 6032 411 6037; x_wconf 93' lang='grc'>,</span> 
     </span>
    </p>
   </div>
   <div class='ocr_carea' id='block_1_108' title="bbox 2064 4735 3642 4808">
    <p class='ocr_par' dir='ltr' id='par_1_108' title="bbox 2064 4735 3642 4808">
     <span class='ocr_line' id='line_1_109' title="bbox 2064 4735 3642 4808; baseline 0.006 -17"><span class='ocrx_word' id='word_1_894' title='bbox 2064 4736 2362 4791; x_wconf 90' lang='lat' dir='ltr'><strong>credentes.</strong></span> <span class='ocrx_word' id='word_1_895' title='bbox 2392 4735 2500 4791; x_wconf 88' lang='lat' dir='ltr'><strong>Sed</strong></span> <span class='ocrx_word' id='word_1_896' title='bbox 2546 4736 2805 4793; x_wconf 80' lang='lat' dir='ltr'><strong>conﬁteor</strong></span> <span class='ocrx_word' id='word_1_897' title='bbox 2833 4738 3060 4794; x_wconf 90' lang='lat' dir='ltr'><strong>Domino</strong></span> <span class='ocrx_word' id='word_1_898' title='bbox 3100 4755 3241 4808; x_wconf 89' lang='lat' dir='ltr'><strong>meo,</strong></span> <span class='ocrx_word' id='word_1_899' title='bbox 3273 4751 3329 4798; x_wconf 92' lang='lat' dir='ltr'><strong>et</strong></span> <span class='ocrx_word' id='word_1_900' title='bbox 3370 4759 3479 4799; x_wconf 90' lang='lat' dir='ltr'><strong>non</strong></span> <span class='ocrx_word' id='word_1_901' title='bbox 3519 4760 3642 4801; x_wconf 86' lang='lat' dir='ltr'><strong>eru-</strong></span> 
     </span>
    </p>
   </div>
   <div class='ocr_carea' id='block_1_109' title="bbox 2062 4829 3643 4905">
    <p class='ocr_par' dir='ltr' id='par_1_109' title="bbox 2062 4829 3643 4905">
     <span class='ocr_line' id='line_1_110' title="bbox 2062 4829 3643 4905; baseline 0.003 -20"><span class='ocrx_word' id='word_1_902' title='bbox 2062 4829 2224 4885; x_wconf 89' lang='lat' dir='ltr'><strong>besco</strong></span> <span class='ocrx_word' id='word_1_903' title='bbox 2254 4830 2307 4883; x_wconf 91' lang='lat' dir='ltr'><strong>in</strong></span> <span class='ocrx_word' id='word_1_904' title='bbox 2336 4836 2631 4899; x_wconf 90' lang='lat' dir='ltr'><strong>conspectu</strong></span> <span class='ocrx_word' id='word_1_905' title='bbox 2649 4830 2834 4900; x_wconf 90' lang='lat' dir='ltr'><strong>ipsius,</strong></span> <span class='ocrx_word' id='word_1_906' title='bbox 2858 4831 2983 4901; x_wconf 88' lang='lat' dir='ltr'><strong>quia</strong></span> <span class='ocrx_word' id='word_1_907' title='bbox 3010 4846 3117 4887; x_wconf 89' lang='lat' dir='ltr'><strong>non</strong></span> <span class='ocrx_word' id='word_1_908' title='bbox 3140 4834 3404 4890; x_wconf 87' lang='lat' dir='ltr'><strong>mentior:</strong></span> <span class='ocrx_word' id='word_1_909' title='bbox 3438 4850 3507 4890; x_wconf 83' lang='lat' dir='ltr'><strong>ex</strong></span> <span class='ocrx_word' id='word_1_910' title='bbox 3533 4852 3643 4905; x_wconf 89' lang='lat' dir='ltr'><strong>quo</strong></span> 
     </span>
    </p>
   </div>
   <div class='ocr_carea' id='block_1_110' title="bbox 2064 4921 3653 5005">
    <p class='ocr_par' dir='ltr' id='par_1_110' title="bbox 2064 4921 3653 5005">
     <span class='ocr_line' id='line_1_111' title="bbox 2064 4921 3653 5005; baseline 0.001 -26"><span class='ocrx_word' id='word_1_911' title='bbox 2064 4923 2293 4993; x_wconf 87' lang='lat' dir='ltr'><strong>cognovi</strong></span> <span class='ocrx_word' id='word_1_912' title='bbox 2321 4938 2446 4978; x_wconf 90' lang='lat' dir='ltr'><strong>eum</strong></span> <span class='ocrx_word' id='word_1_913' title='bbox 2475 4937 2507 4977; x_wconf 87' lang='lat' dir='ltr'><strong>a</strong></span> <span class='ocrx_word' id='word_1_914' title='bbox 2524 4921 2806 4992; x_wconf 78' lang='lat' dir='ltr'><strong>iuventute</strong></span> <span class='ocrx_word' id='word_1_915' title='bbox 2832 4940 2955 4982; x_wconf 91' lang='lat' dir='ltr'><strong>mea</strong></span> <span class='ocrx_word' id='word_1_916' title='bbox 2981 4925 3150 4982; x_wconf 90' lang='lat' dir='ltr'><strong>crevit</strong></span> <span class='ocrx_word' id='word_1_917' title='bbox 3167 4925 3223 4980; x_wconf 92' lang='lat' dir='ltr'><strong>in</strong></span> <span class='ocrx_word' id='word_1_918' title='bbox 3251 4940 3338 4980; x_wconf 91' lang='lat' dir='ltr'><strong>me</strong></span> <span class='ocrx_word' id='word_1_919' title='bbox 3365 4940 3517 4980; x_wconf 87' lang='lat' dir='ltr'><strong>amor</strong></span> <span class='ocrx_word' id='word_1_920' title='bbox 3545 4926 3653 5005; x_wconf 28' lang='lat' dir='ltr'><strong>Dei.</strong></span> 
     </span>
    </p>
   </div>
   <div class='ocr_carea' id='block_1_111' title="bbox 2063 5015 3641 5088">
    <p class='ocr_par' dir='ltr' id='par_1_111' title="bbox 2063 5015 3641 5088">
     <span class='ocr_line' id='line_1_112' title="bbox 2063 5015 3641 5088; baseline 0.001 -15"><span class='ocrx_word' id='word_1_921' title='bbox 2063 5025 2119 5074; x_wconf 90' lang='lat' dir='ltr'><strong>et</strong></span> <span class='ocrx_word' id='word_1_922' title='bbox 2147 5018 2307 5073; x_wconf 89' lang='lat' dir='ltr'><strong>timor</strong></span> <span class='ocrx_word' id='word_1_923' title='bbox 2335 5017 2522 5088; x_wconf 86' lang='lat' dir='ltr'><strong>ipsius,</strong></span> <span class='ocrx_word' id='word_1_924' title='bbox 2550 5023 2606 5072; x_wconf 90' lang='lat' dir='ltr'><strong>et</strong></span> <span class='ocrx_word' id='word_1_925' title='bbox 2629 5031 2799 5087; x_wconf 84' lang='lat' dir='ltr'><strong>usque</strong></span> <span class='ocrx_word' id='word_1_926' title='bbox 2828 5032 2969 5073; x_wconf 88' lang='lat' dir='ltr'><strong>nunc</strong></span> <span class='ocrx_word' id='word_1_927' title='bbox 2993 5017 3207 5073; x_wconf 86' lang='lat' dir='ltr'><strong>favente</strong></span> <span class='ocrx_word' id='word_1_928' title='bbox 3232 5016 3460 5072; x_wconf 85' lang='lat' dir='ltr'><strong>Domino</strong></span> <span class='ocrx_word' id='word_1_929' title='bbox 3482 5015 3641 5074; x_wconf 76' lang='lat' dir='ltr'><strong>ﬁdem</strong></span> 
     </span>
    </p>
   </div>
   <div class='ocr_carea' id='block_1_112' title="bbox 2063 5109 2290 5166">
    <p class='ocr_par' dir='ltr' id='par_1_112' title="bbox 2063 5109 2290 5166">
     <span class='ocr_line' id='line_1_113' title="bbox 2063 5109 2290 5166; baseline 0 -1"><span class='ocrx_word' id='word_1_930' title='bbox 2063 5109 2290 5166; x_wconf 86' lang='lat' dir='ltr'><strong>servavi.</strong></span> 
     </span>
    </p>
   </div>
   <div class='ocr_carea' id='block_1_113' title="bbox 2073 5195 3641 5273">
    <p class='ocr_par' dir='ltr' id='par_1_113' title="bbox 2073 5195 3641 5273">
     <span class='ocr_line' id='line_1_114' title="bbox 2073 5195 3641 5273; baseline 0.004 -20"><span class='ocrx_word' id='word_1_931' title='bbox 2073 5230 2081 5237; x_wconf 93' lang='lat'><strong><em>-</em></strong></span> <span class='ocrx_word' id='word_1_932' title='bbox 2135 5197 2255 5254; x_wconf 75' lang='lat' dir='ltr'><strong>XX.</strong></span> <span class='ocrx_word' id='word_1_933' title='bbox 2295 5198 2491 5257; x_wconf 79' lang='lat' dir='ltr'><strong>Rideat</strong></span> <span class='ocrx_word' id='word_1_934' title='bbox 2512 5207 2693 5257; x_wconf 87' lang='lat' dir='ltr'><strong>autem</strong></span> <span class='ocrx_word' id='word_1_935' title='bbox 2739 5206 2797 5254; x_wconf 90' lang='lat' dir='ltr'><strong>et</strong></span> <span class='ocrx_word' id='word_1_936' title='bbox 2836 5197 3056 5254; x_wconf 89' lang='lat' dir='ltr'><strong>insultet</strong></span> <span class='ocrx_word' id='word_1_937' title='bbox 3080 5195 3174 5266; x_wconf 90' lang='lat' dir='ltr'><strong>qui</strong></span> <span class='ocrx_word' id='word_1_938' title='bbox 3195 5196 3430 5253; x_wconf 85' lang='lat' dir='ltr'><strong>voluerit</strong></span> <span class='ocrx_word' id='word_1_939' title='bbox 3475 5215 3492 5255; x_wconf 87' lang='lat'><strong>:</strong></span> <span class='ocrx_word' id='word_1_940' title='bbox 3538 5213 3641 5273; x_wconf 83' lang='lat' dir='ltr'><strong>ego</strong></span> 
     </span>
    </p>
   </div>
   <div class='ocr_carea' id='block_1_114' title="bbox 2130 5376 3639 5453">
    <p class='ocr_par' dir='ltr' id='par_1_114' title="bbox 2130 5376 3639 5453">
     <span class='ocr_line' id='line_1_115' title="bbox 2130 5376 3639 5453; baseline 0.003 -17"><span class='ocrx_word' id='word_1_941' title='bbox 2130 5389 2156 5428; x_wconf 75' lang='grc' dir='ltr'>ι</span> <span class='ocrx_word' id='word_1_942' title='bbox 2194 5381 2466 5453; x_wconf 84' lang='lat' dir='ltr'><strong>Bolland.,</strong></span> <span class='ocrx_word' id='word_1_943' title='bbox 2495 5381 2749 5436; x_wconf 86' lang='lat' dir='ltr'><strong>dimittere</strong></span> <span class='ocrx_word' id='word_1_944' title='bbox 2767 5376 2907 5445; x_wconf 87' lang='lat' dir='ltr'><strong>illas,</strong></span> <span class='ocrx_word' id='word_1_945' title='bbox 2936 5385 2986 5432; x_wconf 90' lang='lat' dir='ltr'><strong>et</strong></span> <span class='ocrx_word' id='word_1_946' title='bbox 3005 5394 3216 5451; x_wconf 88' lang='lat' dir='ltr'><strong>pergere</strong></span> <span class='ocrx_word' id='word_1_947' title='bbox 3238 5383 3292 5436; x_wconf 91' lang='lat' dir='ltr'><strong>in</strong></span> <span class='ocrx_word' id='word_1_948' title='bbox 3312 5379 3639 5453; x_wconf 75' lang='lat' dir='ltr'><strong>Britannias,</strong></span> 
     </span>
    </p>
   </div>
   <div class='ocr_carea' id='block_1_115' title="bbox 2066 5452 2546 5507">
    <p class='ocr_par' dir='ltr' id='par_1_115' title="bbox 2066 5452 2546 5507">
     <span class='ocr_line' id='line_1_116' title="bbox 2066 5452 2546 5507; baseline 0.004 -3"><span class='ocrx_word' id='word_1_949' title='bbox 2066 5453 2163 5505; x_wconf 88' lang='lat' dir='ltr'><strong>etsi</strong></span> <span class='ocrx_word' id='word_1_950' title='bbox 2191 5452 2546 5507; x_wconf 86' lang='lat' dir='ltr'><strong>libentissime.</strong></span> 
     </span>
    </p>
   </div>
   <div class='ocr_carea' id='block_1_116' title="bbox 2066 5519 3640 5645">
    <p class='ocr_par' dir='ltr' id='par_1_116' title="bbox 2066 5519 3640 5645">
     <span class='ocr_line' id='line_1_117' title="bbox 2066 5519 3640 5645; baseline 0.003 -69"><span class='ocrx_word' id='word_1_951' title='bbox 2066 5519 2165 5645; x_wconf 60' lang='grc' dir='ltr'><strong>Ἠξ·</strong></span> <span class='ocrx_word' id='word_1_952' title='bbox 2202 5521 2468 5589; x_wconf 89' lang='lat' dir='ltr'><strong>Bolland.,</strong></span> <span class='ocrx_word' id='word_1_953' title='bbox 2490 5520 2617 5575; x_wconf 90' lang='lat' dir='ltr'><strong>mihi</strong></span> <span class='ocrx_word' id='word_1_954' title='bbox 2634 5519 2907 5589; x_wconf 83' lang='lat' dir='ltr'><strong>imperavit</strong></span> <span class='ocrx_word' id='word_1_955' title='bbox 2923 5528 2980 5573; x_wconf 88' lang='lat' dir='ltr'><strong>ut</strong></span> <span class='ocrx_word' id='word_1_956' title='bbox 3006 5523 3228 5578; x_wconf 82' lang='lat' dir='ltr'><strong>venirem</strong></span> <span class='ocrx_word' id='word_1_957' title='bbox 3252 5540 3509 5596; x_wconf 82' lang='lat' dir='ltr'><strong>essemque</strong></span> <span class='ocrx_word' id='word_1_958' title='bbox 3521 5540 3640 5581; x_wconf 78' lang='lat' dir='ltr'><strong>cum</strong></span> 
     </span>
     <span class='ocr_line' id='line_1_118' title="bbox 2066 5608 2185 5645; baseline 0.017 -2"><span class='ocrx_word' id='word_1_959' title='bbox 2066 5608 2079 5643; x_wconf 89' lang='grc' dir='ltr'>ι</span> <span class='ocrx_word' id='word_1_960' title='bbox 2120 5609 2185 5645; x_wconf 74' lang='lat' dir='ltr'><strong>is.</strong></span> 
     </span>
    </p>
   </div>
   <div class='ocr_carea' id='block_1_117' title="bbox 2060 5608 2185 5647">
    <p class='ocr_par' dir='ltr' id='par_1_117' title="bbox 2060 5608 2185 5647">
     <span class='ocr_line' id='line_1_119' title="bbox 2060 5608 2185 5647; baseline 0.016 -4"><span class='ocrx_word' id='word_1_961' title='bbox 2060 5608 2185 5647; x_wconf 72' lang='grc' dir='ltr'><strong><em>ιιιιδ.</em></strong></span> 
     </span>
    </p>
   </div>
   <div class='ocr_carea' id='block_1_118' title="bbox 2140 5659 2743 5732">
    <p class='ocr_par' dir='ltr' id='par_1_118' title="bbox 2140 5659 2743 5732">
     <span class='ocr_line' id='line_1_120' title="bbox 2140 5659 2743 5732; baseline -0.008 -14"><span class='ocrx_word' id='word_1_962' title='bbox 2140 5662 2156 5699; x_wconf 74' lang='grc' dir='ltr'><strong>ί</strong></span> <span class='ocrx_word' id='word_1_963' title='bbox 2199 5660 2469 5732; x_wconf 87' lang='lat' dir='ltr'><strong>Bolland.,</strong></span> <span class='ocrx_word' id='word_1_964' title='bbox 2500 5659 2743 5732; x_wconf 77' lang='lat' dir='ltr'><strong>Sperare.</strong></span> 
     </span>
    </p>
   </div>
   <div class='ocr_carea' id='block_1_119' title="bbox 2199 5731 3637 5808">
    <p class='ocr_par' dir='ltr' id='par_1_119' title="bbox 2199 5731 3637 5808">
     <span class='ocr_line' id='line_1_121' title="bbox 2199 5731 3637 5808; baseline 0.004 -23"><span class='ocrx_word' id='word_1_965' title='bbox 2199 5731 2469 5808; x_wconf 68' lang='lat' dir='ltr'><strong>Bolland.,</strong></span> <span class='ocrx_word' id='word_1_966' title='bbox 2521 5731 2758 5784; x_wconf 82' lang='lat' dir='ltr'><strong>castitate</strong></span> <span class='ocrx_word' id='word_1_967' title='bbox 2804 5733 3070 5807; x_wconf 88' lang='lat' dir='ltr'><strong>religionis</strong></span> <span class='ocrx_word' id='word_1_968' title='bbox 3114 5751 3216 5788; x_wconf 87' lang='lat' dir='ltr'><strong>non</strong></span> <span class='ocrx_word' id='word_1_969' title='bbox 3253 5733 3392 5804; x_wconf 69' lang='lat' dir='ltr'><strong>[ictis</strong></span> <span class='ocrx_word' id='word_1_970' title='bbox 3444 5733 3637 5808; x_wconf 79' lang='lat' dir='ltr'><strong>(quam</strong></span> 
     </span>
    </p>
   </div>
   <div class='ocr_carea' id='block_1_120' title="bbox 2060 5799 3033 5872">
    <p class='ocr_par' dir='ltr' id='par_1_120' title="bbox 2060 5799 3033 5872">
     <span class='ocr_line' id='line_1_122' title="bbox 2060 5799 3033 5872; baseline 0 -17"><span class='ocrx_word' id='word_1_971' title='bbox 2060 5799 2500 5872; x_wconf 69' lang='lat' dir='ltr'><strong>servabo)_usque,</strong></span> <span class='ocrx_word' id='word_1_972' title='bbox 2531 5809 2636 5858; x_wconf 90' lang='lat' dir='ltr'><strong>etc.</strong></span> <span class='ocrx_word' id='word_1_973' title='bbox 2903 5799 2924 5805; x_wconf 71' lang='grc'>⁷</span> <span class='ocrx_word' id='word_1_974' title='bbox 2984 5806 2989 5807; x_wconf 61' lang='lat'><em>&#39;</em></span> <span class='ocrx_word' id='word_1_975' title='bbox 3031 5870 3033 5872; x_wconf 22' lang='grc' dir='ltr'><strong>η</strong></span> 
     </span>
    </p>
   </div>
   <div class='ocr_carea' id='block_1_121' title="bbox 2134 5868 3258 5948">
    <p class='ocr_par' dir='ltr' id='par_1_121' title="bbox 2134 5868 3258 5948">
     <span class='ocr_line' id='line_1_123' title="bbox 2134 5868 3258 5948; baseline 0.005 -25"><span class='ocrx_word' id='word_1_976' title='bbox 2134 5870 2162 5909; x_wconf 80' lang='grc' dir='ltr'><strong>ιι</strong></span> <span class='ocrx_word' id='word_1_977' title='bbox 2200 5868 2471 5937; x_wconf 79' lang='lat' dir='ltr'><strong>Belland.,</strong></span> <span class='ocrx_word' id='word_1_978' title='bbox 2499 5872 2556 5926; x_wconf 88' lang='lat' dir='ltr'><strong>in</strong></span> <span class='ocrx_word' id='word_1_979' title='bbox 2576 5872 2880 5944; x_wconf 76' lang='lat' dir='ltr'><strong>infelicitate</strong></span> <span class='ocrx_word' id='word_1_980' title='bbox 2903 5870 3258 5948; x_wconf 78' lang='lat' dir='ltr'><strong>perfruendas.</strong></span> 
     </span>
    </p>
   </div>
   <div class='ocr_carea' id='block_1_122' title="bbox 3298 5965 3379 6028">
    <p class='ocr_par' dir='ltr' id='par_1_122' title="bbox 3298 5965 3379 6028">
     <span class='ocr_line' id='line_1_124' title="bbox 3298 5965 3379 6028; baseline 0 -2"><span class='ocrx_word' id='word_1_981' title='bbox 3298 5965 3379 6028; x_wconf 66' lang='lat'><strong>26</strong></span> 
     </span>
    </p>
   </div>
  </div>
