4238 6260
593 310 689 373 811
1527 315 1582 369 S.
1633 314 1992 371 PATRICIUS
2030 314 2483 374 HIBERNORUM
2524 315 2939 374 APOSTOLUS.

3756 310 3878 377 8|!

591 450 696 490 non
728 431 917 496 silebo,
951 444 1121 500 neque
1150 429 1477 487 abscondam
1505 431 1656 500 signa
1678 439 1732 485 et
1760 430 2025 486 mirabilia
2053 445 2175 503 qua:
2203 436 2256 499 Α
2278 429 2581 498 rennitatis,
2613 436 2672 485 ut
2699 444 2786 484 me
2831 429 2887 483 in
2935 427 3181 484 omnibus
3226 436 3385 484 caute
3412 437 3700 500 prepterea
3728 447 3877 487 con-

591 525 721 580 mihi
750 538 780 577 a
811 521 1038 597 Domino
1070 530 1093 555 “
1122 508 1579 579 ministrata'sunt
1606 530 1732 576 ante
1760 522 1959 576 multos
2002 537 2175 577 annos

590 629 748 685 quam
775 611 984 676 flerent,
1006 612 1158 679 quasi
1176 612 1268 681 qui
1297 613 1448 668 novit
1475 614 1676 678 omnia,
1706 613 1869 668 etiam
1889 622 2014 668 ante
2033 620 2173 669 tem-

589 720 720 777 pora
749 702 1043 758 saecularia.
1078 700 1233 758 Unde
1279 711 1458 758 autem
1506 703 1798 760 debueram
1844 704 1961 759 sine
1997 719 2175 761 cessa-

482 831 487 841 -
591 796 735 851 tione
763 794 875 850 Deo
903 793 1100 869 gratias
1128 808 1306 862 agere,
1331 796 1421 864 qui
1448 810 1591 866 saepe
1618 794 1837 851 indulsit
1856 795 2174 871 insipientia:

589 900 808 942 mae...
842 883 911 939 Et
933 884 1001 939 de
1029 884 1150 939 loco
1180 901 1287 943 non
1314 885 1367 940 in
1397 901 1740 957 unoquoque,
1785 894 1843 941 ut
1885 903 1993 941 non
2041 886 2176 943 mihi

590 978 934 1033 vehementer
963 978 1304 1043 irasceretur,
1334 979 1425 1051 qui
1448 977 1660 1047 adjutor
1677 978 1834 1032 datus
1852 994 1971 1033 sum
1992 986 2046 1032 et
2064 994 2173 1035 non

587 1070 695 1124 cito
724 1068 986 1138 acquievi,
1011 1068 1304 1124 secundum
1332 1069 1476 1140 quod
1507 1069 1638 1123 mihi
1668 1078 1944 1124 ostensum
1977 1069 2173 1137 fuerat,

592 1158 619 1198 δ
649 1166 704 1215 et
730 1159 870 1214 sicut
896 1158 1127 1231 Spiritus
1173 1160 1512 1230 suggerebat.
1546 1159 1614 1214 Et
1643 1162 1893 1217 misertus
1931 1167 2015 1215 est
2042 1161 2173 1215 mihi

588 1254 846 1315 Dominus
891 1254 946 1313 in
974 1254 1139 1313 millia
1186 1254 1430 1320 millium,
1461 1254 1584 1329 quia
1615 1253 1747 1311 vidit
1795 1255 1847 1308 in
1895 1269 1983 1308 me
2029 1252 2175 1324 quod

586 1353 804 1416 paratus
831 1360 1000 1413 eram,
1031 1345 1126 1401 sed
1145 1345 1291 1414 quod
1325 1356 1346 1383 ο
1374 1346 1502 1399 mihi
1532 1361 1629 1419 pro
1660 1346 1742 1405 his
1770 1345 2077 1403 nesciebam
2103 1343 2175 1398 de

585 1444 731 1494 statu
757 1452 878 1494 meo
905 1437 1032 1508 quid
1059 1438 1308 1503 facerem,
1336 1438 1461 1509 quia
1490 1438 1643 1495 multi
1680 1438 1821 1495 hanc
1847 1436 2173 1509 legationem

586 1528 962 1599 prohibebant,
993 1536 1049 1583 et
1072 1528 1184 1598 jam
1213 1529 1353 1584 inter
1381 1529 1587 1603 seipsos
1616 1536 1739 1607 post
1767 1535 1974 1597 tergum
1992 1541 2172 1582 meum

586 1619 876 1674 narrabant
904 1627 960 1673 et
1003 1618 1251 1674 dicebant
1284 1638 1296 1672 :
1329 1619 1435 1675 Iste
1472 1634 1639 1691 quare
1666 1633 1725 1672 se
1752 1616 1915 1671 mittit
1943 1617 1997 1671 in
2026 1616 2171 1689 peri-

586 1710 762 1771 culum
792 1712 934 1768 inter
959 1711 1143 1766 hostes
1171 1712 1261 1787 qui
1291 1712 1577 1767 Dominum
1601 1727 1708 1766 non
1730 1710 2028 1766 noverunt?
2055 1708 2173 1763 Non

2278 534 2568 588 servarem,
2618 520 2694 575 ita
2721 526 2781 575 ut
2808 534 2896 574 me
2935 519 2992 573 in
3035 518 3214 588 aliquo
3246 519 3402 575 titulo
3425 516 3453 556 δ
3484 517 3729 576 infideles
3758 538 3875 578 non

2278 617 2561 683 carperent
2587 611 2673 666 vel
2701 609 3060 665 ministerium
3087 610 3360 675 servitutis
3387 625 3541 677 meae,
3574 627 3679 668 nec
3701 614 3878 669 etiam

2278 700 2333 754 in
2352 700 2582 757 minimo
2610 699 2900 757 incredulis
2927 700 3108 755 locum
3135 698 3323 755 darem
3349 700 3615 759 infamare
3632 702 3752 760 sive
3779 703 3877 760 de-

2278 800 2527 853 trectare.
2588 835 2600 845 .

2349 885 2514 940 XXII.
2563 885 2726 942 Forte
2769 895 2948 942 autem
2973 928 2988 955 ,
3030 886 3246 956 quando
3264 886 3536 959 baptizavi
3571 894 3657 949 tot
3701 891 3874 951 millia

2278 976 2578 1043 hominum,
2629 976 2957 1046 speraverim
3004 977 3073 1033 ab
3112 976 3293 1053 aliquo
3333 979 3547 1036 illorum
3576 982 3664 1037 vel
3704 983 3872 1039 dimi—

2277 1069 2424 1123 dium
2453 1066 2469 1106 ¹
2503 1067 2809 1138 scriptuize?
2835 1067 3009 1124 Dicite
3045 1068 3179 1122 mihi
3206 1076 3262 1124 et
3305 1069 3525 1126 ﬂuidam
3547 1074 3704 1129 vobis
3737 1092 3748 1125 :
3778 1083 3874 1129 aut

2277 1159 2492 1228 quando
2520 1159 2793 1215 ordinavit
2818 1158 3075 1215 Dominus
3103 1159 3331 1216 clericos
3356 1176 3454 1231 per
3494 1146 3872 1220 modicitateni

2277 1266 2453 1306 meam
2474 1258 2530 1306 et
2554 1250 2933 1318 ministerium,
2958 1251 3126 1323 gratis
3145 1250 3394 1308 distribui
3417 1253 3540 1311 illis.
3567 1254 3624 1311 Si
3643 1258 3872 1328 poposci

2276 1342 2344 1397 ab
2372 1341 2553 1413 aliquo
2580 1341 2797 1398 illorum
2824 1342 2912 1398 vel
2940 1341 3173 1415 pretium
3202 1343 3552 1402 calceamenti
3592 1348 3694 1402 mei
3720 1386 3735 1411 ,
3779 1349 3869 1403 di-

2276 1432 2411 1499 cite;
2441 1432 2604 1491 dicite
2631 1431 2888 1489 adversus
2917 1447 3027 1500 me,
3052 1441 3109 1489 et
3127 1432 3348 1489 reddam
3372 1435 3539 1491 vobis.
3571 1435 3735 1508 Magis
3755 1454 3865 1508 ego

2277 1524 2513 1593 impendi
2549 1540 2648 1597 pro
2677 1525 2850 1593 vobis,
2899 1532 2959 1580 ut
3002 1540 3091 1580 me
3119 1534 3341 1598 caperet
3371 1545 3384 1581 :
3415 1535 3471 1583 et
3507 1530 3644 1585 inter
3669 1547 3769 1586 vos
3810 1539 3868 1587 et

2278 1616 2477 1687 ubique
2516 1618 2807 1688 pergebam
2850 1633 3014 1674 causa
3060 1625 3238 1674 vestra
3286 1619 3339 1674 in
3372 1621 3553 1677 multis
3589 1623 3867 1694 periculis,

2277 1707 2439 1762 etiam
2471 1724 2641 1780 usque
2660 1708 2729 1764 ad
2760 1711 2777 1759 l
2807 1699 3023 1766 exteras
3040 1718 3241 1782 partes,
3259 1711 3351 1766 ubi
3379 1727 3539 1767 nemo
3566 1713 3704 1767 ultra
3729 1724 3867 1781 erat,

587 1820 747 1861 causa
769 1805 1019 1870 malitiae;
1050 1804 1146 1859 sed
1185 1820 1295 1861 non
1341 1806 1583 1875 sapiebat
1630 1803 1751 1868 illis,
1799 1803 1939 1857 sicut
1980 1810 2035 1855 et
2072 1814 2173 1869 ego
2207 1810 2252 1873 Β
2277 1805 2333 1852 et
2359 1798 2451 1853 ubi
2501 1814 2775 1868 nunquam
2821 1800 3014 1869 aliquis
3042 1809 3365 1871 pervenerat
3404 1803 3496 1874 qui
3543 1803 3867 1875 haptizaret,

587 1895 700 1967 ipse
731 1903 919 1960 testor,
952 1893 978 1932 ἀ
1011 1896 1289 1961 intellexi,
1327 1904 1546 1966 propter
1574 1895 1933 1951 rusticitatem
1974 1909 2171 1950 meam.

586 1985 653 2039 Et
690 2003 798 2042 non
841 1987 948 2042 cito
992 1986 1185 2061 agnovi
1224 1986 1450 2057 gratiam
1490 2000 1610 2057 qua:
1641 1992 1769 2039 tunc
1795 1992 1913 2038 erat
1954 1984 2008 2038 in
2037 1998 2124 2039 me
2156 2002 2171 2037 :

586 2091 727 2133 nunc
754 2076 884 2131 mihi
904 2076 1043 2146 sapit
1072 2074 1217 2147 quod
1244 2082 1371 2129 ante
1398 2074 1706 2129 debueram.

654 2166 794 2222 XXI.
834 2166 989 2223 Nunc
1016 2181 1145 2236 ergo
1174 2166 1488 2239 simpliciter
1515 2166 1783 2222 insinuavi
1834 2164 2090 2221 fratribus
2119 2174 2176 2221 et

584 2262 858 2318 conservis
903 2261 1036 2314 meis
1065 2260 1157 2329 qui
1205 2259 1335 2313 mihi
1364 2259 1725 2315 crediderunt.
1772 2257 2002 2330 Propter
2029 2259 2175 2329 quod
2207 2276 2214 2283 ·

584 2353 810 2424 praedixi
838 2359 893 2408 et
919 2351 1155 2425 praedico
1182 2350 1251 2405 ad
1278 2351 1640 2406 roborandam
1669 2360 1723 2406 et
1748 2349 2173 2406 conﬁrmandam

585 2446 745 2515 fidem
770 2456 1022 2507 vestram.
1051 2443 1271 2505 Utinam
1318 2452 1374 2499 et
1401 2460 1496 2500 vos
1536 2443 1813 2498 imitemini
1863 2442 2088 2511 majora,
2118 2448 2175 2497 et

581 2538 794 2611 potiora
822 2538 1048 2597 faciatis.
1077 2536 1194 2593 Hoc
1220 2536 1323 2592 erit
1349 2536 1520 2606 gloria
1549 2551 1703 2602 mea;
1754 2537 1877 2606 quia
1917 2536 2057 2607 ﬁlius
2086 2552 2175 2591 sa-

580 2619 730 2705 piens
756 2633 924 2709 gloria
944 2632 1110 2704 patris
1149 2640 1226 2686 est
1253 2629 1437 2703 (Prov.
1472 2646 1546 2695 xi,
1576 2630 1637 2695 i;
1668 2646 1755 2693 xv,
1787 2628 1900 2698 ‘20).
1932 2628 2041 2685 Vos
2068 2631 2173 2685 sci-

579 2724 652 2782 tis
677 2732 733 2783 et
757 2724 918 2789 Deus,
952 2723 1184 2793 qualiter
1211 2720 1352 2793 apud
1373 2737 1469 2777 vos
1497 2728 1851 2777 conversatus
1881 2736 1998 2777 sum
2028 2735 2058 2773 a
2079 2719 2171 2789 j’u-

578 2822 802 2871 ventnte
828 2829 967 2880 mea,
1004 2824 1027 2850 ο
1051 2814 1106 2871 in
1134 2811 1239 2869 fide
1267 2813 1512 2871 veritatis
1539 2820 1596 2867 et
1624 2812 1679 2867 in
1706 2812 2015 2891 sinceritate
2044 2827 2170 2867 cor-

580 2904 663 2965 dis
696 2922 708 2955 :
740 2904 904 2961 etiam
933 2902 1001 2959 ad
1024 2911 1214 2977 gentes
1242 2903 1361 2963 illas
1388 2902 1529 2958 inter
1565 2918 1701 2975 quas
1728 2902 1931 2968 habito,
1976 2913 2077 2970 ego
2107 2898 2173 2953 ii-

580 2996 706 3051 dem
734 2995 838 3051 illis
865 2996 1114 3067 pmestavi
1142 3004 1199 3052 et
1236 2996 1525 3067 prmstabo.
1579 2995 1720 3051 Deus
1757 2995 1860 3051 scit
1898 2994 2170 3049 neininem

578 3086 795 3143 illorum
822 3087 1169 3155 circumventi,
1203 3103 1303 3144 nec
1329 3088 1508 3156 cogito
1535 3096 1758 3157 propter
1785 3088 1955 3144 Deum
1983 3095 2039 3142 et
2063 3084 2166 3143 Ec-

2282 1897 2375 1944 aut
2401 1889 2628 1945 clericos
2656 1890 2949 1957 ordinaret,
2983 1898 3077 1946 aut
3104 1892 3365 1963 populum
3387 1891 3413 1930 ι
3443 1906 3866 1963 consummaret,

2279 1981 2516 2037 donante
2544 1980 2801 2049 Domino,
2832 1981 3120 2050 diligenter
3147 1990 3204 2037 et
3248 1983 3604 2041 libentissime
3642 2002 3744 2056 pro
3785 2002 3869 2042 sa-

2278 2072 2391 2127 lute
2419 2081 2595 2127 vestra
2626 2071 2806 2127 omnia
2832 2069 2853 2109 1
2886 2073 3157 2141 generavi.
3188 2072 3406 2129 Interim
3436 2077 3657 2145 praemia
3680 2076 3883 2134 dabam.

2278 2164 2512 2233 regibus,
2529 2170 2754 2232 propter
2772 2162 2919 2233 quod
2939 2161 3133 2217 dabam
3154 2164 3458 2219 mercedem
3489 2165 3614 2223 ﬁliis
3634 2167 3871 2237 ipsorum

2279 2256 2372 2327 qui
2407 2270 2620 2310 meeum
2667 2255 2969 2319 ambulant,
3020 2262 3077 2310 et
3103 2264 3147 2292 ω
3178 2256 3309 2310 nihil
3346 2259 3873 2328 comprehenderunt

2279 2361 2367 2400 me
2406 2361 2530 2402 cum
2558 2345 2846 2401 comitibus
2874 2345 3029 2401 meis.
3068 2344 3138 2401 Et
3181 2346 3273 2402 illa
3320 2346 3409 2404 die
3436 2350 3746 2407 avidissime
3770 2369 3870 2408 cu-

2279 2440 2498 2510 piebant
2525 2437 2829 2497 interficere
2855 2455 2942 2494 me
2985 2458 2998 2492 :
3049 2438 3146 2499 sed
3175 2446 3388 2512 tempus
3434 2442 3671 2498 nondum
3705 2459 3868 2500 vene-

2277 2538 2385 2585 rat.
2411 2528 2479 2584 Et
2504 2531 2683 2585 omnia
2723 2544 3060 2600 quzecunque
3104 2531 3261 2586 nobis
3302 2531 3636 2598 invenerunt,
3668 2549 3867 2605 rapue-

2278 2630 2406 2677 runt
2444 2623 2554 2690 illa,
2599 2627 2654 2679 et
2699 2637 2788 2678 me
2827 2622 3003 2693 ipsum
3044 2621 3191 2678 ferro
3213 2623 3492 2679 vinxerunt
3522 2641 3537 2676 :
3568 2631 3624 2683 et
3662 2634 3860 2697 quarto

2278 2717 2491 2773 decimo
2511 2718 2599 2774 die
2627 2717 2857 2774 absolvit
2877 2733 2962 2773 me
2989 2718 3246 2773 Dominus
3267 2718 3334 2773 de
3353 2723 3616 2788 potestate
3636 2732 3857 2786 eorum;

2286 2820 2341 2867 et
2368 2811 2627 2883 quidquid
2654 2819 2895 2868 nostrum
2936 2812 3054 2881 fuit,
3097 2812 3367 2869 redditum
3395 2819 3477 2868 est
3525 2814 3703 2879 nobis,
3733 2829 3863 2884 pro-

2278 2910 2399 2977 pter
2423 2904 2591 2960 Deum
2615 2912 2672 2959 et
2700 2905 3036 2961 necessarios
3085 2905 3288 2961 amicos
3332 2919 3473 2975 quos
3516 2912 3641 2962 ante
3679 2906 3866 2978 provi-

2277 2996 2469 3052 dimus.

2348 3088 2535 3145 XXIII.
2581 3090 2688 3148 Vos
2717 3099 2898 3147 autem
2922 3092 3133 3163 experti
3167 3091 3300 3149 estis
3323 3100 3589 3163 quantum
3617 3106 3718 3163 ego
3744 3108 3867 3151 ero-

578 3177 801 3237 clesiam
828 3178 995 3255 ipsius
1019 3220 1035 3247 ,
1082 3194 1152 3235 ne
1180 3180 1411 3239 excitem
1451 3180 1554 3237 illis
1588 3179 1606 3216 ί
1650 3188 1705 3235 et
1732 3180 1889 3236 nobis
1918 3179 2168 3236 omnibus
2193 3189 2249 3252 ο
2275 3180 2396 3253 gavi
2418 3180 2542 3246 illis,
2572 3181 2664 3250 qui
2688 3189 2716 3217 υ
2742 3180 3056 3252 judicabant
3081 3196 3179 3255 per
3215 3197 3408 3239 omnes
3448 3184 3697 3253 regiones
3730 3199 3863 3257 quas

578 3269 1029 3342 persecutionem,
1049 3278 1105 3331 et
1132 3284 1201 3327 ne
1228 3284 1327 3339 per
1362 3285 1450 3325 me
1474 3270 1940 3343 blasphemaretur
1966 3284 2163 3327 nomen

578 3360 813 3430 Domini.
835 3360 963 3437 quia
988 3361 1249 3433 scriptum
1269 3368 1352 3417 est
1384 3379 1397 3416 :
1436 3360 1527 3419 νω
1556 3361 1753 3417 homini
1778 3379 1872 3435 per
1896 3379 2043 3434 quem
2065 3379 2162 3418 no-

578 3470 692 3515 men
724 3451 934 3513 Domini
958 3449 1342 3523 blasphematur
1372 3450 1519 3525 (Lev.
1570 3468 1713 3520 xxxv,
1757 3452 1866 3524 l6).
1900 3452 2036 3508 Nam
2062 3453 2166 3508 etsi

577 3544 859 3617 imperitus
884 3557 1005 3601 sum
1052 3542 1108 3598 in
1141 3543 1422 3609 omnibus,
1474 3554 1653 3602 tamen
1683 3552 1708 3591 8
1776 3552 2001 3600 conatus
2046 3559 2163 3599 sum

579 3634 844 3711 quispiam
883 3648 1101 3690 servare
1128 3649 1216 3690 me
1244 3634 1406 3688 etiam
1443 3643 1498 3691 et
1526 3633 1778 3693 fratribus
1806 3634 2158 3702 Christianis,

578 3735 632 3782 et
659 3726 955 3796 virginibus
998 3725 1230 3794 Christi,
1280 3734 1336 3782 et
1382 3726 1696 3783 mulieribus
1721 3726 2015 3796 religiosis,
2044 3741 2164 3797 qua:

576 3819 706 3875 mihi
741 3819 989 3877 ultronea
1032 3817 1349 3875 munuscula
1390 3818 1665 3874 donabant
1692 3825 1748 3873 et
1792 3832 1956 3889 super
1995 3818 2165 3872 altare

575 3912 890 3979 reddebant,
924 3927 994 3970 ex
1020 3912 1351 3969 ornamentis
1377 3912 1508 3976 suis,
1541 3918 1598 3968 et
1625 3912 1823 3967 iterum
1866 3911 2161 3966 reddebam

578 4004 697 4061 illis.
729 4002 796 4060 Et
822 4004 1078 4063 adversus
1104 4021 1191 4062 me
1219 4004 1753 4071 scandalizabantur,
1801 4019 1901 4060 cur
1925 4004 2033 4060 hoc
2079 4002 2161 4058 fa-

580 4098 802 4157 ciebam.
833 4096 943 4157 Sed
989 4112 1090 4171 ego
1121 4099 1267 4167 (hoc
1292 4097 1599 4171 faciebam)
1627 4103 1855 4169 propter
1879 4111 2036 4168 spem
2061 4110 2164 4169 pe-

650 4299 678 4331 ι
715 4286 985 4353 Bolland.,
1032 4294 1348 4355 monstrata,
1376 4301 1506 4342 mox
1551 4302 1705 4358 quam
1742 4286 1958 4356 ﬁerent;
2001 4294 2168 4411 atque

650 4376 718 4411 nc
744 4359 1034 4411 lectionem
1075 4357 1405 4411 praetulimus
1438 4375 1450 4408 :
1482 4357 1658 4411 minus
1686 4356 1833 4411 enim
1860 4364 2009 4411 recte
2107 4372 2166 4411 a-

573 4358 718 4417 hanc
744 4359 1034 4414 lectionem
1075 4357 1405 4428 przetulimus
1438 4375 1450 4408 :
1482 4356 1658 4428 minus
1684 4356 1833 4428 enim
1860 4364 2009 4412 recte
2035 4356 2166 4428 wa-

576 4446 747 4494 rmus,
780 4424 1187 4498 quamfuerant.
1220 4424 1345 4498 Mox
1386 4434 1508 4498 post
1533 4427 1849 4498 insipientior
1877 4442 2032 4492 meae,
2065 4425 2163 4481 ad-

576 4499 711 4568 dunt
737 4496 1071 4568 Bollandiani
1095 4506 1143 4548 et
1164 4496 1496 4568 negligentia:
1524 4496 1714 4568 meai...
1746 4496 2119 4568 adnotantque
2147 4515 2160 4548 :

2272 3270 2605 3342 frequentius
2631 3272 2931 3328 visitabam.
2978 3271 3185 3329 Censeo
3213 3273 3360 3328 enim
3393 3284 3419 3309 ο
3442 3290 3567 3331 non.
3580 3275 3857 3335 minimum

2272 3361 2505 3432 pretium
2532 3361 2837 3436 quindecim
2865 3363 3141 3418 hominum
3167 3362 3419 3419 distribui
3444 3364 3570 3420 illis.
3600 3364 3679 3420 Ita
3698 3373 3758 3421 ut
3776 3380 3863 3422 me

2220 3498 2229 3505 .
2272 3454 2541 3522 fruamini,
2592 3462 2648 3510 et
2668 3468 2769 3524 ego
2793 3454 2947 3510 vobis
2995 3469 3208 3526 semper
3243 3454 3394 3511 fruar
3422 3457 3476 3511 in
3522 3457 3721 3521 Deum,
3754 3474 3858 3513 non

2273 3560 2361 3602 me
2397 3546 2625 3617 poenitet
2652 3560 2755 3603 nec
2802 3546 2936 3601 satis
2982 3554 3065 3603 est
3111 3546 3260 3616 mihi,
3309 3538 3486 3604 adhuc
3512 3548 3764 3620 impendo
3808 3557 3862 3606 et

2272 3651 2436 3708 super
2468 3636 2786 3709 impendam
2818 3655 2831 3692 :
2862 3644 3058 3707 potens
3082 3645 3167 3693 est
3193 3637 3453 3695 Dominus
3491 3647 3552 3694 ut
3588 3639 3680 3694 det
3729 3639 3862 3694 mihi

2273 3730 2617 3801 postmodum
2641 3738 2699 3786 ut
2726 3731 2992 3801 meipsum
3014 3730 3309 3803 impendam
3346 3746 3439 3802 pro
3464 3728 3733 3785 animabus
3772 3746 3861 3785 se-

2270 3822 2393 3875 stn’s
2418 3817 2506 3893 (ΙΙ
2530 3819 2649 3876 Cor.
2684 3837 2776 3887 χιι,
2806 3819 2916 3892 i5).
2950 3818 3090 3877 Ecce
3116 3829 3305 3877 testem
3347 3818 3514 3875 Deum
3553 3820 3750 3876 invoco
3795 3822 3855 3878 in

2271 3913 2506 3967 animam
2533 3927 2729 3977 meam,
2762 3913 2887 3981 quia
2915 3927 3034 3969 non.
3058 3912 3307 3980 mentior,
3330 3922 3356 3962 ι)
3377 3912 3523 3982 quod
3550 3923 3727 3980 neque
3748 3952 3765 3978 ,
3794 3919 3857 3967 ut

2271 4001 2349 4069 iit,
2380 4017 2543 4059 causa
2588 4003 2910 4059 adulationis
2940 4004 3025 4059 vel
3053 4005 3294 4059 avaritiae
3336 4003 3640 4075 scripserim
3677 4003 3861 4068 vobis,

2269 4110 2445 4153 necne
2480 4104 2539 4153 ut
2564 4097 2828 4153 honorem
2876 4112 3154 4168 sperarem
3180 4105 3437 4153 vestrum.
3482 4093 3692 4151 Sufﬁcit
3717 4095 3859 4151 enim

2346 4287 2375 4363 ξι
2408 4286 2501 4363 _S_ic
2529 4287 3205 4363 Bollan;d.,4ubilear:eus,
3231 4292 3435 4363 inﬁdeli
3463 4308 3567 4347 non

2349 4357 2365 4442 ξ
2408 4357 2571 4442 Forte
2605 4361 2861 4442 scripluli.
2913 4357 3575 4442 Bollaiidwhscriptulum“;
3607 4357 3697 4441 ubi
3742 4360 3854 4442 hzec

2272 4427 2513 4503 habent.
2554 4447 2572 4503 ι
2605 4427 2885 4503 Sosipater
2912 4433 3052 4503 apud
3079 4427 3494 4488 Jo.‘Gera'rdum
3522 4430 3770 4503 vossium
3801 4431 3856 4488 in

2270 4496 2642 4584 εβγιιιριρείρο
2681 4518 2696 4584 ε
2731 4496 3060 4584 Scaeam
3081 4504 3307 4584 mod.
3329 4518 3470 4584 mere
3507 4501 3660 4584 “1"‘3"
3699 4501 3858 4584 δέρει

3595 4298 3854 4359 superata.

584 4588 605 4651 ι
641 4566 819 4651 Locus
843 4566 949 4632 hic,
978 4565 1603 4651 _librariorumnsocordia
1631 4567 1982 4651 depravatus,
2013 4565 2165 4651 vide-
2188 4630 2242 4651 ﬁ
2270 4565 2460 4651 dicunt.
2479 4565 2793 4651 (scripulum
2813 4565 3066 4642 scilicet),
3082 4565 3266 4630 ’νᾶπυ
3288 4575 3346 4629 in
3365 4565 3681 4651 _Plaatoriao
3702 4570 3851 4627 dixit.

577 4648 668 4714 tur
694 4630 1308 4714 deperegrinationibus
1323 4635 1543 4714 Patricii
1568 4630 1821 4714 habuisse
1845 4630 2155 4714 nonnulla.»
2188 4630 2244 4691 D
2266 4636 2334 4714 Ιξι
2375 4630 2547 4714 alibi_:
2571 4630 2867 4714 _Nummum
2913 4630 3209 4714 argenteum
3248 4644 3533 4714 conﬂatum
3572 4642 3792 4714 primum
3818 4658 3850 4695 a

578 4708 715 4764 Cum
742 4706 930 4779 iisdem
957 4707 1115 4779 paulo
1144 4716 1267 4762 ante
1296 4707 1521 4777 legimus
1556 4707 1851 4776 debueram,
1898 4709 1989 4763 ubi
2032 4706 2163 4763 Wa-

577 4792 716 4835 meus
745 4775 983 4832 debuero:

648 4849 681 4891 ιι
716 4848 984 4923 Daunum,
1018 4857 1069 4923 et
1084 4850 1299 4923 spiritus
1327 4848 1667 4923 nihilominus
1689 4850 2014 4923 suggerebat.

582 4934 585 4939 ‘
652 4932 674 4960 ε
715 4918 982 4989 Bolland.,
1013 4918 1176 4975 nihilo
1207 4919 1325 4993 plus
1350 4918 1593 4976 sciebam.
1639 4918 1891 4989 Rectius,
1923 4928 1983 4976 ut
2007 4920 2157 4976 vides

576 5001 683 5046 tur.
1118 5039 1121 5043 .

649 5059 673 5099 δ
714 5060 813 5117 Ms.
842 5060 986 5131 apud
1011 5059 1411 5132 Bollandianos,
1442 5060 1713 5132 intelligi,-
1744 5077 1843 5130 pro
1872 5076 1982 5132 quo
2010 5076 2070 5132 re

714 5077 813 5145 ηιξ.
842 5077 986 5145 apud
1012 5077 1665 5143 nouanulanostmtetugt
1695 5079 1713 5126 ,'
1744 5077 1843 5130 pro
1872 5077 1982 5132 quo
2010 5077 2163 5186 Ψ

575 5146 736 5189 suere
761 5140 863 5187 iter
885 5131 1036 5187 illud.
1069 5128 1226 5197 Quod
1254 5145 1365 5185 non
1384 5131 1648 5199 displicet.
1678 5130 1849 5187 Paulo
1876 5140 2002 5187 ante
2103 5147 2161 5185 a-

576 5216 732 5273 gens,
757 5218 863 5269 non
889 5212 943 5273 ut
971 5216 1128 5254 causa
1155 5201 1386 5273 malitiw.
1409 5200 1475 5254 Et
1496 5216 1642 5273 mox_,
1668 5218 1826 5273 nunc
1844 5203 1973 5255 mihi
1998 5203 2155 5273 capit.

522 5284 528 5304 ί
576 5269 889 5341 Utrumque
904 5271 1081 5341 locum
1109 5272 1439 5341 restituimus
1458 5287 1582 5325 cum
1606 5270 1852 5341 Bolland.

2271 4707 2451 4763 Servio
2694 4728 2711 4765 :
2742 4713 2785 4794 is
2815 4702 3321 4794 quatubrsoriptulis
3347 4702 3537 4785 'major
3562 4702 3663 4794 Ῐξιὶι
3700 4727 3851 4794 quam

2270 4795 2407 4860 nunc
2433 4787 2529 4832 est.
2562 4778 2659 4834 Est
2679 4778 3226 4868 autem‘script‘uluin,
3253 4786 3366 4868 sive
3392 4778 3854 4868 Wlum,'mi-

2268 4849 2415 4976 pigritia
2446 4853 2791 4979 ἓξὲΞΡιἸιιὲἳίιιξ.
2823 4872 2842 4907 ι
2869 4849 3294 4925 νὶάόϐιιιιεὶιιω
3323 4856 3380 4912 in
3416 4849 3695 4911 Glossario
3729 4849 3851 4907 Lat.

2266 4988 2581 5113 “Litigat
2615 4990 2860 5049 Bolland.
2892 4992 2997 5048 Sed
3023 4992 3267 5051 Waraeus
3309 4995 3593 5067 legendum
3635 4997 3851 5071 conjicit

2338 5127 2368 5205 ξι
2405 5128 2675 5205 Bolland.,
2701 5132 2761 5189 iis
2784 5134 2891 5205 [ide
2915 5135 3266 5205 conﬁrmaret.

2341 5199 2368 5280 ξ
2402 5199 2672 5280 Ιξοῌιιῃάη
2704 5199 2858 5280 gessi.
2892 5205 2958 5259 Et
2984 5199 3129 5280 mox,
3158 5214 3344 5280 printer
3369 5208 3506 5280 quod
3519 5208 3745 5280 dabam.

2334 5277 2381 5349 ᾖ
2415 5268 2977 5349 Εξίεῐίῃιᾳζνγθηιξιιε
3014 5268 3298 5349 legendum
3334 5268 3461 5333 non.
3510 5278 3617 5339 Sed
3653 5280 3852 5337 rectius

651 5349 676 5376 ο
715 5338 808 5411 Sic
860 5338 1103 5393 Bolland.
1150 5342 1220 5393 At
1256 5339 1521 5403 Warmus,
1553 5350 1605 5395 et
1648 5340 1771 5411 fide.
1817 5339 1985 5411 Iidem
2031 5356 2159 5395 mox
2263 5339 2531 5411 Bolland.,
2561 5343 2913 5400 nihilominus.

640 5409 795 5493 restiti
824 5422 922 5479 pro
949 5411 1190 5481 praestari
1212 5427 1231 5464 :
1258 5411 1401 5482 quod
1429 5418 1485 5466 et
1520 5409 1763 5466 Warazns
1807 5410 2035 5479 margini
2076 5412 2155 5465 al-

596 5487 984 5624 ev‘liolland”
1017 5557 1067 5603 et
1091 5548 1249 5624 vobis.
1287 5550 1355 5603 Et
1383 5552 1544 5624 paulo
1577 5560 1720 5624 post,
1751 5551 2152 5624 blasphematur.

647 5631 671 5669 κ
713 5620 887 5679 Locus
915 5621 1148 5684 laxatus,
1191 5618 1328 5674 forte
1369 5618 1446 5676 sic
1485 5618 1849 5678 restituendus
1866 5618 1894 5674 ἐ
1927 5620 2156 5677 Conatus

2262 5480 2426 5535 rescri

2332 5417 2371 5497 ξιᾉ
2506 5417 2575 5497 et
2590 5416 2860 5497 Ins._.apud
2885 5414 3279 5497 Bollandianos,
3301 5418 3395 5490 qui
3418 5426 3600 5477 tamen
3622 5419 3677 5476 in
3701 5428 3853 5477 textu

2334 5483 2588 5603 scrlixpsere
2611 5483 2928 5569 indigebant

2334 5560 2357 5586 ο
2699 5568 2998 5630 mmma-
3026 5573 3184 5630 quam
3208 5568 3449 5630 prmum.

2332 5631 2358 5668 p
2396 5619 2472 5674 lta
2500 5619 2758 5705 Bolland._
2779 5619 3182 5697 Warreus,'quia
3208 5619 3310 5683 'non
3340 5632 3582 5701 mentior,
3606 5649 3769 5705 neque
3791 5637 3845 5685 ut

573 5710 687 5765 sum
714 5692 969 5765 integrum
988 5705 1200 5765 seruare
1223 5705 1325 5765 ηιξ,
1354 5707 1456 5743 non
1476 5692 1776 5763 accipiendo
1799 5691 2063 5765 quidpiam
2093 5692 2155 5746 ab
2260 5693 2327 5745 sit
2353 5691 2573 5747 occasio.
2606 5689 2877 5752 Mendose.

575 5761 705 5818 ulla-
734 5758 890 5818 etia'm
914 5778 947 5817 α
970 5758 1237 5838 fratribus.
1271 5758 1539 5843 Demean.

1720 5885 1817 5897 κισ-ι
1847 5888 1960 5903 -ὠ-υιιυ
2010 5888 2069 5899 ..ο
