4238 6260
340 382 349 387 '
378 361 485 421 818

1564 358 1653 413 AD
1688 326 2080 414 conclusum
2122 355 2476 414 EPISTOLA.

3530 328 3648 422 su

378 478 511 534 mihi
536 477 716 531 honor
741 474 833 546 qui
863 491 969 532 non
995 474 1226 539 videtur,
1257 473 1354 531 sed
1385 471 1551 528 corde
1591 472 1866 539 creditur;
1894 472 1958 526 il-
1986 479 2041 537 Α
2065 488 2211 529 ream
2238 472 2535 543 sepultura,
2570 476 2662 529 aut
2699 468 2999 525 miserrime
3044 469 3274 529 cadaver
3317 485 3414 545 per
3437 471 3648 542 singula

380 569 517 625 delis
534 575 713 623 autem
734 568 823 637 qui
852 566 1117 637 promisit,
1140 579 1416 635 nunquam
1445 564 1718 620 mentitur.
1753 563 1860 620 Sed
1881 564 1959 619 vi-

380 661 485 716 deo
506 656 619 730 jam
647 657 701 711 in
728 656 979 729 praesenti
1024 655 1223 712 saeculo
1260 670 1350 710 me
1378 669 1539 725 supra
1567 654 1783 709 modum
1813 653 1962 709 exal-

379 756 552 803 tatum
580 764 613 802 a
641 748 887 803 Domino.
921 745 988 800 Et
1007 762 1118 801 non
1140 760 1289 800 eram
1316 742 1507 813 dignus
1534 759 1710 816 neque
1739 744 1879 811 talis,
1904 752 1964 799 ut

379 838 488 894 hoc
511 838 641 897 mihi
662 844 943 909 praestaret
975 856 987 889 :
1028 834 1155 891 dum
1187 836 1300 890 scio
1329 835 1625 891 certissime
1647 830 1792 906 quod
1830 834 1964 889 mihi

380 932 574 987 melius
601 930 852 988 convenit
878 936 1172 1000 paupertas
1201 936 1256 983 et
1283 928 1564 984 calamitas
1584 968 1598 993 ,
1642 943 1807 998 quam
1831 926 1965 982 deli-

382 1023 477 1080 cia:
505 1031 561 1079 et
587 1021 801 1077 divitiae.
842 1020 951 1078 Sed
979 1029 1035 1076 et
1062 1012 1307 1076 Christus
1348 1019 1607 1074 Dominus
1634 1034 1841 1092 pauper
1866 1018 1966 1074 fuit

380 1131 481 1189 pro
509 1114 682 1186 noh_is.
712 1111 826 1181 Ego
856 1127 987 1167 vero
1017 1112 1181 1166 miser
1219 1119 1273 1165 et
1301 1109 1504 1175 infelix,
1553 1117 1608 1164 et
1630 1110 1677 1164 si
1704 1124 1837 1181 opes
1864 1125 1962 1165 vo—

381 1204 552 1269 luero,
577 1203 691 1273 jam
718 1218 828 1259 non
855 1202 1053 1271 habeo,
1075 1217 1252 1273 neque
1298 1201 1561 1271 meipsum
1593 1199 1853 1272 (dignum)
1873 1199 1964 1270 ju-

381 1296 521 1362 dico,
553 1295 679 1366 quia
708 1294 953 1369 quotidie
981 1305 1007 1331 λ
1065 1308 1224 1364 spero
1264 1301 1357 1347 aut
1403 1291 1844 1357 internecionem,
1874 1302 1966 1348 aut

378 1389 775 1455 circumveniri,
807 1395 900 1443 aut
926 1387 1097 1455 redigi
1144 1387 1197 1442 in
1227 1384 1565 1448 servitutem,
1601 1383 1625 1422 ι’
1657 1384 1771 1438 sive
1802 1398 1965 1440 occa-

379 1482 590 1538 sionem
618 1480 927 1551 cujuslibet.
979 1478 1087 1534 Sed
1115 1478 1248 1533 nihil
1292 1477 1488 1533 horum
1515 1491 1708 1531 vereor
1745 1484 1967 1547 propter

382 1574 648 1646 promissa
673 1573 955 1636 caelorum,
997 1572 1123 1642 quia
1158 1571 1359 1643 jactavi
1387 1568 1650 1639 meipsum
1680 1568 1733 1621 in
1776 1582 1968 1622 manus

386 1663 481 1720 Dei
502 1663 887 1733 omnipotentis
927 1662 1018 1732 qui
1058 1661 1257 1730 ubique
1302 1658 1643 1727 dominatur,
1673 1656 1811 1712 sicut
1835 1671 1966 1727 pro-

385 1754 550 1825 pheta
570 1753 703 1809 dicit
735 1770 747 1807 :
777 1752 929 1807 laeta
974 1754 1255 1825 cogitatum
1284 1759 1427 1804 tuum
1461 1749 1518 1803 in
1545 1746 1735 1816 Deam,
1771 1754 1822 1801 et
1854 1747 1965 1820 ipse

385 1854 432 1900 te
460 1844 682 1899 enutriet
705 1843 875 1916 (Psal.
900 1860 1004 1911 LIV,
1023 1840 1137 1914 25).

455 1933 646 1990 XXIV.
684 1933 825 1990 Ecce
854 1949 995 1989 nunc
1016 1930 1335 1988 commendo
1371 1930 1605 1985 animam
1637 1941 1810 1982 meam
1837 1924 1969 1983 fide-

386 2027 592 2084 lissimo
618 2026 733 2081 Deo
761 2041 912 2091 meo,
950 2040 1050 2096 pro
1078 2038 1185 2093 quo
1216 2022 1485 2092 legatione
1512 2020 1703 2090 fungor
1736 2018 1792 2072 in
1817 2017 1970 2088 igno-

386 2119 595 2177 bilitate
622 2133 743 2172 mea
772 2114 860 2190 (II
885 2115 1004 2171 Cor.
1035 2132 1089 2182 v,
1118 2112 1230 2184 20).
1260 2113 1367 2169 Sed
1391 2112 1517 2183 quia
1543 2125 1830 2183 personam
1860 2125 1968 2165 non

388 2211 605 2282 accipit,
635 2215 693 2264 et
724 2208 886 2277 elegit
912 2221 999 2261 me
1026 2206 1093 2261 ad
1118 2205 1225 2260 hoc
1254 2203 1510 2270 ofﬁcium,
1540 2210 1600 2258 ut
1630 2217 1769 2257 unus
1795 2216 1972 2257 essem

389 2302 457 2358 de
484 2302 594 2357 suis
629 2299 866 2355 minimis
890 2299 1131 2353 minister
1164 2316 1177 2351 :
1211 2294 1357 2351 Unde
1384 2304 1553 2351 autent
1582 2290 1865 2349 retribuam
1894 2293 1973 2349 illi

387 2411 482 2465 pro
511 2386 744 2449 omnibus
773 2406 888 2464 qua:
902 2389 1136 2445 retribuit
1170 2388 1297 2442 mihi
1321 2387 1491 2459 (Psal.
1516 2402 1635 2450 cxv,
1660 2383 1771 2456 12).
1809 2395 1831 2423 ο
1863 2382 1973 2440 Seu

390 2484 517 2556 quid
546 2484 744 2546 dicam,
777 2482 862 2538 vel
890 2480 1019 2551 quid
1051 2480 1364 2551 promittam
1388 2476 1616 2532 Domino
1645 2476 1803 2531 meo?
1835 2474 1973 2544 Quia

394 2576 521 2632 nihil
548 2576 732 2641 valeo,
776 2573 880 2629 nisi
926 2573 1042 2644 ipse
1074 2571 1202 2626 mihi
1242 2568 1479 2636 dederit;
1510 2567 1605 2624 sed
1634 2564 1658 2605 ¹¹
1702 2574 1974 2624 scrutatur

389 2670 550 2726 corda
572 2678 627 2725 et
652 2683 830 2733 renes,
855 2666 981 2736 quia
1012 2664 1144 2720 satis
1189 2671 1242 2718 et
1270 2662 1431 2718 nimis
1460 2661 1641 2733 cupio,
1667 2668 1723 2715 et
1750 2667 1972 2731 paratus

392 2778 537 2819 eram
566 2769 627 2816 ut
661 2759 887 2816 donaret
918 2756 1049 2813 mihi
1086 2756 1271 2811 bibere
1317 2755 1535 2810 calicem
1558 2752 1694 2823 ejus,
1722 2751 1862 2807 sicut
1884 2750 1972 2806 in-

391 2852 554 2910 dulsit
575 2851 785 2907 caeteris
813 2847 1114 2903 amantibus
1141 2861 1219 2901 se.
1245 2843 1586 2914 Quapropter
1613 2858 1721 2897 non
1757 2841 1971 2897 contin-

392 2952 484 3014 gat
510 2944 643 2999 mihi
682 2958 712 2996 a
753 2942 868 2997 Deo
907 2956 1052 3009 meo,
1102 2951 1160 2993 ut
1198 2952 1432 3006 unquam
1478 2934 1723 2989 amittam
1760 2931 1972 3004 plebem

395 3052 549 3092 suam
575 3049 736 3105 quam
763 3043 785 3071 θ
815 3032 1075 3102 acquisivi
1096 3031 1151 3086 in
1178 3029 1380 3085 ultimis
1401 3036 1573 3083 terr-aa.
1591 3026 1698 3084 Oro
1720 3025 1889 3082 Deum
1915 3032 1974 3080 ut

395 3128 489 3184 det
512 3126 644 3181 mihi
671 3124 1149 3197 perseverantiam,
1173 3129 1228 3178 et
1273 3122 1520 3192 dignetur
1546 3128 1606 3177 ut
1631 3121 1850 3177 reddam
1897 3119 1972 3176 illi

2063 562 2304 618 membra
2352 559 2620 616 dividatur
2660 559 2885 616 canibus
2931 568 3025 615 aut
3063 559 3249 617 bestiis
3291 562 3514 633 asperis,
3555 570 3649 620 aut

2062 652 2309 708 volucres
2336 651 2458 707 coeli
2479 649 2813 707 comederint
2851 649 3003 705 illud.
3054 648 3365 709 Certissime
3413 667 3557 719 reor,
3601 654 3649 710 si

2064 742 2195 797 mihi
2237 742 2340 799 hoc
2372 739 2392 779 ί
2427 736 2761 809 incurrisset,
2806 740 3045 798 lucratus
3090 758 3207 799 sum
3248 743 3482 799 animam
3524 761 3647 803 cum

2064 844 2295 901 corpore
2313 845 2436 886 meo
2464 848 2477 883 :
2509 830 2632 899 quia
2677 830 2792 887 sine
2821 831 2928 887 ulla
2955 832 3294 892 dubitatione
3333 834 3387 891 in
3428 834 3517 895 die
3555 836 3650 895 illa

2063 935 2423 991 resurgemus,
2444 921 2500 976 in
2550 922 2797 978 claritate
2843 923 2993 989 solis,
3035 924 3141 981 hoc
3179 932 3281 991 est,
3324 933 3350 973 ε
3382 925 3437 982 in
3473 926 3650 999 gloria

2064 1010 2263 1068 Christi
2300 1010 2428 1069 lesu
2474 1011 2833 1087 redemptoris
2873 1017 3088 1083 nostri,
3134 1015 3255 1073 Filii
3292 1016 3392 1075 Dei
3418 1017 3547 1086 vivi,
3596 1026 3649 1079 et
3686 1031 3696 1042 ’

2063 1103 2352 1159 οοΙιωνεάεε
2372 1101 2565 1158 Christi
2597 1104 2772 1175 (Rom.
2796 1122 2911 1170 vui,
2937 1107 3026 1179 17)
3054 1114 3110 1165 et
3141 1109 3429 1181 conformes
3459 1110 3648 1181 futuris

2059 1197 2306 1267 imaginis
2341 1197 2503 1267 ipsius
2529 1196 2729 1269 (Ibid.,
2762 1194 2853 1269 29)
2888 1216 2901 1252 :
2933 1198 3191 1268 quoniam
3211 1213 3280 1257 ex
3299 1199 3441 1273 ipso,
3470 1208 3525 1254 et
3551 1215 3647 1275 per

2062 1286 2259 1357 ipsum,
2283 1295 2338 1343 et
2365 1287 2418 1342 in
2447 1289 2587 1361 ipso,
2617 1290 2893 1361 regnaturi
2920 1306 3125 1347 sumus.

2133 1377 2299 1435 XXV.
2339 1379 2476 1435 Nam
2510 1381 2593 1437 sol
2622 1383 2724 1439 iste
2750 1397 2911 1454 quem
2938 1382 3201 1449 videmus,
3249 1385 3361 1441 Deo
3403 1384 3646 1457 jubente,

2061 1476 2286 1541 propter
2314 1486 2415 1528 nos
2441 1472 2684 1542 quotidie
2715 1475 2907 1542 oritur,
2935 1476 3035 1530 sed
3075 1492 3350 1546 nunquam
3379 1479 3647 1547 regnabit,

2063 1575 2239 1630 neque
2264 1562 2603 1633 permanebit
2629 1564 2888 1635 splendor
2915 1565 3052 1635 ejus.
3086 1564 3195 1622 Sed
3223 1575 3278 1621 et
3324 1584 3516 1624 omnes
3552 1569 3650 1640 qui

2065 1653 2296 1710 adorant
2319 1670 2467 1725 eum,
2489 1656 2544 1711 in
2572 1672 2790 1728 poenam
2818 1657 3001 1713 miseri
3023 1659 3164 1715 male
3190 1659 3498 1719 devenient.
3544 1662 3651 1719 Nos

2043 1750 2244 1799 autem
2284 1745 2552 1802 credimus
2597 1754 2654 1802 et
2695 1746 2981 1803 adoramus
3030 1747 3211 1804 Solem
3236 1765 3445 1816 verum,
3494 1750 3652 1806 Chri-

1990 1839 2040 1900 Β
2066 1842 2211 1890 stum
2239 1836 2333 1908 qui
2361 1851 2636 1906 nunquam
2674 1837 2941 1904 interibit;
2966 1853 3142 1910 neque
3169 1839 3263 1909 qui
3307 1840 3435 1896 facit
3454 1841 3650 1897 volun-

2062 1935 2232 1985 tatem
2270 1929 2457 2000 ipsius,
2489 1930 2586 1986 sed
2614 1932 2854 1989 manebit
2889 1932 2945 1986 in
2982 1939 3266 2002 retentum,
3296 1936 3569 2007 quomodo
3596 1945 3653 1992 et

2061 2019 2308 2077 Christus
2336 2023 2576 2079 manebit
2622 2024 2679 2079 in
2722 2032 3007 2092 mternum,
3048 2026 3142 2095 qui
3169 2034 3359 2099 regnat
3385 2043 3507 2084 cum
3539 2028 3653 2087 Deo

2063 2111 2226 2169 Patre
2267 2114 2638 2187 omnipotente
2686 2125 2741 2172 et
2787 2133 2911 2173 cum
2961 2117 3169 2188 Spiritu
3226 2126 3415 2176 sancto
3441 2160 3456 2186 ,
3526 2130 3653 2175 ante

2062 2206 2278 2272 saecula,
2330 2215 2385 2263 et
2412 2224 2573 2275 nunc,
2606 2215 2663 2263 et
2708 2223 2806 2279 per
2842 2208 3023 2264 omnia
3064 2209 3261 2266 smcula
3303 2209 3646 2269 saeculorum.

2064 2294 2263 2353 Amen.
2321 2298 2463 2355 Ecce
2513 2301 2704 2355 iterum
2754 2301 3056 2371 iterumque
3099 2302 3339 2358 breviter
3383 2318 3652 2375 exponam

2064 2389 2234 2445 verba
2282 2392 2623 2463 confessionis
2670 2407 2818 2448 mere.
2851 2391 3133 2451 Testiiicor
3166 2394 3222 2449 in
3258 2394 3487 2451 veritate
3517 2402 3574 2453 ot
3601 2394 3655 2447 in

2066 2482 2427 2538 exsultatione
2456 2482 2655 2551 cordis,
2699 2499 2885 2539 coram
2924 2484 3038 2541 Deo
3092 2493 3148 2543 et
3199 2486 3403 2543 sanctis
3453 2486 3659 2556 angelis

2066 2572 2183 2643 ejus
2205 2614 2220 2639 ,
2270 2575 2396 2645 quia
2445 2580 2720 2646 nunquam
2775 2575 2941 2632 habui
2986 2578 3223 2647 aliquam
3277 2576 3655 2644 occasionem,
3731 2582 3743 2592 '

2066 2671 2263 2734 praeter
2292 2660 2641 2733 Evangelium
2689 2672 2748 2721 et
2787 2666 3051 2737 promissa
3100 2664 3262 2733 illius,
3313 2674 3377 2723 ut
3423 2681 3658 2737 unquam

2066 2752 2099 2794 h
2140 2754 2374 2813 redirem
2417 2758 2486 2813 ad
2533 2767 2750 2828 gentem
2786 2759 2930 2815 illam
2971 2760 3130 2833 .unde
3163 2768 3345 2817 autem
3372 2761 3521 2832 prius
3568 2761 3660 2818 vix

2068 2864 2363 2906 evaseram.
2405 2848 2513 2907 Sed
2556 2865 2750 2920 precor
2792 2851 3136 2923 credentibus
3197 2850 3213 2890 ί
3246 2860 3304 2909 et
3345 2851 3661 2911 timentibus

2068 2938 2238 2995 Deum
2261 2982 2280 3010 ,
2340 2941 2647 3012 quicunque
2714 2940 2962 3014 dignatus
3020 2941 3182 2999 fuerit
3251 2943 3521 3015 inspicere
3576 2944 3664 3001 vel

2070 3032 2315 3102 recipere
2374 3031 2517 3088 hanc
2580 3033 2907 3105 scripturam
2940 3075 2956 3100 ,
3002 3049 3166 3106 quam
3216 3032 3482 3093 Patricius
3532 3050 3661 3105 pec-

2070 3130 2243 3188 cator,
2273 3122 2521 3180 indoctus
2579 3124 2814 3207 scilicet,
2862 3124 3153 3181 Hiberione
3193 3126 3550 3196 conscripsit,
3607 3133 3668 3183 ut

396 3226 589 3274 testem
632 3214 843 3272 ﬁdelem
888 3230 1057 3284 usque
1099 3213 1168 3269 ad
1212 3213 1495 3269 transitum
1541 3229 1720 3269 meum
1752 3218 1974 3283 propter
1996 3214 2044 3278 C
2072 3228 2234 3270 nemo
2280 3228 2519 3284 unquam
2574 3213 2719 3271 dicat
2780 3215 2929 3289 quod
2991 3218 3005 3265 1
3071 3231 3195 3273 mea
3247 3217 3584 3289 ignorantia,
3614 3218 3662 3275 si

396 3310 565 3366 Deum
593 3323 793 3364 meum.
813 3306 879 3362 Et
905 3307 950 3362 si
971 3305 1173 3377 aliquid
1197 3305 1326 3361 boui
1347 3322 1582 3376 unquam
1604 3305 1842 3361 imitatus
1860 3320 1981 3361 sum

398 3408 619 3474 pr0pter
658 3400 829 3455 Deum
865 3413 1044 3453 meum
1090 3412 1255 3466 quem
1303 3396 1490 3467 diligo,
1534 3406 1662 3468 peto
1702 3397 1853 3454 illum
1890 3397 1984 3455 det

399 3493 528 3548 mihi
568 3499 626 3546 ut
670 3482 794 3547 cum
827 3488 932 3543 illis
972 3487 1259 3559 proselytis
1308 3496 1363 3542 et
1390 3486 1618 3557 captivis
1640 3503 1737 3558 pro
1762 3489 1984 3545 nomine

400 3602 497 3641 suo
536 3582 804 3640 effundam
833 3581 1149 3649 sanguinem
1175 3594 1353 3633 meum
1374 3619 1388 3645 ,
1420 3579 1521 3633 etsi
1550 3580 1663 3649 ipse
1691 3580 1853 3636 etiam
1885 3596 1980 3637 ca-

474 3728 501 3757 ⁸
536 3717 627 3774 Sic
648 3714 898 3781 Bolland.
919 3712 1183 3777 Wamus,
1206 3728 1417 3783 sperno.

476 3789 501 3828 δ
540 3787 807 3854 Bolland.,
838 3786 952 3840 sine
976 3784 1269 3854 occasione.

438 3932 450 3944 .
476 3871 500 3944 ξ
541 3851 828 3928 Sequimur
854 3852 1100 3910 Bolland.
1128 3851 1370 3909 Warmus
1403 3872 1415 3906 :
1444 3851 1665 3909 Sed.....
1701 3855 1836 3921 Quia
1853 3853 1986 3907 nihil

404 3932 619 4054 mdﬁta
663 3999 844 4066 legere
881 3995 1147 4053 malumus
1191 4010 1317 4053 cum
1362 3986 1610 4051 Bolland.
1649 4011 1813 4065 quam
1858 4009 1984 4052 cum

407 4071 620 4152 Waran
646 4065 928 4123 scrutabor.
942 4065 1065 4124 Mox
1086 4067 1228 4140 apud
1244 4067 1514 4137 Bolland.,
1530 4066 1760 4131 calicem,
1783 4066 1985 4123 omisso

408 4159 813 4281 clueaBollandq
839 4209 1125 4281 acquisivit.

482 4281 500 4320 ί
542 4281 712 4351 Magis
759 4278 937 4350 placet
981 4294 1140 4350 quam
1189 4278 1456 4343 Bolland.,
1505 4294 1643 4334 cura:
1681 4279 1889 4333 sit......
1927 4278 1987 4332 in

407 4369 808 4490 ωξρῖἷὲἱιίωάη
839 4423 894 4476 in
924 4420 1093 4491 gloria
1116 4419 1243 4476 Iesu
1284 4417 1479 4476 Christi
1518 4418 1770 4493 ﬁdem?“
1806 4431 1985 4475 om“

2071 3304 2272 3375 aliquid
2299 3305 2549 3377 pusillum
2608 3304 2634 3343 ¹ι
2685 3306 2771 3377 egi
2792 3302 2880 3364 vel
2934 3305 3442 3375 demonstraverim,
3472 3323 3667 3366 secun-

2071 3397 2199 3455 dum
2237 3397 2332 3453 Dei
2380 3398 2657 3469 placitum.
2705 3397 2815 3455 Sed
2866 3399 3203 3456 arbitramini
3225 3440 3245 3466 ,
3290 3409 3349 3455 et
3381 3400 3665 3459 verissime

2072 3489 2344 3555 credatur,
2393 3486 2413 3526 ι
2467 3490 2612 3561 quod
2655 3489 2860 3547 donum
2902 3490 2998 3548 Dei
3048 3490 3256 3547 fuisset.
3277 3558 3283 3565 ε
3305 3490 3376 3547 Et
3422 3491 3539 3549 hac
3583 3499 3670 3549 est

2071 3580 2338 3638 confessio
2365 3595 2487 3641 mea
2517 3590 2811 3651 antequam
2832 3582 3053 3639 moriar.

2081 3717 2275 3770 erimus
2301 3717 2451 3799 quasi
2485 3716 2584 3799 filii
2739 3727 2793 3799 et
2817 3718 3109 3799 cohwredes
3135 3716 3436 3799 Christi,_et
3463 3722 3670 3793 confor-

2083 3802 2190 3867 mes
2218 3790 2745 3872 creaturajmaginis
2773 3790 2937 3872 ipsius
2959 3806 2977 3843 :
2998 3791 3245 3872 quoniam
3269 3807 3336 3872 ea:
3360 3790 3490 3872 ipso,
3507 3790 3671 3872 αἱρεῖν

2083 3860 2272 3926 ipsum,
2314 3860 2445 3912 etin
2474 3860 2588 3928 ipso
2618 3867 2738 3913 sunt
2782 3861 2961 3915 omnia
2993 3876 3010 3912 :
3039 3860 3141 3929 ipsi
3174 3860 3345 3930 gloria
3382 3860 3441 3916 in
3479 3860 3673 3918 secula

2084 3928 2411 3987 swculorum,
2453 3927 2635 3983 Amen.
2667 3928 2734 3982 Et
2761 3930 2943 3985 statim
2977 3949 2988 3983 ε
3024 3927 3091 3984 In
3118 3931 3209 3985 illo
3238 3932 3377 3986 enim
3406 3932 3672 3987 reanaturi

2084 3944 2411 3995 san-morum,
2453 3944 2635 3983 amen.
2667 3944 2734 3982 bi
2761 3944 2943 3985 Statim
2977 3949 2988 3983 :
3024 3944 3091 3984 ιη
3118 3944 3209 3985 ulo
3238 3947 3377 3986 entm
3406 3944 3672 4004 regnatur:

2082 4011 2259 4050 sumus
2283 4012 2299 4049 :
2323 4012 2446 4050 nam
2472 3998 2552 4053 sol
2578 3999 2693 4063 iste,
2726 4009 2830 4054 etc.

2156 4064 2184 4143 if
2216 4064 2459 4143 Pessime
2488 4069 2747 4135 Warreus,
2777 4070 3044 4143 redderem
3070 4080 3304 4143 agentem
3324 4070 3488 4126 illam.

2164 4135 2181 4214 ξ
2215 4134 2345 4214 Post
2370 4137 2511 4214 hanc
2537 4134 2739 4214 vocem
2756 4139 2963 4214 addunt
2992 4134 3262 4214 Bolland.,
3283 4150 3332 4198 et
3359 4142 3669 4213 potantibus.

2160 4205 2175 4284 _i
2216 4205 2484 4284 μοιρηρη
2514 4226 2642 4284 mera
2661 4211 2973 4284 ignorantia:
2995 4211 3012 4282 (
3035 4211 3240 4284 fuerit).

2159 4273 2185 4354 [ε
2216 4272 2564 4354 [tapolland
2592 4272 2733 4354 Male
2750 4272 3012 4354 ννπςηυεζ
3035 4272 3153 4354 ἐθο-

2161 4343 2180 4383 ι
2222 4344 2491 4417 Bolland.,
2522 4350 2660 4423 quod
2692 4347 2834 4405 Deus
2871 4343 3068 4423 fuisset.

704 4639 734 4671 ·
803 4642 951 4757 s.
1029 4634 1882 4753 PATRIGII
1949 4636 2213 4747 nn
2295 4633 3348 4753 concursans:
3686 4552 3687 4559 ᾧ

1520 4819 2474 4965 EPISTULA
2507 4923 2546 4960 .

1806 5057 2252 5081 —-——-

482 5168 525 5226 I.
554 5166 817 5224 Patricius
853 5171 1135 5238 peccator,
1174 5160 1424 5218 indoctus
1450 5158 1674 5225 scilicet,
1705 5155 1995 5213 Hiberlone
2021 5159 2077 5220 D
2101 5155 2239 5214 dure
2260 5166 2316 5214 et
2350 5165 2459 5215 tam
2488 5175 2681 5231 aspere
2706 5157 2735 5199 ι
2763 5174 2835 5218 ει
2858 5175 2953 5218 ore
2978 5174 3105 5221 meo
3129 5160 3443 5235 etl'undere,
3467 5166 3562 5228 sed
3585 5126 3708 5230 ωε,

413 5263 762 5319 constitutum
805 5259 1122 5330 episcopum
1165 5270 1255 5312 me
1295 5267 1417 5311 esse
1462 5252 1655 5310 fateor.
1685 5249 1997 5321 certissime
2100 5261 2201 5318 gor
2242 5248 2360 5306 zelo
2386 5249 2481 5307 Dei
2509 5259 2567 5308 et
2605 5250 2844 5317 veritatis
2870 5250 3068 5307 Christi
3085 5292 3100 5320 ,
3153 5252 3289 5327 (qui)
3310 5258 3567 5315 excitavit
3595 5277 3682 5317 me

412 5371 559 5422 reor,
588 5371 622 5411 a
646 5353 760 5410 Deo
788 5352 976 5423 accepi
1001 5350 1057 5406 id
1083 5348 1233 5421 quod
1262 5361 1400 5404 sum.
1431 5344 1580 5401 Inter
1603 5344 1866 5400 barbaros
1889 5341 1996 5396 ita-

413 5463 519 5518 que
545 5448 729 5503 habito
759 5445 1064 5517 proselytus
1102 5450 1157 5498 et
1194 5439 1420 5515 profuga
1444 5479 1459 5504 ,
1505 5434 1577 5494 ob
1615 5449 1855 5491 amorem
1875 5428 1971 5484 Dei

415 5538 590 5597 Testis
630 5544 716 5595 est
753 5538 846 5594 ille
866 5576 882 5602 ,
914 5535 959 5593 si
999 5535 1073 5591 ita
1104 5541 1186 5592 est
1233 5551 1246 5589 :
1279 5547 1388 5589 non
1414 5527 1559 5602 quod
1600 5532 1855 5598 optabam
1881 5531 1990 5580 tam

486 5687 511 5717 δι
542 5675 713 5746 Apud.
744 5672 991 5746 Bolland.
1038 5675 1116 5746 sic
1159 5689 1221 5746 se
1259 5673 1430 5746 habet
1459 5669 1645 5746 isthzec
1669 5662 1946 5746 inscriptio

2099 5352 2203 5409 pro
2235 5336 2526 5397 dilectione
2552 5340 2925 5413 proximorum
2951 5351 3113 5414 atque
3142 5338 3392 5419 filiorum,
3424 5364 3522 5425 pro
3562 5353 3683 5424 qui-

2097 5427 2200 5485 bus
2238 5431 2433 5488 tradidi
2480 5434 2709 5505 patriam
2756 5441 2813 5493 et
2862 5446 3116 5508 parentes
3144 5447 3199 5496 et
3227 5440 3465 5499 animam
3505 5460 3681 5503 meam

2104 5538 2279 5597 usque
2303 5526 2374 5584 ad
2398 5534 2648 5596 mortem,
2678 5530 2725 5587 si
2753 5529 2946 5600 mnus
2971 5548 3108 5589 sum.
3135 5532 3268 5591 νυνί
3298 5536 3413 5594 Deo
3436 5551 3561 5594 meo
3584 5536 3683 5593 do-

2176 5662 2505 5736 "_Bollaml.,
2546 5664 2742 5735 aliquid
2767 5681 2831 5721 sa:
2878 5684 2967 5721 ore
3012 5682 3141 5721 meo.
3177 5665 3339 5722 Patrio
3368 5673 3494 5721 ante
3540 5666 3678 5736 apud

417 5732 655 5817 Episto'la
775 5745 996 5799 Patricii
1146 5741 1467 5797 Christianos
1522 5734 1745 5817 Corotici
1791 5732 2001 5803 tyranni
2108 5732 2347 5800 eosdem,
2379 5732 2662 5786 Hiberica}:
2711 5737 3013 5788 constitutus
3066 5737 3350 5805 epismpus,
3399 5732 3682 5791 certissima

414 5810 667 5875 subditos.
691 5814 759 5876 Et
776 5823 925 5877 recte
946 5814 1186 5882 quidem,
1214 5820 1273 5871 ut
1300 5827 1369 5871 ex
1395 5818 1652 5870 contextu
1676 5810 1855 5869 είαιιρι.

2112 5819 2242 5858 reor.
