4238 6260
865 222 892 229 ν..

584 313 691 371 815

1517 300 1576 356 S.
1615 288 1978 354 PATRICIUS
2014 283 2464 349 iilBERNORUM
2505 292 2920 350 APOSTOLUS.

3756 283 3862 345 816

528 409 534 438 ³
584 442 711 486 cere
751 430 969 495 gentes,
999 418 1103 477 etsi
1145 422 1464 473 contemnor
1491 420 1517 449 ι
1562 422 1593 466 a
1620 402 1817 481 quibus
1854 426 2021 465 manu
2050 425 2169 464 mea
2197 415 2247 472 Α
2280 427 2371 479 xx,
2403 410 2493 480 15,
2522 410 2629 478 16).
2660 408 2920 465 Comedet
2945 412 3125 463 autem
3152 421 3279 463 eum
3293 406 3431 478 ignis
3452 406 3866 477 inexstinguibi-

586 517 777 588 scripsi
806 522 968 585 atque
1004 507 1218 565 condidi
1261 505 1427 561 verba
1475 504 1579 558 ista
1610 502 1786 558 danda
1831 510 1885 557 et
1913 500 2173 556 tradenda

586 611 847 667 militibus
875 600 1137 660 mittenda
1162 598 1440 666 Corotico,
1482 613 1591 651 non
1619 596 1741 651 dico
1782 595 1988 651 civibus
2016 594 2168 659 meis,

585 715 763 771 neque
804 695 1009 753 civibus
1045 698 1351 747 sanctorum
1381 688 1753 743 Romanorum
1780 729 1795 755 ,
1837 684 1931 740 sed
1968 684 2174 739 civibus

587 788 977 847 damioniorum
997 824 1011 849 ,
1045 783 1115 838 ob
1150 782 1292 835 mala
1321 794 1487 850 opera
1516 779 1754 850 ipsorum
1779 819 1793 843 ,
1835 776 1944 831 ritu
1968 774 2169 830 hostili.

586 881 645 936 In
696 885 873 935 morte
916 876 1104 931 vivunt
1150 871 1283 928 socii
1326 863 1637 926 Scottorum
1691 874 1853 938 atque
1899 866 2172 921 Pictorum

588 978 958 1044 apostatarum
981 1007 996 1032 ,
1028 964 1055 1003 ι’
1084 965 1239 1035 quasi
1267 962 1525 1031 sanguine
1553 961 1797 1016 volentes
1824 958 2057 1027 saginari
2086 956 2170 1009 in-

530 1050 541 1060 .
585 1063 898 1120 nocentium
926 1057 1375 1117 Christianorum,
1421 1068 1560 1122 quos
1590 1066 1690 1120 ego
1721 1051 2031 1105 innumeros
2059 1048 2171 1103 Deo

587 1154 750 1223 genui
778 1163 940 1221 atque
964 1150 1016 1204 in
1040 1147 1253 1202 Christo
1276 1142 1608 1201 conﬁrmavi.

657 1243 720 1298 II.
764 1242 988 1298 Postera
1030 1239 1117 1294 die
1142 1253 1248 1307 qua
1283 1248 1303 1275 ε
1347 1234 1626 1290 chrismati
1652 1232 1910 1304 neophyti
1937 1231 1989 1284 in
2019 1238 2172 1285 veste

585 1333 852 1399 candida,
900 1332 1026 1387 dum
1058 1327 1234 1402 (ﬁdes)
1283 1328 1547 1396 ﬂagrabat
1574 1327 1627 1379 in
1668 1324 1845 1379 fronte
1892 1324 2168 1392 ipsorum,

587 1426 873 1482 crudeliter
900 1422 1152 1478 trucidati
1182 1429 1344 1489 atque
1373 1418 1588 1472 mactati
1615 1416 1783 1487 (sunt)
1816 1415 1999 1484 gladio
2029 1430 2061 1466 a
2082 1429 2173 1467 su-

588 1517 841 1587 pradictis
868 1557 885 1583 ,
927 1514 1049 1568 misi
1087 1512 1370 1582 epistolam
1415 1525 1538 1565 cum
1578 1516 1768 1563 sancto
1814 1506 2129 1576 presbytero
2154 1545 2170 1570 ,

588 1624 748 1677 quem
773 1620 873 1675 ego
901 1622 973 1661 ex
997 1604 1221 1658 infantia
1243 1602 1402 1657 docui
1426 1616 1546 1656 cum
1569 1598 1797 1665 clericis,
1823 1605 1881 1652 ut
1903 1597 2057 1651 nobis
2082 1596 2175 1649 ali-

587 1701 716 1771 quid
762 1698 1100 1766 indulgerent
1152 1695 1219 1749 de
1268 1692 1444 1764 prtcda
1480 1692 1569 1746 vel
1614 1690 1681 1745 de
1729 1689 1958 1760 captivis
1990 1688 2170 1757 bapti-

2276 505 2359 559 lis.
2392 502 2631 573 Ideoque
2673 517 2753 556 va:
2782 501 2875 571 qui
2919 500 3134 571 replent
3178 514 3237 555 se
3268 499 3394 570 (his)
3440 513 3561 569 qua:
3589 515 3700 554 non
3739 508 3865 553 sunt

2276 611 2389 650 sua.
2416 591 2535 658 Vel,
2573 593 2695 666 quid
2727 592 2935 664 prodest
2966 591 3190 657 homini,
3222 599 3281 643 ut
3309 598 3474 645 totum
3499 590 3752 645 mundum
3781 592 3863 646 lu-

2274 696 2442 741 cretur
2465 728 2480 753 ,
2521 695 2571 740 et
2600 688 2791 741 animae
2817 701 2926 740 sua:
2970 684 3333 738 detrimentum
3370 684 3605 755 patiatur
3643 682 3861 755 (Matth.

2274 793 2383 846 xvi,
2414 775 2547 847 26)?
2576 777 2817 846 Longum
2858 787 2942 831 est
2964 791 3064 847 per
3092 776 3299 845 singula
3326 775 3599 832 discutere
3621 776 3709 831 vel
3734 776 3866 831 insi-

2278 886 2447 925 nuare
2468 909 2482 933 ,
2529 885 2627 939 per
2655 876 2828 925 totam
2856 869 3028 938 legem
3071 883 3295 939 carpere
3322 867 3633 923 testimonia
3656 866 3725 923 de
3770 867 3865 924 tali

2272 962 2582 1033 cupiditate.
2630 962 2869 1017 Avaritia
2911 960 3140 1015 mortale
3180 959 3407 1016 crimen.
3439 956 3568 1013 Non
3613 960 3861 1030 concupi-

2270 1072 2381 1113 sces
2403 1072 2511 1110 rem
2527 1055 2751 1125 proximi
2777 1055 2867 1108 tui.
2895 1051 3020 1107 Non
3041 1051 3247 1108 occides
3272 1049 3469 1125 (Exod.
3502 1067 3593 1115 xx,
3628 1050 3717 1117 17,
3744 1050 3862 1121 15).

2273 1146 2550 1201 Homicida
2584 1163 2690 1201 non
2719 1152 2899 1216 potest
2927 1160 3046 1199 esse
3073 1159 3195 1199 cum
3222 1141 3458 1198 Christo.
3489 1139 3591 1206 Qui
3620 1141 3730 1196 odit
3758 1143 3865 1213 fra-

2276 1248 2402 1291 trem
2431 1254 2612 1303 suum,
2646 1234 2903 1291 homicida
2933 1233 3243 1299 ascribitur;
3282 1232 3399 1298 vel,
3426 1234 3512 1305 qui
3546 1250 3650 1288 non
3686 1232 3866 1305 diligit

2273 1330 2492 1400 fratrem
2542 1344 2688 1382 suum
2714 1328 2767 1380 in
2813 1334 2975 1380 morte
3007 1326 3180 1379 manet
3204 1323 3254 1396 (1
3298 1322 3457 1377 Joan.
3486 1339 3560 1386 ιιι,
3606 1322 3695 1391 14,
3740 1320 3863 1391 15).

2272 1418 2483 1484 Quanto
2527 1419 2696 1487 magis
2724 1432 2850 1472 reus
2882 1423 2967 1471 est
2993 1416 3087 1485 qui
3115 1431 3308 1470 manus
3346 1430 3470 1469 suas
3495 1415 3867 1483 coinquinavit

2274 1511 2326 1564 in
2359 1510 2616 1579 sanguine
2644 1508 2877 1563 ﬁliorum
2912 1505 3051 1571 Dei,
3101 1521 3239 1577 quos
3284 1520 3455 1576 nuper
3493 1503 3779 1572 acquisivit
3810 1504 3865 1560 in

2279 1601 2480 1655 ultimis
2511 1608 2688 1665 terrae,
2720 1614 2820 1669 per
2847 1596 3283 1653 exhortationem
3311 1595 3591 1666 parvitatis
3624 1593 3864 1648 nostras?

2351 1692 2410 1748 V.
2452 1691 2702 1760 Nunquid
2732 1691 2849 1746 sine
2899 1690 3010 1745 Deo
3047 1688 3132 1743 vel
3175 1687 3470 1744 secundum
3504 1701 3726 1741 carnem
3762 1685 3863 1741 lli-

588 1793 720 1847 lalis
747 1806 881 1859 (ιιιοε
912 1795 1172 1859 ceperunt
1205 1806 1216 1839 ε
1252 1786 1386 1857 (θεά)
1418 1785 1709 1841 αλειιίηηοε
1735 1784 1980 1838 recerti!“
2007 1782 2073 1836 de
2101 1781 2168 1834 il-
2199 1782 2247 1842 B
2274 1786 2496 1842 berione
2520 1784 2683 1839 veni?
2712 1782 2843 1850 Quis
2870 1798 2958 1838 me
2997 1781 3292 1851 compulit?
3320 1779 3571 1848 alligatus
3597 1794 3716 1834 sum
3749 1778 3860 1847 spi-

589 1882 670 1937 Iis.
702 1881 906 1936 Idcirco
937 1879 1118 1934 nescio
1146 1894 1284 1948 quos
1310 1876 1480 1944 magis
1508 1876 1719 1944 lugeam
1738 1915 1752 1941 ,
1792 1889 1861 1927 an
1889 1872 1983 1941 qui
2011 1872 2175 1926 inter-

588 1974 749 2042 fecti,
778 1972 865 2027 vel
892 1986 1030 2040 quos
1058 1976 1319 2039 ceperunt
1342 2008 1356 2032 ,
1389 1966 1475 2021 vel
1523 1981 1659 2034 quos
1686 1965 1922 2033 graviter
1951 1961 2173 2017 zabulus

589 2062 919 2133 illaqueavit,
950 2058 1085 2131 (qui)
1112 2057 1337 2128 perenni
1365 2072 1523 2126 poena
1545 2056 1803 2123 gehennm
1826 2053 2029 2124 pariter
2050 2066 2172 2124 cum

494 2219 501 2225 σ
590 2155 706 2224 ipso
747 2152 1212 2221 mancipabuntur.
1246 2148 1380 2217 Quia
1411 2146 1437 2185 ά
1465 2148 1649 2217 utique
1669 2146 1897 2217 peccati,
1924 2145 2016 2214 qui
2045 2144 2173 2199 facit

586 2256 898 2318 peccatum,
929 2261 1116 2302 servus
1144 2253 1226 2301 est
1252 2242 1311 2317 (1
1337 2244 1495 2299 Joan.
1516 2250 1602 2308 “iu,
1632 2242 1711 2315 8),
1746 2251 1800 2298 et
1830 2242 1967 2296 ﬁlius
1997 2240 2171 2295 zabuli

588 2345 947 2409 nuncupatur.

654 2428 742 2485 Ill.
799 2427 1141 2499 Quapropter
1182 2429 1318 2483 sciat
1354 2426 1528 2483 omnis
1564 2427 1728 2481 homo
1766 2424 1961 2479 timens
2002 2414 2172 2478 Deum

585 2522 729 2593 quod
757 2537 789 2575 a
817 2536 906 2575 me
934 2520 1098 2575 alieni
1124 2527 1252 2574 sunt
1279 2526 1335 2574 et
1362 2534 1393 2572 a
1420 2516 1636 2572 Christo
1667 2516 1891 2571 Domino
1921 2529 2044 2569 meo
2072 2528 2171 2583 pro

586 2631 695 2685 quo
723 2614 992 2683 legatione
1019 2611 1231 2680 fungor,
1266 2609 1556 2681 patricidae,
1589 2605 1893 2671 fratricidtr,
1927 2605 2040 2675 lupi
2081 2620 2169 2659 ra-

585 2722 784 2779 paces,
815 2706 1120 2760 devorantes
1166 2700 1364 2773 plebem
1410 2699 1665 2767 Domini,
1712 2694 1767 2750 ut
1813 2696 1979 2751 cibum
2022 2695 2173 2766 panis

587 2798 761 2870 (Psat.
794 2812 906 2862 xm,
938 2794 1028 2865 4),
1058 2796 1196 2850 sicut
1224 2794 1336 2859 ait;
1385 2792 1561 2863 Iniqui
1603 2790 1983 2860 dissipaverunt
2012 2787 2172 2858 legem

587 2900 758 2954 tuam,
788 2887 1009 2943 Domine
1039 2885 1210 2958 (Psal.
1249 2901 1408 2942 cxvm
1433 2927 1447 2951 ,
1490 2882 1635 2955 126),
1680 2896 1787 2951 qua
1824 2881 1879 2935 in
1907 2879 2174 2950 supremis

587 2981 919 3052 temporibus
967 2978 1259 3033 Hiberione
1308 2976 1511 3047 Optime
1557 2982 1613 3029 et
1656 2973 1888 3040 benigne
1932 2971 2171 3042 plantata

587 3080 751 3143 atque
779 3073 1041 3126 instructa
1075 3078 1196 3125 erat
1222 3067 1439 3124 favente
1469 3067 1603 3122 Deo.
1640 3065 1758 3120 Non
1782 3078 1983 3135 usurpo
2014 3061 2171 3133 (alie-

2274 1877 2408 1941 ritu,
2460 1883 2521 1929 ut
2559 1891 2667 1930 non
2714 1873 2928 1929 videam
2972 1872 3207 1942 aliquem
3245 1871 3312 1926 de
3345 1871 3673 1938 cognatione
3721 1885 3860 1926 mea.

2277 1979 2299 2006 ο
2331 1967 2582 2037 Nunquid
2618 1966 2762 2037 piam
2793 1964 3217 2019 misericordiam
3255 1976 3357 2031 ago
3390 1976 3518 2031 erga
3546 1970 3764 2030 gentem
3794 1961 3860 2015 il-

2272 2059 2379 2113 lam
2426 2073 2548 2129 qua:
2589 2072 2677 2112 me
2704 2054 2994 2127 aliquando
3033 2061 3327 2126 ceperunt,
3359 2060 3416 2108 et
3442 2052 3859 2108 devastaverunt

2273 2165 2458 2206 servos
2503 2157 2559 2204 et
2597 2148 2822 2204 ancillas
2862 2147 3055 2203 domus
3094 2147 3263 2217 patris
3292 2147 3447 2203 mei?
3486 2145 3757 2213 lngenuus
3789 2144 3860 2201 fui

2274 2240 2567 2297 secundum
2592 2255 2812 2295 carnem
2840 2257 2854 2292 :
2902 2237 2923 2276 ί
2957 2238 3247 2294 decorione
3275 2245 3429 2307 patre
3469 2252 3682 2292 nascor.
3716 2236 3859 2290 Ven-

2273 2332 2382 2387 didi
2413 2332 2558 2387 enim
2599 2331 2935 2386 nobilitatem
2966 2343 3143 2385 meam
3176 2327 3309 2400 (non
3352 2328 3614 2384 erubesco
3637 2369 3652 2395 ,
3686 2341 3861 2398 neque

2273 2438 2360 2476 me
2391 2419 2637 2492 paenitet)
2666 2437 2766 2491 pro
2794 2421 3028 2475 utilitate
3063 2420 3314 2475 aliorum.
3347 2426 3376 2466 ι
3405 2419 3644 2489 Denique
3671 2433 3859 2473 servus

2272 2529 2389 2568 sum
2418 2512 2472 2566 in
2494 2510 2704 2568 Christo
2724 2508 2853 2566 Jesu
2879 2511 3108 2565 Domino
3130 2519 3339 2574 nostro,
3370 2510 3470 2566 etsi
3499 2510 3606 2564 mei
3627 2524 3719 2564 me
3747 2524 3859 2563 non

2274 2612 2623 2675 cognoscunt.
2653 2604 2917 2673 Propheta
2948 2604 3004 2656 in
3036 2603 3211 2673 patria
3238 2619 3330 2656 sua
3356 2601 3597 2656 honorem
3630 2617 3735 2655 non
3759 2600 3856 2653 ha-

2274 2697 2354 2751 bet
2382 2697 2582 2770 (Marc.
2607 2714 2678 2763 v1,
2714 2695 2790 2767 4).
2818 2695 2980 2751 Forte
3010 2711 3116 2750 uon
3142 2711 3322 2751 sumus
3349 2711 3415 2751 ex
3436 2712 3541 2751 uno
3571 2695 3714 2759 ovili,
3748 2710 3849 2749 ne-

2272 2809 2378 2863 que
2397 2809 2561 2847 unum
2589 2792 2757 2846 Deum
2788 2798 2994 2862 patrem
3020 2791 3304 2857 habemus,
3329 2791 3463 2846 sicut
3490 2791 3564 2844 ait
3586 2810 3597 2844 :
3624 2788 3723 2854 Qui
3745 2806 3848 2845 non

2272 2896 2351 2940 est
2380 2902 2576 2939 mecum
2600 2892 2783 2939 contra
2818 2902 2897 2939 me
2916 2893 3013 2953 est,
3036 2894 3087 2939 et
3115 2885 3205 2956 qui
3226 2902 3330 2938 non
3358 2893 3628 2954 congregat
3653 2898 3853 2936 mecum

2272 2979 2471 3048 spargit
2485 2976 2634 3048 (Luc.
2662 2992 2733 3042 χι,
2757 2974 2871 3047 25).
2891 2975 3006 3031 Νοη
3021 2976 3292 3041 convenit,
3316 2974 3460 3030 Unus
3475 2973 3859 3038 destruit,'alter

2276 3070 2502 3141 adificat
2527 3068 2714 3142 (Eccti.
2737 3062 2919 3135 xmv,
2948 3068 3062 3140 28).
3084 3069 3203 3125 Non
3227 3084 3411 3138 quaero
3434 3083 3553 3139 quas
3572 3082 3692 3122 mea
3713 3075 3856 3122 sunt.

587 3179 658 3217 na
690 3180 702 3215 :
731 3161 848 3230 sed)
878 3169 1087 3230 partem
1128 3160 1302 3215 habeo
1339 3173 1461 3214 cum
1499 3156 1583 3211 his
1610 3172 1747 3225 quos
1783 3152 2086 3221 advocavit,
2117 3159 2171 3206 et

2345 3160 2431 3217 VI.
2465 3161 2582 3217 Non
2611 3178 2732 3217 mea
2759 3160 2960 3231 gratia;
2991 3161 3086 3217 sed
3120 3160 3263 3216 Deus
3289 3160 3507 3237 quidem
3538 3160 3679 3214 hanc
3709 3158 3859 3215 solli-

585 3249 988 3321 praedestinavit
1007 3247 1359 3316 Evangelium
1382 3245 1674 3316 prmdicare
1696 3247 1751 3300 in
1779 3244 2169 3316 persecutioni-

589 3342 688 3398 bus
716 3332 825 3397 non
852 3340 1032 3411 parvis
1055 3353 1227 3407 usque
1254 3337 1323 3391 ad
1352 3347 1655 3393 extremum
1688 3345 1864 3391 terrae.
1889 3334 2002 3390 Etsi
2032 3334 2171 3388 invi-

590 3434 679 3489 det
705 3432 954 3487 inimicus
973 3444 1073 3501 per
1098 3427 1440 3501 tyrannidem
1469 3426 1727 3496 Corotici,
1754 3426 1847 3497 qui
1872 3427 2042 3481 Deum
2062 3440 2172 3480 non

502 3546 507 3549 >
590 3531 822 3590 veretur,
838 3538 940 3578 nec
949 3520 1260 3577 sacerdotes
1274 3519 1440 3590 ipsius
1449 3534 1586 3588 quos
1600 3519 1760 3589 elegit
1770 3526 1828 3574 et
1840 3517 2059 3573 indulsit
2070 3516 2173 3573 illis

590 3629 871 3680 summam,
883 3612 1141 3678 divinam,
1159 3611 1440 3666 sublimem
1458 3616 1938 3681 potestatem,quos
1950 3608 2173 3679 ligarent

588 3725 742 3778 super
763 3717 974 3772 terram,
997 3705 1188 3777 ligatos
1204 3720 1323 3771 esse
1342 3712 1391 3757 et
1418 3704 1474 3756 in
1496 3702 1635 3757 cretis
1658 3700 1870 3772 (Matth.
1891 3715 2036 3765 xvm,
2056 3697 2168 3769 18).

659 3798 746 3853 lV.
778 3797 934 3852 Unde
961 3811 1091 3866 ergo
1110 3810 1292 3866 quaeso
1320 3796 1629 3865 plurimum,
1647 3795 1833 3864 sancti
1860 3801 1917 3847 et
1946 3791 2173 3847 humiles

587 3891 751 3948 corde
774 3932 789 3958 ,
831 3889 1035 3944 adulari
1062 3889 1260 3943 talibus
1290 3902 1398 3942 non
1427 3887 1579 3951 licet,
1613 3902 1712 3941 nec
1734 3886 1913 3940 cibum
1942 3899 2041 3939 nec
2068 3899 2167 3953 po—

588 3989 701 4036 tum
743 3994 959 4035 sumere
996 3993 1119 4034 cum
1154 3978 1285 4047 ipsis
1309 4018 1324 4041 ,
1368 3992 1469 4032 nec
1515 3976 1883 4044 eleemosynas
1929 3973 2168 4043 ipsorum

585 4074 826 4143 recipere
852 4071 1070 4139 debere,
1093 4069 1267 4125 donec
1289 4057 1579 4123 crudeliter
1606 4066 1786 4121 eﬁ'usis
1811 4064 2061 4136 lacrymis
2089 4079 2169 4119 sa-

588 4165 656 4218 tis
696 4164 807 4218 Deo
854 4162 1052 4217 faciant
1096 4168 1150 4214 et
1195 4160 1425 4214 liberent
1469 4171 1655 4212 servos
1703 4155 1799 4210 Dei
1846 4161 1900 4210 et
1946 4153 2167 4209 ancillas

586 4254 784 4309 Christi
826 4253 1145 4323 baptizatas,
1174 4265 1275 4320 pro
1303 4250 1499 4319 quibus
1526 4254 1770 4302 mortuus
1798 4253 1880 4301 est
1909 4253 1964 4300 et
1988 4246 2162 4301 cruci-

584 4346 746 4401 ﬁxus.
776 4345 929 4401 Dona
946 4345 1245 4413 iniquorum
1272 4340 1517 4411 reprobat
1539 4338 1853 4392 Altissimus.
1883 4336 1986 4403 Qui
2013 4338 2165 4407 offert
2196 4336 2199 4343 ’

582 4434 898 4503 sacriﬁcium
926 4450 991 4486 ex
1021 4431 1309 4485 substantia
1330 4444 1628 4499 pauperum,
1657 4429 1806 4499 quasi
1832 4430 1917 4501 qui
1939 4429 2163 4482 victimat

2275 3253 2568 3308 citudinem
2597 3252 2792 3325 (dedit)
2836 3254 2889 3308 in
2918 3252 3083 3309 corde
3125 3268 3249 3308 meo
3271 3292 3287 3317 ,
3330 3258 3390 3306 ut
3417 3268 3555 3307 unus
3584 3266 3759 3306 essem
3792 3249 3858 3304 de

2275 3344 2621 3400 venatoribus
2649 3345 2763 3400 sive
2792 3344 3150 3415 piscatoribus
3183 3358 3320 3413 quos
3348 3343 3478 3398 olim
3508 3343 3651 3398 Deus
3677 3343 3730 3397 in
3760 3358 3859 3396 uo-

2276 3435 2507 3490 vissimis
2552 3434 2740 3491 diebus
2782 3428 2908 3491 ante
2954 3434 3331 3506 praenuntiavit
3377 3431 3510 3506 (Jer.
3543 3449 3700 3499 XXVI,
3743 3431 3853 3501 16).

2274 3525 2547 3580 lnvidetur
2574 3524 2704 3579 mihi
2740 3544 2753 3578 :
2785 3524 2921 3592 Quid
2954 3524 3144 3580 faciam
3186 3524 3446 3582 Domine?
3478 3524 3647 3580 Valde
3678 3523 3857 3594 despi-

2274 3617 2406 3672 cior.
2431 3615 2730 3676 Ecce_oves
2751 3623 2855 3671 tuae
2879 3616 3025 3673 circa
3052 3631 3139 3672 me
3168 3615 3440 3671 laniautur
3467 3623 3627 3685 atque
3651 3615 3857 3685 deprae-

2273 3707 2471 3763 dantur
2498 3725 2527 3764 a
2568 3707 2888 3778 supradictis
2927 3708 3241 3764 latrunculis
3263 3749 3278 3774 ,
3315 3705 3541 3777 iubente
3563 3705 3852 3772 Corotico,

2272 3797 2455 3854 hostili
2480 3806 2661 3854 mente
2693 3798 2873 3871 (longe
2898 3806 2981 3854 est
3009 3814 3040 3853 a
3068 3798 3291 3853 caritate
3317 3797 3414 3853 Dei
3436 3797 3663 3854 traditor
3686 3794 3849 3851 Chrio

2272 3889 2590 3961 stianorum)
2616 3930 2631 3956 ,
2681 3891 2734 3945 in
2775 3907 2965 3946 manus
3000 3890 3312 3947 Scottorum
3350 3898 3512 3961 atque
3554 3887 3842 3944 Pictorum.

2271 3981 2406 4051 Lupi
2448 3997 2675 4052 rapaces
2703 3981 3070 4051 deglutierunt
3094 3996 3311 4052 gregem
3338 3980 3583 4046 Domini,
3624 3981 3713 4051 qui
3738 3980 3848 4035 uti-

2270 4086 2375 4141 que
2405 4070 2693 4128 Iliberione
2721 4087 2843 4129 cum
2871 4088 3077 4129 summa
3110 4072 3383 4142 diligentia
3410 4070 3613 4143 optime
3636 4086 3852 4128 cresce-

2268 4163 2393 4225 bat;
2441 4170 2495 4218 et
2525 4162 2617 4217 ﬁlii
2657 4162 2964 4221 Scottorum
3008 4172 3062 4220 et
3103 4162 3223 4219 ﬁlia:
3252 4163 3554 4233 regulorum
3597 4163 3852 4218 monachi

2270 4250 2469 4305 ﬁebant
2495 4259 2549 4308 et
2576 4252 2810 4322 virgines
2833 4252 3067 4321 Christi;
3095 4271 3234 4325 quos
3262 4269 3577 4311 enumerare
3604 4268 3840 4322 nequeo.

2268 4339 2295 4378 ¹ι
2315 4341 2674 4408 Quamobrem
2692 4344 2885 4414 injuria
2902 4344 3169 4415 iustorum
3184 4361 3293 4401 non
3312 4345 3404 4401 tibi
3424 4346 3653 4415 placeat,
3674 4344 3845 4400 etiam

2264 4449 2437 4504 usque
2465 4435 2531 4491 ad
2561 4437 2762 4493 inferos
2783 4453 2891 4494 non
2918 4438 3169 4509 placebit.

583 4525 751 4594 ﬁlium
775 4525 830 4576 ἱη
869 4529 1144 4591 conspectu
1181 4520 1344 4589 Patris
1371 4519 1454 4573 sui
1489 4517 1676 4590 (Eccli.
1704 4535 1883 4585 xxxrv,
1915 4519 2001 4584 25,
2042 4518 2156 4590 24).
2188 4535 2241 4596 ι)
2333 4523 2443 4579 VII.
2489 4525 2619 4593 Quis
2647 4536 2954 4584 sanctorum
3002 4545 3111 4585 non
3158 4530 3381 4586 horreat
3417 4527 3715 4599 jocundare
3760 4527 3849 4583 vel

584 4613 812 4678 Divitiae,
843 4611 1036 4680 inquit,
1067 4626 1193 4681 quas
1223 4607 1557 4682 congregabit
1582 4609 1805 4679 injustus
1823 4651 1837 4676 ,
1871 4619 2163 4667 evomentur

580 4706 645 4760 de
670 4712 842 4759 ventre
869 4704 983 4771 ejus
1007 4720 1025 4768 ;
1056 4702 1215 4756 trahit
1244 4702 1391 4757 illum
1416 4703 1631 4774 angelus
1657 4704 1837 4757 mortis
1873 4720 1890 4757 :
1919 4706 2002 4760 ira
2030 4706 2159 4759 dra-

578 4813 762 4853 conum
788 4793 1089 4851 multabitur
1109 4810 1127 4848 :
1147 4794 1421 4864 interficiat
1438 4792 1586 4848 illum
1618 4793 1797 4866 lingua
1816 4793 2012 4850 colubri
2034 4794 2154 4867 (Job

650 4919 677 4947 ἰ
704 4906 973 4972 Bolland.,
1003 4922 1037 4977 a
1057 4903 1476 4977 quibusdam._l_5t
1502 4922 1659 4960 manu
1680 4921 1813 4959 mea.

646 4979 674 5019 δ
702 4979 781 5034 ita
809 4973 1347 5049 Bolland._'Corrup_te
1373 4974 1633 5044 Waraeus,
1656 4991 1771 5048 qua:
1790 4976 2156 5049 sanguinolen-

574 5065 654 5106 tos
682 5050 997 5121 sanguinare
1025 5045 1090 5101 de
1116 5045 1388 5121 sanguine.

651 5134 670 5160 ε
698 5116 853 5175 Hunc
880 5117 1057 5189 locum
1082 5116 1449 5189 rescripsimus
1474 5123 1639 5188 prout
1665 5124 1843 5189 exstat
1860 5116 2001 5189 apud
2027 5120 2152 5176 Bol-

572 5191 871 5245 landianos.
924 5187 1055 5242 Nam
1100 5185 1325 5242 male—se
1353 5185 1516 5243 habet
1557 5185 1701 5258 apud
1726 5185 1993 5258 warmum
2031 5191 2147 5246 sic:

572 5260 849 5314 chrismate
867 5258 1118 5332 neophyti
1143 5260 1198 5332 in
1218 5265 1355 5313 veste
1378 5256 1607 5332 candida
1628 5256 1886 5330 ﬂagrabat
1902 5262 1958 5332 in
1979 5262 2150 5332 fronte

570 5332 819 5399 ipsorum,
840 5328 978 5410 dum
992 5328 1266 5413 crudeliter
1290 5329 1537 5410 trucidati
1558 5328 1717 5401 atque
1732 5331 1943 5385 mactati
1970 5328 2147 5402 gladio

570 5415 603 5451 a
639 5397 969 5456 supradictis.
999 5396 1069 5450 Et
1095 5399 1222 5452 mihi
1248 5400 1539 5456 cautelam.
1572 5406 1680 5456 etc.

640 5416 1069 5540 ,ι
1248 5416 1815 5537 ΐοιέἓοέιαῗᾱιῖἶὲίιηιιε,
1847 5485 1968 5540 quae
1994 5470 2147 5540 deest

565 5535 1043 5663 ἲᾶιξέἰωγνπωυωε
1077 5537 1167 5592 ubi
1186 5546 1241 5594 et
1267 5541 1429 5608 paulo
1449 5548 1574 5596 ante
1598 5542 1738 5598 male
1773 5535 2146 5608 mancipabunt

585 5624 778 5665 θαιιιιιο.

617 5624 965 5755 Ἦιξιιεηά..
987 5678 1218 5749 nunquid
1242 5695 1360 5735 amo
1387 5682 1530 5752 piam
1549 5682 1979 5751 misericordiam,
2009 5684 2148 5755 quod

564 5750 690 5816 (sic)
715 5765 831 5818 ago.

2264 4617 2512 4673 convivio
2540 4616 2643 4673 frui
2691 4635 2815 4676 cum
2861 4621 3089 4677 talibus?
3130 4620 3209 4678 De
3255 4621 3445 4693 spoliis
3472 4612 3882 4676 defunctonuu'

2263 4708 2689 4767 Christianorum
2736 4714 3078 4783 repleverunt
3121 4715 3313 4772 domos
3348 4730 3505 4782 suas;
3548 4714 3616 4770 de
3645 4713 3844 4784 rapinis

2262 4801 2477 4870 vivunt;
2524 4804 2772 4859 nescth
2795 4805 2997 4861 miseri.
3037 4804 3053 4844 ί
3086 4805 3366 4863 Venenum
3407 4806 3629 4871 bibunt,
3674 4805 3847 4860 letha-

2338 4912 2359 4949 τ
2386 4911 2513 4983 Leg.
2539 4929 2659 4969 cum
2688 4914 2903 4971 War-aco
2931 4927 2986 4971 ct
3013 4917 3279 4983 Bolland.,
3311 4918 3608 4974 decurione.

2331 4991 2358 5062 8
2387 4979 2664 5062 Bolland.,
2688 4984 2920 5062 Denique
2944 4990 3138 5062 suntin
3165 4979 3371 5044 Christo
3390 4986 3674 5062 (traditus)
3704 4988 3844 5061 genti

2258 5060 2456 5135 exterat
2486 5051 2548 5135 ob
2577 5051 2798 5135 gloriam
2836 5051 3153 5135 ineffabilem
3187 5051 3427 5135 perennis
3445 5061 3597 5135 uiue,
3626 5051 3739 5135 quin
3765 5066 3844 5113 est

2254 5125 2310 5177 in
2338 5123 2537 5205 Christo
2563 5123 2597 5176 Ι
2601 5141 2689 5205 esu
2726 5123 2953 5205 Domino
2981 5123 3207 5205 nostra}
3236 5131 3485 5205 etsi‘mei,
3507 5123 3614 5205 etc.
3637 5123 3839 5205 'lnter-

2255 5194 2432 5275 media
2457 5193 2652 5275 desunt
2679 5195 3138 5275 apud_W_a_r:eum,
3161 5199 3300 5255 forte
3339 5201 3680 5256 libraribrum
3706 5199 3842 5255 vitio

2256 5265 2325 5320 ob
2353 5265 2610 5325 repetitas
2631 5265 2793 5322 voCes
2816 5268 2871 5322 in
2895 5268 3116 5325 Christo.

2289 5368 2293 5373 .
2325 5331 2509 5413 1ιάωέ
2538 5333 2731 5413 wami
2754 5338 2920 5413 lectio
2960 5341 3129 5413 magis
3172 5340 3349 5412 placet
3374 5355 3539 5413 quam
3566 5340 3669 5396 ista
3710 5339 3842 5413 Bol-

2254 5403 2791 5496 lu9::,-9:“_zztam
2840 5403 3093 5496 ἐνυβαό
3132 5403 3411 5496 Memmi
3423 5429 3551 5496 3w»
3578 5422 3627 5467 ιε
3664 5410 3844 5483 ita“!

2255 5474 2705 5601 (Dgnsiineggtiam
2720 5480 2861 5549 apud
2880 5474 3077 5563 inferos
3105 5474 3211 5537 n'on
3230 5481 3476 5553 placabit.
3664 5474 3676 5483 ’
3826 5551 3837 5563 ι

2422 5562 2491 5628 1c“
2514 5545 2738 5628 “haud.
2793 5548 2953 5606 Deest
2998 5550 3175 5607 bibunt
3221 5551 3366 5622 apud
3417 5551 3840 5628 Warmuquut

2253 5631 2382 5699 mox
2409 5616 2574 5699 edidit
2598 5625 2814 5699 mortem
2834 5637 3110 5699 perennem
3142 5616 3346 5694 paruum
3374 5631 3675 5694 aperantur.
3705 5616 3838 5678 Hia-

2252 5693 2367 5745 tum
2397 5686 2756 5758 supplevimus
2783 5686 2852 5745 ei
2871 5689 3113 5748 Bolland.
