4232 6264
401 454 513 523 ειτ

1863 457 2181 517 SYNODUS.

3546 461 3651 514 8H;

402 578 506 631 lem
537 574 713 628 cibum
753 571 1027 640 porrigunt
1057 569 1122 622 ad
1153 583 1352 622 amicos
1377 577 1431 623 et
1474 567 1614 622 ﬁlios
1641 583 1785 622 suos.
1816 566 1965 620 Sicut
1997 574 2042 630 Α
2072 585 2141 622 no
2177 589 2187 621 :
2239 585 2335 624 vos
2373 573 2600 638 migrare
2649 576 2886 642 cmpistis
2927 577 3014 628 ubi
3069 594 3171 627 nar
3213 594 3310 628 non
3343 577 3438 627 erit
3493 591 3648 644 neque

401 669 511 723 Eva
553 683 661 722 non
707 664 967 719 intellexit
993 662 1136 732 quod
1186 671 1413 720 mortem
1446 660 1661 715 tradidit
1688 660 1802 714 viro
1831 676 1964 724 suo;

399 761 478 816 sic
505 767 629 813 sunt
667 771 854 812 omnes
880 755 970 824 qui
1009 753 1150 808 male
1179 761 1372 820 agunt,
1405 761 1635 806 mortem
1677 766 1969 819 perennem

399 865 721 925 poenamque
767 856 1079 918 perpetuam
1124 854 1433 915 operantur.
1478 842 1821 899 Consuetudo
1861 841 1970 897 Ro-

400 959 682 1001 manorum
713 950 766 997 et
793 939 1067 995 Gallorum
1097 937 1516 992 Christianorum
1547 936 1672 1006 (est)
1708 955 1720 988 :
1753 936 1970 989 mittunt

401 1041 546 1093 viros
573 1044 789 1090 sanctos
817 1033 1039 1086 idoneos
1067 1029 1133 1083 ad
1163 1029 1396 1083 Francos
1421 1037 1476 1082 et
1496 1038 1519 1063 ἰ
1538 1036 1759 1082 ceteras
1784 1034 1969 1095 gentes

401 1146 524 1184 cum
569 1134 647 1181 tot
675 1123 904 1179 millibus
931 1121 1223 1176 solidorum
1268 1119 1334 1173 ad
1364 1119 1704 1174 redimendos
1729 1118 1970 1186 captivos

400 1219 716 1288 baptizatos.
749 1213 830 1268 Tu
857 1227 1043 1266 omnes
1075 1211 1346 1273 interﬁcis,
1380 1217 1436 1264 et
1462 1209 1649 1263 vendis
1679 1208 1797 1263 illos
1824 1208 1969 1276 genti

399 1321 596 1366 exterae
652 1307 917 1375 ignoranti
961 1305 1127 1358 Deum
1179 1321 1191 1355 :
1241 1302 1390 1371 quasi
1443 1301 1496 1354 in
1539 1301 1762 1370 lupanar
1804 1299 1970 1354 tradis

396 1402 635 1458 membra
662 1399 878 1455 Christi.
911 1395 1145 1463 Qualem.
1163 1409 1313 1463 spem
1343 1393 1508 1446 habes
1542 1392 1594 1445 in
1623 1392 1828 1445 Deum?

471 1492 601 1549 VIII.
636 1492 662 1530 δ
687 1490 788 1558 Qui
819 1501 995 1544 tecum
1023 1487 1202 1551 sentit,
1231 1492 1323 1539 aut
1349 1485 1440 1552 qui
1465 1483 1823 1538 communicat
1849 1496 1970 1535 ver-

397 1589 478 1643 bis
516 1585 704 1640 alienis
731 1591 786 1637 et
827 1579 1178 1646 adulationis,
1215 1577 1356 1632 Deus
1392 1576 1669 1644 iudicabit.
1701 1575 1968 1644 Scriptum

398 1688 479 1734 est
507 1677 648 1730 enim
682 1693 694 1727 :
731 1670 848 1727 Non
885 1672 1049 1725 solum
1079 1671 1326 1740 facientes
1355 1668 1514 1731 mala,
1547 1667 1640 1720 sed
1658 1669 1812 1721 etiam
1841 1683 1968 1720 con-

396 1771 674 1824 sentientes
714 1763 998 1818 damnandi
1039 1768 1157 1816 sunt
1189 1759 1364 1830 (Rom.
1401 1776 1440 1826 ι,
1471 1757 1583 1828 52).
1615 1757 1806 1812 Nescio
1844 1757 1969 1825 quid

396 1863 568 1917 dicam
597 1867 689 1912 aut
717 1855 844 1926 quid
870 1856 1058 1923 loquar
1078 1853 1305 1923 amplius
1351 1851 1418 1905 de
1454 1849 1714 1906 defunctis
1741 1851 1968 1904 ﬁliorum

2075 665 2258 727 luctus,
2291 681 2450 736 neque
2471 683 2605 719 mors
2636 669 2855 738 amplius
2887 671 3064 739 (Apoc.
3092 686 3200 734 xxI,
3231 669 3284 738 1)
3307 687 3319 733 ;
3343 669 3437 722 sed
3466 669 3646 721 exsul-

2073 753 2254 807 tabitis
2283 754 2418 808 sicut
2445 755 2597 809 vituli
2627 773 2693 810 ex
2731 759 2954 813 vinculis
2984 761 3206 814 resoluti
3231 800 3244 824 ,
3275 768 3330 813 et
3358 759 3644 814 conculca-

2069 843 2195 899 bitis
2223 845 2453 913 iniquos,
2485 855 2541 901 et
2569 857 2724 902 erunt
2752 850 2886 904 cinis
2909 851 3008 905 sub
3036 835 3258 921 pedibus
3286 854 3496 908 vestris.
3673 923 3675 925 ι
3713 889 3750 925 ;

2141 932 2207 987 Χ.
2232 911 2342 990 Vos
2367 911 2494 1003 ergo
2522 938 2812 1006 regnabitis
2852 956 2973 994 cum
3003 911 3260 1010 apostolis
3289 951 3342 996 et
3370 923 3675 1013 prophetis“
3713 911 3743 968 ﬂ

2071 1033 2234 1095 atque
2279 1028 2632 1099 martyribus,
2666 1039 2720 1084 et
2764 1040 2964 1086 aeterna
3011 1048 3174 1102 regna
3224 1036 3469 1105 capietis,
3509 1037 3650 1090 sicut

2071 1118 2186 1189 ipse
2209 1127 2441 1174 testatur
2467 1121 2580 1191 (qui
2609 1122 2802 1192 inquit)
2839 1143 2850 1176 :
2893 1124 3112 1179 Venient
3132 1127 3194 1178 ab
3227 1124 3436 1181 Oriente
3464 1138 3513 1180 et
3540 1127 3644 1180 0c—

2071 1211 2290 1275 cidente,
2323 1221 2373 1266 et
2401 1214 2693 1268 recumbent
2727 1234 2840 1270 cum
2865 1217 3127 1272 Abraham
3154 1228 3201 1272 et
3227 1220 3381 1274 Isaac
3407 1231 3458 1274 et
3483 1222 3643 1275 Jacob

2069 1303 2124 1356 in
2157 1319 2315 1372 regno
2364 1304 2606 1357 cwlorum
2659 1305 2872 1375 (Matth.
2909 1325 3013 1372 vm,
3049 1308 3159 1379 11).
3193 1309 3346 1364 Foris
3392 1329 3566 1375 canes,
3597 1322 3644 1364 et

2070 1395 2299 1463 veneﬁci,
2331 1403 2381 1447 et
2411 1395 2696 1460 homicidae,
2728 1408 2777 1451 et
2802 1400 3074 1454 mendaces
3106 1403 3303 1471 (Apoc.
3338 1419 3467 1465 xxu,
3499 1402 3596 1470 15)
3626 1447 3643 1462 ,
3669 1433 3697 1484 χ

2071 1483 2271 1554 perjuri
2297 1502 2308 1536 :
2336 1484 2473 1538 Pars
2497 1503 2671 1540 eorum
2698 1489 2751 1540 in
2775 1497 3015 1560 stagnum
3033 1492 3169 1560 ignis
3192 1501 3438 1545 aeternum
3460 1493 3646 1561 (Apoc.
3690 1483 3695 1490 ἶ

2071 1590 2182 1638 xxi,
2205 1572 2282 1643 8).
2313 1572 2430 1628 Non
2457 1575 2724 1630 immerito
2755 1578 2831 1630 ait
2858 1578 3146 1646 Apostolus
3172 1598 3190 1631 τ
3225 1579 3324 1633 Ubi
3354 1582 3529 1649 justus
3560 1583 3646 1633 vir

2071 1664 2243 1717 salvus
2271 1665 2388 1730 erit,
2419 1676 2656 1736 peccator
2681 1677 2730 1720 et
2768 1670 2957 1738 impius
3001 1679 3354 1740 transgressor
3382 1673 3526 1742 legis,
3560 1673 3645 1724 ubi

2070 1774 2125 1811 se
2151 1759 2466 1828 recognoscit
2488 1758 2573 1828 (II
2596 1759 2740 1814 Petr.
2772 1779 2840 1825 ιν,
2869 1761 2980 1831 18).
3016 1773 3041 1809 8
3074 1763 3172 1818 Ubi
3201 1747 3646 1817 enim'Coroticus

2073 1864 2191 1901 cum
2219 1849 2330 1904 suis
2349 1850 2776 1906 sceleratissimis
2797 1853 3203 1908 rebellatorihus
3222 1853 3422 1910 Christi
3443 1857 3465 1908 ?
3495 1852 3523 1891 h
3545 1853 3646 1911 Ubi

397 1951 528 2016 Dei,
559 1965 696 2018 quos
723 1945 928 2016 gladius
956 1958 1116 2013 supra
1157 1941 1375 1996 modum
1412 1941 1544 1994 dure
1583 1940 1772 2008 tetigit.
1824 1939 1968 1994 Scri-
1997 1945 2045 2005 Β
2071 1955 2129 1995 se
2175 1941 2458 2006 videbunt,
2501 1945 2592 2011 qui
2634 1945 2978 2000 mulierculas
3028 1947 3323 2016 baptizatas
3349 1959 3404 2001 et
3447 1949 3648 2017 praedia

399 2052 544 2114 ptum
573 2049 653 2094 est
681 2039 821 2094 enim
865 2055 877 2088 :
910 2033 1064 2088 Flere
1091 2050 1206 2087 cum
1232 2031 1470 2102 ﬂentibus
1495 2029 1668 2102 (Rom.
1709 2047 1798 2094 xu,
1840 2030 1921 2100 l5)
1949 2048 1963 2095 ;

401 2141 453 2188 et
473 2133 691 2186 iterum:
714 2129 774 2183 Si
804 2126 939 2181 dolet
968 2141 1126 2178 unum
1148 2119 1773 2187 membrum,condoleant
1791 2122 1964 2173 omnia

400 2222 623 2277 membra
652 2219 704 2290 (Ι
734 2218 853 2274 Cor.
885 2234 980 2279 xu,
1009 2214 1121 2286 26).
1153 2214 1494 2283 Quapropter
1523 2210 1762 2266 Ecclesia
1795 2211 1970 2280 plorat

400 2324 454 2368 et
475 2313 676 2384 plangit
699 2311 835 2364 lilios
862 2317 918 2363 et
948 2306 1082 2361 ﬁlias
1101 2320 1228 2360 suas
1246 2320 1381 2374 quas
1400 2303 1577 2358 adhuc
1602 2303 1808 2370 gladius
1837 2318 1970 2356 non-

399 2407 522 2461 dum
561 2401 847 2467 interfecit,
877 2401 970 2456 sed
1000 2397 1304 2470 prolongati
1346 2404 1400 2452 et
1425 2396 1690 2466 exportati
1725 2395 1889 2466 (sunt)
1920 2396 1970 2448 in

398 2499 551 2566 longa
597 2505 858 2550 terrarum
904 2493 1142 2563 spatia...
1181 2503 1203 2530 ο
1247 2489 1315 2545 Ut
1366 2497 1646 2559 peccatum
1695 2486 1974 2542 manifesto

398 2601 647 2659 gravetur
683 2586 1046 2658 impudentiae,
1087 2583 1370 2653 impudens
1399 2580 1470 2634 ibi
1499 2580 1703 2633 habitat
1724 2586 1778 2633 et
1805 2578 1972 2632 abun-

399 2681 504 2734 dat.
538 2679 614 2732 Ibi
638 2676 926 2733 venundati
950 2674 1164 2742 ingenui
1198 2673 1442 2727 homines
1470 2669 1760 2725 Christiani
1793 2669 1844 2721 in
1868 2683 1974 2722 ser-

399 2774 621 2827 vitutem
663 2769 863 2824 redacti
910 2775 1068 2831 sunt,
1111 2763 1405 2835 praesertim
1445 2760 1930 2829 indignissimorum
1955 2803 1969 2826 ,

399 2863 771 2933 pessimorum,
804 2867 1273 2928 apostatarumque
1293 2855 1584 2910 Pictorum.

468 2950 560 3005 IX.
593 2950 794 3004 Idcirco
833 2964 950 3003 cum
982 2947 1191 3002 tristitia
1232 2955 1288 3000 et
1329 2961 1564 3001 maerore
1592 2946 1924 3000 vociferahor
1958 2964 1969 2997 :

403 3047 446 3099 0
469 3043 849 3113 speciosissimi
871 3050 1028 3111 atque
1057 3040 1407 3095 amantissimi
1436 3041 1628 3094 fratres
1648 3048 1704 3094 et
1725 3038 1818 3093 lilii
1838 3055 1975 3108 quos

402 3135 456 3188 in
485 3132 701 3187 Christo
723 3133 902 3200 genui,
933 3145 1249 3185 enumerare
1273 3145 1484 3198 nequeo
1513 3129 1638 3199 quid
1663 3128 1853 3183 faciam
1882 3145 1974 3183 vo-

403 3228 512 3282 bis!
562 3226 677 3279 Non
714 3241 829 3278 sum
871 3224 1061 3291 dignus
1095 3220 1121 3260 ἀ
1157 3223 1268 3278 Deo
1294 3237 1469 3293 neque
1512 3221 1817 3276 hominibus
1842 3221 1971 3275 sub-

2070 2033 2431 2102 orphanorum
2460 2037 2817 2104 spurcissimis
2844 2038 3162 2093 satellitibus
3190 2040 3299 2094 suis
3325 2040 3647 2094 distribuunt

2069 2125 2140 2178 ob
2181 2125 2434 2179 miserum
2464 2141 2687 2195 regnum
2719 2129 3032 2198 temporale,
3063 2130 3204 2198 quod
3229 2132 3414 2199 utique
3442 2131 3492 2184 iu
3524 2146 3645 2184 mo-

2070 2225 2252 2271 mento
2281 2226 2546 2285 transeat,
2578 2220 2715 2275 sicut
2753 2221 2950 2285 nubes,
2980 2221 3066 2276 vel
3105 2220 3280 2275 fumus
3324 2221 3416 2290 qui
3463 2222 3648 2290 utique

2069 2319 2230 2362 vento
2253 2309 2611 2379 dispergitur?
2637 2309 2715 2364 Ita
2737 2319 3050 2380 peccatores
3073 2320 3124 2366 et
3157 2312 3474 2366 fraudulenti
3505 2327 3532 2364 a
3563 2311 3645 2364 fa-

2070 2400 2152 2453 cie
2208 2398 2416 2454 Domini
2469 2402 2765 2470 peribunt:
2800 2401 2930 2469 justi
2981 2411 3160 2457 autem
3204 2405 3563 2473 epulabuntur
3593 2405 3646 2457 in

2071 2504 2264 2558 magna
2277 2475 2593 2545 constantia
2623 2507 2746 2546 cum
2770 2491 2986 2547 Christo
3019 2512 3030 2544 :
3055 2493 3374 2562 judicahunt
3402 2476 3650 2548 nationes

2073 2588 2129 2635 ct
2175 2581 2390 2649 regibus
2425 2582 2620 2650 iniquis
2649 2582 3070 2640 dominabuntur
3097 2585 3149 2638 in
3179 2585 3369 2640 saecula
3419 2584 3647 2639 saeculo-

2073 2688 2212 2727 rum.
2243 2671 2432 2727 Amen.

2146 2763 2421 2819 Testilicor
2448 2781 2633 2821 coram
2659 2767 2770 2822 Deo
2798 2777 2853 2821 et
2875 2769 3078 2836 angelis
3105 2769 3235 2833 suis,
3255 2767 3398 2836 quod
3427 2768 3501 2821 ita
3521 2767 3624 2821 erit

2074 2858 2211 2909 sicut
2241 2855 2506 2909 intimavit
2540 2856 2556 2894 ί
2583 2857 2848 2927 imperitia
2891 2874 3030 2913 mea.
3062 2860 3176 2914 Non
3195 2874 3314 2914 mea
3340 2859 3520 2924 verba,
3553 2859 3646 2913 sed

2076 2947 2190 3012 Dei,
2215 2957 2269 3001 et
2299 2949 2665 3018 apostolorum
2715 2959 2876 3018 atque
2913 2952 3292 3021 pr0pbetarum
3333 2949 3499 3022 (quod
3547 2965 3647 3020 ego

2077 3038 2128 3090 in
2153 3038 2399 3092 Latinum
2423 3040 2691 3112 exposui),
2710 3043 2799 3110 qui
2823 3057 3091 3112 nunquam
3114 3042 3256 3096 enim
3278 3041 3487 3096 mentiti
3502 3050 3646 3096 sunt.

2079 3127 2178 3192 Qui
2228 3131 2531 3196 crediderit,
2563 3134 2730 3187 salvus
2777 3135 2902 3197 erit;
2932 3136 3016 3205 qui
3057 3151 3174 3188 vero
3220 3151 3323 3188 non
3352 3133 3646 3197 crediderit,

2077 3221 2499 3284 condemnabitur
2552 3223 2742 3293 (Marc.
2795 3241 2900 3286 xvr,
2950 3224 3057 3292 16).
3107 3225 3248 3279 Deus
3294 3225 3501 3278 locutus
3547 3231 3645 3278 est.

403 3320 610 3372 venire.
663 3316 946 3370 Praevaluit
989 3315 1244 3386 iniquitas
1297 3315 1600 3384 iniquorum
1646 3330 1808 3383 super
1854 3328 1968 3368 nos.
2001 3315 2047 3378 C
2076 3311 2270 3377 Quzeso
2316 3313 2631 3382 plurimum.
2683 3322 2739 3367 ut
2787 3315 3090 3382 quicunque
3141 3313 3369 3368 famulus
3426 3314 3543 3382 Dei,
3593 3323 3652 3367 ut

404 3410 565 3476 Quasi
613 3409 853 3463 extranei
906 3407 1030 3462 facti
1083 3423 1284 3461 sumus.
1348 3404 1513 3460 Forte
1579 3421 1687 3459 non
1753 3403 1977 3459 credunt

407 3500 596 3571 (quod)
644 3515 808 3553 unum
855 3499 1182 3567 baptismum
1229 3496 1550 3564 percipimus
1578 3537 1592 3559 ,
1642 3496 1764 3559 vel,
1813 3509 1974 3548 unum

407 3589 572 3646 Deum
600 3599 806 3659 patrem
835 3587 1113 3640 habemus.
1136 3584 1415 3652 Indignum
1435 3592 1518 3639 est
1545 3585 1678 3650 illis;
1708 3595 1730 3622 ο
1759 3584 1975 3640 Hiberia

409 3682 520 3736 nati
553 3697 765 3745 sumus,
799 3680 938 3734 sicut
971 3678 1046 3732 ait
1079 3695 1092 3730 :
1125 3692 1302 3731 nonne
1336 3692 1496 3730 unum
1526 3677 1695 3731 Deum
1729 3677 1977 3731 habetis?

408 3772 543 3840 Quid
568 3771 925 3840 dereliquistis
946 3768 1309 3836 unusquisque
1344 3768 1642 3837 proximum
1672 3770 1860 3821 suum?
1888 3768 1974 3822 Id-

407 3865 551 3919 circo
579 3864 734 3918 doleo
750 3877 848 3934 pro
868 3861 1042 3928 vobis,
1071 3859 1228 3914 doleo
1245 3897 1259 3922 ,
1284 3858 1544 3913 carissimi
1573 3857 1737 3924 mihi;
1768 3859 1860 3914 sed
1886 3859 1979 3914 ite-

409 3971 527 4009 rum
555 3954 760 4022 gaudeo
789 3955 928 4007 intra
957 3953 1243 4020 meipsum;
1275 3964 1383 4004 non
1404 3949 1570 4016 gratis
1597 3949 1857 4024 laboravi,
1893 3951 1977 4005 vel

410 4045 766 4115 peregrinatio
787 4059 905 4097 mea
932 4044 986 4098 in
1007 4056 1230 4098 vacuum
1251 4056 1358 4095 non
1387 4039 1514 4106 fuit;
1539 4047 1593 4094 et
1622 4041 1848 4110 contigit
1870 4055 1982 4096 sce-

412 4137 495 4189 lus
526 4133 541 4171 ι
568 4143 673 4187 tam
706 4133 1047 4197 horrendum,
1084 4130 1370 4186 inell'ahile.
1395 4130 1504 4186 Deo
1524 4133 1754 4200 gratias,
1777 4131 1981 4187 creduli

410 4225 664 4296 baptizali
711 4225 777 4278 de
805 4225 997 4280 saeculo
1039 4222 1338 4280 recessistis
1368 4221 1434 4275 ad
1478 4222 1802 4291 paradisum.
1846 4221 1980 4278 Cer-

482 4347 505 4374 ⁸
535 4335 798 4400 Bolland.,
827 4347 1048 4389 exteras.
1080 4335 1200 4389 Mox
1229 4349 1349 4389 cum
1384 4333 1569 4387 iisdem
1617 4334 1842 4401 legimus
1867 4355 1982 4392 om-

408 4425 497 4460 nes
526 4407 790 4476 interﬁcis.
815 4406 903 4476 ubi
929 4404 1164 4476 Warmius
1189 4418 1470 4476 perperam
1495 4404 1638 4456 toties
1664 4406 1932 4475 interﬁcis.

484 4478 508 4515 ι»
538 4477 624 4530 Sic
658 4473 912 4529 Bollaud.
951 4476 1017 4528 At
1068 4473 1354 4537 Waraeus.,
1384 4473 1461 4526 vel
1502 4476 1588 4542 qui
1617 4482 1666 4527 te
1693 4473 1984 4530 consentit?

412 4558 502 4600 aut
521 4548 607 4615 qui
629 4556 674 4598 te
698 4546 1042 4598 communicat
1070 4543 1232 4615 verbis
1261 4542 1594 4596 adulationis.

485 4629 505 4654 ε
534 4613 612 4670 Ita
642 4615 882 4670 Bolland.
908 4615 1060 4684 Apud
1089 4613 1359 4684 Warzeum
1379 4629 1508 4667 vero
1530 4621 1704 4667 exstat
1723 4613 1810 4669 hic
1832 4616 1982 4672 locus

411 4688 482 4740 ita
532 4693 815 4751 corruptus
859 4692 914 4757 et
956 4681 1218 4757 mutilus;
1253 4681 1351 4736 Ubi
1398 4691 1661 4753 peccatum
1706 4687 1982 4757 manifeste

411 4765 667 4826 gravetur,
699 4755 1026 4824 impudenter
1045 4753 1293 4806 abundat.
1853 4753 1862 4757 '

385 4855 388 4857 -
482 4826 505 4862 ⁸
539 4826 698 4880 Deest
728 4825 841 4879 haec
868 4840 974 4878 vox
1021 4823 1161 4892 apud
1211 4821 1451 4892 Bolland.
1503 4821 1569 4876 Et
1614 4841 1740 4878 mox
1791 4824 1984 4880 desunt

409 4896 568 4947 etiam
613 4895 753 4965 apud
791 4892 1009 4948 eosdem
1039 4889 1318 4965 sequentia
1352 4889 1560 4965 :‘Quasi
1585 4895 1817 4965 extranei
1859 4897 1984 4965 facti

409 4911 568 4947 etiam
613 4911 640 4947 a
683 4911 753 4947 uo
791 4911 1009 4948 eosoem
1039 4911 1318 4961 sequentia
1352 4911 1363 4944 :
1399 4911 1560 4956 quasi
1585 4911 1817 4947 extranei
1859 4911 1980 4965 )acu

409 4981 604 5018 sumus.
638 4911 737 5029 Qui
780 4965 941 5032 paulo
968 4971 1098 5034 post
1119 4963 1412 5034 exhibent;
1451 4963 1620 5034 Unum
1675 4963 1980 5034 baptismum

409 5037 752 5104 percepimus,
776 5030 842 5104 et,
871 5030 1030 5104 unum
1061 5030 1227 5086 Deum
1273 5033 1544 5086 credimus.
1580 5030 1860 5104 Indignum
1906 5046 1982 5090 est

409 5101 536 5172 illis,
557 5101 698 5174 quod
719 5101 781 5156 de
800 5102 1054 5157 Hibernia
1075 5104 1185 5156 nati
1214 5119 1386 5157 sumus
1409 5120 1426 5156 :
1457 5107 1530 5157 sic
1551 5106 1684 5158 enim
1706 5101 1870 5158 aiunt.

2077 3413 2359 3475 promptus
2387 3405 2566 3470 fuerit,
2591 3413 2649 3458 ut
2693 3405 2761 3459 sit
2788 3407 3001 3473 gerulus
3030 3405 3325 3460 litterarum
3350 3406 3558 3469 harum,
3593 3413 3652 3458 ut

2080 3497 2390 3565 neutiquam
2438 3495 2782 3550 subtrahatur
2805 3514 2834 3550 a
2867 3498 3108 3564 nemine,
3138 3496 3230 3550 sed
3260 3497 3429 3564 magis
3474 3497 3652 3565 potius

2080 3585 2288 3653 legatur
2311 3601 2493 3640 coram
2513 3586 2718 3640 cunctis
2741 3586 3002 3654 plebibus,
3035 3595 3089 3640 et
3110 3601 3292 3640 coram
3329 3586 3446 3655 ipso
3475 3586 3646 3640 Coro—

2082 3680 2209 3735 tico.
2242 3677 2393 3745 Quod
2421 3679 2465 3732 si
2506 3678 2646 3732 Deus
2687 3678 2912 3747 inspirat
2952 3678 3071 3731 illos
3108 3686 3166 3731 ut
3193 3677 3511 3745 quandoque
3540 3676 3652 3730 Deo

2081 3771 2420 3844 resipiscam,
2445 3776 2498 3823 et
2527 3771 2611 3824 vel
2657 3784 2778 3824 sero
2816 3770 3108 3838 pmuiteant
3155 3767 3300 3836 quod
3348 3778 3451 3821 tam
3493 3768 3652 3835 impie
3751 3823 3767 3835 ,

2082 3869 2359 3931 gesserunt
2385 3859 2667 3915 homicida:
2714 3873 2840 3928 erga
2870 3858 3058 3913 fratres
3088 3858 3316 3922 Domini,
3349 3866 3403 3912 et
3429 3858 3648 3912 liberem
3700 3865 3704 3871 ‘

2084 3954 2322 4023 captivas
2375 3951 2672 4021 baptizatas
2699 3965 2830 4019 quas
2872 3957 2995 4004 ante
3021 3956 3297 4018 ceperunt,
3331 3949 3402 4003 ita
3432 3956 3491 4003 ut
3534 3963 3642 4002 me

2083 4052 2302 4098 reantur
2321 4043 2434 4122 D_eo
2462 4044 2663 4111 vivere,
2684 4051 2738 4098 et
2759 4041 2872 4096 sani
2902 4037 3199 4096 elficiantur
3226 4040 3312 4094 hic
3341 4046 3394 4093 et
3415 4039 3471 4092 in
3497 4047 3646 4092 teter-

2085 4152 2231 4191 nuiu.
2266 4133 2377 4190 Pax
2407 4133 2574 4201 Patri,
2605 4144 2658 4190 et
2681 4133 2836 4202 Filio,
2866 4140 2920 4190 et
2941 4132 3162 4203 Spiritui
3189 4140 3393 4187 sancto.
3427 4131 3614 4186 Amen.

2163 4351 2184 4379 ε
2215 4341 2468 4399 Hibernia
2497 4359 2616 4412 qua:
2651 4357 2810 4412 supra
2858 4342 3137 4396 Hiberione
3183 4339 3570 4412 appellabatur,
3603 4341 3656 4392 in

2086 4413 2332 4483 omnibus
2357 4407 2746 4483 exemplaribus
2774 4412 2863 4466 hic
2889 4412 3206 4483 appellatur:
3228 4407 3654 4483 ῌΑἱιεζὶαηξνλξι.

2162 4480 2180 4517 ῖ
2212 4481 2337 4535 Post
2384 4479 2528 4537 hanc
2565 4499 2748 4538 vocem
2807 4479 3128 4536 interserunt
3175 4479 3554 4545 Bolland.,illo
3602 4479 3658 4532 in

2013 4552 2023 4562 '
2086 4559 2330 4620 tempore.
2365 4552 2485 4606 Mox
2519 4553 2678 4607 iidem
2701 4553 2964 4607 credentes
2993 4563 3041 4606 et
3069 4551 3330 4620 baptizati.

2157 4630 2183 4666 ε
2197 4619 2676 4691 Sicii-escripsimus
2695 4639 2816 4677 cum
2839 4622 3105 4685 Bolland.,
3122 4619 3295 4689 neque
3315 4620 3456 4675 enim
3481 4619 3658 4690 placet

2089 4689 2238 4743 Unde
2265 4689 2481 4744 Wartei.

2155 4757 2182 4795 ιι
2211 4759 2284 4812 Ita
2317 4760 2557 4814 Bolland.
2610 4761 2734 4816 Haec
2763 4777 2891 4814 vero
2938 4761 3112 4814 hiulca
3143 4769 3199 4813 et
3234 4761 3491 4814 mendosa
3522 4759 3663 4828 apud

2085 4829 2353 4883 Warrenm
2377 4830 2463 4883 hic
2497 4849 2508 4882 :
2545 4829 2642 4883 Ubi
2664 4848 2718 4884 se
2741 4831 2999 4896 videbunt,
3030 4845 3146 4882 cum
3166 4832 3303 4882 inter
3335 4829 3663 4883 mulierculas

2088 4898 2380 4966 baptizatos
2411 4902 2621 4964 prmia
2650 4900 3043 4955 distribuuntur.

2166 4968 2179 5005 ί
2214 4969 2289 5022 Ita
2322 4969 2584 5038 Bolland.,
2617 4972 2706 5025 ubi
2747 4970 3019 5032 Warzeus,
3052 4969 3319 5038 imperitia:
3353 4982 3482 5020 mea:
3513 4982 3528 5018 :
3560 4983 3661 5038 non

2088 5056 2200 5119 mea
2238 5037 2406 5119 verba,
2439 5041 2548 5100 sed,
2579 5049 2681 5095 etc.
2734 5039 2857 5094 Mox
2884 5035 3131 5092 Latinum
3180 5038 3380 5104 absque
3407 5035 3663 5104 praeposi-

2087 5111 2234 5162 tione
2257 5111 2329 5162 in.

1407 5339 1892 5413 SYNODUS
1946 5342 2029 5414 S.
2098 5348 2589 5423 PATRICII

1872 5461 2206 5476 —

923 5515 1146 5570 CAPUT
1179 5515 1465 5571 PRIMUM.

588 5609 670 5665 De
689 5609 1003 5666 habitatione
1023 5627 1135 5665 cum
1167 5612 1411 5683 fratribus
1437 5615 1805 5684 peccatoribus.

482 5702 560 5759 De
587 5718 653 5758 eo
680 5702 823 5771 quod
851 5703 1159 5767 mandastis,
1191 5701 1257 5756 de
1296 5703 1628 5759 habitatione
1653 5720 1772 5760 cum
1802 5704 1982 5760 fratri-

412 5797 517 5853 bus
542 5797 932 5866 peccatoribus,
963 5797 1143 5850 audite
1172 5794 1485 5865 Apostolum
1514 5796 1779 5852 dicentem
1814 5815 1827 5849 :
1857 5796 1984 5852 Cum

419 5889 710 5956 Imjusmodi
751 5907 814 5944 nc
851 5891 1015 5945 cibum
1043 5887 1244 5960 quidem
1287 5903 1481 5945 sumere
1521 5887 1577 5962 (I
1609 5885 1729 5947 Cor.
1778 5906 1830 5958 v,
1865 5889 1981 5962 Il);

1983 5557 1988 5560 -
2087 5538 2193 5578 non
2223 5525 2336 5594 ejus
2365 5541 2516 5582 escas
2547 5540 2726 5581 sumas
2765 5538 2889 5579 cum
2915 5538 3002 5580 eo.
3029 5524 3295 5581 Caeterum
3323 5529 3368 5582 si
3394 5528 3482 5583 bos
3511 5529 3583 5583 sis
3618 5539 3673 5583 et

2088 5619 2318 5683 trituras,
2343 5619 2446 5673 hoc
2471 5624 2570 5682 est,
2602 5617 2647 5671 si
2675 5616 2865 5672 doctor
2891 5632 2949 5672 es
2977 5625 3033 5673 et
3058 5617 3240 5682 doces,
3267 5634 3370 5673 non
3398 5619 3666 5674 obturanti-

2091 5708 2182 5761 tibi
2212 5725 2269 5761 os
2303 5706 2357 5778 (Ι
2384 5705 2502 5760 Cor.
2534 5723 2606 5772 lx,
2640 5704 2715 5775 9),
2748 5694 2808 5759 ἐι
2836 5708 3019 5778 dignus
3048 5724 3102 5761 es
3129 5703 3359 5761 mercede
3396 5717 3484 5760 tua
3507 5707 3658 5779 (Luc.

2090 5813 2146 5860 x,
2175 5797 2248 5865 7).
2277 5795 2381 5851 Sed
2409 5798 2572 5850 oleum
2601 5800 2878 5865 peccatoris
2900 5816 3002 5852 non
3031 5800 3313 5870 impittgttel
3341 5808 3493 5871 caput
3521 5809 3660 5860 tuum

2095 5887 2263 5960 (Psal.
2287 5904 2405 5950 CXL,
2433 5885 2484 5954 5)
2521 5907 2531 5939 :
2565 5889 2656 5947 sed
2686 5891 2894 5960 corripe
2915 5891 3085 5945 adhuc
3111 5900 3164 5946 et
3188 5905 3369 5961 argue.
