4238 6260
547 418 653 477 819

1178 530 1407 588 CAPUT
1443 531 1522 585 II,

1016 624 1092 681 De
1111 622 1456 680 oblationibus
1475 638 1673 678 eorum.

620 732 646 761 α
672 719 953 776 Contentus
994 726 1250 791 tegmenta
1276 724 1324 772 et
1360 716 1603 772 alimento
1633 722 1738 782 tuo,
1769 718 1967 773 caetera
1996 708 2137 766 dona

545 815 835 884 iniquorum
862 808 1082 880 reproba
1110 808 1297 882 (Eccli.
1344 823 1524 874 nm,
1550 804 1666 877 ει),
1692 805 1817 876 quia
1841 819 1950 861 non
1972 800 2137 858 sumit

542 907 768 963 lucerna
794 904 897 963 nisi
920 902 1067 977 quod
1094 902 1276 959 alitur.

1157 990 1387 1049 CAPUT
1422 990 1511 1049 III.

963 1086 1045 1144 De
1068 1087 1365 1158 pmitcntia
1384 1092 1503 1158 post
1526 1085 1728 1141 ruinas.

617 1182 887 1241 Statuitur
920 1188 979 1238 ut
1004 1180 1172 1237 abbas
1205 1179 1386 1236 videat
1410 1178 1499 1234 cui
1526 1176 1850 1233 attribuetur
1890 1180 2136 1247 potestas

547 1274 801 1344 alligandi
826 1280 881 1328 et
900 1272 1173 1339 solvendi;
1214 1270 1310 1329 sed
1339 1270 1519 1342 aptior
1540 1275 1643 1336 est,
1661 1268 1815 1338 juxta
1842 1267 2135 1337 Scriptum

548 1368 816 1437 exempla,
845 1366 873 1406 δ
902 1366 1134 1422 veniam.
1174 1361 1235 1419 Si
1260 1376 1391 1418 vero
1427 1376 1549 1417 cum
1596 1357 1726 1417 ﬂetu
1770 1365 1829 1414 et
1869 1356 2135 1413 lamenta-

547 1459 696 1514 tione
724 1466 780 1513 et
802 1458 1016 1527 lugubri
1043 1472 1167 1514 cum
1196 1462 1366 1522 veste,
1395 1452 1496 1510 sub
1531 1450 1777 1508 custodia
1818 1447 2135 1519 pmnitentia

546 1546 746 1616 brevis,
777 1564 939 1619 quam
967 1549 1126 1617 longa
1150 1554 1207 1602 et
1230 1546 1459 1602 remissa
1484 1559 1606 1600 cum
1637 1539 2093 1613 temperamentis.

892 1632 893 1639 “
1166 1637 1395 1697 CAPUT
1433 1637 1527 1694 IV.

886 1720 977 1790 De
1001 1732 1443 1789 “communicato
1470 1728 1786 1800 repellenda.

619 1829 758 1885 Audi
790 1827 1078 1884 Dominum
1110 1825 1380 1882 dicentem
1408 1840 1422 1877 :
1447 1820 1510 1878 Si
1543 1820 1634 1876 tibi
1657 1837 1764 1876 non
1797 1819 2038 1883 audierit,
2067 1819 2134 1872 sit

550 1922 643 1977 tibi
668 1918 803 1975 velut
832 1917 1038 1991 gentilis
1057 1924 1108 1972 et
1128 1915 1433 1989 publicam
1462 1911 1678 1987 (Matth.
1707 1928 1853 1979 xvtn,
1879 1910 1992 1981 ὅτ).
2016 1908 2135 1965 Νοιι

548 2011 858 2076 maledices,
886 2010 983 2067 sed
1012 2008 1250 2080 ‘repelles
1277 2006 1799 2067 excommunicauit]
1825 2020 1857 2059 ιι
1888 2018 2131 2059 οοιιιιιιιιο

549 2105 712 2161 nione
732 2111 788 2158 et
813 2117 1019 2169 manu,
1043 2109 1099 2157 et
1124 2101 1288 2156 missa
1314 2106 1370 2155 et
1396 2113 1548 2170 pace.
1574 2096 1642 2152 Et
1668 2098 1713 2152 si
1743 2096 2012 2152 licentiosis
2034 2103 2130 2160 est,

546 2202 664 2268 post
690 2209 848 2248 unum
868 2192 1243 2265 correptionem
1269 2190 1442 2246 desita
1462 2188 1589 2262 (Tit.
1620 2204 1697 2255 ιιι,
1720 2186 1832 2259 10).

1173 2283 1401 2340 CAPUT
1439 2283 1505 2340 ν.

1046 2379 1127 2435 De
1154 2378 1406 2451 suspectis
1439 2377 1628 2430 causis.

621 2479 759 2536 Audi
795 2477 1079 2534 Dominum
1106 2448 1374 2530 dicentem
1406 2489 1419 2524 :
1452 2470 1623 2525 Sinite
1654 2474 1873 2539 utraque
1908 2448 2134 2519 crescere

549 2590 707 2648 usque
733 2573 802 2629 ad
825 2584 1042 2628 messem
1058 2566 1275 2643 (Matth.
1308 2581 1421 2632 xm,
1443 2562 1533 2635 50)
1552 2599 1568 2627 ,
1594 2564 1701 2618 hoc
1718 2568 1823 2627 est,
1850 2557 2024 2631 donec
2044 2572 2136 2613 ve-

547 2669 662 2726 niet
686 2667 779 2736 qui
810 2660 1166 2736 manifestabit
1200 2658 1419 2714 consilia
1454 2655 1684 2711 sordium
1723 2653 1767 2726 (ι
1796 2650 1916 2707 Car.
1948 2664 2019 2715 Iv,
2051 2648 2131 2731 li),

549 2724 625 2817 iter
640 2724 900 2828 judicium
926 2724 1053 2808 ante
1088 2750 1232 2806 diem
1254 2747 1440 2820 judicil
1470 2744 1656 2801 facias.
1681 2724 1819 2800 vide
1845 2740 2038 2798 ludam
2066 2724 2133 2795 id

546 2862 791 2909 mensam
816 2847 1054 2915 Domini,
1076 2851 1132 2901 et
1158 2843 1427 2898 latronem
1454 2841 1509 2895 in
1538 2837 1811 2911 paradiso.

1088 2982 1091 2985 .
1162 2932 1393 2990 CAPUT
1430 2932 1518 2988 Vl.

1020 3030 1097 3084 De
1132 3029 1370 3084 sindictis
1396 3025 1664 3080 Ecclesia.

624 3122 761 3181 Audi
802 3124 930 3179 item
962 3123 1249 3177 Dominum
1275 3121 1581 3175 dicentem:
1616 3114 1717 3180 Qui
1743 3113 1983 3184 effuderit
2011 3128 2134 3166 san-

552 3219 758 3291 guinem
789 3226 810 3252 ο
844 3214 1206 3275 innocentem,
1236 3210 1447 3280 sanguis
1475 3208 1637 3277 ipsius
1664 3203 1957 3275 eﬁ'undetur
1978 3201 2130 3274 (Gen.

552 3322 627 3372 Ix,
668 3304 747 3376 6),
785 3302 879 3360 sed
912 3304 980 3357 ab
1008 3315 1074 3357 eo
1101 3300 1193 3369 qui
1220 3304 1402 3368 portat
1437 3296 1670 3366 gladium
1699 3295 1947 3360 dictatur,
1984 3292 2012 3331 ⁸
2041 3298 2138 3346 aut

552 3402 797 3459 vindicta:
826 3398 1083 3453 innocens
1110 3392 1356 3447 habetur.
1386 3391 1462 3445 De
1487 3389 1695 3444 caeteris
1729 3399 1907 3442 autem
1937 3400 2036 3457 per
2059 3385 2136 3439 le-

552 3506 670 3563 gem
702 3485 1086 3559 evangelicam,
1120 3484 1186 3539 ab
1206 3498 1273 3538 eo
1302 3482 1426 3537 loco
1446 3480 1499 3535 in
1521 3493 1628 3550 quo
1658 3480 1732 3534 ait
1764 3497 1777 3531 :
1810 3476 1874 3532 Et
1897 3492 2019 3532 eum
2049 3478 2135 3548 qui

1474 416 1532 471 s.
1575 409 1933 467 PATRICIUS
1974 406 2420 464 nionnnonuu
2461 392 2879 467 APOSTOLUS.

2161 522 2215 584 Α
2238 529 2318 575 tat
2338 521 2713 589 ministerium,
2736 522 2840 577 nisi
2860 536 2950 590 qui
2980 528 3188 578 tantum
3224 537 3257 577 a
3289 531 3586 596 conspectu
3608 525 3835 587 Domini

3724 412 3835 471 δικ

2236 630 2467 686 peccans
2483 631 2595 672 non
2618 616 2865 673 recessit.

2848 708 3076 767 CAPUT
3114 709 3204 767 XI.

2483 802 2565 857 De
2590 804 2917 874 separatione
2942 818 3158 857 sexuum
3188 809 3307 875 post
3339 802 3564 875 lapsum.
3608 810 3615 819 '

2298 891 2627 987 Considera
2650 895 3015 966 unusquisque
3042 894 3097 950 in
3125 894 3454 951 conscientia
3482 910 3580 952 sua
3606 896 3655 952 si
3673 912 3831 960 amor

2238 993 2292 1042 et
2317 985 2640 1045 desiderium
2661 986 2893 1043 cessavit
2917 985 3158 1057 peccati;
3179 986 3307 1055 quia
3324 1002 3524 1058 corpus
3550 997 3825 1048 mortuum

2237 1093 2345 1137 non
2389 1080 2556 1137 inlicit
2601 1095 2798 1151 corpus
2835 1079 3057 1137 alterius
3094 1079 3313 1135 mortui.
3353 1077 3451 1137 Sin
3484 1097 3638 1152 vero,
3667 1099 3826 1156 sepa-

2233 1178 2441 1232 rentur.

2834 1263 3063 1320 CAPUT
3101 1263 3214 1320 XII.

2636 1356 2718 1411 De
2741 1356 3001 1413 oblatione
3024 1373 3118 1427 pro
3143 1355 3423 1429 defunctis.

2307 1450 2447 1505 Audi
2475 1447 2794 1520 Apostolum
2815 1448 3085 1503 dicentem
3110 1466 3122 1502 :
3147 1448 3247 1503 Est
3275 1456 3443 1504 autem
3468 1457 3727 1522 peccatum
3746 1450 3815 1504 ad

2237 1552 2471 1625 mortem,
2488 1558 2594 1599 non
2612 1556 2707 1613 pro
2725 1541 2818 1595 illo
2839 1541 2977 1606 dico,
2998 1549 3056 1597 ut
3081 1549 3227 1612 roget
3253 1541 3369 1611 quis
3384 1539 3438 1612 (I
3456 1539 3615 1595 Joan.
3631 1557 3686 1607 v,
3707 1539 3819 1614 16).

2236 1641 2304 1695 Et
2337 1638 2635 1693 Dominus:
2667 1633 2847 1690 Nolite
2877 1633 3073 1689 donare
3095 1642 3331 1688 sanctum
3359 1634 3569 1687 canibus
3601 1632 3816 1704 (Matth.

2236 1750 2327 1799 vn,
2358 1732 2436 1803 6).
2467 1730 2571 1798 Qui
2596 1730 2743 1785 enim
2769 1729 2826 1784 in
2855 1728 2962 1782 vita
2983 1741 3079 1782 sua
3108 1722 3429 1782 sacriﬁcium
3455 1742 3564 1782 non
3592 1725 3818 1781 merebi-

2236 1838 2323 1884 tur
2350 1827 2619 1897 accipere,
2646 1821 2918 1894 quomodo
2954 1826 3080 1891 post
3111 1826 3340 1875 mortem
3378 1817 3457 1873 illi
3492 1818 3696 1890 poterit
3730 1817 3820 1872 ad-

2230 1920 2456 1992 iuvare?

2272 2006 2277 2009 ’
2821 2003 3050 2062 CAPUT
3087 2002 3226 2058 XIII.

2830 2098 2910 2176 De
2936 2098 3218 2168 sacriﬁcio.

2159 2205 2210 2265 Β
2305 2197 2365 2252 In
2392 2203 2553 2252 nocte
2576 2192 2809 2265 paschae,
2837 2192 2886 2248 si
2923 2190 3006 2247 tas
3042 2196 3127 2246 est
3151 2188 3297 2244 ferre
3333 2185 3502 2243 foras.
3529 2185 3650 2242 Non
3678 2184 3823 2243 foras

2235 2284 2426 2356 fertur,
2454 2287 2550 2344 sed
2579 2283 2824 2341 ﬁdelibus
2847 2283 3142 2339 deferatur.
3173 2277 3312 2347 Quid
3348 2277 3493 2333 aliud
3534 2277 3823 2346 signiﬁcat,

2234 2380 2379 2451 quod
2401 2382 2459 2434 in
2484 2392 2591 2434 una
2618 2378 2771 2432 domo
2799 2375 3027 2431 sumitur
3053 2386 3242 2441 agnus,
3268 2386 3430 2441 quam
3448 2370 3548 2425 sub
3569 2384 3678 2425 uno
3698 2367 3821 2427 ﬁdei

2235 2473 2465 2530 culmine
2490 2471 2728 2528 creditur
2755 2477 2811 2526 et
2836 2466 3265 2525 communicatur
3290 2462 3570 2520 Christus?

2821 2558 3050 2617 CAPUT
3089 2557 3229 2613 XIV.

2601 2656 2681 2711 De
2721 2654 3018 2710 abstinenti.
3044 2693 3058 2706 .
3086 2692 3103 2706 .
3128 2691 3143 2706 .
3170 2690 3184 2704 .
3213 2690 3228 2705 .
3259 2667 3292 2705 a
3318 2650 3457 2703 cibis.

2308 2761 2335 2800 lt
2363 2751 2635 2807 Statutum
2656 2757 2715 2804 ut
2740 2747 2940 2802 Christi
2961 2745 3247 2801 adventum
3279 2741 3456 2814 sponsi
3476 2740 3646 2796 nullas
3663 2746 3810 2793 ratas

2236 2846 2382 2913 leges
2406 2842 2643 2897 inveniat
2666 2839 2874 2910 jejunii.
2906 2836 3045 2904 Quid
3072 2844 3256 2891 autem
3283 2835 3424 2889 inter
3458 2818 3812 2886 Novatianum

2235 2943 2291 2993 et
2316 2934 2681 2991 Christianum
2711 2933 2956 2999 interest,
2986 2930 3089 2985 nisi
3114 2926 3262 2998 quod
3300 2925 3625 2981 Novatianus
3661 2922 3818 2978 indc—

2235 3033 2495 3094 sinenter,
2528 3027 2864 3083 Christianus
2904 3039 3035 3081 vero
3072 3039 3171 3095 per
3200 3032 3417 3092 tempus
3439 3020 3737 3075 abstineat?
3769 3028 3824 3074 nt

2236 3122 2406 3188 locus,
2437 3127 2493 3176 et
2521 3127 2751 3189 tempus,
2780 3125 2835 3173 et
2860 3128 3092 3187 persona
3112 3129 3213 3186 per
3237 3113 3420 3169 omnia
3449 3112 3788 3167 observetur.

2842 3206 3073 3269 CAPUT
3109 3208 3220 3263 XV.

2527 3305 2603 3361 De
2631 3303 2967 3377 relinquenda
2994 3302 3073 3356 vel
3101 3298 3332 3356 docenda
3353 3300 3549 3369 patria.

2311 3398 2563 3455 Docenda
2600 3396 2777 3468 patria
2825 3394 2976 3465 prius
3019 3406 3118 3463 per
3161 3390 3472 3460 exemplum
3505 3386 3740 3451 Domini,
3770 3392 3825 3441 et

2239 3487 2657 3558 derelinquenda
2686 3492 2895 3557 postea,
2925 3484 2971 3538 si
2999 3483 3106 3537 non
3134 3480 3405 3551 proﬁciat,
3445 3477 3599 3547 juxta
3640 3489 3827 3531 exem-

553 3588 723 3655 atq'erl
750 3580 949 3654 aliquid
974 3596 1007 3633 a
1036 3586 1100 3644 te,
1125 3592 1191 3630 ne
1210 3583 1410 3645 repetas
1437 3571 1587 3645 (an.
1618 3586 1687 3639 v1,
1712 3569 1826 3640 50),
1854 3569 1949 3625 sed
1974 3568 2136 3624 liben.

2180 3584 2209 3649 Ξ
2240 3583 2383 3654 plum
2413 3580 2674 3652 Apostoli.
2698 3577 2806 3633 Sed
2835 3577 2926 3646 qui
2956 3581 3134 3647 potest
3160 3570 3446 3644 proﬁcere,
3470 3570 3594 3625 licet
3620 3565 3827 3638 peridi-

554 3688 663 3745 tcr;
692 3672 739 3732 si
769 3675 883 3746 ipse
906 3671 1034 3744 quid
1059 3669 1278 3732 referat,
1308 3667 1585 3722 humiliter
1602 3664 1850 3736 recipias.

1152 3758 1382 3816 CAPUT
1409 3758 1520 3815 VII.

1004 3854 1081 3910 De
1107 3853 1430 3925 baptismatis
1455 3851 1685 3906 incertis.

620 3952 875 4008 Statuunt
902 3962 972 4005 ne
998 3945 1318 4018 rebaptizati
1344 3944 1495 4018 (sint)
1525 3942 1617 4013 qui
1657 3940 1886 4012 symboli
1920 3949 1942 3976 ο
1970 3938 2137 4001 tradi-

551 4047 699 4100 tione
721 4060 751 4098 a
779 4054 1101 4113 quocunque
1124 4043 1466 4117 acceperunt,
1494 4035 1618 4105 quia
1640 4047 1747 4087 non
1769 4031 1933 4087 inlicit
1954 4040 2137 4084 semen

551 4130 868 4191 seminantis
908 4131 1178 4201 iniquitas.
1220 4128 1315 4183 Sin
1346 4142 1494 4193 vero,
1533 4141 1638 4181 non
1668 4130 1750 4179 est
1777 4123 2133 4192 rebaptizare,

551 4225 645 4279 sed
684 4224 978 4293 baptizare.
1023 4221 1140 4275 Non
1176 4218 1533 4275 absolvendos
1570 4224 1749 4271 autem
1779 4215 1958 4284 lapsos
1981 4230 2012 4267 a
2034 4212 2137 4270 ﬁde

553 4314 855 4379 credamus,
880 4313 984 4368 nisi
1010 4327 1111 4383 per
1136 4311 1535 4381 impositionem
1557 4322 1749 4363 manus
1775 4306 1792 4344 ί
1816 4307 2017 4377 accepi.

1150 4399 1378 4457 CAPUT
1415 4399 1552 4455 VIII.

806 4490 879 4550 De
902 4494 1006 4550 reis
1032 4502 1204 4549 autem
1236 4493 1509 4549 abstractis
1537 4492 1599 4547 ab
1626 4488 1881 4549 Ecclesia.

626 4585 745 4642 Non
788 4586 858 4641 ad
900 4600 1120 4643 reorum
1158 4584 1526 4641 defensionem
1562 4585 1702 4642 facta
1741 4594 1825 4640 est
1868 4582 2133 4653 Ecclesia,

553 4680 648 4751 sed
667 4680 933 4751 judicibus
951 4669 1382 4755 persuadendum
1404 4688 1502 4745 est,
1529 4687 1586 4736 ut
1606 4678 1831 4750 spiritali
1851 4687 2026 4735 morte
2045 4694 2140 4734 eos

555 4768 884 4843 occiderent,
904 4771 996 4844 qui
1017 4770 1085 4831 ad
1113 4773 1287 4841 sinum
1319 4773 1502 4829 matris
1529 4770 1781 4831 Ecclesia:
1801 4770 2135 4841 confugiunt.

1161 4862 1389 4920 CAPUT
1426 4863 1516 4919 IX.

1137 4955 1551 5028 (Desideratur.)

1185 5046 1414 5103 CAPUT
1448 5046 1514 5103 Χ.

1010 5139 1087 5197 De
1113 5141 1273 5212 lapsis
1301 5148 1414 5213 post
1435 5141 1672 5215 gradum.

561 5301 564 5304 p
627 5232 768 5287 Audi
805 5236 1065 5289 canonica
1103 5234 1381 5289 instituta:
1413 5232 1516 5299 Qui
1561 5248 1683 5288 cum
1709 5232 1877 5302 gradu
1920 5233 2133 5303 cecidit,

557 5324 675 5379 sine
700 5323 868 5389 gradu
893 5331 1078 5393 surgat
1111 5342 1124 5378 :
1152 5332 1438 5380 contentus
1476 5324 1696 5380 nomine
1721 5330 1949 5394 tantum,
1982 5329 2140 5387 amit-

629 5462 657 5492 ι
698 5452 966 5527 Admhunc
1009 5452 1185 5527 locum
1225 5455 1423 5527 videsjs
1449 5455 1779 5519 Cotelerium
1818 5460 1884 5522 ad
1912 5462 2135 5523 Constit.

512 5528 523 5588 !
553 5526 737 5599 Apost.
754 5510 853 5578 lib.
878 5538 949 5589 tv,
979 5538 1098 5592 cap.
1124 5510 1184 5591 ’8,
1215 5510 1410 5582 noti—3;

626 5600 654 5639 ιι
684 5595 846 5650 Forte
871 5595 1039 5649 mia.
1070 5593 1229 5650 Was.

1026 5630 1039 5646 ο
1076 5613 1229 5650 WAR»

505 5682 514 5697 ·
596 5740 601 5741 γ
628 5683 649 5710 c
673 5667 774 5741 Qui
794 5667 939 5723 hunc
957 5668 1163 5741 textum
1182 5668 1470 5737 suggessit;
1488 5671 1625 5728 forte
1644 5673 1854 5741 legebat
1872 5674 1926 5729 in
1947 5676 2135 5732 Graec

555 5740 683 5821 αἷμᾳ
706 5740 901 5822 ,ἀθῶονν
925 5752 1031 5819 pro
1059 5735 1184 5810 αἷμα
1212 5735 1500 5822 ἀνρρώποῡ,
1533 5759 1638 5822 non
1669 5735 1806 5805 belle
1824 5747 2136 5822 percipiens

555 5800 896 5887 scripturam
924 5800 979 5887 in
1013 5800 1426 5887 compendium
1461 5800 2029 5887 deductannCoreL'.
2068 5800 2135 5876 ad

556 5875 774 5935 Constit.
805 5876 981 5937 Apost.
1013 5875 1106 5939 lib,
1132 5875 1188 5951 ιῐ,
1215 5893 1330 5948 cap.
1359 5878 1445 5953 ιε,
1475 5889 1587 5949 not.
1618 5881 1653 5936 8
2084 5880 2092 5887 ’

2244 3682 2404 3738 tatur,
2431 3672 2627 3740 ubique
2654 3668 2866 3733 doceat,
2901 3673 2957 3721 et
2997 3680 3058 3719 se
3096 3662 3376 3726 ostendat;
3405 3659 3496 3729 qui
3537 3672 3667 3712 vero
3711 3671 3824 3713 non

2238 3772 2440 3837 potest,
2476 3770 2648 3818 taceat
2675 3768 2731 3816 et
2767 3758 3061 3815 abscondat
3093 3755 3264 3812 :alins
3289 3754 3485 3822 quippe
3510 3752 3580 3806 ab
3602 3747 3731 3804 Iesu
3755 3747 3818 3805 in

2239 3860 2456 3914 domum
2477 3869 2627 3911 suam
2651 3853 2897 3916 mittitur,
2924 3850 3063 3904 alius
3082 3847 3232 3916 sequi
3254 3845 3483 3915 jubetur.

2817 3942 3049 3999 CAPUT
3086 3939 3234 3996 XVI.

2762 4036 2840 4093 De
2858 4037 3010 4111 falsis
3030 4035 3303 4107 episcopis.

2309 4135 2412 4201 Qui
2449 4147 2555 4187 non
2603 4129 2895 4187 secundum
2943 4127 3260 4200 Apostolum
3288 4124 3499 4180 electus
3525 4126 3608 4174 est
3639 4118 3706 4173 ab
3735 4116 3822 4172 ai-

2238 4236 2357 4281 tero
2382 4225 2658 4295 episcopo,
2680 4230 2765 4278 est
2793 4220 3153 4285 damnandus;
3177 4226 3231 4273 et
3257 4214 3450 4272 deinde
3470 4212 3538 4269 ad
3561 4212 3821 4281 reliquam

2237 4320 2448 4390 plebem
2477 4315 2822 4372 declinandus
2847 4321 2904 4368 et
2929 4309 3319 4397 degradandus.

2815 4399 3043 4457 CAPUT
3081 4398 3241 4455 XVII.

2625 4496 2705 4554 De
2731 4496 2993 4568 proposito
3030 4490 3418 4548 monachorum.

2311 4589 2554 4647 Monacbi
2580 4596 2705 4644 sunt
2734 4588 2828 4658 qui
2855 4585 3084 4643 solitarii
3112 4585 3230 4641 sine
3249 4576 3485 4637 terrenis
3513 4576 3703 4648 Opibus
3726 4575 3822 4630 ba-

2236 4684 2409 4740 bitant
2436 4683 2535 4739 sub
2565 4687 2833 4754 potestate
2858 4678 3097 4751 episcdpi
3124 4676 3208 4731 vel
3234 4672 3466 4728 abbatis.
3493 4669 3611 4725 Non
3640 4676 3820 4723 autem

2239 4777 2506 4844 monachi,
2523 4774 2617 4843 sed
2639 4773 2828 4829 Vactro
2850 4770 3029 4842 periti,
3049 4766 3153 4824 hoc
3173 4770 3276 4830 est,
3298 4767 3701 4831 contemptores
3718 4758 3823 4814 sol-

2240 4872 2371 4928 liciti
2392 4870 2460 4926 ad
2488 4840 2649 4925 vitam
2674 4840 2972 4938 perlectam
3001 4863 3056 4918 in
3094 4868 3255 4919 aetate
3281 4854 3544 4929 perlecta.
3580 4850 3696 4908 Hoc
3722 4840 3843 4915 est,

3614 4474 3651 4501 ρ

2161 4955 2216 5018 Β
2242 4979 2272 5020 a
2298 4961 2486 5033 viginti
2515 4960 2667 5016 annis
2694 4957 2855 5014 debet
2880 4953 3247 5022 unusquisque
3273 4945 3569 5013 constringi
3596 4959 3705 4999 non
3741 4946 3826 4996 at-

2243 5052 2511 5117 testando,
2536 5051 2630 5109 sed
2664 5055 2793 5106 voto
2836 5042 3183 5122 perﬁciendo,
3216 5050 3275 5097 ut
3311 5048 3394 5096 est
3425 5036 3555 5095 illud
3587 5050 3602 5089 :
3650 5033 3827 5089 Unus-

2243 5151 2450 5223 quisque
2477 5147 2606 5201 sicut
2632 5142 2898 5215 prOposuit
2916 5138 3068 5194 corde
3089 5154 3180 5192 suo
3204 5132 3259 5207 (Ι
3279 5133 3398 5189 Cor.
3414 5147 3505 5223 vn,
3530 5124 3622 5199 37)
3645 5123 3827 5223 faciat,

2243 5215 2298 5295 et
2325 5215 2383 5294 ut
2416 5237 2549 5291 Vota
2589 5250 2703 5287 mea
2742 5232 2956 5286 reddam
2997 5231 3053 5283 in
3099 5233 3372 5297 conspectu
3410 5220 3624 5278 Domini
3655 5215 3827 5290 (Psal.

2248 5349 2369 5397 cxv,
2394 5326 2481 5395 ib,
2512 5324 2623 5398 18),
2653 5332 2710 5381 et
2749 5322 2958 5392 reliqua
2992 5340 3004 5374 :
3033 5334 3141 5391 quo
3165 5325 3293 5375 voto
3322 5315 3543 5382 vivitur,
3574 5310 3711 5365 situs
3748 5306 3829 5360 lo-

2314 5464 2341 5501 ά
2371 5461 2552 5525 Forte,
2582 5454 2821 5512 Dictator
2840 5462 3035 5525 autem.
3061 5450 3223 5508 Wsn.

2318 5544 2341 5572 ο
2370 5532 2498 5600 Leg.
2527 5521 2877 5600 traditionem.
2908 5521 2985 5579 In.

2321 5604 2340 5642 τ
2375 5599 2499 5668 Leg.
2533 5599 2717 5670 accipi.

2318 5685 2342 5723 s
2364 5649 2692 5733 deiciendi,
2724 5664 2959 5720 Nonum.
2996 5661 3142 5719 Eccl.
3181 5659 3277 5715 Gr.
3316 5655 3666 5733 tom.__l,_pa_g.
3686 5649 3825 5733 .819,

2243 5727 2391 5815 hunc
2408 5743 2582 5815 locum
2603 5727 2686 5815 sic
2698 5736 2951 5815 emendat
2975 5753 2997 5815 _:
3024 5733 3309 5815 Statumm,
3339 5727 3615 5815 utChrisfi
3636 5740 3666 5777 a

2246 5798 2356 5886 iiii;
2372 5798 2568 5889 sponsi,
2599 5808 2767 5866 nullas
2799 5814 2938 5864 ratas
2968 5805 3105 5877 leges
3134 5803 3363 5859 inveniat
3378 5798 3590 5874 jejunii.
