4238 6260
1066 309 1207 328 ,θαι-μἺ
1222 309 1291 324 -Ἷυ

383 395 481 453 821
1851 360 2001 417 SYNi

2045 358 2181 413 DUS.
3232 394 3237 399 .
3544 338 3651 396 822

388 516 577 561 eorum
614 502 855 556 coarctat
893 512 906 548 :
940 491 987 548 si
1037 483 1521 560 superanundantia
1541 520 1555 545 ,
1608 481 1661 534 in
1717 478 1966 533 omnibus
1991 477 2044 539 Α
2068 487 2229 543 quam
2259 476 2636 533 communicet,
2666 476 2897 524 testatur
2919 465 3046 537 quid
3074 463 3354 536 probatur,
3380 466 3431 513 et
3460 454 3654 510 deinde

390 558 654 650 devitetnr
701 592 753 644 in
801 589 936 651 vita;
962 583 1085 652 quia
1104 558 1196 650 (Il
1225 576 1344 631 Cor.
1385 590 1455 642 χι,
1486 572 1576 644 2⁸7)
1607 572 1660 625 in
1690 570 1888 638 frigore
1916 575 1971 621 et
2070 563 2170 618 sub
2193 562 2373 631 judice
2400 558 2540 614 fama
2563 559 2914 628 relinquatur.

393 688 653 750 nuditate,
685 685 736 738 in
770 682 908 735 fame
934 683 987 733 et
1015 674 1119 739 siti,
1154 673 1206 728 in
1238 668 1430 739 vigiliis
1464 668 1521 723 et
1546 663 1763 735 jejuniis
1789 660 1971 717 vocati
2614 727 2621 733 .
2660 663 2891 724 CAPUT
2919 663 3083 723 xxv,

395 785 539 833 sunt.
2493 781 2571 834 De
2602 789 2711 834 toro
2760 780 2938 851 fratris
2977 778 3203 849 defuncti

1426 942 1660 963 _‘._.____m
1872 884 1873 887 η
2142 894 2279 949 Audi
2307 894 2523 949 decreta
2553 890 2743 963 synodi
2772 905 2934 959 super
2958 889 3093 963 istis.
3123 887 3310 941 Frater
3339 892 3515 939 torum
3560 879 3659 937 de-

676 955 754 1010 De
774 953 931 1008 tribus
958 946 1238 1005 seminibus
1266 942 1681 1016 Evangeliorum.

464 1041 1059 1116 CentesimumUlatth.
1088 1055 1202 1104 xm,
1225 1037 1278 1103 8,
1302 1034 1395 1105 25)
1422 1031 1659 1104 episcopi
1692 1036 1746 1084 et
1780 1028 1969 1083 docto—

395 1158 502 1206 res,
525 1142 615 1210 qui
636 1137 882 1195 omnibus
902 1133 1083 1190 omnia
1109 1136 1260 1195 sunt;
1285 1123 1694 1194 sexagesimum,
1719 1118 1896 1175 clerici
1918 1124 1975 1171 et

396 1208 565 1288 vidua:
610 1229 700 1299 qui
743 1228 1082 1283 continentes
1131 1227 1284 1285 sunt;
1329 1215 1680 1284 trigesimum,
1722 1210 1844 1264 laici
1881 1208 1973 1277 qui

397 1323 579 1378 ﬁdeles
623 1298 768 1387 sunt,
818 1317 911 1387 qui
955 1313 1195 1387 perfecte
1240 1302 1558 1363 Trinitatem
1605 1301 1849 1357 credunt.
1879 1298 1973 1354 His

394 1413 621 1482 amplius
649 1427 757 1466 non
782 1416 866 1464 est
889 1408 944 1463 in
972 1418 1150 1461 messe
1176 1398 1421 1463 Domini;
1448 1394 1741 1450 monachos
1770 1403 1898 1447 vero
1921 1396 1976 1445 et

396 1502 627 1574 virgines
655 1518 776 1557 cum
805 1498 1113 1555 centesimis
1146 1492 1436 1563 jungimus.

570 1584 579 1594 ’
984 1582 1212 1643 CAPUT
1250 1581 1386 1637 XIX.

2074 1076 2175 1131 duo
2196 1078 2251 1129 in
2278 1092 2432 1129 carne
2458 1091 2562 1129 una
2590 1071 2755 1144 (Gen.
2789 1088 2844 1136 ιι,
2869 1069 2992 1142 21).
3023 1070 3163 1140 Ergo
3190 1085 3327 1126 uxor
3358 1065 3536 1121 fratris
3563 1078 3657 1119 so-

2072 1182 2166 1223 ror
2190 1174 2282 1224 tua
2308 1174 2410 1223 est.
2874 1239 2890 1250 O

2638 1254 2865 1311 CAPUT
2898 1254 3065 1310 XXVI

2541 1370 2620 1425 De
2656 1371 2919 1425 meretrice
2955 1371 3190 1441 conjuge.

2148 1486 2285 1540 Audi
2309 1484 2595 1540 Dominum
2623 1483 2889 1538 dicentem
2929 1500 2941 1535 :
2977 1479 3080 1546 Qui
3107 1480 3337 1535 adliceret
3386 1479 3661 1545 meretrici,

2078 1592 2240 1629 unum
2258 1592 2440 1647 corpus
2469 1574 2683 1645 efficitur
2725 1571 2793 1644 (Ι
2821 1569 2941 1626 Cor.
2997 1586 3080 1638 γι,
3126 1567 3249 1639 16).
3296 1568 3430 1622 Item
3461 1566 3665 1621 :Adul-

876 1678 990 1744 Qua
1014 1684 1166 1734 aetate
1186 1671 1505 1745 baptizandi.
2082 1680 2190 1723 tera
2218 1668 2472 1739 Iapidetur
2495 1664 2646 1738 (Leu.
2676 1681 2765 1730 xx,
2800 1662 2893 1731 10;
2926 1662 3079 1715 Deut.
3106 1659 3235 1728 xxn,
3281 1658 3416 1729 9‘2);
3468 1656 3517 1712 id
3564 1666 3668 1726 est,

469 1776 670 1834 Octavo
700 1774 788 1829 die
816 1768 1185 1828 catechumeni
1214 1772 1357 1831 sunt,
1393 1768 1583 1833 postea
1620 1755 1978 1815 solemnitati-
2081 1761 2207 1815 huic
2237 1760 2365 1814 vitio
2412 1758 2696 1824 moriatur,
2747 1763 2806 1809 ut
2850 1754 3057 1809 desinat
3102 1767 3346 1807 crescere
3392 1766 3511 1819 quae
3561 1767 3668 1804 non

401 1868 501 1924 bus
529 1866 742 1923 Domini
768 1864 1127 1935 baptizantur,
1164 1858 1222 1913 id
1261 1863 1362 1921 est,
1405 1840 1633 1917 Pascha,
1661 1848 1980 1905 Pentecoste
2010 1841 2055 1900 Β
2084 1851 2282 1907 desinit
2310 1849 2588 1906 mmcbari.
2617 1847 2746 1902 ltem
2778 1866 2789 1900 :
2822 1845 2884 1903 Si
2925 1846 3215 1899 adulterata
3258 1845 3411 1915 fuerit
3464 1842 3669 1911 mulier,

403 1968 457 2015 et
481 1958 804 2029 Epiphania.
839 1930 857 1935 ψ
2085 1943 2315 2016 nunquid
2344 1944 2608 1998 revertitur
2629 1940 2699 1994 ad
2717 1942 2882 1995 virum
2901 1956 3048 1994 suum
3068 1940 3291 2011 priorem
3317 1935 3371 2009 (1
3376 1954 3448 1990 er.
3483 1952 3558 2001 ιιι,
3580 1930 3670 2005 i)?

992 2040 1221 2099 CAPUT
1259 2039 1370 2094 XX.
1950 2078 1953 2079 ν
2084 2034 2221 2089 Item
2251 2052 2264 2086 :
2298 2032 2414 2088 Non
2454 2032 2581 2088 licet
2628 2032 2742 2086 viro
2797 2030 3067 2085 dimittere
3126 2042 3382 2092 uxorem,
3448 2026 3550 2079 nisi
3610 2024 3672 2080 ob

996 2135 1074 2189 De
1102 2133 1380 2205 parochiis.
2089 2142 2299 2179 causam
2319 2126 2679 2197 fornicationis
2706 2121 2927 2192 (Matth.
2982 2139 3034 2190 v,
3094 2119 3192 2185 52;
3234 2135 3345 2185 xxx,
3376 2116 3484 2188 9):
3518 2133 3581 2172 ac
3626 2117 3673 2171 si

477 2235 614 2291 Cum
657 2231 937 2288 monachis
968 2243 1077 2284 non
1115 2234 1197 2281 εει
1226 2223 1506 2281 dicendum
1535 2234 1762 2291 quorum
1787 2217 1985 2275 malum
2088 2216 2254 2285 dicat,
2284 2216 2353 2270 ob
2380 2216 2518 2270 hanc
2547 2229 2784 2269 causam.
2817 2211 2969 2267 Unde
2997 2212 3043 2266 si
3068 2209 3232 2265 ducat
3277 2208 3498 2262 alteram
3532 2206 3674 2262 velut

409 2336 491 2383 est
521 2321 835 2388 inauditum,
865 2322 956 2391 qui
987 2320 1247 2376 unitatem
1278 2332 1405 2372 vero
1446 2314 1615 2385 plebis
1653 2329 1762 2369 non
1801 2313 1986 2369 incon-
2090 2316 2214 2379 post
2242 2316 2470 2363 mortem
2490 2296 2707 2377 prioris,
2734 2321 2843 2360 non
2874 2312 3077 2359 vetunt.

410 2433 541 2487 grue
568 2415 915 2486 suscepimus.
2635 2415 2865 2473 CAPUT
2891 2414 3102 2470 XXVII.

1254 2500 1432 2600 XI'..
1683 2590 1724 2600 ,,
2240 2531 2320 2585 De
2348 2531 2607 2586 voluntate
2635 2530 2852 2600 uirginis
2879 2526 2957 2581 vel
2980 2527 3167 2597 patris,
3188 2527 3244 2579 in
3265 2523 3526 2595 conjugio.

623 2598 702 2652 De
728 2596 1009 2653 retinendis
1037 2593 1115 2649 vel
1143 2592 1459 2647 dimittendis
1486 2590 1771 2645 monachis.

486 2689 862 2760 Unusquisque
883 2688 1115 2741 fructum
1144 2698 1299 2739 suum
1327 2683 1382 2737 in
1412 2681 1648 2737 Ecclesia
1680 2679 1731 2733 in
1759 2693 1861 2748 qua
1888 2678 1990 2731 im-

415 2782 574 2840 butus
599 2787 682 2837 est
700 2779 1027 2850 perfruatur,
1060 2774 1161 2829 nisi
1190 2788 1350 2830 causa
1381 2771 1599 2842 majoris
1628 2769 1899 2841 profectus
1927 2768 1994 2823 ad

415 2881 442 2909 ⁸
467 2871 656 2925 ultoris
695 2867 835 2923 ferre
862 2866 1130 2937 permisso
1158 2864 1366 2919 abbatis
1392 2873 1567 2932 cogat.
1602 2860 1659 2915 Si
1687 2874 1815 2914 vero
1843 2859 1993 2915 exie-

413 2964 514 3025 rit,
558 2972 721 3016 causa
766 2958 947 3013 utilior
987 2969 1109 3011 cum
1156 2955 1527 3011 benedictione
1573 2952 1811 3017 dicatur,
1861 2949 1997 3005 Ecce

417 3050 595 3121 Agnus
623 3046 741 3113 Dei,
771 3062 879 3122 non
904 3060 1024 3114 quae
1047 3061 1143 3100 sua
1169 3053 1291 3100 sunt
1320 3044 1861 3113 singuliquazrentes,
1902 3039 1999 3095 sed

334 3159 339 3165 '
418 3154 540 3209 qua:
575 3138 701 3194 Iesu
737 3138 933 3193 Christi
966 3137 1220 3209 (Philipp.
1255 3153 1309 3202 ιι,
1339 3135 1452 3208 ei).
1483 3134 1795 3191 Vocationis
1820 3142 2001 3189 autem

415 3237 630 3287 causam
659 3244 767 3286 non
797 3229 1110 3299 permittant
1138 3228 1382 3284 subditos
1403 3226 1434 3267 δ
1464 3226 1785 3283 discurrere.

2137 2712 2141 2716 .
2168 2642 2320 2709 Quod
2350 2641 2460 2696 vult
2492 2646 2675 2710 pater,
2708 2638 2869 2693 faciat
2905 2637 3087 2705 virgo,
3116 2636 3241 2704 quia
3265 2641 3418 2705 caput
3449 2632 3676 2687 mulieris

2096 2737 2175 2790 vir
2205 2734 2259 2804 (Ι
2277 2732 2398 2788 Cor.
2431 2749 2503 2797 xi,
2536 2731 2613 2801 5).
2645 2729 2752 2784 Sed
2776 2726 3099 2799 requirenda
3128 2733 3213 2781 est
3250 2740 3279 2780 a
3310 2728 3461 2795 patre
3488 2722 3678 2778 volun-

2099 2834 2184 2881 tas
2210 2824 2450 2894 virginis,
2472 2823 2613 2904 .dutn
2643 2821 2784 2876 Deus
2807 2820 3050 2891 relinquit
3077 2819 3333 2873 hominem
3359 2817 3412 2872 in
3442 2814 3678 2871 manibus

2100 2918 2301 2973 consilii
2330 2918 2410 2971 sui
2440 2915 2631 2987 (Eccli.
2654 2931 2743 2981 xv,
2781 2913 2890 2985 14).

2637 3024 2869 3083 CAPUT
2895 3024 3126 3080 XXVIII.

2481 3143 2558 3198 De
2575 3145 2756 3215 primis
2774 3141 2852 3198 uel
2879 3140 3118 3196 secundis
3147 3139 3298 3196 votis.
3331 3135 3339 3141 ’

2020 3210 2067 3274 C
2173 3258 2381 3313 Eadem
2427 3257 2643 3313 ratione
2688 3252 3029 3311 observanda
3077 3258 3202 3308 sunt
3228 3251 3401 3322 prima
3449 3256 3596 3317 vota,
3626 3257 3683 3305 et

2102 3352 2275 3422 prima
2304 3348 2576 3419 conjugis,
2612 3359 2633 3386 α
2664 3355 2756 3403 aut
2778 3345 3031 3402 secundis
3057 3345 3232 3415 prima
3246 3358 3356 3400 non
3375 3342 3486 3399 sint
3512 3342 3681 3407 irrita,

2104 3441 2208 3496 nisi
2229 3439 2430 3495 fuerint
2456 3438 2779 3493 adulterata.

2677 3525 2903 3581 CAPUT
2929 3523 3120 3579 XXIX.

2415 3620 2493 3674 De
2522 3618 2965 3688 consanguinitate
3007 3616 3062 3667 in
3090 3613 3351 3684 conjugio.

2178 3722 2462 3790 Intelligite
2491 3719 2618 3789 quid
2647 3718 2734 3773 lex
2762 3716 3030 3785 loquitur,
3064 3730 3172 3769 non
3200 3714 3376 3769 minus
3415 3728 3515 3767 nec
3540 3711 3680 3782 plus.

2110 3815 2265 3883 Quod
2295 3821 2472 3868 autem
2496 3812 2806 3867 observatur
2834 3807 2976 3878 apud
3004 3818 3120 3871 nos,
3144 3812 3204 3859 ut
3231 3810 3461 3873 Quatuor
3486 3812 3681 3870 genera

2113 3904 2437 3967 dividantur,
2470 3917 2570 3957 nec
2594 3899 2794 3956 vidisse
2823 3897 3010 3952 dicunt
3032 3910 3135 3951 nec
3161 3894 3372 3963 legisse.

2671 3984 2897 4070 CAPUT
2938 4009 3106 4065 xxx.
3328 4088 3331 4093 η

2569 4104 2645 4160 De
2670 4102 2990 4161 vindicandis
3018 4103 3254 4157 assuetis.

979 3316 1209 3377 CAPUT
1245 3319 1403 3375 XXII.

633 3414 709 3469 De
743 3414 993 3469 sumenda
1022 3412 1362 3467 Eucharistia
1403 3422 1518 3483 post
1560 3414 1778 3483 lapsum.

488 3506 618 3562 Post
636 3505 1090 3562 examinationem
1109 3492 1345 3559 carceris
1369 3503 1629 3558 sumenda
1645 3510 1747 3567 est,
1768 3504 1996 3557 maxime

421 3608 596 3655 autem
633 3600 687 3654 in
722 3604 882 3670 nocte
910 3595 1149 3660 Pascbac,
1172 3596 1229 3649 in
1247 3610 1352 3664 qua
1375 3595 1466 3664 qui
1486 3610 1592 3648 non
1619 3594 1994 3659 communicat,

422 3691 592 3745 fidelis
620 3704 728 3745 non
769 3694 870 3743 est.
916 3685 1044 3741 Ideo
1070 3685 1257 3740 brevia
1285 3694 1410 3741 sunt
1438 3693 1493 3741 et
1516 3685 1700 3739 stricta
1740 3684 1881 3754 apud
1909 3700 2003 3739 eos

423 3784 614 3854 spatia,
637 3795 706 3837 ne
725 3782 904 3835 anima
934 3778 1106 3834 ﬁdelis
1134 3778 1366 3833 intereat
1387 3785 1536 3832 tanto
1560 3785 1800 3846 tempore
1822 3776 2005 3845 jejuna

424 3872 701 3928 medicinae
717 3908 733 3937 ,
762 3868 989 3925 Domino
1013 3868 1262 3924 dicente:
1290 3866 1412 3923 Nisi
1439 3867 1870 3923 manducaveritis
1889 3883 2006 3922 car-

426 3981 541 4017 nem
572 3960 697 4015 Filii
725 3961 964 4025 hominis,
990 3976 1095 4013 non
1122 3957 1373 4013 habebitis
1401 3960 1557 4014 vitam
1581 3959 1636 4012 in
1662 3956 1802 4013 vobis
1825 3957 2004 4029 (Jo‘an.

427 4068 500 4119 ἠ’
530 4050 644 4121 ὅθ’
991 4118 1216 4177 CAPUT
1255 4117 1439 4174 χχιιι.

1013 4210 1093 4266 De
1104 4214 1419 4284 juramento.

2186 4223 2471 4292 Nunquam
2500 4216 2526 4257 ά
2551 4218 2745 4274 vetitus
2770 4204 2938 4272 licet':
2968 4229 3156 4270 verum
3192 4209 3539 4272 observanda:
3567 4218 3689 4266 sunt

452 4348 462 4358 .
498 4302 626 4361 Non
638 4305 825 4377 furare
849 4306 1057 4358 omnino
1078 4301 1306 4373 (Matth.
1336 4317 1387 4365 ν,
1413 4300 1532 4372 34).
1563 4300 1640 4356 De
1664 4298 1770 4355 hoc
1814 4314 2001 4356 conse-

2115 4318 2261 4385 leges
2276 4314 2497 4385 jubilaei,
2525 4313 2631 4367 hoc
2650 4317 2732 4366 est
2757 4306 3140 4379 quinquaginta
3169 4305 3296 4360 anni
3326 4312 3513 4360 utnon
3537 4301 3687 4357 alﬁr-

428 4405 627 4468 quente
654 4397 901 4454 lectionis
917 4398 1084 4452 series
1101 4396 1281 4464 docet,
1330 4408 1439 4449 non
1491 4392 1840 4463 adimendam
1890 4408 2001 4447 esse

2116 4414 2329 4461 mentur
2350 4406 2551 4460 incerta
2580 4410 2820 4457 veterato
2862 4399 3138 4470 temporis.
3173 4396 3240 4452 Et
3292 4395 3416 4451 ideo
3448 4405 3471 4431 ε
3505 4408 3692 4449 οιιιιιεε

431 4497 729 4544 θτθεωηῐη
758 4488 934 4552 aliam.
967 4488 1069 4542 ηίδί
1093 4494 1394 4543 maiorem
1427 4492 1523 4539 ειη
1560 4484 1842 4555 ιποριιειίε
1891 4496 2011 4538 “‘05
2117 4500 2330 4568 negotia
2358 4498 2747 4568 subscriptione
2776 4495 3143 4550 Romanorum
3174 4487 3543 4547 conﬁrmanda
3585 4494 3687 4542 est.

432 4586 551 4635 est:
588 4578 724 4633 Viuit
740 4577 993 4633 Dominus
1012 4587 1064 4632 et
1079 4578 1200 4632 sirit
1239 4578 1416 4630 anima
1462 4590 1578 4630 mea
1608 4572 1728 4647 (IV
1780 4573 1908 4645 Reg.
1953 4590 2001 4641 ιι,

2045 4587 2092 4647 Ι)
2676 4607 2903 4664 CAPUT
2934 4606 3124 4662 xxxx.

431 4666 785 4828 (gill‘ike);
836 4675 892 4722 εἰ
937 4685 950 4721 ³
1012 4666 1147 4768 VM?
1183 4665 1438 4768 Pomm".
1492 4666 1575 4718 cui
1627 4665 1815 4767 uim."
1860 4663 2012 4767 {mdia
2120 4704 2198 4760 De
2219 4701 2492 4777 gentilibus
2520 4703 2605 4773 qui
2635 4663 2757 4754 ante
2786 4700 3096 4769 baptismum
3135 4698 3382 4761 credunt,
3407 4707 3561 4766 quam
3584 4703 3692 4759 ρα-

670 4776 723 4828 σ.
753 4770 899 4823 mn,
928 4755 1050 4826 15).
1082 4755 1230 4811 Finis
1257 4763 1436 4810 autem
1464 4753 1908 4810 contradictionis
1931 4762 2015 4809 est
2631 4770 2901 4824 nitentium
2930 4764 3173 4820 habeam.

670 4776 723 4830 σο
753 4770 899 4823 mn,
928 4755 1050 4826 15).
1082 4755 1230 4811 Finis
1257 4763 1436 4810 autem
1464 4753 1908 4810 contradictionis
1931 4763 2001 4809 est

2120 4753 2193 4760 Π
2473 4753 2487 4756 ⁷
2524 4753 2561 4773 ⁷7
2591 4753 2599 4755 ἡ
2631 4753 2901 4824 nitentium
2930 4764 3173 4820 habeant.

431 4850 534 4905 nisi
562 4850 808 4907 Domino.
838 4847 1010 4904 Omne
1035 4848 1179 4903 enim
1211 4846 1356 4917 quod
1384 4853 1529 4900 amat
1571 4845 1754 4909 homo,
1803 4842 1907 4901 hoc
1959 4854 2016 4901 et

431 4875 534 4950 [.le
562 4875 808 4907 WIIIIIIU.
838 4875 1010 4904 Ullluc
1035 4875 1179 4903 σιιιιιι
1211 4875 1356 4917 quuu
1384 4875 1529 4900 “Illa.
1572 4875 1754 4909 ιιυιιιυ,
1803 4875 1907 4901 υυυ
1959 4875 2016 4901 σι

431 4947 661 5009 ιιιηιυνο
2118 4977 2211 5009 ...ιι
2241 4977 2362 5009 τως..
2395 4990 2515 5009 mm.
2542 4974 2679 5009 ιιιιοις
2711 4974 3037 5009 nnncninniio
3062 4971 3080 5009 t
3106 4969 3371 5009 infide-lant
3394 4974 3691 5009 ιιῃιιικιιδ....

2118 4977 2214 5035 sed
2240 4977 2365 5047 quia
2394 4990 2517 5032 cum
2542 4974 2682 5030 ﬁdeli
2711 4971 3080 5030 conscientiat
3106 4969 3373 5041 inﬁdelem
3394 4974 3691 5033 tempor....

1004 5026 1452 5139 citi“-
1464 5134 1518 5139 ___
1533 5132 1549 5139 Α
1574 5117 1780 5139 unum
2385 5026 3187 5139 iudicandus
3212 5069 3312 5115 est.

651 5123 727 5179 De
751 5096 1080 5180 contentione
1105 5121 1324 5176 duorum
1360 5118 1551 5192 absque
1570 5117 1799 5174 testibus.

506 5214 760 5270 Statuunt
805 5221 863 5270 ut
889 5224 989 5285 per
1031 5220 1265 5283 quatuor
1302 5217 1489 5266 sancta
1541 5207 1865 5280 Evangelia,
1892 5214 2018 5263 ante
2574 5202 2720 5257 Finit
2750 5199 2967 5253 Patricii
2999 5194 3242 5268 synodus.

511 5380 534 5408 ³
565 5370 727 5426 Forte
759 5370 995 5424 ulterius.
1029 5367 1185 5425 Was.
2193 5360 2220 5399 ἀ
2240 5362 2402 5417 Forte
2430 5362 2656 5417 vetitum.
2688 5359 2761 5411 In.

510 5438 536 5479 δ
567 5440 645 5495 An
683 5434 978 5496 discutere?

514 5518 537 5551 ⁸
567 5493 842 5571 θαι.
863 5493 1023 5566 Was.
1048 5575 1062 5590 _
2058 5512 2063 5523 ‘
2202 5499 2220 5541 ί
2250 5501 2412 5558 Forte
2440 5493 2665 5571 inﬁdelis
2694 5497 3054 5569 temporarias.
3088 5493 3246 5552 “Al.

1603 5694 2534 5732 ψ·-

2071 984 2242 1041 tuncti
2268 983 2448 1037 fratris
2475 962 2591 1037 non
2617 980 2909 1048 ascendat,
2942 962 3170 1034 Domino
3209 977 3421 1031 dicente
3449 992 3461 1026 :
3488 972 3658 1027 Erunt
3720 962 3725 1014 ε

2197 5392 2220 5399 “
2240 5392 2271 5416 ι’
2284 5392 2402 5417 υΙΙῦ
2430 5392 2656 5417 υσιιιαησ.
2688 5392 2761 5411 Illo
3708 5392 3716 5409 ,-

2197 5442 2220 5469 ε
2252 5432 2426 5488 Locus
2448 5439 2749 5492 corruptus.
2782 5426 2857 5482 in.
2880 5457 2951 5466 ——
2970 5424 3133 5480 Forte
3159 5424 3327 5479 omnis
3350 5418 3652 5492 negotiatio.

3721 942 3727 993 ἔ
