4238 6260
535 289 638 345 825
1450 276 1507 333 S.
1548 262 1908 352 PATRlCllJS
1947 275 2388 332 BIBERNORUM
2431 273 2853 331 A-POSTOLllS.
3703 278 3813 336 821

562 420 3808 471 ww

1058 561 1592 651 CANONES
1651 560 1887 644 ALII
1947 561 2032 642 S.
2087 556 2643 642 PATBICIO
2709 556 3282 642 ASCRIPTI.

1319 835 1362 889 ι,
1978 849 1980 851 ·
2143 828 2197 890 Α
2220 827 2476 897 suscipiet
2508 841 2649 894 eam,
2684 838 2740 884 et
2770 840 2967 886 servnet
2995 833 3044 887 ei
3073 833 3128 888 in
3157 834 3327 890 vicem
3366 834 3596 899 ancillae,
3629 844 3686 891 et
3715 852 3818 892 an-

543 939 622 1002 De
641 939 838 1014 judicio
867 913 1189 1000 clericorum,
1228 938 1310 1014 ult.
1338 944 1471 1014 non.
1489 927 1560 1014 sit
1596 923 1736 996 apud
1779 924 2006 994 iniquos,
2031 930 2124 975 aut
2227 933 2356 972 num
2383 916 2648 1014 integrum
2679 920 2742 1014 in
2762 937 2901 991 pane
2931 932 2984 978 et
3012 939 3150 994 aqua
3178 940 3278 995 per
3303 942 3613 982 mensuram
3642 930 3816 999 pinni-

1133 997 1272 1074 apud
1291 997 1544 1070 inﬁdeles.
2224 1016 2354 1074 teat,
2386 1022 2486 1064 nec
2513 1007 2566 1063 in
2592 1025 2699 1066 uno
2727 1011 2868 1068 lecto
2897 1023 3269 1084 permaneant.

613 1123 798 1179 Omnis
827 1118 1116 1176 mundialis
1143 1115 1358 1186 sapiens
1377 1155 1392 1182 ,
1422 1121 1448 1150 ι
1470 1112 1518 1167 si
1543 1109 1758 1182 sapiens
1784 1109 1875 1178 sit,
1906 1123 2013 1164 non
2035 1105 2118 1176 ju«
2972 1104 3059 1160 VI.
3865 1117 3879 1160 ,-

548 1221 685 1276 «licet
705 1216 900 1288 judicia
929 1212 1200 1269 Ecclesia.
1282 1279 1324 1288 __
2301 1285 2350 1288 Μ
2473 1193 2556 1249 De
2599 1195 2784 1288 alienis
2831 1197 3080 1252 adeundis
3115 1200 3184 1251 ad
3201 1199 3554 1269 judicandum.

691 1279 723 1329 .'
1281 1279 1326 1334 ll
2295 1285 2353 1341 Si
2380 1300 2499 1356 quas
2525 1287 2852 1356 quaestiones
2880 1289 2935 1344 in
2953 1289 3058 1344 hac
3072 1290 3247 1346 insula
3267 1291 3520 1359 oriantur,
3535 1292 3598 1347 ad
3620 1292 3810 1350 sedem

892 1379 972 1433 De
995 1377 1312 1448 subjectione
1338 1374 1515 1445 populi
1538 1371 1780 1442 principi.
2227 1377 2578 1448 apostolicam
2604 1377 2926 1435 referantur.

618 1473 843 1528 Ministri
871 1485 969 1526 vos
996 1468 1153 1532 estis,
1188 1474 1244 1520 et
1270 1463 1635 1533 unusquisque
1660 1468 1898 1518 vestrum
1926 1457 2106 1529 princi-
2967 1473 3084 1528 VH.

549 1582 669 1638 pem
701 1577 854 1619 suum
877 1560 965 1615 cui
989 1557 1207 1613 assistat
1228 1563 1284 1610 et
1306 1553 1600 1619 ministrat,
1635 1551 1839 1606 timeat.

2443 1561 2522 1617 De
2540 1565 2840 1634 pmnitentia
2858 1565 3062 1638 agenda
3090 1567 3146 1620 in
3185 1569 3365 1621 ultimo
3393 1570 3594 1638 spiritu.

1287 1645 1372 1700 III.
2297 1651 2357 1709 Si
2390 1654 2513 1723 quis
2543 1655 2861 1724 inﬁrmatur,
2919 1666 3042 1726 agat
3095 1658 3487 1726 paenitentiam,
3531 1658 3696 1714 etiam
3747 1675 3818 1721 ex

655 1747 736 1801 De
757 1743 1056 1817 paenitentia
1075 1738 1479 1812 blasphemantis
1500 1736 1781 1808 principem
1804 1733 2011 1788 θοηωη-
2231 1744 2551 1800 necessitate
2568 1785 2584 1812 ,
2605 1747 2733 1815 quia‘
2759 1748 3065 1803 misericors
3092 1755 3176 1803 est
3197 1748 3359 1804 Deus.

530 1896 532 1898 ,
620 1839 723 1906 Qui
751 1843 1048 1891 murmurat
1094 1832 1259 1887 verba
1308 1820 1656 1900 blasphemiae
1696 1835 1885 1882 contra
1930 1826 2128 1896 princi-
2959 1837 3092 1892 νηί.

548 1948 670 2005 pem
701 1930 904 1985 bonum
941 1941 1038 1996 per
1073 1923 1259 1980 odium
1295 1930 1386 1976 aut
1426 1918 1681 1975 inVidiam
1705 1957 1718 1983 ν
1756 1934 1879 1973 cum
1910 1933 2047 1988 Palle
2074 1926 2129 1970 θῐ
2374 1925 2450 1980 De
2485 1943 2544 1981 eo
2574 1928 2709 1998 quod
2751 1929 3053 1999 insipientes
3081 1947 3303 2000 privasse
3329 1947 3434 1985 non
3473 1931 3676 1986 debent.

515 2059 519 2062 .
550 2039 686 2092 aqua
709 2021 962 2092 pmniteat
991 2024 1198 2086 septem
1219 2013 1428 2076 diebus,
1459 2010 1708 2081 exemplo
1732 2009 1910 2064 Maria:
1939 2017 2126 2065 contra
2302 2015 2548 2087 Synodus
2575 2019 2740 2072 totius
2772 2020 2977 2088 mundi,
3005 2029 3062 2075 et
3105 2019 3364 2075 Patricius
3408 2022 3652 2078 decrevit
3678 2042 3690 2075 :
3720 2023 3824 2090 Qui

550 2113 770 2184 Moysen
793 2107 1193 2165 murmurantis.
2232 2106 2488 2175 insipiens
2538 2117 2649 2176 est,
2675 2110 2821 2193 nullo
2868 2111 3030 2165 modo
3073 2127 3304 2181 praeesse
3357 2112 3538 2181 liceat,
3585 2113 3681 2169 sed
3726 2115 3824 2169 sub

1161 2277 1165 2280 _
1289 2195 1376 2251 Ν.
1930 2269 1932 2271 j
2164 2201 2210 2261 Β
2235 2215 2393 2253 manu
2422 2201 2630 2256 abbatis
2655 2203 2905 2258 catholici
2933 2219 3070 2273 opus
3094 2219 3248 2258 suum
3277 2214 3549 2260 exerceat.

553 2296 632 2351 De
662 2311 720 2349 eo
749 2293 884 2366 quod
902 2296 1156 2346 incertum
1182 2290 1486 2370 sit_,.utmm
1525 2286 1750 2370 priorem
1783 2283 1996 2354 gradum
2020 2283 2130 2352 epi-
2978 2315 3068 2370 Ιχ.

931 2378 1118 2482 κέρως
1147 2358 1494 2482 pouulaf’w’:
1518 2364 1749 2482 ffatim"
1825 2465 1879 2482 ἱ.
1963 2481 1967 2482 ν
2081 2476 2093 2482 Δ
2235 2400 2313 2454 De
2357 2403 2629 2458 collectum
2677 2407 2906 2476 pecunia:
2948 2425 3051 2463 non
3098 2411 3435 2481 vituperanda
3458 2452 3473 2477 ,
3524 2415 3824 2468 necessitate

624 2479 886 2536 Patricius
925 2477 1214 2546 episcopus
1249 2472 1378 2528 dicit
1408 2491 1420 2523 :
1453 2470 1555 2537 Qui
1585 2469 1685 2523 sub
1713 2465 1882 2537 gradu
1911 2476 2128 2546 peccat,
2677 2465 2687 2476 '
2905 2489 3133 2551 εοθεηιε,

553 2573 712 2627 debet
735 2567 1208 2630 excommunicari,
1237 2564 1360 2632 quia
1388 2575 1583 2630 magna
1610 2568 1694 2615 est
1720 2559 1949 2628 dignitas
1976 2557 2134 2626 hujus
2308 2565 2571 2622 Patricius
2597 2569 2672 2622 ait
2703 2589 2713 2622 :
2739 2569 2795 2624 Si
2816 2571 2936 2640 quis
2958 2576 3228 2642 acceperit
3255 2577 3656 2646 permissionem
3688 2593 3823 2647 pon-

555 2666 816 2733 nominis;
849 2674 1026 2718 tamen
1053 2668 1234 2733 potest
1269 2659 1536 2715 redimere
1564 2657 1797 2711 animam
1833 2669 1983 2708 suam
2012 2661 2136 2723 post
2241 2653 2417 2724 tificis,
2451 2665 2504 2712 et
2531 2659 2816 2714 collectum
2838 2661 2906 2714 sit
2934 2663 3164 2731 pretium
3195 2667 3411 2735 captivi,
3433 2683 3535 2721 non
3551 2667 3672 2737 plus
3697 2683 3824 2724 exe-

555 2759 925 2831 pmnitentiam
960 2776 972 2810 :
1017 2755 1084 2810 ad
1130 2755 1365 2825 priorem
1409 2751 1632 2822 gradum
1674 2749 1859 2805 venire
1901 2745 2133 2802 difﬁcile.
2238 2748 2378 2816 gerit
2405 2764 2566 2819 quam
2605 2752 2898 2832 necessitas
2945 2756 3211 2823 poposcit.
3245 2750 3300 2811 Si
3353 2757 3476 2826 quid
3517 2774 3682 2829 supra
3731 2775 3826 2816 re-

558 2849 746 2906 Nescio
777 2865 844 2903 an
880 2863 1009 2902 non.
1043 2847 1185 2902 Deus
1214 2846 1333 2901 scit.
2245 2841 2526 2908 manserit,
2550 2850 2715 2910 ponat
2754 2857 2916 2913 super
2937 2844 3128 2912 altare,
3161 2855 3215 2902 et
3260 2847 3619 2917 indigentibus
3672 2850 3830 2908 detur

1314 2937 1380 2992 V.
2241 2937 2299 2985 et
2324 2932 2568 3000 captivis.

558 3037 638 3090 De
665 3035 960 3105 recipienda
993 3034 1228 3088 adultera
1261 3031 1781 3105 postpaenilenliam,
1813 3038 1862 3084 et
1889 3028 1952 3082 de
1974 3044 2139 3099 quan-
2311 3022 2443 3076 Item
2474 3024 2657 3092 siquis
2685 3024 2887 3092 colligit
2915 3027 3198 3096 pecuniam
3228 3027 3327 3084 sub
3347 3014 3576 3086 nomine
3614 3032 3832 3088 miseri-

1099 3105 1244 3157 ιίεαιε
1268 3103 1598 3171 νωηὶιεηιίιεο
1651 3127 1658 3132 '
2242 3114 2457 3185 cordiae,
2482 3131 2588 3171 non
2620 3116 2773 3172 aude:

2242 3114 2457 3185 cordiae,
2482 3131 2588 3171 non
2620 3116 2818 3172 audeat
2843 3118 3077 3188 spoliare
3102 3119 3396 3178 Ecclesiam
3449 3115 3575 3188 Dei,
3607 3125 3702 3180 sed
3744 3142 3829 3180 re-

633 3218 691 3272 Si
719 3216 944 3286 alicujus
970 3230 1108 3270 uxor
1133 3212 1393 3268 fornicata
1420 3212 1580 3266 fuerit
1603 3226 1721 3267 cum
1745 3211 1850 3265 alio
1870 3209 2004 3275 viro,
2029 3224 2138 3264 non
2241 3225 2334 3279 ges
2383 3219 2440 3265 et
2486 3211 2740 3281 plebiles,
2771 3212 2966 3284 quibus
2993 3214 3182 3271 melius
3229 3224 3314 3271 est
3354 3215 3482 3272 dare
3530 3233 3693 3286 quam
3745 3234 3832 3274 re-

559 3309 788 3365 adducet
834 3307 995 3360 aliam
1041 3318 1300 3368 uxorem,
1348 3301 1584 3370 quandiu
1637 3301 1755 3355 viva
1794 3295 1960 3354 fuerit
2002 3315 2139 3354 uxor
2242 3303 2499 3360 condere,
3012 3294 3015 3297 ’

562 3397 849 3484 prima..Si
876 3396 1015 3450 forte
1043 3406 1306 3449 conversa
1334 3390 1494 3447 fuerit
1521 3397 1577 3446 et
1604 3399 1730 3462 agat
1757 3389 2144 3462 paenitentiam,
2174 3383 2221 3447 C

631 3523 656 3550 ο
679 3512 841 3567 Forte
867 3511 982 3565 etsi.
1016 3509 1168 3564 Was.

576 3649 3820 3676 MM

565 3756 1104 3848 SYNODUS
1157 3761 2004 3848 EPISCOPORUM
2066 3758 2614 3855 PATRICII,
2674 3764 3124 3847 AUXILII
3215 3738 3817 3847 ISSERNINI‘.

2025 3923 2316 3936 *η

635 4027 846 4080 Gratias
866 4025 1072 4094 agimus
1091 4024 1202 4080 Deo
1223 4021 1367 4076 Patri
1388 4030 1441 4076 et
1462 4021 1598 4075 Filio
1619 4028 1674 4074 et
1692 4019 1914 4090 Spiritui
1935 4029 2142 4075 sancto.
2251 4024 2524 4079 cerdotem
2551 4026 2667 4080 sine
2689 4027 2870 4081 tunica
2899 4027 3043 4087 visus
3084 4024 3265 4092 fuerit,
3295 4010 3388 4079 aut
3445 4023 3837 4094 turpitudinem

570 4119 896 4190 presbyteris
944 4125 1000 4171 et
1046 4114 1362 4188 diaconibus
1397 4121 1453 4168 et
1481 4111 1627 4166 omni
1668 4112 1831 4176 clero,
1866 4110 2145 4177 Patricius,
2249 4117 2454 4170 ventris
2482 4125 2539 4171 et
2564 4117 2859 4173 nuditatem
2885 4133 2996 4174 non
3026 4125 3202 4186 tegat;
3234 4125 3289 4171 et
3312 4117 3358 4170 si
3385 4132 3495 4170 non
3517 4131 3671 4171 more
3723 4116 3834 4172 Ro-

571 4205 811 4263 Auxilius
834 4215 889 4261 et
916 4206 1212 4261 lsserninus
1253 4203 1510 4273 episcopi,
1539 4202 1784 4256 salutem.
2251 4221 2410 4260 mano
2439 4207 2622 4277 capilli
2653 4207 2769 4277 ejus
2795 4209 2939 4265 tonsi
2963 4209 3094 4277 sint,
3121 4216 3178 4263 et
3218 4223 3356 4262 uxor
3399 4205 3518 4276 ejus
3537 4207 3586 4262 si
3608 4223 3717 4262 non
3742 4223 3833 4262 ve-

640 4299 820 4353 Satius
849 4298 1002 4352 nobis
1049 4295 1380 4363 negligentes
1424 4305 1756 4360 pmmonere
1803 4292 2007 4362 (quam)
2037 4307 2148 4347 θυι·
2252 4296 2361 4352 lato
2391 4299 2567 4368 capite
2594 4299 2964 4364 ambulaverit,
2998 4299 3200 4368 pariter
3230 4313 3260 4352 a
3287 4297 3439 4353 laicis
3482 4305 3834 4352 contemnen-

573 4408 699 4462 pare
729 4405 846 4458 quae
874 4389 1012 4441 facta
1054 4392 1206 4449 sunt,
1239 4382 1525 4437 Salomone
1553 4381 1765 4437 dicente
1797 4400 1808 4435 :
1858 4383 2046 4437 Metius
2075 4394 2151 4438 est
2176 4428 2227 4488 Β
2253 4395 2360 4454 tur,
2391 4398 2445 4444 et
2469 4390 2535 4444 ab
2563 4389 2802 4447 Ecclesia
2831 4397 3168 4459 separentur.

574 4500 788 4554 urguere
816 4497 966 4552 quam
991 4479 1145 4532 irasci
1169 4475 1357 4547 (Eccli.
1389 4492 1480 4542 xx,
1515 4473 1853 4546 1).Exempla
1881 4475 2149 4532 deﬁnitio-
2176 4473 2224 4488 “’
2326 4481 2436 4536 VII.
2468 4481 2784 4552 Quicunque
2824 4485 3052 4539 clericus
3077 4483 3255 4552 jussus
3305 4482 3643 4552 negligentia:
3680 4493 3840 4535 causa

576 4577 657 4628 nis
685 4583 880 4627 nostra:
910 4569 1129 4624 inferius
1156 4568 1456 4638 conscripta
1484 4575 1626 4633 sunt,
1658 4575 1713 4621 et
1750 4568 1827 4624 sic
1874 4569 2147 4623 inchoant.
2218 4623 2226 4632 ,
2256 4571 2325 4627 ad
2347 4573 2599 4629 collectas
2627 4589 2783 4629 mane
2801 4575 2882 4630 vel
2903 4590 3127 4645 vespere
3149 4590 3259 4630 non
3285 4573 3614 4638 occurrerit,
3639 4570 3840 4626 alienus

646 4666 684 4720 l.
728 4663 784 4718 Si
804 4663 923 4733 quis
939 4664 992 4717 in
1006 4661 1354 4731 quaestionem
1375 4660 1599 4730 captivis
1619 4660 1885 4729 quiesierit
1905 4661 1958 4714 in
1975 4662 2150 4730 plebe,
2255 4664 2533 4732 habeatur,
2564 4666 2666 4720 nisi
2685 4664 2824 4722 torte
2847 4666 2977 4736 jugo
3003 4667 3276 4721 servitutis
3301 4665 3373 4720 sit
3393 4665 3660 4719 detentus.

577 4776 674 4815 suo
700 4759 840 4828 jure,
881 4757 997 4811 sine
1031 4754 1404 4825 permissione,
1445 4753 1640 4808 meruit
1679 4753 2152 4808 excommunicari.
2331 4754 2460 4810 Vlll.
2493 4755 2732 4812 Clericus
2786 4759 2831 4813 si
2887 4773 2986 4828 pro
3036 4757 3222 4825 gentili
3266 4756 3486 4811 homine
3541 4752 3845 4822 ﬁdeijussor

646 4850 711 4906 ll.
753 4849 1004 4904 Lectores
1017 4847 1248 4915 denique
1267 4852 1592 4914 cognoscant
1612 4845 1972 4913 unusquisque
1993 4843 2158 4899 eccle-
2258 4847 2416 4902 fuerit
2438 4848 2492 4903 in
2518 4864 2837 4918 quacunque
2857 4850 3157 4918 quantitate
3175 4887 3190 4909 ,
3222 4855 3276 4901 et
3303 4847 3348 4902 si
3369 4844 3654 4914 contigerit
3681 4839 3844 4912 (quod

577 4945 711 4999 siam
740 4944 793 4997 in
820 4957 927 5012 qua
952 4941 1165 5011 psallat.
2257 4941 2449 5014 mirum
2479 4957 2586 4996 non
2616 4952 2641 4978 δ
2671 4942 2884 5012 potest)
2907 4956 3004 5011 per
3032 4939 3286 4995 aStutiam
3319 4937 3584 5004 aliquam,
3632 4932 3846 5001 gentilis

649 5036 732 5092 ιιι.
773 5035 1010 5090 Clericus
1035 5048 1201 5103 vagus
1228 5047 1333 5087 non
1361 5033 1429 5086 sit
1457 5032 1510 5086 in
1538 5031 1713 5101 plebe.
2258 5030 2346 5084 ille
2374 5029 2569 5087 clerico
2598 5031 2748 5086 fallat
2785 5033 2945 5087 rebus
2974 5030 3115 5095 suis;
3141 5029 3370 5084 clericus
3397 5027 3488 5081 ille
3533 5025 3711 5080 solvat
3748 5023 3846 5077 de-

648 5128 736 5183 IV.
776 5125 834 5182 Si
863 5127 982 5197 quis
1009 5126 1416 5198 permissionem
1456 5121 1742 5192 acceperit,
1775 5131 1830 5176 et
1871 5121 2156 5176 collectum
2255 5122 2424 5180 bitum
2465 5139 2627 5178 :nam
2664 5125 2710 5178 si
2739 5125 2902 5178 armis
2925 5120 3372 5194 compugnaverit
3397 5133 3539 5175 cum
3568 5116 3682 5184 illo,
3739 5130 3842 5169 me-

579 5220 650 5274 sit
676 5219 927 5287 pretium,
971 5233 1077 5273 non
1121 5217 1242 5288 plus
1279 5215 1457 5285 exigat
1501 5228 1663 5282 quam
1692 5213 1835 5282 quod
1864 5213 2157 5267 necessitas
2257 5216 2362 5270 rito
2391 5223 2545 5271 extra
2569 5215 2862 5272 Ecclesiam
2906 5223 3263 5287 computetur.
3675 5251 3684 5258 .

585 5310 782 5380 poscit.

2329 5306 2418 5361 IX.
2444 5307 2736 5364 Monachus
2763 5315 2819 5364 et
2846 5308 3018 5376 virgo,
3044 5323 3187 5361 unus
3231 5306 3301 5361 ab
3357 5304 3504 5372 hinc,
3533 5310 3586 5356 et
3633 5300 3739 5354 alia
3783 5301 3847 5354 ab

652 5398 723 5454 γ.
761 5395 819 5453 Si
863 5398 990 5468 quid
1032 5414 1192 5468 supra
1238 5398 1526 5463 manserit,
1573 5405 1738 5466 ponat
1781 5411 1943 5466 super
1986 5397 2157 5452 altare
2269 5400 2505 5468 aliunde,
2532 5402 2587 5455 in
2616 5417 2722 5457 uno
2768 5401 3004 5472 hospitio
3053 5414 3161 5454 non
3218 5403 3619 5463 commaneant,
3650 5407 3753 5448 nec
3796 5392 3848 5445 in

581 5488 870 5563 pontiﬁcis,
898 5496 959 5545 ut
985 5489 1142 5545 detur
1167 5491 1258 5544 alii
1287 5490 1565 5558 indigenti.

2269 5507 2376 5547 uno
2403 5507 2562 5548 curru
2583 5509 2613 5548 a
2643 5494 2766 5548 villa
2793 5495 2847 5549 in
2874 5494 3058 5549 villam
3102 5481 3440 5559 discurrant,
3488 5503 3589 5545 nec
3637 5485 3850 5544 assidue

653 5580 746 5640 Vl.
775 5579 1088 5650 Quicunque
1115 5581 1342 5636 clericus
1395 5582 1463 5635 ab
1500 5581 1721 5638 ostiario
1747 5594 1918 5656 usque
1959 5582 2028 5639 ad
2079 5596 2164 5639 sa-
2269 5584 2498 5644 invicem
2526 5585 3014 5645 confabulationem
3043 5591 3350 5644 exerceant.

661 5754 687 5788 ι
714 5742 840 5816 Leg.
875 5742 985 5796 Est.
1020 5741 1109 5794 Sic
1135 5739 1228 5796 lib.
1261 5736 1476 5793 Cotton.
2019 5765 2024 5770 -
2079 5783 2084 5794 ,
2181 5776 2193 5786 ,.
2233 5771 2248 5782 .
2279 5773 2294 5786 ..
2381 5778 2414 5797 η,
