4238 6260
325 347 429 405 ὃὶὕ

1287 341 1596 399 SYNODUS
1633 337 2102 395 EPISCOPORUM
2141 338 2458 410 PATRICII,
2495 339 2648 395 ETC.

3488 349 3591 405 826

397 465 464 524 X.
505 468 562 522 Si
589 469 861 538 inceptum
888 465 1013 521 boni
1042 464 1222 534 operis
1251 459 1547 517 ostenderit
1585 460 1638 514 in
1664 458 1901 529 psallen-
1928 459 1979 520 Α
2007 474 2114 515 non
2146 469 2270 514 ante
2297 459 2531 530 haptizet
2575 474 2752 530 neque
2790 461 3002 530 offerat,
3026 442 3127 519 nec
3153 475 3451 534 consecret,
3494 485 3592 526 nec

323 558 414 625 do,
444 566 500 613 et
541 571 752 613 comam
779 555 974 610 habeat
992 595 1007 620 ,
1036 553 1103 610 ab
1131 551 1369 608 Ecclesia
1397 549 1778 617 excludendus,
1803 547 1906 604 nisi

323 649 488 704 statui
507 649 675 720 priori
701 662 760 704 se
784 647 1096 702 restituerit.

392 739 486 795 XI.
512 740 827 811 Quicunque
851 739 1076 795 clericus
1104 736 1171 792 ab
1203 736 1384 806 aliquo
1417 733 1907 790 excommunith

319 831 486 888 fuerit
513 842 568 888 et
600 833 734 888 alius
759 846 880 887 eum
923 829 1234 902 susceperit,
1266 827 1423 884 ambo
1448 825 1705 896 coaequali
1728 824 1903 895 poeni-

247 963 255 972 -
318 927 492 982 tentia
519 933 755 981 utantur.

392 1015 507 1072 XII.
551 1015 860 1085 Quicunque
888 1013 1226 1071 Christianus
1263 1011 1759 1068 excommunicatus
1785 1009 1903 1065 fue-

320 1111 412 1176 rit,
447 1126 546 1166 nec
570 1109 686 1179 ejus
713 1108 1057 1180 eleemosyna
1085 1107 1395 1177 recipiatur.

391 1201 528 1256 XIII.
567 1199 980 1271 Eleemosynam
1010 1214 1040 1253 a
1069 1197 1317 1267 gentibus
1363 1194 1688 1251 offerendam
1720 1195 1773 1248 in
1813 1209 1906 1249 ec-

319 1291 536 1348 clesiam
563 1290 735 1360 recipi
766 1305 874 1345 non
901 1289 1046 1344 licet.

388 1380 527 1436 XIV.
568 1379 910 1438 Christianus
936 1381 1028 1450 qui
1057 1379 1336 1445 occiderit,
1378 1385 1471 1432 aut
1497 1377 1905 1433 fornicationem
1967 1457 1969 1460 ι

317 1473 523 1538 fecerit,
555 1481 649 1527 aut
675 1488 827 1527 more
854 1472 1130 1542 gentilium
1154 1470 1219 1525 ad
1251 1479 1277 1508 ι
1301 1469 1600 1542 aruspicem
1624 1469 1900 1534 meaverit;

316 1581 416 1636 per
436 1567 643 1634 singula
656 1565 881 1620 crimina
909 1580 1106 1620 annum
1123 1562 1448 1634 pmnitentim
1477 1570 1600 1630 agat
1625 1579 1636 1612 :
1662 1561 1901 1629 impleto,

318 1673 440 1711 cum
469 1657 694 1712 testibus
719 1659 902 1711 veniat
930 1671 1072 1711 anno
1118 1654 1465 1726 pmnitentiaa,
1500 1661 1555 1708 et
1604 1660 1791 1723 postea
1818 1667 1907 1708 re-

316 1748 554 1803 solvetur
579 1764 609 1802 a
638 1749 938 1803 sacerdote.

2008 552 2291 609 ecclesiam
2321 550 2575 618 aedificet,
2609 551 2633 588 ί¹
2665 569 2766 610 nec
2809 557 3220 626 permissionem
3267 561 3496 630 accipiat
3523 562 3592 616 ab

2008 645 2296 714 episcopo;
2328 659 2452 699 nam
2478 644 2568 713 qui
2598 659 2628 698 a
2667 645 2913 714 gentibus
2939 655 3122 716 sperat
3159 650 3588 720 permissionem,

2007 737 2214 792 alienus
2236 737 2325 791 sit.

2083 827 2240 883 XXV.
2282 826 2338 882 Si
2367 843 2486 898 quae
2514 827 2832 896 a‘religiosis
2876 829 3180 884 hominibus
3227 829 3424 884 donata
3471 831 3590 888 fue-

2005 918 2134 984 rint,
2161 919 2346 974 diebus
2374 919 2477 974 illis
2503 919 2696 989 quibus
2722 918 2964 990 pontifex
2987 921 3040 974 in
3069 922 3290 990 singulis
3317 923 3593 979 habitave-

2006 1011 2077 1065 rit
2122 1011 2380 1077 ecclesiis,
2412 1012 2756 1081 pontiiicialia
2796 1012 2966 1076 dona,
2998 1014 3136 1068 sicut
3173 1030 3291 1070 mos
3318 1016 3589 1085 antiquus,

2007 1101 2275 1167 ordinare,
2310 1102 2376 1157 ad
2405 1104 2716 1174 episcopum
2743 1105 3108 1174 pertinebunt,
3158 1107 3271 1162 sive
3320 1108 3389 1163 ad
3434 1124 3589 1164 usum

2007 1197 2387 1263 necessarium,
2439 1198 2552 1251 sive
2599 1199 2876 1266 egentibus
2922 1198 3346 1256 distribuendum
3366 1244 3381 1269 ,
3428 1210 3589 1272 prout

2007 1287 2121 1358 ipse
2141 1289 2423 1358 episcopus
2449 1289 2766 1344 moderabit.

2078 1380 2265 1434 XXVI.
2304 1382 2360 1435 Si
2379 1381 2500 1450 quis
2518 1396 2650 1436 vero
2671 1381 2899 1436 clericus
2918 1385 3333 1448 contravenerit,
3366 1391 3421 1438 et
3446 1382 3587 1438 dona

2010 1472 2261 1526 invadere
2291 1471 2452 1527 fuerit
2497 1473 2880 1542 deprehensus,
2913 1481 2973 1528 ut
3013 1475 3182 1543 turpis
3206 1475 3341 1528 lucri
3367 1474 3589 1544 cupidus

2008 1565 2076 1619 ab
2103 1564 2345 1619 Ecclesia
2373 1573 2762 1632 sequestretur.

2078 1657 2286 1711 XXVII.
2318 1657 2556 1712 Clericus
2576 1658 2816 1726 episcopi
2846 1658 2899 1711 in
2938 1659 3095 1726 plebe
3142 1649 3589 1727 quislibet'novus

2011 1750 2298 1818 ingressor,
2333 1751 2607 1820 baptizare
2635 1760 2690 1803 et
2735 1749 2927 1804 offerre
2964 1751 3112 1804 illum
3142 1767 3249 1805 non
3293 1751 3445 1816 licet,
3489 1765 3589 1805 nec

387 1838 502 1895 XV.
545 1838 612 1892 Et
657 1840 746 1908 qui
794 1837 991 1892 furtum
1038 1839 1254 1899 fecerit.
1304 1836 1582 1892 dimidium
1623 1835 1902 1904 Ρωηίιθθι,
1932 1837 1982 1898 Β
2008 1843 2205 1912 aliquid
2225 1857 2416 1912 agere:
2449 1843 2539 1912 qui
2587 1845 2632 1898 si
2661 1844 2737 1898 sic
2763 1859 2871 1899 non
2913 1842 3590 1908 faciat,excommunionis

323 1932 508 1999 viginti
538 1930 726 1984 diebus
755 1946 874 1985 cum
899 1945 1036 1999 pane
1061 1947 1074 1994 ;
1106 1937 1162 1983 et
1189 1929 1234 1982 si
1263 1929 1378 1983 fieri
1407 1935 1608 1998 potest,
1639 1934 1799 1995 rapta
1817 1941 1902 1981 re-

318 2029 608 2093 praesentet
637 2039 649 2072 :
683 2022 761 2075 sic
782 2021 836 2073 in
862 2019 1157 2074 Ecclesiam
1187 2028 1462 2074 renuetur.

391 2113 530 2167 XVI.
572 2111 906 2166 Christianus
934 2113 1026 2182 qui
1063 2112 1351 2166 crediderit
1390 2126 1507 2166 esse
1533 2109 1561 2148 δ
1591 2107 1830 2164 Lamiam
1852 2111 1906 2166 in

315 2205 556 2275 speculo,
582 2219 701 2274 qua:
722 2205 1106 2274 interpretatur
1127 2205 1326 2276 Striga,
1345 2205 1900 2269 anathematizandus,

314 2297 621 2367 quicunque
648 2311 812 2366 super
839 2297 1069 2351 animam
1092 2335 1106 2360 ,
1140 2296 1333 2350 famam
1364 2298 1520 2354 istam
1550 2297 1898 2367 imposuerit;

315 2402 420 2443 nec
446 2396 570 2441 ante
591 2388 645 2441 in
674 2386 967 2443 Ecclesiam
989 2387 1330 2457 recipiendus
1356 2403 1518 2457 quam
1547 2397 1606 2442 ut
1633 2387 1774 2443 idem
1799 2390 1906 2443 cri-

320 2480 477 2535 minis
499 2479 640 2550 quod
660 2479 805 2545 fecit,
837 2494 933 2534 sua
953 2481 1146 2534 iterum
1166 2496 1300 2536 voce
1325 2489 1580 2536 revocet:
1611 2490 1666 2535 et
1686 2481 1764 2535 sic
1789 2497 1904 2551 pm—

316 2574 594 2628 nitentiam
619 2590 739 2628 cum
767 2574 913 2629 omni
931 2573 1206 2642 diligentia
1228 2583 1370 2642 agat.

383 2665 548 2724 XVII.
578 2666 742 2735 Virgo
772 2682 891 2736 quae
936 2667 1146 2721 voverit
1191 2666 1303 2722 Deo
1332 2675 1613 2736 permanet
1649 2675 1816 2730 casta,
1847 2675 1901 2720 et

315 2767 498 2829 postea
527 2759 771 2828 nupserit
820 2759 1092 2813 carnalem
1129 2773 1404 2828 sponsum,
1437 2760 1901 2814 excommunionis

316 2850 388 2905 sit
407 2849 579 2903 donec
599 2856 967 2903 convertatur.
995 2847 1051 2902 Si
1081 2864 1338 2904 conversa
1361 2847 1540 2914 fuerit,
1565 2857 1617 2902 et
1642 2839 1902 2904 dimiserit

312 2940 655 3004 adulterium,
690 2941 1061 3010 pcenitentiam
1089 2947 1233 3008 agat,
1264 2949 1318 2994 et
1346 2948 1533 3010 postea
1563 2957 1667 2994 non
1698 2941 1752 2994 in
1796 2957 1898 2994 una

311 3031 478 3090 domo
507 3016 607 3086 nec
629 3033 679 3086 in
713 3048 818 3085 una
849 3031 972 3086 villa
999 3031 1266 3086 habitent.
1580 3097 1584 3100 Α

384 3119 571 3178 XVIII.
611 3121 666 3176 Si
715 3123 834 3192 quis
874 3124 1337 3178 excommunionis
1382 3122 1560 3188 fuerit,
1611 3141 1710 3181 nec
1737 3136 1896 3182 nocte

2008 1936 2094 1988 sit.

2083 2024 2313 2078 XXVIII.
2356 2025 2412 2079 Si
2442 2025 2560 2095 quis
2593 2025 2912 2081 clericorurn
2943 2027 3404 2082 excommunionis
3433 2027 3590 2082 fuerit

2005 2117 2169 2183 solus,
2221 2133 2328 2171 non
2359 2118 2410 2170 in
2440 2117 2629 2171 eadem
2655 2116 2816 2172 domo
2863 2133 2985 2172 cum
3014 2117 3131 2170 aliis
3159 2117 3460 2170 orationem
3509 2116 3588 2170 fa-

2005 2211 2113 2265 ciat
2140 2228 2152 2276 ;
2183 2225 2282 2264 nec
2308 2209 2500 2264 offerre
2528 2225 2629 2264 nec
2655 2220 2678 2247 °
2708 2224 3031 2264 conservare
3061 2209 3203 2273 licet,
3226 2207 3398 2262 donec
3427 2222 3484 2262 se
3505 2207 3612 2264 fa-.

2005 2301 2112 2355 ciat
2151 2301 2530 2366 emendatum;
2562 2300 2654 2370 qui
2702 2300 2748 2354 si
2790 2300 2867 2354 sic
2905 2316 3013 2354 non
3070 2299 3275 2365 fecerit,
3306 2297 3588 2368 dupliciter

2005 2395 2323 2448 vindicetur.

2075 2485 2264 2539 XXIX.
2297 2485 2353 2540 Si
2381 2487 2501 2554 quis
2521 2486 2743 2542 fratrum
2769 2488 3013 2556 accipere
3036 2488 3260 2554 gratiam
3290 2485 3384 2539 Dei
3404 2485 3587 2538 volne-

2002 2581 2090 2643 rit,
2134 2595 2242 2633 non
2273 2588 2398 2632 ante
2421 2579 2721 2648 baptizetur
2747 2593 2907 2646 quam
2936 2577 3400 2646 quadragesimum
3442 2584 3585 2642 agat.

2073 2674 2241 2728 XXX.
2282 2673 2582 2743 Episcopus
2611 2673 2864 2741 quislibet
2904 2673 2994 2740 qui
3043 2671 3110 2724 de
3153 2670 3331 2723 suain
3361 2669 3586 2723 alteram

2002 2765 2341 2838 progreditur
2367 2765 2697 2834 parochiam,
2727 2779 2829 2818 nec
2858 2762 3108 2817 ordinare
3149 2769 3453 2831 praesumat,
3487 2762 3587 2816 nisi

2003 2856 2409 2929 permissionem
2439 2854 2706 2923 acceperit
2733 2853 2799 2907 ab
2828 2868 2894 2907 eo
2939 2853 3030 2921 qui
3071 2853 3125 2906 in
3156 2868 3254 2906 suo
3283 2852 3585 2921 principatu

2002 2957 2112 3014 est;
2143 2947 2228 3002 die
2253 2946 2522 3001 dominica
2550 2943 2743 2999 offerat
2763 2951 2968 2997 tantum
2999 2943 3369 3012 susceptione,
3402 2950 3457 2996 et
3486 2943 3584 2995 ob-

1999 3041 2149 3108 sequi
2171 3040 2259 3092 hic
2282 3045 2568 3093 contentus
2588 3038 2676 3092 sit.

2069 3129 2254 3183 XXXI.
2298 3129 2354 3184 Si
2383 3130 2504 3200 quis
2550 3128 2868 3184 conduxerit
2895 3143 2926 3182 e
2953 3127 3164 3182 duobus
3203 3127 3412 3181 clericis
3450 3142 3587 3195 quos

307 3213 638 3284 pascharum
668 3213 721 3267 in
748 3213 1028 3268 ecclesiam
1057 3213 1210 3284 (non)
1237 3215 1495 3282 introeat,
1521 3214 1691 3271 donec
1719 3219 1893 3286 pmni-
1923 3216 1968 3277 C
1999 3222 2308 3276 discordare
2352 3221 2604 3275 convenit
2630 3229 2730 3289 per
2757 3217 3083 3273 discordiam
3113 3219 3365 3288 aliquam,
3404 3219 3586 3287 prola-

311 3306 536 3360 tentiam
566 3305 811 3374 recipiat.

384 3397 526 3453 XIX.
557 3397 746 3454 Mulier
791 3397 1094 3454 Christiana
1121 3414 1242 3467 qua:
1283 3401 1554 3469 acceperit
1582 3403 1756 3456 virum
1794 3405 1894 3460 ho-

315 3490 484 3545 nestis
513 3490 731 3561 nuptiis,
765 3501 819 3545 et
846 3490 1190 3560 postmodum
1233 3491 1540 3546 discesserit
1569 3509 1598 3546 a
1621 3495 1812 3563 primo,
1843 3506 1898 3551 et

310 3583 547 3654 iunxerit
586 3598 644 3637 se
673 3581 973 3649 adulterio,
1020 3597 1140 3652 qua:
1166 3581 1280 3637 hmc
1307 3580 1451 3647 fecit,
1497 3587 1897 3641 excommunio—

314 3674 397 3727 nis
424 3675 512 3728 sit.

384 3764 498 3818 XX.
542 3763 879 3821 Christianus
921 3781 1013 3836 qui
1059 3762 1272 3818 fraudat
1325 3764 1561 3819 debitum
1615 3766 1897 3834 cujuslibet

311 3856 420 3910 ritu
451 3857 760 3925 gentilium,
793 3855 1259 3912 excommunionis
1287 3855 1357 3911 sit
1398 3857 1570 3913 donec
1597 3857 1771 3912 solvat
1798 3858 1888 3913 de-

309 3949 502 4002 bitum.

388 4038 527 4092 XXI.
559 4039 894 4096 Christianus
919 4042 1005 4095 cui
1044 4042 1395 4112 dereliquerit
1437 4043 1656 4112 aliquis,
1687 4052 1741 4098 et
1767 4059 1894 4114 pro—

311 4137 470 4183 vocat
525 4144 648 4182 eum
704 4130 757 4182 in
796 4140 818 4167 ο
861 4129 1074 4184 ductum
1123 4140 1179 4186 et
1231 4148 1338 4187 non
1395 4133 1450 4186 in
1499 4133 1895 4199 ecclesiam,ut

313 4219 384 4273 ibi
405 4219 744 4272 examinetur
770 4233 949 4281 causa,
981 4221 1070 4288 qui
1099 4221 1176 4276 sic
1204 4221 1392 4276 fecerit
1429 4224 1634 4282 alienus
1659 4228 1748 4280 sit.

383 4307 543 4362 XXII.
586 4307 641 4362 Si
668 4309 787 4377 quis
816 4309 1096 4364 tradiderit
1123 4311 1286 4365 filiam
1326 4327 1474 4366 suam
1505 4315 1621 4368 viro
1655 4315 1895 4369 honestis
1939 4327 1944 4340 '

312 4401 529 4470 nuptiis,
561 4409 615 4454 et
641 4402 900 4454 amaverit
919 4402 1091 4484 alium
1119 4412 1173 4457 et
1206 4405 1475 4458 consentit
1522 4404 1641 4459 filiae
1679 4421 1808 4470 suae,
1839 4413 1896 4460 et

312 4492 579 4559 acceperit
632 4491 809 4546 dotem
836 4533 850 4557 ,
901 4493 1059 4548 ambo
1115 4495 1182 4547 ab
1227 4493 1468 4550 Ecclesia
1517 4497 1889 4552 excludantur.

2001 3321 2113 3367 tum
2147 3313 2235 3366 uni
2265 3328 2294 3366 e
2323 3311 2533 3366 duobus
2561 3312 2868 3366 hostem-ad
2898 3306 3322 3365 interﬁciendum
3352 3311 3584 3365 homici-

1996 3403 2118 3456 dam
2139 3417 2434 3470 congruum
2465 3411 2549 3456 est
2575 3402 2878 3468 nominari;
2908 3402 3002 3471 qui
3031 3401 3262 3456 clericus
3309 3401 3378 3455 ab
3406 3401 3584 3456 omni-

1996 3494 2096 3548 bus
2117 3494 2279 3548 rectis
2309 3495 2540 3550 habetur
2568 3494 2792 3548 alienus.
3281 3480 3288 3482 Vi

2069 3584 2283 3640 XXXII.
2317 3586 2371 3650 Si
2401 3587 2521 3655 quis
2547 3586 2864 3640 clericorum
2892 3585 3121 3640 voluerit
3137 3585 3324 3655 juvare
3351 3587 3584 3656 captivo,

1996 3691 2118 3731 cum
2147 3692 2245 3730 suo
2267 3677 2442 3745 pretio
2465 3677 2540 3730 illi
2567 3677 2850 3731 subveniat
2879 3694 2891 3729 :
2923 3691 3047 3729 nam
3075 3677 3121 3730 si
3156 3691 3255 3746 per
3295 3677 3492 3731 furtum
3521 3678 3586 3733 il-

1996 3769 2105 3823 lum
2154 3770 2525 3836 inviolaverit,
2565 3771 3016 3840 .hlasphemantur
3059 3771 3214 3826 multi
3263 3771 3445 3827 clerici
3489 3786 3587 3841 per
3624 3754 3634 3770 ’

1998 3875 2160 3914 unum
2216 3861 2513 3927 latronem;
2561 3861 2655 3928 qui
2711 3861 2788 3922 sic
2841 3860 3065 3929 fecerit,
3123 3861 3584 3917 excommunionis

1995 3952 2083 4006 sit.
3595 3948 3600 3950 ⁷

2066 4041 2302 4098 XXXIII.
2333 4043 2573 4100 Clericus
2591 4045 2684 4114 qui
2711 4044 2778 4099 de
2805 4045 3072 4098 Britannis
3093 4045 3159 4097 ad
3185 4060 3283 4098 nos
3301 4045 3446 4099 venit
3472 4046 3585 4100 sine
3655 4080 3660 4084 -

1997 4137 2260 4206 epistola,
2307 4138 2406 4193 etsi
2449 4138 2656 4192 habitet
2703 4138 2757 4191 in
2798 4137 2984 4208 plebe,
3031 4151 3138 4191 non
3179 4136 3380 4190 licitum
3427 4137 3584 4190 mini-

1997 4235 2192 4283 strare.

2075 4318 2314 4375 XXXIV.
2356 4321 2624 4379 Diaconus
2669 4321 2946 4391 nobiscum
2982 4319 3248 4387 similiter,
3277 4320 3368 4388 qui
3398 4319 3582 4372 incon-

2009 4411 2151 4464 sulto
2179 4426 2279 4465 suo
2307 4412 2518 4479 abbate,
2569 4414 2692 4467 sine
2714 4412 2903 4466 litteris
2945 4412 2997 4465 in
3041 4410 3196 4464 aliam
3225 4408 3534 4480 parochiam
3559 4407 3579 4448 ι

2000 4501 2280 4566 assentiat,
2305 4518 2404 4557 nec
2424 4504 2602 4556 cibum
2631 4504 2933 4558 ministrare
2961 4502 3116 4558 decet
3136 4521 3148 4555 :
3171 4510 3224 4557 et
3245 4518 3274 4557 a
3305 4518 3404 4557 suo
3431 4516 3584 4573 pres-

382 4579 564 4634 XXIII.
607 4580 662 4635 Si
700 4583 819 4652 quis
846 4585 1287 4654 presbyterorum
1334 4586 1618 4661 ecclesiam
1663 4586 1894 4642 aedifica-
1922 4579 1971 4638 0
1997 4593 2189 4662 bytero
2211 4606 2371 4659 quem
2401 4595 2857 4664 contempsit,per
2871 4595 3240 4664 pamitentiam
3260 4595 3580 4664 vindicetur:

310 4675 462 4739 verit,
481 4690 587 4728 non
612 4673 801 4730 offerat
824 4684 1110 4745 antequam
1134 4677 1364 4733 adducat
1383 4694 1541 4735 suum
1560 4670 1888 4750 pontificem,
1916 4739 1928 4752 ο

311 4772 366 4818 ut
394 4781 509 4818 eam
535 4774 834 4831 consecret,
865 4768 988 4836 quia
1017 4767 1095 4823 sic
1123 4768 1299 4823 decet.

382 4854 566 4912 XXIV.
597 4855 654 4910 Si
708 4858 828 4925 quis
873 4857 1077 4913 advena
1127 4859 1396 4928 ingressus
1442 4859 1604 4916 fuerit
1656 4862 1888 4933 plebem,

381 5065 407 5138 ’ξ
434 5055 534 5138 Qui
557 5059 968 5138 harugagarum,
995 5063 1047 5118 id
1075 5068 1178 5138 est,
1210 5064 1504 5138 hostiarum
1543 5072 1665 5138 exta
1708 5068 1890 5138 inspe-

307 5134 432 5204 ctat,
457 5127 522 5204 ad
554 5127 852 5204 futurorum
875 5143 1132 5204 eventum
1154 5135 1277 5188 inde
1297 5136 1747 5204 cognoscendum.
1765 5127 1885 5194 Vid.

308 5196 451 5249 Had.
478 5195 606 5252 Jun.
640 5197 1033 5257 Nomenclator.
1068 5203 1225 5259 WAR.

377 5266 410 5347 b_
434 5265 592 5347 Festo
643 5273 914 5347 accipitur
948 5289 1047 5347 pro
1094 5274 1334 5347 malefica
1387 5278 1630 5347 muliere,
1672 5294 1791 5347 quze
1831 5289 1887 5335 et

315 5334 549 5392 Volatica
574 5347 628 5395 et
654 5334 787 5396 atrii:
807 5334 1102 5414 antiquitus
1127 5346 1421 5402 dicebatur.
1453 5345 1528 5403 In.

1999 4690 2054 4737 et
2100 4683 2394 4738 monachus
2422 4684 2724 4740 inconsulto
2753 4686 2949 4741 abbate
2993 4686 3218 4755 vagulus
3262 4687 3421 4742 debet
3468 4687 3584 4742 vina

1999 4777 2186 4833 dicari.
2249 4784 2260 4800 '

2431 4866 2652 4924 Finiunt
2683 4871 2868 4941 synodi
2894 4869 3150 4924 instituta.

2072 5082 2093 5142 ἦε
2124 5073 2288 5126 Forte
2305 5072 2584 5142 judicium.
2616 5073 2671 5127 In

2065 5141 2090 5179 ιι
2124 5143 2254 5209 Leg.
2287 5141 2466 5198 donec.
2500 5143 2576 5198 In.

2065 5223 2088 5284 ς
2119 5214 2199 5284 An
2220 5230 2543 5284 conpersare,
2583 5228 2679 5284 seu
2706 5214 2886 5284 potius
2908 5213 3244 5270 conversari?

2066 5282 2083 5320 ¹’
2114 5283 2242 5352 Leg.
2275 5283 2528 5339 obseruat.
2561 5282 2719 5338 Wan.
