4232 6264
1129 323 1166 332 ..ο

630 425 725 484 82‘

1629 424 1682 474 S.
1728 419 2082 476 PATRICIUS
2121 411 2564 475 HlBERNORUM
2606 412 3016 471 APOSTOIMS.

3777 404 3888 460 898

1102 625 1636 745 CANONES
1709 658 1940 743 ALII
2014 661 2104 742 s.
2180 656 2736 743 PATRICIO
2812 657 3481 749 ATTRIBUTL

1283 800 1345 860 E
1374 799 1582 862 codice
1611 817 1722 860 ms.
1755 797 2006 877 collegii
2030 795 2428 859 Benedictini
2453 793 2879 874 Cantabrigia'
2907 791 3227 871 descripti.

1083 1144 1163 1201 De
1188 1145 1386 1199 unitate
1406 1143 1745 1200 subditorum.

706 1246 836 1312 Quis
872 1257 1002 1312 ergo
1051 1241 1210 1297 audet
1237 1239 1483 1296 scindere
1527 1240 1808 1304 unitatem,
1849 1253 2011 1306 quam
2060 1252 2219 1293 nemo

640 1340 912 1395 hominum
934 1336 1143 1391 solvere
1165 1333 1248 1388 vel
1273 1330 1670 1402 reprehendere
1692 1331 1905 1400 potest?
1925 1328 2222 1384 Multitudi-

640 1438 720 1490 nis
745 1441 913 1487 autem
931 1430 1251 1484 credentium
1277 1434 1388 1481 erat
1408 1441 1500 1480 cor
1523 1442 1683 1479 unum
1720 1431 1770 1479 et
1798 1427 1976 1479 animo
2017 1440 2144 1489 uno,
2173 1431 2222 1477 et

641 1524 785 1580 nulla
813 1531 924 1576 erat
945 1522 1200 1592 separatio
1229 1520 1285 1572 in
1313 1520 1407 1583 eis,
1437 1533 1528 1571 nec
1559 1518 1827 1588 quisquam
1847 1531 1912 1570 ea:
1939 1514 2086 1569 bonis
2115 1516 2221 1569 suis

643 1613 843 1668 dicebat
873 1627 983 1665 esse
1002 1609 1235 1681 aliquid:
1258 1608 1350 1662 sed
1379 1616 1530 1662 erant
1555 1607 1674 1661 illis
1702 1607 1881 1660 omnia
1907 1608 2217 1660 communia.

644 1691 828 1758 Gratid
855 1717 1051 1772 quoque
1077 1707 1190 1756 erat
1217 1716 1410 1770 magna
1449 1715 1604 1769 super
1642 1697 1760 1753 illos
1805 1712 2003 1765 omnes,
2052 1713 2142 1750 nec
2169 1699 2223 1750 in

644 1797 717 1850 eis
739 1795 923 1863 aliquis
950 1791 1209 1863 indigens.
1234 1789 1378 1845 Nam
1417 1792 1700 1862 quicunque
1726 1806 2042 1861 possessores
2072 1805 2214 1859 agro

645 1904 759 1941 rum
787 1895 875 1940 aut
916 1885 1182 1939 domorum
1224 1893 1393 1951 erant,
1419 1884 1689 1938 uendentes
1733 1880 2021 1951 a/ferebant
2060 1882 2227 1951 pretia

646 1979 850 2032 illorum
879 1984 928 2030 et
948 1974 1204 2048 ponebant
1226 1984 1346 2028 ante
1368 1973 1574 2048 [pedes]
1605 1974 1989 2044 apostolorum;
2017 1983 2066 2026 et
2100 1973 2228 2026 diui-

646 2070 861 2123 debatur
879 2069 1148 2139 unicuique
1167 2076 1223 2120 ut
1243 2083 1370 2137 opus
1390 2075 1502 2121 erat
1518 2066 1652 2136 (Act.
1677 2081 1746 2126 1v,
1763 2064 1972 2134 52-55).
1997 2064 2224 2119 Deinde:

648 2162 874 2226 Quidam
894 2169 1065 2214 autem
1092 2161 1169 2214 vir
1195 2161 1403 2214 nomine
1429 2158 1830 2228 Ananias,|etc.,
1860 2171 2030 2225 usque
2054 2156 2119 2210 ad
2139 2157 2230 2212 illa

647 2254 809 2308 verba
832 2271 844 2306 :
876 2253 1105 2306 Audiens
1154 2260 1324 2306 autem
1351 2251 1587 2305 Ananias
1613 2249 1724 2304 [uec
1761 2247 1948 2316 verba,
1974 2249 2155 2304 cecidit
2181 2259 2231 2303 et

648 2345 928 2414 exspiravit
951 2343 1088 2413 (Act.
1121 2358 1173 2409 v,
1200 2340 1343 2413 1-5).

1400 2431 1463 2487 II.

1046 2523 1126 2578 De
1153 2527 1291 2597 furto
1318 2525 1375 2579 in
1394 2523 1612 2579 ecclesia
1643 2532 1874 2596 peracto.

718 2616 820 2683 Qui
848 2615 1054 2671 furatus
1082 2615 1242 2671 fuerit
1268 2616 1552 2687 pecuniam
1579 2614 1648 2671 ab
1675 2615 1904 2672 ecclesia
1923 2624 2109 2673 sancta
2136 2618 2230 2682 ubi

652 2716 909 2778 martyres
929 2714 984 2762 et
1003 2722 1232 2777 corpora
1261 2715 1572 2763 sanctorum
1609 2708 1900 2776 dormiunt,
1934 2709 2076 2764 illius
2111 2721 2228 2762 ma-

655 2817 749 2856 nus
776 2801 861 2855 vel
881 2817 976 2871 pes
990 2801 1420 2869 circumcidatur,
1452 2809 1546 2856 aut
1573 2802 1628 2856 in
1664 2815 1938 2858 carcerem
1966 2801 2228 2867 mittatur,

2242 1055 2296 1114 Α
2319 1057 2412 1106 aut
2430 1050 2485 1105 in
2512 1050 2999 1121 peregrinationem
3016 1048 3282 1118 ejiciatur,
3307 1057 3362 1102 et
3378 1053 3631 1102 restituat
3649 1049 3899 1118 duplum;

2321 1153 2375 1199 et
2395 1144 2598 1214 jurabit
2619 1143 2762 1213 quod
2793 1159 2900 1199 non
2926 1149 3234 1202 revertetur
3260 1140 3435 1197 donec
3460 1140 3766 1211 impleverit
3787 1155 3905 1210 pm~

2325 1238 2626 1292 nitentiam.

3063 1304 3148 1360 III.

2890 1396 2970 1451 De
2997 1399 3129 1451 ueris
3159 1396 3343 1449 viduis.

2393 1511 2471 1566 De
2498 1511 2640 1566 veris
2664 1508 2836 1564 viduis
2867 1507 3063 1563 Paulus
3088 1525 3102 1561 :
3143 1507 3311 1562 Vidua
3356 1507 3571 1577 eligatur
3600 1521 3703 1559 non
3729 1505 3909 1559 minus

2324 1622 2578 1661 annorum
2599 1603 2686 1668 60,
2714 1605 2866 1657 unius
2906 1603 3003 1656 uiri
3047 1619 3181 1656 uxor
3209 1599 3264 1671 (Ι
3301 1600 3433 1654 Tim.
3462 1615 3513 1663 v,
3534 1598 3618 1668 9).
3639 1598 3780 1653 Nota
3804 1617 3817 1649 ι
3847 1598 3911 1652 Si

2325 1698 2507 1768 plures
2533 1696 2676 1749 viros
2704 1694 2970 1758 habuerit,
3002 1692 3159 1746 vidua
3191 1708 3298 1746 non
3329 1692 3418 1745 sit.

2395 1788 2728 1858 Adjiciuntur
2756 1785 2942 1838 deinde
2955 1800 3076 1837 mox
3106 1792 3370 1855 sequentes
3390 1783 3493 1835 duo
3532 1797 3756 1834 canones
3783 1798 3798 1833 :
3821 1781 3911 1833 sed

2306 1895 2394 1947 an
2426 1879 2484 1934 S.
2522 1877 2761 1942 Patricii,
2791 1877 2868 1930 uel
2894 1876 3036 1945 cujus
3065 1874 3189 1937 sint,
3233 1891 3261 1926 e
3299 1890 3398 1926 ms.
3429 1871 3763 1927 Βελεάὶεεὶηο
3810 1888 3911 1924 non

2328 1971 2503 2041 liquet.
2537 1967 2731 2022 Eorum
2767 1983 2883 2020 uero
2924 1966 3177 2036 posterior
3210 1967 3265 2018 in
3293 1964 3470 2018 codice
3491 1962 3798 2018 Cottoniano
3823 1979 3911 2015 ca-

2330 2077 2543 2126 nonum,
2595 2061 2674 2113 tit.
2722 2056 2822 2123 66,
2871 2057 3062 2111 diserte
3114 2056 3311 2128 synodo
3360 2055 3696 2110 Hiberniensi
3748 2058 3911 2109 ascri-

2333 2153 2487 2208 bitur.

2403 2245 2444 2299 l.
2486 2245 2562 2299 De
2590 2258 2655 2299 eo
2683 2243 2829 2312 quod
2880 2258 2988 2297 non
3027 2239 3356 2311 repudianda
3400 2240 3498 2304 sit,
3528 2239 3576 2294 si
3620 2239 3843 2303 sterilis,
3873 2240 3915 2295 si

2334 2333 2589 2394 deformis
2614 2344 2715 2400 est,
2747 2337 2793 2390 si
2820 2342 2978 2390 aetate
2998 2334 3200 2396 vetula,
3242 2333 3287 2388 si
3313 2331 3497 2397 fetida,
3528 2332 3574 2386 si
3604 2331 3916 2397 temulenta,

2259 2434 2309 2495 B
2337 2431 2382 2488 si
2401 2430 2676 2496 iracunda,
2705 2430 2750 2484 si
2773 2428 3058 2498 jurgatrix,
3081 2425 3316 2482 tenenda
3341 2427 3412 2482 sit
3438 2425 3570 2480 velis
3596 2424 3752 2480 nolis.
3783 2424 3917 2490 Qua-

2338 2526 2618 2596 liscunque
2639 2533 2857 2594 accepta
2882 2523 2970 2586 sit,
2994 2521 3226 2576 tenenda
3254 2528 3356 2575 est.

2408 2618 2469 2672 ll.
2503 2616 2687 2671 Omnis
2728 2616 2935 2670 adulter
2980 2615 3092 2668 sive
3134 2628 3164 2666 a
3213 2610 3696 2674 concelebratioue,
3748 2607 3861 2663 sive
3891 2623 3919 2661 a

2333 2709 2822 2767 communicatione
2853 2720 3067 2770 mensae,
3098 2705 3211 2759 sive
3240 2719 3270 2757 a
3298 2701 3584 2770 colloquio,
3613 2700 3726 2753 sive
3762 2712 3793 2752 a
3821 2713 3918 2752 co-

2336 2805 2546 2870 mitatu,
2572 2801 2878 2871 usquedum
2902 2801 3180 2870 poeniteat,
3209 2793 3562 2852 excludendus
3592 2801 3691 2847 est.

1286 3087 1961 3172 PROVERBIA
2039 3087 2480 3192 ALIQUA
2555 3088 2642 3169 S.
2723 3079 3265 3168 PATRICII.

723 3339 985 3395 Patricius
1011 3339 1140 3395 dicit
1171 3355 1183 3392 :
1231 3335 1412 3392 Satius
1438 3342 1522 3390 est
1549 3333 1704 3388 nobis
1733 3330 2062 3399 negligentes
2091 3343 2231 3397 prae.

655 3447 893 3500 monere,
916 3448 984 3488 ne
1010 3432 1206 3488 delicta
1235 3428 1528 3495 abundent,
1552 3441 1713 3495 quam
1734 3425 1952 3494 culpare
1972 3437 2090 3492 quae
2109 3429 2234 3476 sunt

655 3527 812 3583 facta.
844 3524 1099 3580 Salomon
1128 3543 1139 3577 :
1175 3523 1364 3578 Melius
1391 3529 1467 3576 est
1495 3535 1713 3590 arguere
1732 3533 1886 3589 quam
1918 3517 2069 3570 irasci
2098 3513 2232 3586 (Ec-

655 3621 740 3674 cli.
774 3635 864 3683 xx,
889 3615 966 3687 i).
1457 3663 1463 3670 .

725 3710 988 3766 Patricius
1015 3711 1126 3764 ait:
1159 3709 1276 3764 Non
1305 3714 1519 3777 oportet
1535 3687 2011 3775 judicesEcclesiie
2035 3698 2235 3752 habere

580 3797 592 3815 ⁸
656 3802 903 3857 timorem
951 3801 1258 3866 hominum,
1299 3798 1394 3865 sed
1443 3799 1690 3874 timorem
1733 3793 1861 3860 Dei;
1887 3791 2011 3862 quia
2062 3787 2236 3842 Timor

657 3893 753 3948 Dei
781 3894 1090 3963 principium
1117 3891 1387 3962 sapientia
1413 3897 1488 3943 est
1519 3887 1690 3959 (Psul.
1724 3903 1812 3951 cx,
1838 3884 1947 3953 10).

728 3985 843 4040 Non
865 3993 1079 4055 oportet
1091 3983 1299 4053 judices
1321 3981 1573 4037 Ecclesiae
1593 3980 1687 4032 Dei
1702 3978 1903 4031 habere
1917 3973 2232 4044 sapientiam

658 4077 817 4145 hujus
845 4075 1058 4141 mundi;
1089 4075 1215 4143 quia
1259 4073 1514 4144 sapientia
1548 4070 1700 4140 hujus
1721 4067 1899 4120 mundi
1920 4064 2138 4118 stultitia
2160 4071 2236 4114 est

659 4168 797 4238 apud
823 4165 988 4221 Deum
1015 4165 1070 4237 (Ι
1099 4165 1217 4220 Cor.
1252 4180 1339 4232 m,
1370 4163 1494 4234 i9);
1524 4161 1618 4217 sed
1663 4157 1978 4228 sapientiam
2020 4154 2113 4208 Dei
2143 4155 2236 4208 ha-

661 4259 808 4312 bere.

729 4350 846 4405 Non
873 4358 1087 4421 oportet
1123 4349 1331 4423 judices
1358 4345 1606 4402 Ecclesia:
1646 4354 1868 4395 munera
1919 4337 2187 4407 suscipere
2221 4355 2233 4390 :
2274 4367 2280 4380 -

660 4444 780 4514 quia
809 4457 1021 4494 munera
1049 4447 1312 4494 excwcant
1358 4436 1528 4490 oculos
1569 4432 1899 4504 sapientium,
1948 4438 1997 4483 et
2037 4435 2238 4482 mutant

662 4530 808 4594 verba
829 4533 1088 4601 justorum
1118 4528 1295 4598 (Deut.
1327 4543 1435 4592 xv1,
1465 4525 1575 4595 19).

731 4623 846 4677 Non
877 4630 1090 4693 oportet
1113 4621 1319 4691 judices
1347 4619 1597 4676 Ecclesia:
1625 4619 1826 4674 habere
1853 4630 2140 4688 personam
2179 4614 2231 4666 in

659 4715 857 4786 judicio
883 4734 894 4768 :
918 4716 1042 4784 quia
1069 4713 1191 4770 Non
1218 4723 1294 4769 est
1318 4715 1544 4784 acceptio
1557 4725 1898 4784 personarum
1915 4707 2054 4778 apud
2073 4705 2242 4759 Deum

664 4806 840 4874 (Rom.
874 4825 931 4875 ιι,
963 4807 1074 4879 ii).

2406 3328 2522 3382 Non
2545 3337 2760 3399 oportet
2783 3328 2989 3397 judices
3030 3327 3280 3382 Ecclesia:
3308 3324 3575 3380 cautelam
3613 3320 3921 3376 scecularem

2335 3420 2556 3485 habere,
2605 3420 2702 3475 sed
2745 3420 2991 3490 exempla
3019 3419 3196 3473 divina
3232 3417 3393 3486 :quia
3424 3429 3530 3469 non
3556 3419 3769 3483 oportet
3807 3424 3922 3463 ser-

2335 3528 2460 3567 vum
2489 3513 2580 3566 Dei
2601 3521 2816 3567 cautum
2843 3526 2959 3566 esse
2978 3511 3065 3565 vel
3092 3517 3344 3563 astutum.

2408 3605 2525 3660 Non
2555 3613 2769 3675 oportet
2792 3604 2999 3673 judices
3047 3601 3301 3656 Ecclesiae
3340 3608 3447 3653 tam
3479 3598 3692 3651 veloces
3720 3607 3836 3647 esse
3866 3592 3924 3644 in

2333 3697 2557 3768 judicio,
2586 3697 2757 3750 donec
2786 3697 2957 3749 sciant
2985 3708 3144 3763 quam
3176 3706 3357 3746 verum
3381 3688 3472 3741 ﬁat
3496 3687 3636 3755 quod
3661 3685 3926 3754 scriptum

2336 3809 2420 3855 est
2445 3818 2456 3852 :
2492 3798 2616 3852 Noli
2634 3798 2798 3870 judex
2821 3815 2929 3852 esse
2958 3799 3060 3850 cito
3092 3795 3270 3866 (Prov.
3305 3808 3423 3856 xxv,
3452 3788 3528 3858 8).

2406 3902 2522 3956 Non
2547 3907 2762 3970 Oportet
2781 3899 2992 3969 judices
3011 3896 3255 3953 Ecclesiae
3276 3889 3530 3948 volubiles
3550 3901 3685 3943 esse.

2409 4000 2524 4054 Non
2555 4006 2769 4068 oportet
2807 3997 3015 4066 judices
3057 3993 3305 4049 Ecclesia:
3333 3987 3664 4044 mendacium
3693 3983 3882 4036 dicere
3911 3999 3928 4047 ;

2339 4092 2462 4161 quia
2511 4103 2763 4158 magnum
2816 4089 3020 4143 crimen
3066 4095 3150 4141 est
3176 4081 3534 4139 mendacium.
3562 4074 3668 4130 Sed
3707 4081 3930 4144 oportet

2334 4195 2543 4264 judices
2578 4191 2831 4248 Ecclesiae
2860 4197 3062 4245 rectum
3099 4186 3356 4256 judicium
3378 4180 3651 4251 judicare;
3695 4175 3818 4244 quia
3868 4173 3930 4226 in

2340 4309 2659 4364 quocunque
2702 4292 2902 4362 judicio
2946 4287 3320 4359 judicaverint,
3365 4281 3688 4354 iudicabitur
3712 4277 3776 4331 de
3821 4275 3928 4330 eis.

2412 4393 2679 4450 Patricius
2710 4393 2830 4466 (ait)
2868 4413 2879 4447 :
2912 4391 3168 4462 Exempla
3216 4388 3484 4457 majorum
3530 4381 3798 4453 perquire,
3833 4379 3933 4432 ubi

2341 4499 2473 4555 nihil
2498 4499 2718 4552 fallaciae
2746 4495 3002 4552 invenies.

2415 4598 2678 4653 Patricius
2699 4596 2775 4650 ait
2804 4614 2814 4648 :
2847 4592 3062 4647 iudices
3089 4589 3180 4660 qui
3211 4603 3318 4642 non
3348 4591 3495 4639 recte
3519 4580 3762 4652 iudicant
3788 4573 3934 4646 judi-

2345 4704 2429 4759 cia
2449 4695 2729 4768 EccleSiic,
2751 4715 2856 4754 non
2882 4695 3109 4766 judices,
3141 4690 3236 4748 sed
3265 4687 3546 4744 falsatores
3573 4691 3712 4739 sunt.

1783 4897 3937 4931 Μ

1656 5010 2131 5098 CHARTA
2205 5009 2296 5090 S.
2375 5002 2926 5142 PATRICI}.

731 5256 792 5311 in
837 5255 1054 5310 nomine
1093 5249 1302 5306 Domini
1338 5245 1508 5303 nostri
1534 5243 1658 5299 lesu
1688 5239 1906 5295 Christi.
1932 5238 2044 5308 Ego
2074 5237 2241 5293 Patri—
2265 5238 2317 5299 D
2344 5252 2438 5293 eos
2481 5237 2534 5290 in
2579 5232 2682 5287 ﬁde
2709 5228 2973 5287 catholica
3004 5221 3342 5287 solidassem,
3373 5217 3592 5311 tandem
3641 5215 3697 5271 in
3723 5213 3944 5311 Britan.

666 5348 780 5402 cius
832 5346 1044 5400 humilis
1092 5340 1439 5398 servunculus
1495 5335 1610 5401 Dei,
1667 5343 1809 5388 anno
1861 5331 2242 5388 incarnationis

664 5439 901 5509 ejusdem
928 5449 951 5474 ει
985 5433 1509 5507 quadringentesimo
1539 5430 1795 5498 vigesimo
1823 5428 2031 5496 quinto,
2063 5427 2116 5480 in
2145 5424 2242 5478 Hi-

663 5531 902 5587 berniam
933 5545 963 5583 a
992 5528 1327 5583 sanctissimo
1371 5539 1506 5596 papa
1544 5519 1837 5578 Caelestino
1877 5517 2101 5586 legatus,
2149 5516 2245 5571 Dei

662 5622 833 5694 gratia
860 5619 1174 5675 Hibernicos
1197 5617 1264 5671 ad
1292 5617 1432 5671 viam
1465 5612 1707 5668 veritatis
1733 5607 1995 5664 converti.
2028 5605 2095 5660 Et
2122 5621 2244 5661 cum

735 5769 760 5797 ι
791 5765 866 5813 Ita
896 5757 1055 5811 etiam
1085 5753 1310 5808 habetur
1349 5752 1400 5804 in
1431 5763 1621 5817 magna
1642 5741 2238 5817 tabula_Glast9mensis

664 5809 921 5884 ecclesiae:
937 5809 1061 5881 Sed
1081 5825 1136 5878 in
1163 5823 1318 5877 Joan.
1349 5809 1721 5874 Tinmdthensi
1749 5823 1804 5870 et
1823 5813 1978 5871 Joan.
2001 5809 2239 5884 Capgra-

667 5897 773 5954 vlo.
807 5897 996 5961 leuitur
1024 5893 1147 5948 450.
1182 5892 1356 5952 Atque
1386 5891 1460 5951 ita
1490 5888 1593 5946 alia
1631 5901 1794 5944 mam:
1831 5892 2131 5944 correctum
2161 5890 2241 5939 est

2346 5333 2488 5386 niam
2516 5341 2634 5382 sum
2662 5337 2930 5387 reversus,
2961 5333 3046 5381 ac,
3069 5323 3130 5372 ut
3156 5313 3341 5377 credo,
3367 5310 3505 5366 duce
3543 5307 3679 5372 Deo,
3705 5308 3792 5376 qui
3833 5307 3945 5358 vita

2347 5435 2423 5481 est
2443 5435 2492 5478 et
2510 5424 2593 5478 via
2624 5420 2800 5492 (Joan.
2826 5429 2932 5480 xlv,
2964 5411 3040 5482 6),
3066 5396 3226 5466 incidi
3256 5407 3309 5461 in
3340 5403 3568 5459 insulam
3599 5400 3942 5492 Ynswytryn,

2349 5517 2405 5571 in
2431 5529 2535 5585 qua
2564 5490 2743 5566 inveni
2763 5510 2940 5565 locum
2967 5511 3212 5560 sanctum
3235 5514 3299 5554 ac
3325 5502 3617 5561 vetustum,
3642 5509 3674 5547 a
3701 5493 3815 5546 Deo
3837 5490 3948 5545 ele~

2351 5582 2493 5664 ctum
2515 5614 2569 5662 et
2588 5602 3000 5666 sanctiﬁcatum,
3025 5598 3078 5652 in
3107 5596 3316 5650 honore
3347 5592 3680 5645 intemerata:
3705 5582 3949 5654 Virginis

2347 5742 2400 5797 in
2421 5739 2604 5794 codice
2631 5751 2731 5793 ms.
2757 5731 2899 5789 Guil.
2931 5727 3275 5786 Malmesbur.
3308 5723 3522 5793 collegii
3567 5720 3624 5778 S.
3661 5717 3950 5777 Trinitatis

2348 5808 2711 5880 Cantabrigiaz.
2743 5804 2898 5861 WAR.
