4232 6264
1289 312 1387 344 μευ
1417 317 1436 329 ιν

335 412 436 473 Μ

1802 404 2107 477 ΩΗᾼἎΤΑ.

3509 403 3614 462 83‘)

336 530 435 587 Dei
460 527 736 598 genitricis
767 525 962 580 Mariae.
996 524 1180 592 ibique
1216 499 1390 592 reperi
1417 519 1682 590 quosdam
1707 519 1915 574 fratres

2023 520 2334 579 ammnltate
2360 523 2566 593 positos
2594 533 2694 576 nos
2733 520 3092 575 crederemus.
3125 516 3472 585 Egredientes
3511 515 3611 583 igi-

333 619 654 676 rudimentis
681 616 958 673 catholica:
987 611 1113 671 Mei
1138 613 1394 682 imbutos,
1422 616 1481 668 et
1504 611 1610 685 pia
1631 622 1923 667 conversa-

333 710 517 777 tionis,
546 708 637 779 qui
657 711 1028 764 successerunt
1048 703 1324 775 discipulis
1350 710 1660 760 sanctorum
1685 701 1923 773 Phagani

332 808 391 856 et
420 810 446 838 ⁸
476 799 769 865 Diruviani,
790 812 1020 869 quorum
1044 796 1284 863 nomine,
1312 812 1413 868 pro
1428 795 1556 853 vita
1579 795 1808 862 meritis,
1830 810 1925 850 ve-

333 893 533 948 raciter
560 890 721 947 credo
749 889 1028 960 scriptaain
1054 887 1205 944 caelis
1235 888 1455 962 (Philip.
1488 905 1560 956 1v,
1592 886 1670 957 5).
1702 885 1771 941 Et
1794 886 1919 958 quia

272 979 281 987 ’
332 982 386 1037 in
440 983 698 1039 memoria
744 988 943 1037 aeterna
985 989 1144 1037 erunt
1178 980 1308 1051 justi
1339 980 1513 1054 (Psal.
1542 997 1650 1048 cxx,
1684 980 1761 1053 '7’),
1798 996 1921 1036 cum

333 1074 554 1130 eosdem
609 1072 801 1128 fratres
857 1079 1044 1127 tenere
1091 1070 1421 1141 dilexissem,
1470 1086 1658 1147 eorum
1701 1071 1920 1127 nomina

332 1166 535 1236 scripto
564 1179 685 1219 meo
723 1163 968 1233 redigere
996 1163 1021 1201 ι)
1064 1162 1228 1224 volui.
1252 1178 1371 1234 qua:
1422 1171 1584 1218 sunt:
1627 1162 1915 1229 Brumban,

331 1254 640 1329 Hyregaan,
674 1255 975 1323 Bremwal,
1021 1256 1345 1321 Wencreth,
1407 1255 1917 1326 Bantommeweng,

332 1344 709 1417 Adelwolred,
766 1346 965 1420 Loyor,
1007 1346 1228 1402 Wellias
1250 1388 1266 1415 ,
1324 1346 1534 1404 Breden
1560 1390 1576 1417 ,
1632 1346 1917 1417 Swelwes,

328 1433 692 1503 Hinloernus,
736 1445 790 1491 et
838 1437 977 1493 alius
1015 1435 1152 1510 Hyn.
1210 1436 1277 1491 Hi
1328 1453 1450 1493 cum
1495 1446 1675 1493 essent
1725 1438 1920 1494 nobili-

328 1527 427 1584 bus
469 1529 573 1584 orti
622 1528 909 1596 natalibus,
944 1530 1280 1586 nobilitatem
1320 1545 1471 1586 suam
1507 1530 1629 1587 fidei
1665 1531 1919 1603 operibus

329 1635 525 1675 ornare
546 1621 845 1692 cupientes,
864 1620 1193 1676 eremiticam
1211 1622 1379 1677 vitam
1398 1621 1595 1679 ducere
1615 1623 1911 1693 elegerunt.

327 1711 395 1768 Et
423 1714 676 1783 quoniam
704 1713 886 1768 inveni
913 1720 1008 1769 ens
1034 1713 1264 1770 humiles
1284 1731 1349 1771 ac
1375 1716 1611 1786 quietos,
1654 1715 1792 1784 elegi
1819 1731 1918 1786 po-

329 1805 435 1859 tius
472 1821 593 1860 cum
607 1868 609 1871 ι
625 1805 729 1860 illis
750 1804 993 1874 abjectus
1013 1820 1155 1876 esse,
1176 1805 1347 1876 magis
1367 1820 1529 1877 quam
1560 1806 1615 1861 in
1646 1805 1917 1876 regalibus

2025 622 2115 672 tur
2139 611 2663 690 egreinp‘edlentes,
2706 612 2994 681 locumque
3031 608 3338 676 diligentius
3367 622 3607 677 perscru-

2026 712 2220 774 tantes,
2245 706 2543 762 invenimus
2562 703 2815 761 volumen
2846 717 3006 758 unum
3030 701 3085 755 in
3106 700 3426 770 quo'scripti
3454 704 3612 752 erant

2023 798 2191 855 Actus
2216 798 2605 871 apostolorum,
2634 796 2853 867 pariter
2879 809 3003 850 cum
3028 793 3163 850 actis
3200 798 3256 846 et
3291 790 3458 873 gestis
3484 804 3609 843 san-

2023 901 2233 950 ctorum
2252 890 2488 961 Phagani
2509 898 2564 945 et
2582 888 2879 955 Diruviani,
2895 878 2964 943 e'x
2978 900 3168 955 magna
3187 892 3341 957 parte
3360 899 3607 940 consum-

2022 992 2205 1055 ptum;
2234 984 2289 1037 in
2316 981 2467 1052 cujus
2496 990 2677 1038 tamen
2710 980 2815 1036 ﬁne
2834 978 3121 1036 voluminis
3147 976 3447 1032 invenimus
3475 977 3606 1031 scri-

2024 1089 2237 1154 pturam
2257 1092 2375 1149 quae
2400 1072 2614 1132 dicebat
2632 1073 2776 1148 quod
2803 1068 3043 1146 praedicti
3064 1072 3347 1142 Phaganus
3375 1076 3430 1125 et
3456 1067 3603 1123 Diru~

2020 1172 2231 1239 vianus,
2268 1184 2365 1240 per
2387 1168 2776 1227 revelationem
2803 1162 3015 1222 Domini
3044 1162 3213 1220 nostri
3252 1160 3375 1221 Iesu
3405 1158 3602 1216 Christi

2022 1265 2163 1320 idem
2193 1263 2495 1319 oratorium.
2513 1259 2535 1297 ἀ
2566 1258 2965 1317 tediﬁcaverunt
2991 1258 3043 1313 in
3076 1258 3282 1312 honore
3309 1255 3480 1335 sancti
3499 1254 3601 1308 Mi-

2021 1355 2222 1412 chaelis
2250 1353 2577 1424 archangeli,
2607 1359 2869 1422 quatenus
2906 1351 2978 1406 ibi
3006 1350 3073 1405 ab
3100 1347 3404 1405 hominibus
3431 1347 3600 1403 habe-

2020 1454 2105 1501 ret
2134 1445 2415 1512 honorem,
2445 1444 2536 1512 qui
2565 1442 2810 1497 homines
2839 1442 2891 1495 in
2921 1447 3213 1511 perpetuos
3239 1437 3494 1503 honores,
3513 1436 3601 1506 ju-

2019 1540 2183 1596 bente
2209 1537 2347 1603 Deo,
2367 1543 2450 1592 est
2487 1534 2904 1591 introducturus.
2938 1530 3006 1586 At
3032 1547 3154 1587 cum
3186 1529 3480 1586 delectaret
3504 1544 3601 1584 nos

2021 1631 2112 1687 illa
2140 1629 2425 1699 scriptura,
2457 1625 2763 1681 nitebamur
2782 1637 2900 1678 eam
2939 1622 3007 1679 ad
3037 1620 3193 1677 linem
3222 1621 3425 1690 legere.
3447 1619 3602 1676 Dice-

2018 1724 2113 1781 bat
2141 1722 2286 1778 enim
2314 1721 2503 1776 eadem
2541 1719 2805 1790 scriptura
2834 1717 2976 1789 quod
2998 1714 3292 1772 venerandi
3322 1714 3602 1784 Phaganus

2020 1823 2076 1871 et
2102 1813 2423 1869 Diruvianus
2451 1826 2661 1868 moram
2689 1810 2761 1866 ibi
2790 1808 3033 1866 fecerunt
3059 1824 3157 1879 per
3185 1822 3377 1863 novem
3407 1822 3598 1874 annos,

327 1896 487 1951 curiis
513 1897 757 1956 habitare
786 1900 956 1975 (Psal.
987 1919 1208 1967 Lxxxm,
1234 1901 1344 1975 Η).
1377 1901 1482 1958 Sed
1521 1903 1646 1975 quia
1675 1902 1915 1959 omnium
1945 1896 1992 1955 Β
2020 1913 2074 1963 et
2100 1904 2244 1976 quod
2270 1904 2372 1976 ipsi
2394 1903 2555 1959 etiam
2584 1900 2981 1972 pel-quisierant
3002 1898 3219 1968 triginta
3243 1913 3505 1953 annorum
3527 1897 3604 1952 in.

328 1998 572 2045 nostrum
599 2002 712 2047 erat
730 2011 820 2050 cor
848 2012 1006 2051 unum
1029 2006 1079 2050 et
1098 1998 1275 2052 anima
1296 2014 1400 2051 una
1423 1996 1559 2070 (Act.
1578 2014 1651 2061 IV,
1669 1996 1779 2071 52),
1805 1998 1915 2054 ele-

328 2081 507 2151 gimus
528 2099 714 2141 omnes
742 2086 902 2144 simul
921 2088 1189 2157 habitare,
1218 2089 1503 2145 comedere
1531 2097 1586 2145 et
1603 2089 1787 2146 bibere
1815 2106 1914 2163 pa-

326 2174 482 2242 riter,
514 2176 641 2231 etin
668 2178 857 2233 eadem
879 2178 1041 2236 domo
1068 2180 1324 2236 dormire.
1356 2180 1551 2251 Sicque
1578 2198 1663 2237 me
1684 2183 1809 2238 licet
1829 2183 1914 2238 in-

334 2263 502 2318 vitum
529 2264 627 2319 sibi
647 2268 1015 2338 praetulerunt.
1040 2266 1164 2324 Non
1184 2272 1321 2325 enim
1350 2270 1535 2342 dignus
1556 2289 1701 2326 eram
1721 2271 1917 2325 solvere

335 2354 609 2427 corrigiam
639 2357 1101 2415 calceamentorum
1124 2360 1315 2431 (Marc.
1354 2379 1389 2427 ι,
1425 2360 1477 2431 7)
1502 2377 1706 2417 eorum.

401 2444 470 2501 Et
491 2462 614 2503 cum
634 2449 799 2504 vitam
823 2453 1174 2508 monasticam
1197 2453 1272 2507 ita
1292 2452 1607 2508 duceremus
1621 2451 1774 2522 juxta
1798 2468 1919 2508 nor-

335 2550 477 2591 mam
503 2537 862 2610 probabilium
891 2538 1132 2612 Patrum,
1169 2543 1522 2598 ostenderunt
1550 2544 1679 2598 mihi
1708 2543 1915 2616 praefati

327 2627 520 2688 fratres
561 2634 762 2705 scripta
801 2626 1110 2690 sancto'rum
1153 2632 1391 2704 Phagani
1428 2644 1484 2692 et
1519 2635 1811 2703 Diruviani,
1861 2637 1916 2691 in

331 2721 526 2788 quibus
573 2725 1156 2796 continebatur,'quod
1193 2725 1476 2782 duodecim
1518 2728 1761 2797 discipuli
1791 2743 1915 2782 san-

331 2820 544 2868 ctorum
571 2813 801 2886 Philippi
830 2825 884 2872 et
910 2817 1115 2886 Jacobi,
1144 2816 1312 2889 ipsam
1346 2827 1609 2875 vetustam
1631 2822 1914 2877 ecclesiam

326 2912 746 2962 construxerunt
773 2910 827 2964 in
863 2910 1069 2966 honore
1095 2911 1387 2982 prtelibatae
1416 2911 1785 2971 Advocatricis
1811 2929 1914 2969 no-

325 3002 473 3060 ιιι-ω,
500 3011 598 3065 per
625 2996 1108 3055 doctrinamentum
1135 3001 1279 3057 beati
1307 3002 1614 3072 archangeli
1629 3000 1912 3067 Gabrielis.

326 3083 559 3155 Insuper
584 3094 640 3142 et
666 3088 809 3159 quod
830 3090 1088 3147 Dominus
1110 3094 1350 3149 eamdem
1395 3094 1676 3152 ecclesiam
1706 3096 1916 3152 cmlitus

327 3173 383 3228 in
404 3175 612 3231 honore
639 3193 751 3232 suae
780 3178 962 3235 Matris
982 3180 1343 3247 dedicaverat,
1372 3190 1428 3238 et
1453 3182 1598 3255 quod
1621 3192 1730 3241 tres
1760 3200 1914 3255 reges

2019 1999 2346 2070 dulgentiam
2376 1996 2624 2052 omnibus
2651 1992 2983 2049 Christicolis
3009 1992 3187 2047 locum
3215 1990 3387 2062 ipsum
3416 1988 3483 2045 ad
3512 1990 3605 2046 ho-

2020 2078 2209 2151 norem
2235 2092 2382 2150 beati
2414 2089 2689 2146 Michaelis
2708 2088 2796 2159 pia
2818 2087 3094 2141 voluntate
3117 2083 3481 2140 visitantibus.
3510 2081 3601 2136 lno

2020 2196 2182 2242 vento
2224 2194 2249 2223 °
2273 2197 2401 2253 ergo
2426 2189 2575 2237 tanto
2604 2180 2797 2235 divina:
2826 2176 3079 2233 bonitatis
3113 2176 3388 2241 thesauro,
3418 2186 3519 2242 ego
3548 2180 3600 2229 et

2019 2276 2185 2332 frater
2202 2276 2423 2331 Wellias
2450 2274 2619 2328 tribus
2644 2271 2916 2328 mensibus
2931 2268 3307 2339 jejunavimus,
3338 2265 3599 2322 orationi-

2018 2369 2119 2424 bus
2172 2376 2424 2423 vacantes
2472 2374 2527 2421 et
2571 2363 2781 2433 vigiliis,
2830 2361 3267 2429 daemonibusque
3313 2366 3368 2415 et
3411 2358 3600 2414 belluis

2018 2458 2418 2516 multiformiter
2445 2456 2828 2529 apparentibus
2856 2455 3201 2524 imperantes.
3234 2450 3472 2519 Quadam
3501 2467 3600 2506 au-

2020 2559 2129 2607 tem
2175 2558 2334 2607 nocte
2381 2563 2502 2605 cum
2531 2564 2618 2603 me
2644 2546 2829 2619 sopori
2875 2545 3161 2611 dedissem,
3189 2542 3437 2615 apparuit
3468 2542 3599 2597 mihi

2000 2616 2275 2696 .Dominus
2301 2638 2455 2695 Jesus
2492 2640 2543 2695 in
2590 2639 2704 2694 visu
2745 2638 2928 2692 dicens
2959 2655 2971 2690 :
3013 2634 3210 2691 Patriei
3245 2648 3400 2690 serve
3426 2648 3597 2699 meus,

2018 2732 2155 2788 scias
2183 2746 2269 2785 me
2298 2729 2522 2799 elegisse
2550 2730 2728 2785 locum
2769 2728 2929 2784 istum
2971 2726 3038 2782 ad
3075 2727 3338 2781 honorem
3366 2724 3597 2780 nominis

2020 2825 2144 2891 mei,
2157 2831 2214 2880 et
2235 2823 2394 2879 uthic
2407 2822 2740 2878 honoranter
2760 2820 3013 2875 invocent
3032 2817 3356 2888 adiutorium
3376 2817 3600 2872 archan-

2017 2915 2124 2985 geli
2151 2915 2259 2971 mei
2287 2911 2582 2969 Michaelis.
2630 2909 2698 2964 Et
2723 2910 2827 2965 hoc
2855 2908 2951 2963 tibi
2994 2907 3201 2976 signum
3248 2913 3303 2960 et
3347 2903 3599 2961 fratribus

2018 3007 2142 3075 tuis,
2173 3014 2438 3078 quatenus
2463 3010 2519 3058 et
2547 3001 2649 3072 ipsi
2676 2999 2934 3058 credant:
2962 2997 3243 3054 brachium
3270 3003 3420 3051 tuum
3465 2995 3600 3051 sini-
3701 3052 3710 3060 ,

2016 3107 2187 3156 strum
2213 3103 2442 3161 arescet,
2472 3093 2646 3150 donec
2672 3107 2792 3165 qua:
2819 3089 2997 3147 vidisti
3042 3087 3443 3145 annuntiaveris
3488 3085 3599 3140 fra-

2017 3189 2190 3245 tribus
2217 3188 2311 3260 qni
2338 3187 2391 3242 in
2420 3185 2554 3241 cella
2574 3181 2987 3249 suntsinferiori,
3018 3189 3074 3237 et
3099 3181 3279 3236 denuo
3304 3180 3393 3234 hic
3418 3178 3598 3234 redie-

327 3267 544 3335 pagani,
601 3268 730 3338 ipsis
784 3268 1064 3327 duodecim
1120 3272 1186 3328 ad
1230 3286 1417 3330 eorum
1455 3284 1914 3332 sustenementum
1943 3265 1988 3327 C
2019 3281 2115 3338 ris.
2143 3279 2210 3335 Et
2248 3278 2447 3333 factum
2476 3282 2562 3331 est
2588 3275 2683 3330 ita.

329 3356 611 3413 duodecim
655 3361 932 3429 portiones
970 3372 1126 3418 terrm
1163 3362 1459 3433 dederunt;
1511 3382 1611 3423 nec
1640 3384 1747 3422 non
1776 3375 1830 3423 et
1858 3369 1912 3423 in

329 3449 541 3519 scriptis
569 3453 963 3508 recentioribus
992 3455 1192 3518 inveni,
1225 3457 1368 3525 quod
1418 3460 1587 3514 sancti
1634 3458 1913 3530 Phagan‘us

331 3546 385 3592 et
413 3539 729 3628 Diruvianus
757 3543 1153 3614 perquisieraut
1180 3547 1247 3600 ab
1282 3544 1592 3605 Eleutherio
1632 3566 1789 3622 papa,
1821 3554 1914 3626 qui

330 3646 425 3685 eos
452 3634 689 3701 miserat,
715 3646 738 3675 ε
765 3637 983 3705 triginta
1006 3652 1176 3693 annos
1202 3639 1561 3708 indulgentiae.
1591 3640 1658 3696 Et
1678 3657 1778 3712 ego
1802 3645 1912 3701 fra-

330 3728 413 3776 ter
442 3721 704 3781 Patricius
733 3742 762 3780 a
793 3726 893 3797 piae
923 3728 1196 3783 memoriae
1224 3728 1516 3787 Caelestino
1543 3748 1679 3805 papa
1707 3734 1913 3792 duode-

314 3815 431 3870 “cim
460 3831 629 3873 annos
658 3827 902 3890 tempore
934 3835 1055 3876 meo
1081 3822 1358 3891 acquisivi.

399 3905 530 3963 Post
579 3912 805 3967 multum
852 3928 985 3968 vero
1032 3915 1323 3985 temporis,
1377 3926 1655 3993 assumpto
1698 3936 1909 3978 mecum

323 3996 521 4052 Wellia
552 3999 819 4057 confratre
855 4019 999 4070 meo,
1035 4019 1134 4074 per
1164 4005 1588 4065 condensitatem
1616 4011 1762 4069 silva:
1788 4029 1908 4070 cum

302 4102 523 4156 magna
548 4089 854 4148 difﬁcultate
876 4096 1287 4153 conscendimus
1314 4098 1570 4157 cacumen
1591 4104 1790 4160 montis
1816 4105 1907 4178 qui

323 4181 525 4237 eminet
548 4183 602 4237 in
625 4183 808 4239 eadem
830 4186 1019 4244 insula.
1047 4188 1167 4257 Quo
1197 4204 1317 4247 cum
1344 4195 1795 4268 pervenissemus,
1821 4214 1911 4273 ap—

327 4273 502 4342 paruit
522 4276 816 4331 oratorium
842 4294 1006 4334 unum
1028 4290 1296 4338 vetustum
1318 4292 1372 4338 et
1400 4285 1512 4341 fere
1538 4286 1791 4359 dirutum,
1811 4291 1908 4346 ha-

329 4362 433 4417 oile
460 4372 638 4420 tamen
679 4366 953 4424 devotioni
979 4368 1315 4440 Christianaa,
1349 4381 1404 4431 et
1439 4375 1635 4449 (prout
1660 4379 1790 4435 mihi
1822 4381 1904 4438 vi-

258 4534 259 4537 η
338 4452 569 4527 lebatur)
592 4472 622 4511 a
644 4457 756 4515 Deo
784 4460 1034 4517 electum.
1061 4460 1216 4530 Quod
1243 4480 1368 4520 cum
1396 4465 1621 4536 ingressi
1643 4483 1901 4539 essemus,

2089 3372 2171 3426 Ab
2192 3370 2283 3426 illo
2303 3368 2390 3424 die
2410 3366 2695 3424 statuimus
2719 3363 2855 3420 duos
2875 3361 3069 3417 fratres
3088 3361 3143 3415 in
3164 3368 3482 3432 perpetuum
3505 3359 3595 3426 ibi,

2018 3464 2118 3519 nisi
2146 3469 2394 3534 pastores
2420 3456 2587 3514 futuri
2616 3455 2685 3512 ob
2709 3454 2908 3525 justam
2934 3466 3153 3508 causam
3174 3450 3332 3504 aliter
3349 3449 3595 3503 decreve

2014 3555 2143 3611 rint.
2176 3550 2454 3621 Arnulpbo
2484 3555 2665 3604 autem
2694 3552 2749 3601 et
2776 3541 2973 3612 Ogmar
3006 3538 3309 3596 Hibernicis
3343 3538 3595 3596 fratribus

2014 3644 2108 3717 qui
2146 3656 2354 3698 mecum
2393 3644 2654 3701 venerant
2694 3633 2763 3689 de
2800 3631 3077 3696 Hibernia,
3120 3645 3221 3702 pro
3260 3644 3327 3684 eo
3356 3626 3498 3698 quod
3527 3628 3593 3685 ad

2017 3735 2451 3792 exhortationem
2488 3742 2661 3783 meam
2695 3723 2835 3795 apud
2874 3723 3077 3778 dictum
3104 3718 3378 3776 humiliter
3406 3726 3592 3774 orato-

2014 3828 2153 3884 rium
2180 3837 2401 3882 manere
2429 3824 2724 3892 cmperunt,
2754 3821 3069 3886 praesentem
3091 3812 3338 3884 paginam
3365 3811 3593 3866 commi-

2012 3920 2081 3988 si,
2110 3918 2269 3973 aliam
2297 3902 2525 3972 similem
2563 3910 2616 3964 in
2648 3922 2776 3963 arca
2803 3912 3003 3961 sanctae
3031 3902 3211 3958 Mariae
3242 3901 3506 3968 retinens,
3535 3902 3589 3957 in

2014 4017 2419 4071 monumentum
2460 4002 2709 4077 posteris.
2741 3998 2809 4054 Et
2835 4012 2935 4068 ego
2966 3994 2983 4034 τ
3008 3994 3173 4051 frater
3204 3994 3467 4049 Patricius
3493 4009 3591 4065 per

2011 4084 2294 4163 consilium
2341 4099 2565 4154 fratrum
2612 4105 2881 4157 meorum,
2912 4086 3160 4143 omnibus
3187 4085 3280 4157 qui
3307 4083 3493 4140 silvam
3524 4101 3590 4142 ex

2012 4196 2159 4253 omni
2180 4202 2334 4266 parte
2356 4187 2561 4262 praefati
2595 4184 2792 4240 montis
2822 4179 2995 4256 (Psal.
3027 4194 3214 4247 cum,
3237 4176 3292 4250 6)
3323 4176 3377 4230 in
3416 4177 3589 4233 securi

2011 4296 2066 4344 et
2104 4287 2268 4359 ascia,
2310 4284 2399 4355 pia
2428 4278 2724 4336 intentione
2756 4272 3074 4346 dejeeerint,
3095 4277 3155 4324 ut
3194 4268 3401 4325 facilior
3427 4284 3587 4340 pare-

2011 4389 2098 4437 tur
2140 4379 2316 4435 aditus
2358 4370 2693 4433 Christianis,
2736 4364 3018 4422 ecclesiam
3064 4363 3237 4417 beata:
3284 4366 3586 4431 perpetuae-
3658 4388 3662 4402 ί

2009 4488 2115 4547 que
2158 4469 2392 4541 Virginis
2442 4466 2532 4538 pie
2562 4474 2587 4512 ti
2618 4458 2977 4518 visitantibus.
3020 4460 3236 4511 centum
3276 4450 3391 4507 dies
3417 4449 3587 4506 veniae

345 4552 473 4600 anta
521 4546 701 4606 odoris
751 4552 1015 4608 suavitate
1068 4555 1426 4626 replebamur,
1464 4565 1523 4612 ut
1574 4559 1628 4613 in
1674 4564 1908 4631 paradisi
1932 4559 1986 4620 D
2010 4546 2272 4623 Concedo.

398 4692 419 4769 ξ
450 4682 693 4769 llssgius
712 4687 963 4769 _Bri_tann.
995 4691 1186 4751 eccles;
1212 4690 1431 4768 Antiqq.
1461 4707 1583 4767 pag.
1608 4694 1730 4767 456,
1761 4700 1892 4757 edit.

321 4753 533 4822 «legit
553 4754 833 4815 Derwiatti.
1354 4753 1410 4768 "
1462 4753 1480 4767 '
1531 4753 1560 4767 "
1614 4796 1619 4802 .

391 4821 416 4861 ⁸⁵
438 4821 571 4895 Τειι).
602 4824 867 4895 Glaston.,
898 4830 1112 4886 decrevi.
1138 4830 1297 4887 Wan.

393 4893 923 4995 ﬂabLGlastonmt
939 4916 1039 4955 ms.
1072 4902 1192 4957 cod.
1224 4901 1347 4958 coll.
1371 4900 1428 4959 S.
1450 4903 1894 4976 Trin.Cantabr.,
1941 4909 1949 4916 '

319 4959 508 5018 locum.
542 4964 618 5021 In.

388 5030 417 5073 ἀ
446 5032 579 5095 πει).
599 5034 868 5107 Chartam,
889 5041 1296 5112 εὕρασθαι-σπι.
1317 5044 1395 5100 in.

1666 5373 2258 5685 εκ

1850 5517 1854 5521 .
1904 5516 1910 5534 τ
1958 5483 2078 5535 ζιελ
2107 5495 2136 5524 ρ

2080 4710 2105 4740 ο
2135 4697 2268 4753 Tah.
2290 4695 2557 4757 Glaston.,
2592 4692 2768 4763 igitur.
2786 4689 2874 4763 lo.

2079 4769 2099 4813 σ
2123 4751 2287 4824 [Βάδει
2312 4767 2427 4821 haec
2445 4751 2554 4819 vox'
2578 4751 2638 4818 iii
2652 4761 2833 4817 tabula
2851 4757 3096 4815 Glaston.
3123 4764 3181 4811 et
3204 4770 3308 4812 tus.
3327 4753 3389 4809 s.
3410 4751 3589 4821 Trin.,

2004 4838 2253 4898 Cantabr.
2275 4836 2351 4893 In.

2077 4891 2466 4963 én'i‘illiJGIaSt.
2498 4911 2553 4961 et
2579 4917 2679 4959 ms.
2713 4900 2885 4971 Trin.,
2904 4897 3210 4966 visitaturis,
3228 4902 3276 4949 et
3302 4891 3585 4948 oratoriam

2005 4979 2329 5039 nmdictum.
2361 4976 2435 5032 In.
