4192 6258
658 364 749 420 1151
1569 361 1629 420 8.
1668 357 2032 418 PATBICIUS
2068 360 2517 421 BIBEBNORUM
2554 365 2971 463 APOSTOLUS.

667 479 3907 506 ...Μ

1325 553 1469 668 8-
1523 557 2370 672 ΡΔΤΒῙΟῙῙ
2420 558 3244 675 EPISGOPI

1117 757 1292 846 DE
1363 758 1872 844 TRIBUS
1946 755 2890 846 HABITACULIS
2965 758 3457 887 LIBEB‘.

1159 975 1388 1036 CAPUT
1426 975 1714 1034 PRIMUM.

655 1072 736 1130 De
760 1071 924 1129 tribus
952 1072 1280 1145 habitaculis,
1300 1089 1458 1144 regno
1485 1070 1604 1145 Dei,
1629 1071 1844 1145 mundo,
1862 1071 2090 1145 inferno.
2121 1069 2230 1127 Re-

1004 1144 1095 1215 gni
1120 1141 1219 1197 Dei
1243 1140 1399 1212 banti,
1418 1150 1467 1196 et
1492 1144 1687 1214 inferni
1715 1140 1875 1197 mala.

720 1246 846 1309 Tria
867 1260 998 1309 sunt
1025 1253 1124 1309 sub
1153 1253 1538 1323 omnipotentis
1564 1251 1663 1308 Dei
1706 1268 1870 1307 manu
1895 1253 2228 1322 habitacula,

652 1345 903 1417 primum,
931 1345 1118 1413 imum,
1148 1344 1413 1399 medium:
1437 1358 1668 1412 quorum
1700 1358 1971 1398 summum
2006 1356 2232 1411 regnum

652 1433 750 1491 Dei
775 1436 860 1492 vel
885 1448 1111 1504 regnum
1138 1435 1403 1491 calorum
1441 1435 1664 1499 dicitur;
1694 1434 1864 1489 imum
1897 1440 2122 1489 vocatur
2147 1433 2232 1487 in-

657 1527 867 1593 fernus;
901 1526 1138 1582 medium
1164 1525 1396 1581 mundus
1422 1540 1659 1596 przesens
1683 1525 1768 1580 vel
1787 1526 1937 1581 orbis
1963 1533 2233 1580 terrarum

656 1616 976 1687 appellatur.
1022 1616 1264 1683 Quorum
1300 1624 1542 1671 extrema
1580 1616 1801 1672 omnino
1852 1616 1955 1672 sibi
2001 1617 2234 1671 invicem

653 1715 777 1762 sunt
798 1708 1091 1781 contraria,
1115 1715 1171 1761 ct
1190 1708 1333 1763 nulla
1360 1708 1463 1763 sibi
1488 1696 1746 1763 societate
1773 1707 2082 1777 conjuncta.
2106 1707 2237 1773 Quze

653 1798 795 1853 enim
822 1797 1053 1854 societas
1079 1805 1257 1870 potest
1297 1812 1415 1852 esse
1443 1797 1575 1853 lucis
1599 1796 1664 1851 ad
1696 1798 1967 1867 tenebras,
1989 1807 2045 1853 et
2075 1796 2234 1852 Chri-

653 1891 719 1946 sti
742 1891 807 1945 ad
834 1890 1001 1946 Belial
1024 1889 1113 1961 (II
1131 1888 1250 1946 Car.
1276 1890 1458 1956 v1.14,
1483 1889 1609 1963 l5)?
1629 1889 1864 1947 Medium
1887 1898 2067 1946 autem
2095 1905 2234 1945 non-

658 1983 859 2038 nullam
883 1984 1045 2039 habet
1068 1984 1472 2040 similitudinem
1499 1985 1568 2040 ad
1591 1993 1854 2040 extrema.
1880 1983 2034 2039 Unde
2063 1984 2235 2039 lucem

655 2082 712 2128 et
740 2074 993 2130 tenebras
1018 2075 1200 2143 habet,
1232 2073 1399 2143 frigus
1427 2084 1481 2130 et
1508 2077 1767 2143 calorem,
1791 2075 2035 2131 dolorem
2063 2083 2119 2130 et
2144 2090 2234 2131 sa-

655 2165 913 2235 nitatem,
943 2166 1183 2222 laetitiam
1210 2176 1264 2223 et
1299 2183 1613 2232 maerorem,
1646 2168 1830 2223 odium
1870 2175 1925 2222 et
1971 2182 2233 2233 amorem,

659 2272 829 2311 uanos
869 2266 925 2311 et
964 2258 1157 2325 malos,
1200 2257 1375 2327 justos
1402 2265 1457 2312 et
1485 2257 1729 2326 injustas,
1760 2258 2009 2313 dominos
2037 2268 2092 2313 et
2117 2273 2234 2312 ser—

2250 985 2303 1042 Α
2328 975 2612 1032 ineﬁ'abilis
2657 977 2816 1044 mali,
2857 977 3005 1048 quod
3044 992 3146 1034 nec
3186 978 3292 1033 dici
3335 995 3437 1035 nec
3462 982 3691 1050 cogitari
3718 994 3929 1055 potest.

2331 1066 2489 1122 Cives
2507 1068 2629 1122 caeli
2655 1076 2781 1123 sunt
2803 1068 2935 1135 justi
2963 1068 3212 1123 homines
3238 1076 3293 1123 et
3322 1071 3522 1141 angeli,
3543 1088 3778 1143 quorum
3823 1091 3936 1133 rex

2331 1167 2415 1212 est
2452 1157 2592 1213 Deus
2636 1158 3005 1227 omnipotens;
3048 1166 3105 1212 at
3146 1168 3338 1214 contra
3382 1161 3528 1216 cives
3567 1163 3765 1219 inferni
3791 1173 3934 1219 sunt

2330 1250 2481 1321 impii
2507 1250 2750 1304 homines
2776 1258 2832 1304 et
2857 1250 3150 1318 daamones,
3176 1266 3407 1321 quorum
3422 1254 3667 1325 princeps
3684 1264 3774 1311 est
3797 1257 3935 1312 dia-

2330 1342 2506 1398 bolus.
2530 1339 2702 1396 Satiat
2721 1343 2898 1410 justos
2927 1342 3061 1397 visio
3087 1352 3397 1399 sanctorum
3427 1346 3693 1401 hominum
3721 1356 3780 1402 et
3808 1363 3931 1404 au-

2333 1432 2597 1499 gelorum,
2621 1440 2676 1486 et
2697 1448 2859 1502 super
2878 1433 3056 1488 omnia
3079 1434 3244 1503 ipsius
3261 1432 3378 1488 Dei.
3401 1433 3613 1490 Cruciat
3634 1437 3839 1508 impios
3867 1449 3929 1495 et

2332 1529 2647 1592 peccatores
2667 1522 2802 1576 visio
2823 1523 3101 1576 hominum
3120 1522 3493 1578 damnatorum
3512 1532 3567 1578 et
3585 1524 3920 1593 daemonum,

2335 1619 2389 1666 et
2414 1626 2579 1681 super
2598 1612 2777 1666 omnia
2801 1611 2967 1682 ipsius
3004 1612 3222 1667 diaboli.
3251 1612 3389 1667 Nihil
3418 1613 3471 1667 in
3500 1627 3670 1682 regno
3693 1615 3795 1670 Dei
3818 1617 3921 1672 de—

2333 1702 2599 1759 sideratur
2624 1702 2769 1773 quod
2816 1719 2921 1758 non
2966 1704 3272 1758 inveniatur
3301 1722 3315 1758 :
3348 1712 3404 1759 at
3442 1706 3496 1759 in
3525 1705 3741 1762 inferno
3788 1709 3920 1764 nihil

2336 1795 2603 1850 invenitur
2626 1796 2769 1865 quod
2798 1796 3149 1852 desideratur.
3199 1794 3452 1866 ln'regno
3480 1798 3579 1853 Dei
3607 1800 3743 1854 nihil
3769 1801 3939 1875 inve-_

2339 1887 2503 1951 nitur,
2526 1888 2627 1941 nisi
2651 1887 2796 1956 quod
2823 1888 3021 1958 placet,
3041 1896 3096 1944 et
3121 1889 3375 1957 delectat,
3405 1898 3461 1943 et
3491 1891 3683 1969 satiat;
3716 1898 3773 1946 at
3799 1908 3921 1948 con-

2337 1987 2421 2034 tra
2460 1980 2513 2033 in
2556 1980 2676 2034 lacu
2718 1980 2947 2034 miseriae
2981 1980 3232 2050 perennis
3260 1981 3391 2035 nihil
3418 1981 3655 2051 videtur,
3683 1983 3919 2054 nihilque

2337 2071 2585 2139 sentitur,
2617 2069 2719 2124 nisi
2746 2070 2892 2139 quod
2920 2069 3185 2141 displicet,
3219 2072 3317 2125 nisi
3338 2071 3483 2140 quod
3520 2070 3768 2143 offendit,
3809 2075 3908 2129 nisi

2337 2161 2481 2232 quod
2507 2162 2731 2216 cruciat.
2764 2159 2812 2232 (ἀ
2841 2160 2900 2215 ln
2940 2176 3107 2231 regno
3134 2170 3338 2217 aeterno
3361 2163 3469 2217 erit
3493 2164 3607 2218 vita
3635 2164 3755 2220 sine
3778 2181 3921 2219 mor-

2338 2265 2409 2319 te,
2442 2255 2638 2308 veritas
2675 2255 2791 2308 sine
2815 2269 3026 2322 errore,
3054 2253 3281 2309 felicitas
3308 2255 3425 2309 sine
3464 2255 3917 2326 perturbatione.)

665 2364 774 2415 vos,
803 2363 1027 2416 regnum
1057 2357 1111 2402 et
1137 2348 1546 2418 subjectionem,
1576 2348 1772 2404 famem
1810 2358 1865 2404 et
1907 2350 2235 2419 satietatem,
2268 2357 2314 2418 Β
2340 2342 2511 2398 Omne
2537 2345 2737 2399 bonum
2766 2346 2819 2398 in
2848 2359 3014 2414 regno
3054 2345 3147 2401 Dei
3188 2346 3441 2411 abundat.
3474 2356 3531 2403 et
3569 2349 3772 2403 nullum
3802 2365 3920 2404 ma-

660 2446 888 2493 mortem
917 2446 973 2493 et
1004 2440 1184 2503 vitam,
1213 2446 1269 2493 et
1306 2439 1590 2495 innumera
1626 2440 1953 2509 hujusmodi.
1990 2439 2230 2508 Quorum

657 2529 898 2583 omnium
926 2544 1051 2599 pars
1078 2544 1183 2584 una
1224 2530 1514 2599 imaginem
1555 2530 1720 2585 habet
1757 2532 1908 2600 regni
1947 2530 2062 2596 Dei,
2107 2546 2231 2601 pars

653 2621 818 2675 altera
845 2619 1056 2700 inferni.
1087 2620 1414 2679 Commixtio
1438 2638 1669 2692 namque
1690 2624 1954 2680 malorum
1985 2625 2145 2680 simul
2172 2634 2229 2680 et

653 2713 916 2767 bonorum
937 2713 991 2766 in
1010 2712 1116 2767 hoc
1135 2712 1337 2769 mundo
1360 2721 1476 2781 est;
1500 2714 1554 2771 in
1578 2726 1746 2782 regno
1774 2723 1954 2769 autem
1984 2715 2079 2770 Dei
2102 2715 2232 2769 nulli

651 2802 780 2857 mali
807 2810 951 2871 sunt,
980 2801 1074 2858 sed
1104 2810 1293 2859 omnes
1319 2803 1477 2870 boni;
1508 2815 1564 2859 at
1588 2805 1642 2858 in
1673 2802 1884 2859 inferno
1911 2804 2042 2859 nulli
2078 2804 2229 2873 boni,

651 2894 747 2948 sed
773 2909 962 2949 omnes
996 2893 1121 2949 mali
1147 2912 1161 2947 :
1193 2902 1249 2950 et
1276 2902 1502 2965 uterque
1529 2895 1678 2950 locus
1716 2910 1782 2950 ex
1811 2894 1987 2949 medio
2012 2894 2228 2963 supple-

653 2992 758 3038 tur.
794 2983 1083 3040 Hominum
1112 2986 1256 3041 enim
1302 2985 1459 3055 hujus
1494 2986 1713 3054 mundi,
1735 2986 1827 3040 alii
1856 2986 2136 3041 elevantur
2162 2985 2229 3039 ad

653 3075 867 3143 cmlum,
906 3075 995 3130 alii
1030 3077 1314 3131 trahuntur
1349 3076 1416 3131 ad
1454 3076 1739 3131 infernum.
1787 3076 1999 3132 Similes
2033 3076 2229 3146 quippe

651 3167 909 3237 similibus
932 3166 1244 3235 junguntur,
1277 3166 1332 3220 id
1354 3175 1455 3231 est,
1484 3166 1614 3221 boni
1642 3166 1815 3231 bonis,
1860 3174 1914 3221 et
1943 3166 2071 3223 mali
2109 3181 2226 3218 ma-

652 3259 715 3313 lis
732 3276 746 3325 ;
766 3258 895 3328 justi
920 3258 1165 3313 hemines
1182 3258 1341 3327 justis
1369 3258 1592 3326 angelis,
1614 3265 1669 3312 ct
1690 3265 2111 3326 transgressores
2131 3258 2229 3317 hoe

651 3353 821 3408 mines
844 3350 1327 3419 transgressoribus
1354 3350 1589 3419 angelis;
1623 3350 1763 3405 servi
1791 3350 1885 3404 Dei
1924 3349 2055 3413 Deo,
2090 3352 2227 3404 servi

651 3443 847 3500 diaboli
873 3442 1126 3499 diabolo:
1159 3441 1429 3498 benedicti
1456 3448 1720 3495 vocantur
1758 3440 1827 3495 ad
1864 3453 2089 3507 regnum
2127 3440 2229 3495 Sibi

648 3545 895 3609 paratum
922 3536 990 3591 ab
1025 3534 1232 3604 origine
1272 3533 1475 3600 mundi,
1506 3531 1778 3587 maledicti
1804 3531 2147 3602 expelluntur
2173 3533 2228 3587 in

520 3704 531 3712 '
624 3628 821 3696 ignem
852 3636 1129 3694 aeternum,
1160 3626 1251 3695 qui
1290 3634 1511 3696 paratus
1548 3632 1633 3681 est
1672 3623 1887 3700 diabolo
1927 3632 1981 3679 et
2027 3624 2229 3693 angelis

647 3719 762 3787 ejus
792 3716 1005 3790 (Matth.
1039 3733 1162 3783 xxv,
1187 3715 1273 3783 '54,
1298 3716 1411 3787 41).

716 3808 745 3849 ι)
770 3808 918 3864 Bona
962 3815 1142 3862 autem
1170 3809 1321 3877 regni
1350 3808 1585 3870 cmlestis
1622 3806 1822 3870 dicere,
1852 3805 1937 3860 vel
1965 3806 2222 3873 cogitare,

647 3901 730 3957 vel
762 3901 1057 3969 intelligere
1086 3908 1145 3954 ut
1173 3907 1319 3965 sunt,
1352 3900 1527 3954 nullus
1554 3905 1735 3969 potest
1765 3912 1928 3952 carne
1954 3897 2177 3950 vestitus
2210 3913 2223 3947 :

646 3992 812 4045 multo
833 3992 974 4049 enim
1000 3989 1207 4059 majora
1230 3999 1287 4044 et
1313 3991 1534 4044 meliora
1564 3996 1706 4053 sunt,
1738 4002 1899 4055 quam
1920 3987 2228 4054 cogitantur

643 4093 698 4140 et
727 4084 1122 4152 intelliguntur;
1147 4083 1287 4137 unde
1308 4083 1563 4153 scriptum
1585 4091 1667 4135 est
1693 4098 1704 4132 :
1738 4078 1887 4144 Quod
1916 4080 2093 4134 oculus
2122 4096 2225 4134 non

643 4176 786 4242 vidit,
817 4193 910 4229 nec
944 4177 1086 4230 auris
1123 4176 1341 4243 audivit,
1372 4191 1464 4228 nec
1492 4177 1545 4228 in
1577 4192 1667 4228 cor
1703 4174 1926 4227 hominis
1968 4173 2219 4238 ascendit,

641 4280 756 4338 qua:
774 4267 1081 4336 prwparavit
1100 4263 1240 4318 Deus
1262 4264 1593 4335 diligentibus
1621 4280 1677 4317 se
1702 4262 1757 4333 (Ι
1784 4262 1901 4317 Cor.
1933 4279 1990 4328 ll,
2014 4253 2092 4334 9).
2118 4263 2224 4319 Re-

640 4371 800 4426 gnum
843 4370 1071 4424 namque
1116 4353 1213 4407 Dei
1254 4355 1400 4407 omni
1440 4353 1579 4407 fama
1626 4352 1816 4421 majus,
1868 4348 2015 4408 omni
2054 4354 2214 4410 laude

643 4446 852 4507 melius,
897 4445 1041 4498 omni
1084 4443 1309 4497 scientia
1351 4443 1813 4510 innumerabilius,
1863 4447 2007 4500 omni
2053 4447 2221 4516 gloria

568 4546 573 4553 '
641 4550 762 4603 qum
786 4541 1022 4602 putatur,
1054 4532 1425 4589 excellentius.
1462 4534 1600 4590 Mala
1620 4536 1791 4598 getiam
1816 4536 2011 4592 inferni
2043 4538 2222 4593 dicere

641 4625 724 4681 vel
751 4624 1006 4693 cogitare,
1041 4632 1098 4679 ut
1136 4632 1279 4691 sunt,
1324 4641 1482 4681 nemo
1519 4634 1699 4696 potest
1740 4645 1755 4682 :
1796 4627 1982 4699 pejora
2022 4628 2222 4698 quippe

638 4724 763 4789 sunt
790 4714 946 4770 valde
973 4730 1135 4785 quam
1155 4717 1481 4784 cogitantur.
1512 4716 1756 4787 Regnum
1782 4717 1964 4787 itaque
1984 4718 2080 4772 Dei
2100 4718 2220 4787 ple-

538 4878 553 4889 ,
638 4822 764 4861 num
810 4814 894 4861 est
921 4805 1074 4873 lucis,
1091 4813 1162 4893 Iet
1188 4807 1356 4876 pacis,
1385 4814 1441 4863 et
1476 4807 1739 4875 caritatis,
1766 4816 1822 4862 et
1848 4807 2140 4878 sapientiae,
2165 4816 2223 4864 et

636 4903 837 4970 glorias,
867 4909 924 4956 et
950 4901 1271 4969 honestatis,
1300 4911 1357 4957 et
1391 4903 1710 4973 dulcedinis,
1739 4913 1793 4963 et
1819 4904 2142 4969 dilectionis,
2165 4915 2221 4961 et

635 4992 898 5055 melodiae,
923 5000 978 5047 et
1004 4992 1222 5060 laetitia,
1248 4998 1303 5046 et
1332 4992 1677 5048 beatitudinis
1716 4995 1988 5064 perennis,
2018 5002 2073 5048 et
2100 5009 2219 5049 om-

2338 2434 2472 2499 llln;
2506 2450 2665 2489 omne
2684 2436 2880 2490 malum
2905 2436 2956 2489 in
2978 2451 3197 2491 carcere
3216 2436 3413 2492 diaboli
3441 2438 3698 2507 abundat,
3720 2448 3775 2494 et
3798 2441 3918 2494 nul-

2332 2524 2442 2580 lum
2470 2527 2688 2581 bonum.
2722 2526 2905 2582 Nullus
2932 2527 3178 2595 indignus
3197 2529 3252 2582 in
3272 2542 3438 2597 regno
3466 2530 3559 2584 Dei
3587 2533 3907 2602 suscipitur;

2333 2617 2509 2675 nullus
2525 2634 2651 2675 vero
2671 2618 2878 2687 dignus,
2900 2621 3077 2676 nullus
3092 2621 3269 2691 justus
3293 2623 3362 2679 ad
3381 2623 3640 2680 infernum
3659 2625 3905 2681 trahitur.

2970 2730 3199 2787 CAPUT
3236 2732 3298 2788 ll.

2794 2823 2870 2877 De
2896 2826 3059 2895 panis
3083 2827 3451 2896 infernalibus.

2401 2911 2723 2983 Principalia
2751 2920 2933 2969 autem
2973 2923 3099 2969 sunt
3127 2914 3235 2971 duo
3266 2925 3535 2973 tormenta
3564 2920 3617 2974 in
3661 2920 3909 2977 inferno:

2328 3005 2495 3074 frigus
2522 3005 2875 3073 intolerabile,
2899 3015 2955 3062 et
2982 3008 3131 3063 calor
3158 3010 3294 3076 ignis
3320 3010 3785 3080 inexstinguibilis.
3814 3012 3909 3068 Un-

2329 3098 2397 3152 de
2446 3099 2497 3152 in
2549 3095 2837 3167 Evangelia
2885 3098 3081 3167 legitur
3113 3116 3125 3152 :
3159 3098 3279 3153 Illic
3314 3102 3413 3154 erit
3449 3102 3602 3171 fletus
3638 3112 3691 3157 et
3726 3105 3909 3158 stridor

2329 3189 2557 3243 dentium
2587 3187 2801 3261 (Matth.
2832 3205 2946 3252 xui,
2980 3186 3235 3257 51ςιιιι,
3270 3182 3368 3259 1'5,
3409 3198 3461 3247 et
3494 3204 3614 3256 xxv,
3646 3192 3754 3262 50).
3784 3193 3907 3248 Fle-

2328 3288 2414 3334 tus
2440 3293 2673 3348 namque
2701 3285 2756 3334 ct
2787 3278 3094 3349 liquetactio
3124 3280 3408 3336 oculorum
3437 3298 3503 3337 ex
3525 3284 3707 3338 calore
3737 3286 3908 3338 nasd-

2329 3378 2443 3437 tur;
2470 3371 2669 3426 stridor
2697 3386 2825 3428 vero
2866 3371 3108 3427 dentium
3137 3387 3206 3427 ex
3232 3371 3433 3441 frigore
3474 3375 3735 3429 nascitur.
3780 3374 3908 3431 Hinc

2328 3463 2491 3517 etiam
2517 3462 2707 3520 beatus
2728 3463 2864 3519 Job:
2887 3463 2960 3518 De
2984 3466 3150 3532 aquis,
3177 3465 3369 3534 inquit,
3398 3467 3593 3521 nivium
3621 3468 3911 3522 transibunt

2329 3554 2399 3607 ad
2424 3554 2648 3609 calorem
2676 3555 2893 3610 nimium
2923 3553 3064 3623 (Job.
3086 3570 3236 3623 xxxv,
3259 3553 3369 3625 l9).
3395 3554 3470 3610 De
3489 3557 3683 3624 quibus
3704 3556 3909 3613 duobus

2330 3644 2609 3699 innumera
2649 3644 2888 3715 pendent
2914 3660 3195 3715 poenarum
3234 3634 3461 3713 genera;
3499 3646 3762 3713 videlicet,
3793 3648 3911 3704 sitis

2251 3743 2296 3805 ο
2328 3736 2697 3803 intolerabilis,
2729 3752 2887 3807 pcena
2906 3735 3078 3803 famis,
3110 3753 3265 3809 paena
3292 3737 3492 3805 fetor-is,
3514 3752 3671 3806 pinna
3700 3738 3895 3794 horro-

2328 3827 2421 3892 ris,
2472 3842 2629 3897 pmna
2660 3828 2885 3893 timoris,
2934 3844 3094 3898 pmna
3146 3829 3414 3896 angustiae,
3440 3844 3598 3898 poena
3650 3830 3905 3886 tenebra—

2327 3932 2467 3993 rum,
2498 3919 2755 3973 severitas
2783 3926 3071 3987 tortorum,
3108 3920 3382 3990 praesentia
3406 3919 3729 3988 daemonum,
3754 3919 3906 3977 fero-

2326 4014 2459 4068 citas
2495 4014 2806 4081 bestiarum,
2829 4014 3116 4070 crudelitas
3134 4015 3567 4081 ministrantium,
3589 4014 3906 4072 dilaceratio

2325 4103 2706 4158 immortalium
2746 4106 3027 4171 vermium,
3068 4092 3270 4162 verutis
3315 4106 3676 4172 conscientiae,
3727 4106 3908 4175 ignita

2324 4192 2603 4265 lacrymze,
2657 4180 2917 4266 suspiria,
2965 4196 3211 4262 miseriae,
3259 4197 3416 4252 dolor
3463 4198 3580 4251 sine
3633 4197 3895 4259 remedio,

2323 4284 2534 4340 vincula
2555 4287 2670 4341 sine
2698 4287 2987 4355 solutione,
3015 4301 3162 4342 mors
3187 4294 3408 4353 aeterna,
3442 4303 3599 4357 pinna
3627 4287 3739 4342 sine
3770 4283 3900 4352 fine,

2324 4378 2565 4433 absentia
2589 4375 2785 4433 Christi
2813 4374 2980 4449 e'post
3004 4379 3265 4434 visionem
3292 4378 3429 4448 ejus,
3450 4393 3570 4447 quae
3592 4378 3705 4432 sola
3726 4379 3907 4433 cinnia

2323 4482 2484 4537 supra
2518 4467 2657 4523 dicta
2688 4479 2920 4539 superat,
2952 4476 3008 4524 et
3030 4470 3279 4524 omnibus
3299 4469 3472 4539 poenis
3499 4468 3904 4523 intolerabilior.

2933 4578 3162 4647 CAPUT
3198 4579 3284 4635 Ill.

2322 4668 2404 4724 De
2427 4671 2505 4725 his
2534 4688 2658 4744 quos
2676 4687 2840 4742 pinnae
2858 4675 3120 4744 {sterilitas
3144 4689 3177 4725 a
3202 4673 3381 4726 mundi
3410 4673 3668 4744 uoluptate
3695 4688 3796 4726 non
3823 4673 3907 4724 ἀε-

2394 4740 2566 4864 ieci-et.
2601 4740 2805 4865 Ιιῖῖεηιὶ
2832 4741 3025 4813 duplex
3047 4759 3217 4813 paena.
3238 4744 3378 4796 Auni
3402 4740 3504 4796 100
3527 4740 3677 4796 nulla
3700 4744 3907 4797 interni.

2419 4828 2450 4864 α
2475 4829 2517 4865 ιε
2548 4828 2644 4880 por
2667 4830 2735 4867 ιο.
3514 4826 3519 4831 ·

2392 4902 2483 4957 Vna
2512 4904 2672 4972 igitur
2700 4905 2804 4960 illis
2831 4919 3067 4976 perenne
3088 4906 3181 4974 qui
3204 4905 3385 4960 subire
3409 4904 3525 4959 haec
3552 4903 3733 4957 omnia
3760 4903 3904 4957 mala

2322 4994 2487 5049 etiam
2515 4996 2631 5050 sine
2659 4994 2763 5051 ﬁne
2790 5001 3082 5062 merentur,
3106 5010 3204 5065 pro
3231 4993 3535 5051 delectabili
3571 4995 3729 5049 unius
3754 4992 3905 5048 hora:

636 5084 717 5138 nis
745 5084 871 5138 boni
894 5082 1201 5168 (inelfabilis,
1222 5083 1367 5153 quod
1390 5099 1492 5139 nec
1509 5083 1614 5139 dici
1644 5099 1743 5139 nec
1770 5086 1993 5153 cogitari
2014 5094 2213 5156 potest.
2247 5123 2296 5185 υ
2320 5085 2531 5140 somnio
2562 5104 2574 5139 :
2608 5094 2754 5142 tanta
2781 5087 2979 5143 etenim
3006 5094 3062 5142 et
3090 5087 3212 5142 talis
3231 5093 3316 5142 est
3349 5086 3528 5144 omnis
3553 5085 3713 5155 hujus
3740 5100 3900 5140 mun-

635 5174 703 5227 At
752 5175 901 5230 locus
948 5176 1143 5231 inferni
1188 5175 1379 5245 plenus
1406 5183 1489 5231 est
1519 5176 1886 5244 tenebrarum,
1914 5177 2213 5245 discordiae,
2247 5174 2289 5185 ⁷
2318 5178 2372 5235 di
2412 5178 2604 5244 gloria,
2652 5177 2720 5231 ad
2763 5185 3019 5233 :eternam
3056 5184 3368 5249 comparata
3413 5178 3659 5246 gloriam.
3711 5176 3903 5232 Helius

635 5262 764 5328 odii,
810 5264 1071 5334 stultitiae,
1117 5267 1368 5334 miseriae,
1414 5266 2208 5336 turpitudinis,amaritudinis,
2316 5277 2433 5324 erat
2476 5269 2577 5336 eis,
2620 5269 2765 5337 quod
2791 5268 2990 5324 dictum
3037 5275 3120 5324 est
3156 5268 3224 5324 de
3273 5266 3487 5323 inielice
3511 5265 3648 5320 Juda
3679 5264 3900 5338 (Matth.

634 5350 967 5421 offensionis,
1003 5354 1223 5421 doloris,
1269 5367 1290 5395 ο
1320 5356 1637 5423 adustionis,
1660 5358 1815 5422 'sitis,
1866 5356 2042 5427 fumis,
2080 5360 2215 5427 ignis
2318 5377 2466 5428 xxvr,
2490 5359 2605 5431 ‘24),
2633 5376 2738 5415 non
2767 5362 2934 5429 nasci,
2974 5376 3138 5431 quam
3166 5361 3322 5415 malis
3346 5360 3457 5415 suis
3484 5358 3692 5414 meritis
3716 5358 3902 5427 plagas

635 5440 1100 5511 inexstinguibilis,
1128 5446 1376 5513 tristitiae,
1403 5446 1647 5503 vindictae
1673 5448 1946 5519 perennis,
1963 5458 2019 5503 et
2040 5451 2214 5505 omnis
2320 5451 2512 5507 inferni
2557 5453 2839 5508 sustinere.
2884 5452 3021 5520 Quid
3068 5453 3306 5523 stultius,
3352 5451 3481 5523 quid
3526 5451 3765 5507 insanius
3792 5460 3900 5518 est,

705 5588 730 5616 ι
759 5577 840 5633 Ex
854 5578 1158 5704 .apgendice
1185 5580 1253 5635 ad
1278 5586 1410 5636 tom.
1432 5579 1506 5637 Vl
1525 5585 1656 5653 opp.
1677 5578 1735 5636 S.
1756 5578 2063 5649 Augustini,
2085 5594 2207 5651 pag.
2396 5593 2416 5619 ο
2447 5581 2544 5636 Ms.
2579 5580 2746 5664 Vict.”
2766 5583 2967 5655 (eloris,
2988 5585 3128 5666 sitis.
3818 5650 3832 5664 ι

705 5647 760 5704 9.
783 5649 911 5704 edit.
980 5648 1040 5704 Β.
2385 5649 2411 5689 ἀ
2441 5651 2565 5704 Haec
2590 5651 2959 5704 desiderantur
2985 5670 3039 5704 In
3059 5669 3189 5704 mss.
3209 5651 3349 5704 Sunt
3367 5652 3594 5704 Auum.
3610 5649 3832 5704 Enehin

634 5646 760 5718 159,
783 5646 914 5705 edit:
935 5646 1040 5704 BB.
1562 5646 1619 5653 ’“
1851 5646 1865 5649 ⁷
2047 5646 2053 5648 ⁷
2085 5646 2104 5651 “
2159 5646 2209 5714 ⁷-

634 5716 962 5808 Lgfﬁadem
996 5720 1265 5808 habentur
1303 5719 1396 5778 lib.
1439 5720 1516 5778 De
1543 5720 1811 5789 diligendo
1837 5720 1954 5778 Deo
1992 5736 2113 5795 cap.
2146 5722 2213 5804 18

2325 5649 2416 5795 ca;
2441 5651 2565 5777 “se
2590 5646 2966 5710 desiderantur
2985 5654 3039 5710 in
3059 5669 3189 5713 mss.
3209 5651 3349 5710 Sunt
3366 5652 3594 5725 August.
3610 5649 3896 5710 manu.

632 5788 760 5846 hinc
777 5788 1057 5854 desumpta
1652 5788 1657 5789 “
2060 5788 2075 5795 ’
2163 5796 2171 5804 ’
2380 5788 2413 5831 ὐ
2444 5794 2531 5851 Sic
2563 5810 2689 5853 mss.
2724 5795 2790 5853 At
2817 5796 2968 5862 edit.,
3001 5796 3170 5867 quoad
3198 5795 3460 5851 visionem.
