4192 6258
240 350 346 409 853

1322 352 1409 409 DE
1448 349 1697 410 TRlBlJS
1734 347 2183 409 HABITACULIS
2223 350 2441 410 LIBER.

3415 358 3519 416 834

227 479 401 535 quam
427 465 626 521 umbra
665 471 719 522 et
748 465 977 536 imagine
1004 475 1059 522 et
1103 430 1449 524 similitudine
1478 452 1618 525 verae
1641 469 1825 538 gloriae
1856 476 1900 531 Α
1929 468 2307 539 perveniamus
2345 469 2399 522 in
2426 482 2532 537 qua
2563 469 2678 539 ipse
2706 480 2915 540 regnat.
2948 471 3024 528 De
3060 488 3166 543 qua
3199 474 3328 532 urbe
3359 477 3518 545 quid-

217 564 275 612 ct
304 572 453 612 verre
483 555 895 628 delectationis,
922 575 1059 614 verte
1087 559 1514 629 pulchritudinis,
1532 561 1645 615 veri
1674 560 1831 615 deco-

180 637 323 726 "ris,
351 652 470 711 veri
492 651 755 720 honoris,
783 667 933 707 more
960 651 1261 718 infantium,
1299 652 1473 724 decipi
1513 661 1569 709 et
1605 668 1827 724 supera-

207 732 319 807 )ri;
369 750 426 797 et
466 743 644 812 ipsam
694 759 874 798 veram
901 745 1125 812 gloriam
1153 762 1259 801 non
1287 761 1527 815 quaerere
1550 785 1565 811 ,
1597 762 1705 801 non
1733 746 1828 802 de-

234 833 522 891 siderare?
587 836 713 903 Quis
752 836 1035 905 imaginem
1063 839 1179 893 auri
1226 839 1278 893 in
1327 855 1484 909 aqua,
1522 840 1641 909 ipso
1692 856 1825 896 auro

234 926 520 994 neglecto,
565 929 812 997 eligeret;
843 936 898 984 et
916 945 1026 984 non
1054 930 1235 986 statim
1264 946 1295 985 a
1333 934 1537 987 cunctis
1566 931 1744 988 fatuus
1772 941 1828 988 et

234 1017 461 1073 insanus
486 1020 825 1075 crederetur?
840 1018 972 1086 Quis
993 1021 1180 1076 orbem
1195 1022 1326 1079 solis
1341 1022 1392 1075 in
1406 1023 1624 1092 speculo
1642 1022 1823 1081 reddi-

236 1116 375 1174 tum,
398 1111 484 1165 vel
515 1111 569 1164 in
598 1111 833 1178 qualibet
850 1112 1076 1187 materia
1100 1111 1387 1167 formatum
1409 1114 1528 1183 plus
1556 1113 1823 1181 diligeret,

231 1218 398 1272 quam
428 1203 606 1273 ipsum
629 1202 831 1269 solem;
857 1211 912 1257 et
945 1219 1052 1258 non
1083 1192 1151 1257 ab
1174 1203 1434 1258 omnibus
1453 1203 1826 1259 derideretur?

174 1341 178 1345 .
229 1292 321 1347 Sic
340 1293 667 1359 irridendus,
700 1294 809 1349 imo
837 1293 1099 1349 dolendus
1126 1302 1227 1359 est,
1260 1294 1500 1364 quisquis
1518 1294 1702 1350 mundi
1726 1295 1824 1348 hu-

225 1384 310 1453 jus
338 1384 607 1440 caducam
637 1384 979 1454 fragilitatem
1019 1393 1074 1439 et
1106 1386 1350 1441 inutilem
1376 1387 1552 1441 carnis
1578 1386 1822 1456 volupta-

226 1485 335 1531 tein
364 1476 561 1544 diligit,
587 1477 800 1545 quaerit,
831 1478 1128 1546 contendit,
1155 1487 1357 1533 aeterna
1385 1480 1552 1548 gloria
1578 1488 1823 1535 contem-

224 1576 338 1636 pta,
370 1575 426 1623 et
465 1569 733 1636 neglectis
757 1569 908 1638 regni
938 1570 1175 1626 caelestis
1212 1570 1569 1627 ineﬂahilibus
1593 1571 1821 1641 gaudiis.

227 1655 344 1713 Hoc
368 1658 761 1713 commercium
787 1659 1151 1728 insipientium
1190 1660 1345 1714 valde
1375 1668 1477 1725 est,
1508 1650 1566 1715 et
1597 1660 1826 1716 misero-

225 1763 365 1812 rum,
393 1757 450 1804 et
468 1765 570 1804 cor
597 1764 783 1805 sanum
808 1766 914 1806 non
936 1750 1267 1816 habentium,
1290 1751 1498 1805 etiamsi
1540 1752 1709 1820 plaga:
1737 1752 1820 1806 in-

1930 559 2060 628 quid
2088 559 2251 613 homo
2280 558 2498 627 diXerit,
2520 560 2675 628 quasi
2695 561 2837 616 stilla
2865 563 3095 618 demari
3121 572 3222 631 est,
3249 565 3335 620 vel
3362 581 3521 636 quas:

1928 651 2158 706 scintilla
2181 650 2251 705 de
2277 649 2420 706 foco.
2450 649 2511 705 In
2547 666 2654 721 qua
2672 652 2937 726 videlicet
2964 657 3097 711 urbe
3125 658 3405 727 fulgebunt
3421 659 3519 730 ju-

1928 742 1997 799 sti
2037 742 2175 796 sicut
2221 742 2303 797 sol
2334 743 2549 814 (Matth.
2599 760 2713 813 xm,
2744 744 2857 814 45),
2899 753 2958 800 ιιι
2991 747 3249 804 Dominus
3286 751 3378 807 ait.
3411 750 3520 810 Ubi

1927 847 2136 888 summa
2162 836 2285 902 pax"
2309 833 2434 897 erit,
2464 849 2673 888 summa
2711 834 2885 903 quies,
2919 837 3097 892 nullus
3122 838 3293 905 labor,
3338 841 3516 899 nullus

1925 921 2101 986 dolor,
2130 923 2275 977 nulla
2303 931 2614 993 paupertas,
2640 939 2741 979 nec
2765 934 3037 994 senectus,
3063 929 3207 983 nulla
3226 945 3391 997 mors,
3414 946 3518 988 nec

1926 1014 2034 1069 ulla
2064 1029 2195 1078 nox,
2224 1014 2431 1069 nullum
2459 1014 2566 1070 cibi
2590 1015 2941 1084 desiderium,
2966 1019 3169 1073 nullmu
3192 1020 3311 1075 sitis
3337 1022 3518 1078 incen-

1925 1103 2099 1170 dium;
2130 1103 2228 1159 sed
2264 1104 2416 1160 cibus
2445 1113 2504 1159 et
2532 1113 2694 1176 potus
2720 1109 2963 1163 omnium
2989 1110 3095 1164 erit
3132 1111 3268 1167 visio
3311 1110 3515 1169 Christi

1924 1204 1982 1251 et
2027 1203 2229 1251 sanctae
2276 1195 2572 1264 Trinitatis,
2616 1205 2673 1252 et
2713 1200 3099 1270 contemplatio
3152 1218 3289 1271 puro
3335 1204 3516 1261 cordis

1924 1290 2083 1344 oculo
2111 1290 2276 1359 ipsius
2322 1290 2644 1367 Divinitatis,
2676 1298 2733 1345 et
2774 1292 2987 1347 assidua
3013 1293 3198 1369 lectio,
3241 1302 3301 1350 ut
3327 1296 3402 1350 ita
3429 1296 3512 1352 di-

1923 1394 2063 1447 cam,
2107 1381 2229 1435 libri
2268 1381 2408 1447 vitae,
2443 1382 2492 1435 id
2520 1390 2621 1446 est,
2652 1389 2870 1437 aeterna:
2908 1385 3148 1439 veritatis
3188 1394 3247 1441 et
3287 1402 3511 1443 summa:

1924 1471 2219 1539 sapientiae,
2253 1480 2308 1526 et
2340 1472 2499 1527 Verbi
2524 1471 2642 1538 Dei,
2686 1487 2806 1541 quae
2831 1482 2918 1528 est
2958 1473 3087 1538 Jesu
3111 1474 3310 1531 Christi
3343 1479 3510 1546 visio;

1923 1562 2015 1616 ubi
2055 1563 2312 1631 quidquid
2356 1579 2497 1619 nunc
2539 1579 2639 1619 nos
2682 1564 2835 1631 latet,
2884 1565 3218 1622 manifestius
3246 1569 3387 1635 erit;
3418 1568 3510 1626 ubi

1923 1653 2064 1707 ratio
2092 1653 2371 1708 manifesta
2394 1654 2499 1708 erit
2526 1670 2623 1709 cur
2642 1655 2731 1710 hic
2757 1656 2964 1711 electus
2992 1666 3094 1722 est,
3116 1665 3174 1713 et
3200 1648 3510 1729 ille‘repro-

1923 1744 2108 1812 batus;
2138 1762 2235 1801 cur
2262 1747 2351 1801 hic
2378 1748 2432 1801 in
2455 1760 2679 1815 regnum
2704 1757 3029 1819 assumptus,
3060 1758 3117 1805 et
3145 1750 3235 1805 ille
3264 1751 3315 1804 in
3343 1753 3509 1806 servi-

227 1840 362 1896 fcrni
393 1857 507 1896 non
535 1847 912 1910 sequerentur,
938 1856 1058 1910 qua:
1081 1857 1181 1896 nec
1195 1842 1300 1896 dici
1331 1857 1431 1896 nec
1451 1842 1678 1925 cogitari
1699 1857 1825 1911 pos-
1852 1839 1902 1899 B
1929 1845 2098 1894 tutem
2124 1838 2376 1893 redactus
2400 1856 2413 1903 ;
2445 1854 2541 1894 cur
2566 1839 2703 1894 alius
2731 1840 2785 1894 in
2816 1846 2973 1896 utero
3016 1842 3262 1911 nzoritur,
3293 1843 3428 1898 alius
3455 1844 3508 1901 in

227 1943 372 1989 sunt.
396 1934 611 2004 Duplex
656 1949 784 1989 vero
811 1934 967 2003 plaga
996 1941 1102 1999 est,
1134 1933 1325 1988 abesse
1366 1949 1397 1987 a
1428 1948 1595 2003 regno
1622 1933 1738 1998 Dei,
1770 1942 1826 1989 et
1865 1936 1873 1945 '

228 2041 349 2081 esse
378 2040 600 2095 semper
627 2025 681 2078 in
711 2023 942 2090 inferno,
974 2024 1026 2078 id
1070 2031 1171 2090 est,
1204 2039 1325 2079 cum
1353 2024 1570 2079 diabolo
1598 2025 1821 2080 damna-

227 2117 942 2188 ri;pr:esentiam'amittere
969 2117 1299 2185 angelorum,
1329 2125 1383 2171 et
1399 2117 1689 2172 terribilem
1716 2120 1822 2173 dte-

228 2225 457 2267 nonum
486 2223 702 2279 semper
748 2210 857 2279 pati
897 2211 1253 2279 praesentiam.
1309 2209 1579 2276 Quantum
1620 2211 1818 2276 caveri,

228 2304 411 2369 vitari,
436 2302 605 2357 metui
628 2302 807 2367 debet,
840 2303 986 2358 nullo
1014 2303 1177 2358 modo
1197 2303 1301 2358 dici
1323 2310 1518 2372 potest.
1544 2303 1674 2369 Quis
1698 2319 1819 2358 cum

229 2410 366 2449 sano
394 2409 559 2449 sensu
586 2409 686 2464 pro
724 2394 884 2448 unius
917 2393 1023 2450 diei
1060 2393 1284 2462 deliciis,
1314 2400 1531 2449 centum
1560 2410 1821 2449 annorum

230 2499 450 2554 ptenam
481 2485 740 2551 eligeret?
764 2483 831 2538 Et
859 2484 1040 2539 miseri
1062 2493 1242 2541 tamen
1268 2492 1324 2540 et
1346 2486 1464 2541 sine
1488 2486 1594 2540 ulla
1615 2487 1827 2555 sapien-

231 2575 326 2639 tia,
360 2583 385 2611 α
416 2574 753 2644 voluptatem
789 2574 968 2630 carnis
1002 2584 1308 2645 sequentes,
1339 2592 1448 2631 non
1480 2577 1670 2641 vitant,
1714 2592 1822 2632 non

232 2664 494 2734 effugiunt
523 2665 890 2721 intolerabiles
912 2681 1119 2735 poenas,
1156 2682 1264 2721 non
1293 2674 1507 2722 centum
1536 2681 1818 2732 annorum,

230 2771 337 2810 non
366 2756 570 2811 millies
597 2756 767 2823 mille,
807 2755 903 2810 sed
931 2756 1171 2810 omnium
1199 2756 1316 2811 sine
1359 2756 1463 2812 line
1503 2757 1821 2812 steculorum

231 2863 331 2918 pro
357 2846 723 2917 quadraginta
758 2846 845 2900 vel
873 2846 1149 2914 sexaginta
1176 2863 1436 2901 annorum
1482 2846 1705 2916 deliciis,
1733 2847 1819 2902 vel

230 2937 481 3007 qualibet
524 2936 859 3001 corruptibili
903 2936 1281 2992 delectatione.
1320 2936 1590 3003 Quantum
1642 2946 1819 2992 autem

231 3029 465 3085 interest
490 3029 631 3083 inter
653 3044 817 3084 unum
842 3027 1009 3096 diem,
1028 3036 1083 3084 et
1103 3037 1320 3084 centum
1347 3046 1549 3098 annos;
1582 3046 1690 3086 non
1712 3039 1823 3084 tan-

234 3129 350 3175 tmn
381 3121 597 3190 utique,
634 3120 728 3176 sed
757 3121 936 3190 plures
962 3121 1189 3176 interest
1208 3122 1349 3176 inter
1366 3122 1717 3192 quadraginta
1738 3123 1821 3177 vel

1926 1929 2166 1996 infantia,
2200 1931 2334 1985 alius
2363 1931 2419 1985 in
2443 1930 2919 2000 juventute,-alius
2963 1934 3017 1986 in
3064 1941 3375 2001 senectute;
3415 1951 3509 1990 cur

1924 2024 2060 2079 alius
2089 2038 2294 2094 pauper
2317 2032 2420 2092 est,
2450 2025 2587 2081 alius
2613 2025 2803 2091 dives;
2838 2041 2935 2081 cur
2962 2025 3102 2081 filius
3126 2026 3384 2083 adulterae
3410 2028 3510 2083 ba-
3606 2040 3621 2053 ’

1921 2116 2171 2185 ptizatur,
2202 2124 2258 2171 et
2304 2117 2590 2186 aliquando
2631 2115 2770 2172 ﬁlius
2808 2118 3062 2187 legitima:
3102 2119 3343 2188 conjugis
3381 2130 3508 2177 ante

1922 2206 2243 2277 baptismum
2262 2209 2521 2274 moritur;
2545 2222 2642 2263 cur
2669 2208 2763 2277 qui
2792 2208 2932 2263 bene
2959 2209 3147 2279 incipit
3174 2210 3376 2276 vivere,
3403 2211 3506 2265 ali-

1922 2298 2138 2366 quando
2165 2300 2304 2354 inale
2345 2297 2498 2365 ﬁnit;
2525 2308 2582 2354 et
2625 2299 2718 2368 qui
2759 2299 2900 2354 male
2927 2299 3133 2371 incipit,
3180 2316 3322 2372 saepe
3364 2302 3505 2357 bene

1924 2388 2057 2442 finit.
2091 2386 2217 2443 Haec
2244 2389 2425 2443 omnia
2453 2396 2512 2444 et
2555 2388 2869 2456 hujusmodi
2912 2389 3082 2445 multa
3121 2390 3177 2444 in
3215 2391 3353 2446 libro
3380 2391 3506 2446 vita:

1922 2480 2083 2550 plana
2112 2487 2168 2534 et
2194 2489 2381 2549 aperta
2406 2488 2585 2535 erunt.
2615 2479 2674 2533 in
2702 2479 2893 2534 eadem
2924 2480 3059 2536 urbe
3085 2482 3364 2550 praemium
3390 2481 3507 2536 sin-

1923 2570 2191 2637 gulorum,
2224 2570 2492 2635 omnium;
2521 2577 2579 2624 et
2605 2571 2864 2637 omnium,
2895 2585 2995 2641 per
3019 2572 3300 2627 caritatem
3321 2572 3507 2640 singu-

1924 2648 2101 2716 lorum
2148 2660 2381 2715 erit.'lbi
2405 2660 2432 2699 δ
2460 2661 2701 2716 omnium
2741 2661 2942 2718 bonum
2985 2663 3233 2719 omnibus
3273 2663 3502 2734 patebit.

1921 2753 2001 2809 Ibi
2029 2769 2216 2809 omnes
2257 2754 2485 2810 invicem
2514 2769 2640 2808 suas
2666 2755 3020 2823 cogitationes
3046 2764 3396 2825 cognoscent.
3426 2757 3504 2815 lbi

1922 2846 2099 2900 nullus
2125 2845 2373 2914 superior
2393 2845 2657 2914 superbus
2676 2845 2800 2913 erit,
2825 2846 3001 2901 nullhs
3028 2846 3251 2902 inferior
3271 2848 3504 2904 invidus.

1922 2936 2204 3003 Quomodo
2232 2938 2374 3001 enim
2401 2937 2492 3006 qui
2521 2952 2710 2992 omnes
2729 2938 2870 2993 sicut
2896 2939 3129 3008 seipsum
3158 2939 3379 3008 diliget,
3401 2941 3504 2996 ali-

1921 3027 2009 3082 cui
2035 3025 2275 3082 invidere
2313 3028 2544 3097 poterit;
2572 3043 2695 3083 cum
2741 3044 2902 3085 nemo
2942 3029 3045 3085 sibi
3090 3030 3192 3101 ipsi
3232 3030 3506 3087 invideat?

1921 3118 1999 3175 lbi
2028 3120 2202 3175 nullus
2221 3121 2412 3175 melius
2439 3136 2562 3176 esse
2588 3121 2676 3177 vel
2700 3123 2945 3191 superius
2968 3124 3314 3195 concupiscet
3340 3138 3506 3194 quam

234 3214 527 3282 sexaginta
553 3213 635 3267 vel
674 3221 886 3269 centum
926 3228 1114 3277 annos,
1147 3223 1202 3269 et
1228 3216 1602 3282 :eternitatem,
1627 3216 1740 3270 sive
1769 3216 1822 3270 in
1849 3210 1895 3271 C
1926 3213 2050 3277 erit,
2081 3212 2206 3283 quia
2252 3213 2408 3267 aliter
2434 3228 2555 3268 esse
2601 3228 2762 3282 quam
2792 3214 2937 3283 quod
2970 3215 3185 3280 meruit,
3217 3231 3317 3271 nec
3362 3223 3507 3272 esset
3536 3254 3541 3257 η

236 3304 399 3372 bono,
431 3306 552 3361 sive
593 3304 647 3358 in
685 3304 825 3359 malo
860 3303 1112 3360 futuram.
1147 3305 1296 3362 Unus
1333 3308 1474 3362 enim
1506 3307 1619 3364 dies
1648 3308 1825 3377 aliqua

238 3396 413 3464 portio
443 3404 533 3450 est
561 3396 614 3449 in
642 3403 856 3451 centum
887 3412 1148 3451 annorum
1178 3400 1371 3467 spatio,
1403 3400 1645 3469 quamvis
1672 3400 1827 3456 valde

240 3489 450 3545 modica
490 3506 501 3539 :
536 3497 591 3543 at
610 3504 738 3543 vero
767 3495 984 3543 centum
1012 3505 1273 3543 annorum
1294 3491 1523 3559 spatium
1545 3491 1687 3546 nulla
1709 3509 1829 3562 por-

242 3578 315 3633 tio
342 3589 425 3635 est
457 3580 510 3633 in
543 3580 632 3634 illa
669 3579 988 3634 aeternitate.
1020 3578 1077 3633 Si
1106 3580 1265 3645 enim,
1304 3581 1449 3634 verbi
1478 3583 1667 3650 gratia,
1700 3599 1827 3638 cen-

243 3670 537 3742 tesimajvel
556 3670 838 3725 millesima
858 3686 982 3739 pars
1002 3676 1144 3725 esset
1161 3670 1497 3739 aeternitatis,
1516 3672 1828 3742 puedictum

242 3759 357 3829 ejus
383 3739 622 3831 spatium
649 3768 773 3830 post
801 3760 1112 3830 centuplum
1141 3758 1255 3828 ejus
1284 3739 1628 3829 spatiumvvel
1647 3761 1827 3815 millu—

244 3849 389 3920 plmn
416 3852 691 3906 aeternitas
719 3866 836 3906 esse
863 3850 1135 3905 desineret
1177 3867 1189 3902 :
1223 3849 1367 3920 quod
1400 3852 1539 3906 ratio
1569 3866 1675 3906 non
1703 3853 1830 3908 sinit

194 4006 201 4007 ί
242 3943 582 4005 aeternitatis,
605 3957 723 4010 quae
750 3942 796 3995 si
824 3941 932 3996 ullo
952 3940 1135 4009 modo,
1157 3941 1266 3996 ullo
1291 3949 1533 4012 tempore
1561 3943 1825 4014 finiretur,

242 4033 523 4087 :eternitas
551 4032 771 4086 omnino
800 4046 907 4086 non
934 4040 1095 4088 esset.

864 4143 1090 4200 CAPUT
1127 4145 1192 4200 IV
1204 4186 1217 4199 .

247 4236 286 4290 Α
455 4236 565 4320 iota
610 4235 918 4320 adﬁarctam
956 4237 1217 4320 migra-en
1242 4234 1528 4320 Bestiarum.
1565 4238 1819 4320 {elicite},

313 4308 548 4387 scientia,
580 4306 736 4361 sortis
764 4322 871 4361 tute
897 4305 1061 4361 amor.
1095 4305 1174 4360 De
1198 4307 1452 4376 ine/fabili
1480 4305 1693 4364 visionis
1721 4309 1821 4366 Dei

313 4384 582 4430 suamtate.

316 4485 550 4541 Fortiter
595 4501 724 4556 ergo
765 4489 967 4544 carnali
1004 4490 1363 4546 resistendum
1405 4500 1490 4546 est
1530 4493 1815 4563 voluptati,

1925 3305 2209 3369 decorum;
2259 3319 2360 3360 nec
2403 3304 2561 3360 aliter
2604 3320 2725 3361 esse
2778 3304 3105 3361 desiderabit
3148 3320 3311 3376 quam
3362 3306 3508 3376 quod

1914 3395 2049 3463 'erit,
2077 3394 2202 3463 quia
2229 3394 2303 3448 ita
2332 3409 2454 3450 esse
2495 3402 2555 3449 ut
2580 3394 2995 3465 erit,pulchrum
3032 3395 3156 3461 erit,
3196 3411 3302 3451 non
3331 3397 3507 3451 solum

1924 3485 2025 3540 sibi
2051 3486 2171 3556 ipsi,
2202 3485 2299 3540 sed
2324 3487 2491 3541 etiam
2520 3487 2775 3541 universo
2802 3487 3019 3557 corpori
3057 3484 3312 3542 Ecclesiae
3340 3487 3507 3543 ctele-
3587 3531 3597 3542 .

1923 3578 2040 3632 stis.
2065 3575 2348 3643 Quomodo
2373 3578 2515 3632 enim
2537 3570 2817 3646 quodlibet
2835 3577 3135 3632 membrum
3171 3575 3226 3630 in
3252 3592 3505 3647 corpore,

1927 3669 1971 3723 si
1999 3669 2243 3738 superius
2264 3669 2353 3723 vel
2380 3667 2602 3722 inferius
2626 3674 2859 3736 ponatur
2884 3680 3043 3735 quam
3072 3672 3266 3720 natura
3296 3666 3506 3722 consti-

1932 3760 2051 3828 tuit,
2075 3768 2475 3815 monstruosum
2502 3757 2669 3813 eﬂicit
2695 3772 2891 3827 corpus
2928 3764 2985 3812 et
3012 3764 3198 3827 turpe;
3229 3757 3308 3812 sic
3342 3758 3505 3813 nimi-

1925 3867 2046 3907 rum
2072 3852 2117 3907 si
2143 3852 2334 3921 aliquis
2353 3851 2407 3906 in
2432 3863 2599 3918 regno
2622 3848 2718 3903 Dei
2750 3847 2995 3918 superius
3019 3847 3319 3914 ordinetur,
3342 3862 3505 3918 quam

1896 3947 2162 4016 ‘postulat
2189 3961 2276 4013 ars
2302 3953 2358 4000 et
2382 3943 2633 4000 voluntas
2657 3942 3043 4012 omnipotentis
3069 3941 3307 4009 artiﬁcis,
3328 3942 3505 4012 turpis

1926 4036 2165 4092 tudinem
2188 4034 2405 4102 efﬁciet,
2428 4050 2539 4092 non
2576 4034 2755 4091 solum
2786 4033 3020 4101 sibimet,
3052 4031 3147 4091 sed
3185 4034 3335 4090 omni
3373 4048 3506 4090 con-

1924 4126 2250 4194 gregationi;
2283 4126 2335 4179 in
2361 4139 2465 4194 qua
2491 4124 2584 4195 qui
2626 4123 2731 4179 erit
2766 4123 3046 4191 minimus,
3084 4123 3346 4194 majorem
3386 4122 3505 4180 sine

1925 4219 2090 4274 dubio
2116 4218 2338 4274 habebit
2374 4217 2627 4287 gloriam,
2665 4231 2828 4286 quam
2858 4222 3028 4272 totum
3070 4216 3278 4274 habens
3317 4215 3504 4273 mmtdi

1925 4300 2168 4380 regnum,
2197 4311 2361 4366 etiam
2387 4311 2434 4367 si
2459 4318 2718 4367 aeternum
2739 4317 2902 4366 esset.
2928 4308 3048 4366 Vile
3075 4311 3218 4366 enim
3237 4310 3395 4366 valde
3419 4316 3505 4366 est

1925 4403 2206 4457 elementis
2242 4402 2363 4466 frui,
2395 4402 2451 4456 in
2478 4401 2881 4472 comparatione
2916 4399 3129 4456 fruendi
3156 4410 3214 4456 et
3237 4400 3504 4470 gaudendi

1925 4493 2042 4563 ipso
2090 4492 2225 4561 Deo,
2272 4500 2329 4548 et
2369 4493 2665 4549 visibilibus
2710 4492 2966 4549 delectari
3007 4499 3065 4549 et
3104 4493 3500 4564 corporalibus.

246 4575 460 4635 fortiter
503 4588 691 4635 contra
728 4581 943 4637 fallaces
985 4583 1144 4652 hujus
1183 4584 1366 4638 mundi
1408 4584 1690 4651 blanditias
1718 4600 1819 4655 pu-
1847 4578 1898 4638 D
1924 4583 1974 4655 (ο
1999 4583 2170 4638 Tanta
2197 4591 2282 4639 est
2300 4583 2443 4639 enim
2481 4584 2824 4655 pulchritudo
2845 4584 3086 4654 iustitiae,
3133 4592 3282 4642 tanta
3306 4584 3504 4657 jucun-

248 4670 516 4738 gnandum
543 4678 656 4736 est,
687 4680 980 4741 contraque
1008 4672 1349 4728 multimodas
1386 4672 1597 4728 Satanae
1630 4686 1822 4742 sugge-

198 4794 206 4805 κ
247 4762 449 4819 stiones
482 4762 827 4831 vigilandum.
867 4762 1023 4818 Omni
1051 4764 1233 4820 studio
1272 4765 1380 4819 lata
1408 4766 1589 4821 saeculi
1622 4767 1709 4821 via
1736 4766 1819 4820 vi-

248 4854 404 4908 tanda
433 4860 533 4919 est,
564 4867 684 4923 quae
706 4854 851 4910 ducit
894 4855 960 4909 ad
994 4862 1227 4911 mortem
1255 4854 1469 4924 (Matth.
1499 4871 1590 4923 vn,
1616 4855 1737 4927 i5);
1765 4863 1821 4910 at

219 4994 225 5007 ,
248 4958 375 5001 vero
401 4946 549 5001 omni
574 4946 754 5002 cordis
778 4946 1046 5003 desiderio
1067 4948 1153 5003 via
1181 4956 1404 5016 angusta
1432 4963 1552 5018 qua:
1580 4948 1738 5003 ducit-
1753 4949 1821 5007 ad

247 5036 429 5104 vitam,
454 5037 697 5094 adeunda
737 5046 822 5095 est
865 5047 922 5093 et
965 5040 1286 5110 appetenda.
1320 5039 1417 5095 Via
1455 5040 1571 5096 haec
1594 5049 1819 5109 angusta

246 5133 325 5179 est
363 5126 447 5181 via
488 5127 845 5193 abstinentiae,
884 5137 941 5185 et
982 5131 1264 5195 castitatis,
1295 5137 1352 5185 et
1399 5130 1732 5198 humilitatis,
1765 5140 1823 5188 et

243 5218 416 5272 omnis
438 5218 747 5287 religionis;
777 5234 940 5289 quam
961 5221 1100 5276 viam
1129 5230 1255 5275 ante
1282 5237 1384 5277 nos
1408 5219 1653 5277 Christus
1676 5222 1822 5277 attri-

243 5307 338 5373 vit,
365 5322 471 5378 qua
496 5309 584 5364 via
607 5308 676 5365 ad
694 5325 851 5365 suum
871 5322 1093 5378 regnum
1117 5311 1385 5380 migravit.
1410 5309 1576 5380 Cujus
1594 5313 1819 5382 vestigia

245 5406 300 5453 et
324 5416 422 5459 nos
447 5417 761 5474 sequamur,
785 5403 960 5459 donec
993 5412 1116 5475 post
1142 5418 1268 5459 eum
1291 5401 1363 5458 ad
1386 5403 1575 5460 urbem
1612 5405 1814 5475 regiam

312 5673 339 5704 ι
366 5663 492 5722 Mss.
524 5664 652 5734 duo,
682 5665 1014 5722 uoluntatem.

1924 4673 2064 4729 ditas
2092 4674 2225 4730 lucis
2251 4683 2485 4742 aeternae,
2515 4676 2621 4733 hoc
2648 4684 2753 4745 est,
2781 4677 3233 4734 incommutabilis
3258 4680 3504 4735 veritatis

1924 4774 1979 4821 et
2007 4767 2312 4837 sapientiae,
2344 4774 2405 4821 ut
2428 4768 2637 4824 etiamsi
2677 4784 2784 4825 non
2815 4768 3003 4824 liceret
3029 4769 3258 4839 amplius
3282 4786 3503 4827 manere

1922 4856 1977 4911 in
1999 4872 2062 4912 ea
2086 4872 2245 4926 quam
2275 4858 2432 4913 unius
2453 4858 2561 4914 diei
2581 4875 2755 4927 mora,
2781 4868 3009 4931 propter
3026 4860 3133 4917 hoc
3151 4861 3326 4917 solum
3352 4862 3504 4915 innu-

1921 4946 2209 5002 merabiles
2249 4947 2376 5001 anni
2402 4947 2559 5018 hujus
2585 4950 2710 5005 vitte
2749 4950 2896 5021 pleni
2928 4949 3136 5005 deliciis
3171 4950 3227 5003 in
3265 4948 3498 5004 circum-

1922 5035 2141 5092 fluentia
2165 5038 2523 5107 corporalium
2552 5039 2813 5096 bonorum
2850 5046 3002 5097 recte
3040 5038 3341 5108 meritoque
3368 5053 3499 5094 con-
3576 5048 3577 5051 ‘

1922 5137 2311 5185 temnerentur.
2334 5128 2452 5185 Non
2471 5131 2614 5186 enim
2630 5130 2762 5185 falso
2776 5137 2870 5184 aut
2888 5143 3058 5199 parvo
3077 5126 3273 5183 affectu
3296 5127 3497 5184 dictum
3518 5162 3532 5168 -

1919 5227 2005 5276 est
2029 5237 2042 5273 :
2073 5218 2330 5284 Quoniam
2357 5222 2537 5276 metior
2563 5229 2641 5276 est
2667 5220 2774 5276 dies
2801 5235 2907 5273 una
2932 5220 2987 5272 in
3026 5219 3178 5272 atriis
3217 5220 3319 5274 tuis
3345 5236 3497 5292 super

1919 5312 2087 5366 millia
2116 5311 2287 5385 (Psal.
2320 5328 2542 5378 ιωιιι,
2578 5312 2685 5385 li).

1988 5402 2132 5458 Nihil
2157 5411 2241 5458 est
2257 5401 2675 5476 comparandum
2694 5399 3038 5479 delectationi
3062 5409 3120 5457 et
3136 5394 3331 5471 gaudio
3354 5404 3497 5473 quod

1992 5675 2014 5704 ο
2043 5662 2218 5737 Verba
2262 5664 2396 5733 Aug.
2440 5661 2536 5717 lib.
2572 5676 2633 5718 ιιι
2666 5661 2735 5718 de
2762 5659 2879 5719 Lib.
2930 5662 3158 5731 Arbitr.,
3204 5677 3350 5719 nunt.
3407 5662 3491 5737 77.
3548 5732 3555 5733 ί

309 5734 420 5807 ηιι
446 5753 555 5793 uno
582 5731 707 5807 ms.,
725 5738 951 5793 omnium
970 5737 1222 5793 bonorum
1244 5737 1411 5806 copia.
1441 5734 1501 5792 In
1523 5732 1680 5802 edit.,
1701 5750 1815 5790 om-
1914 5731 2036 5792 Non
2063 5736 2262 5791 habent
2288 5731 2417 5789 mss.

245 5817 306 5858 ne
325 5806 528 5863 bonum.
