  <div class='ocr_page' id='page_1' title='image "/cluster/home/n/w/nwhite01/storage/ocr_20150623/53/hvd.32044073505232/424.png"; bbox 0 0 4232 6264; ppageno 0'>
   <div class='ocr_carea' id='block_1_1' title="bbox 226 990 245 1046">
    <p class='ocr_par' dir='ltr' id='par_1_1' title="bbox 226 990 245 1046">
     <span class='ocr_line' id='line_1_1' title="bbox 226 990 245 1046; baseline 0 -7"><span class='ocrx_word' id='word_1_1' title='bbox 226 990 245 1046; x_wconf 69' lang='lat'><strong>:2</strong></span> 
     </span>
    </p>
   </div>
   <div class='ocr_carea' id='block_1_2' title="bbox 263 279 366 344">
    <p class='ocr_par' dir='ltr' id='par_1_2' title="bbox 263 279 366 344">
     <span class='ocr_line' id='line_1_2' title="bbox 263 279 366 344; baseline -0.01 0"><span class='ocrx_word' id='word_1_2' title='bbox 263 279 366 344; x_wconf 70' lang='lat' dir='ltr'><strong>B57</strong></span> 
     </span>
    </p>
   </div>
   <div class='ocr_carea' id='block_1_3' title="bbox 1273 278 2722 349">
    <p class='ocr_par' dir='ltr' id='par_1_3' title="bbox 1273 278 2722 349">
     <span class='ocr_line' id='line_1_3' title="bbox 1273 278 2722 349; baseline 0.002 -6"><span class='ocrx_word' id='word_1_3' title='bbox 1273 278 1555 344; x_wconf 75' lang='lat' dir='ltr'><strong>HYMNUS</strong></span> <span class='ocrx_word' id='word_1_4' title='bbox 1592 280 1976 347; x_wconf 78' lang='lat' dir='ltr'><strong>SECUNDINO</strong></span> <span class='ocrx_word' id='word_1_5' title='bbox 2015 287 2229 349; x_wconf 81' lang='lat' dir='ltr'><strong>EPlSC.</strong></span> <span class='ocrx_word' id='word_1_6' title='bbox 2263 288 2722 349; x_wconf 83' lang='lat' dir='ltr'><strong>ATTRIBUTUS.</strong></span> 
     </span>
    </p>
   </div>
   <div class='ocr_carea' id='block_1_4' title="bbox 3440 297 3546 356">
    <p class='ocr_par' dir='ltr' id='par_1_4' title="bbox 3440 297 3546 356">
     <span class='ocr_line' id='line_1_4' title="bbox 3440 297 3546 356; baseline 0.028 -3"><span class='ocrx_word' id='word_1_7' title='bbox 3440 297 3546 356; x_wconf 78' lang='lat'><strong>838</strong></span> 
     </span>
    </p>
   </div>
   <div class='ocr_carea' id='block_1_5' title="bbox 261 394 1902 499">
    <p class='ocr_par' dir='ltr' id='par_1_5' title="bbox 261 394 1902 470">
     <span class='ocr_line' id='line_1_5' title="bbox 261 394 1902 470; baseline 0.001 -15"><span class='ocrx_word' id='word_1_8' title='bbox 261 396 482 455; x_wconf 89' lang='lat' dir='ltr'><strong>omnino</strong></span> <span class='ocrx_word' id='word_1_9' title='bbox 510 394 683 452; x_wconf 80' lang='lat' dir='ltr'><strong>lactus</strong></span> <span class='ocrx_word' id='word_1_10' title='bbox 709 410 818 452; x_wconf 91' lang='lat' dir='ltr'><strong>non</strong></span> <span class='ocrx_word' id='word_1_11' title='bbox 847 402 930 452; x_wconf 88' lang='lat' dir='ltr'><strong>est</strong></span> <span class='ocrx_word' id='word_1_12' title='bbox 956 396 1119 454; x_wconf 88' lang='lat' dir='ltr'><strong>Deus.</strong></span> <span class='ocrx_word' id='word_1_13' title='bbox 1163 394 1299 452; x_wconf 88' lang='lat' dir='ltr'><strong>Cum</strong></span> <span class='ocrx_word' id='word_1_14' title='bbox 1327 414 1457 470; x_wconf 88' lang='lat' dir='ltr'><strong>ergo</strong></span> <span class='ocrx_word' id='word_1_15' title='bbox 1497 400 1647 455; x_wconf 90' lang='lat' dir='ltr'><strong>nullo</strong></span> <span class='ocrx_word' id='word_1_16' title='bbox 1692 400 1855 457; x_wconf 93' lang='lat' dir='ltr'><strong>modo</strong></span> <span class='ocrx_word' id='word_1_17' title='bbox 1881 415 1902 469; x_wconf 64' lang='grc' dir='ltr'><em>Α</em></span> 
     </span>
    </p>
   </div>
   <div class='ocr_carea' id='block_1_6' title="bbox 1961 394 3547 499">
    <p class='ocr_par' dir='ltr' id='par_1_6' title="bbox 1961 425 3547 499">
     <span class='ocr_line' id='line_1_6' title="bbox 1961 425 3547 499; baseline 0.004 -21"><span class='ocrx_word' id='word_1_18' title='bbox 1961 432 2013 479; x_wconf 83' lang='grc' dir='ltr'><strong>ει</strong></span> <span class='ocrx_word' id='word_1_19' title='bbox 2024 425 2301 483; x_wconf 79' lang='lat' dir='ltr'><strong>aeternitas</strong></span> <span class='ocrx_word' id='word_1_20' title='bbox 2326 442 2435 483; x_wconf 90' lang='lat' dir='ltr'><strong>non</strong></span> <span class='ocrx_word' id='word_1_21' title='bbox 2461 427 2675 485; x_wconf 87' lang='lat' dir='ltr'><strong>diversa</strong></span> <span class='ocrx_word' id='word_1_22' title='bbox 2701 436 2827 491; x_wconf 86' lang='lat' dir='ltr'><strong>sunt</strong></span> <span class='ocrx_word' id='word_1_23' title='bbox 2852 429 2993 487; x_wconf 89' lang='lat' dir='ltr'><strong>inter</strong></span> <span class='ocrx_word' id='word_1_24' title='bbox 3018 431 3205 499; x_wconf 85' lang='lat' dir='ltr'><strong>se,sed</strong></span> <span class='ocrx_word' id='word_1_25' title='bbox 3234 446 3396 489; x_wconf 84' lang='lat' dir='ltr'><strong>unum</strong></span> <span class='ocrx_word' id='word_1_26' title='bbox 3421 440 3547 491; x_wconf 72' lang='lat' dir='ltr'><strong>sntit</strong></span> 
     </span>
    </p>
   </div>
   <div class='ocr_carea' id='block_1_7' title="bbox 260 486 1857 567">
    <p class='ocr_par' dir='ltr' id='par_1_7' title="bbox 260 486 1857 567">
     <span class='ocr_line' id='line_1_7' title="bbox 260 486 1857 567; baseline 0.001 -22"><span class='ocrx_word' id='word_1_27' title='bbox 260 487 404 545; x_wconf 85' lang='lat' dir='ltr'><strong>Deus</strong></span> <span class='ocrx_word' id='word_1_28' title='bbox 423 486 596 542; x_wconf 82' lang='lat' dir='ltr'><strong>factus</strong></span> <span class='ocrx_word' id='word_1_29' title='bbox 622 495 723 555; x_wconf 88' lang='lat' dir='ltr'><strong>est,</strong></span> <span class='ocrx_word' id='word_1_30' title='bbox 754 488 871 543; x_wconf 84' lang='lat' dir='ltr'><strong>sine</strong></span> <span class='ocrx_word' id='word_1_31' title='bbox 893 488 1046 545; x_wconf 90' lang='lat' dir='ltr'><strong>initio</strong></span> <span class='ocrx_word' id='word_1_32' title='bbox 1067 497 1194 545; x_wconf 88' lang='lat' dir='ltr'><strong>ante</strong></span> <span class='ocrx_word' id='word_1_33' title='bbox 1214 491 1394 546; x_wconf 88' lang='lat' dir='ltr'><strong>omnia</strong></span> <span class='ocrx_word' id='word_1_34' title='bbox 1420 499 1555 546; x_wconf 91' lang='lat' dir='ltr'><strong>erat.</strong></span> <span class='ocrx_word' id='word_1_35' title='bbox 1588 489 1857 567; x_wconf 79' lang='lat' dir='ltr'><strong>Quidquid</strong></span> 
     </span>
    </p>
   </div>
   <div class='ocr_carea' id='block_1_8' title="bbox 262 578 1859 656">
    <p class='ocr_par' dir='ltr' id='par_1_8' title="bbox 262 578 1859 656">
     <span class='ocr_line' id='line_1_8' title="bbox 262 578 1859 656; baseline 0.002 -19"><span class='ocrx_word' id='word_1_36' title='bbox 262 581 407 637; x_wconf 89' lang='lat' dir='ltr'><strong>enim</strong></span> <span class='ocrx_word' id='word_1_37' title='bbox 430 578 631 635; x_wconf 84' lang='lat' dir='ltr'><strong>factum</strong></span> <span class='ocrx_word' id='word_1_38' title='bbox 660 588 764 649; x_wconf 89' lang='lat' dir='ltr'><strong>est,</strong></span> <span class='ocrx_word' id='word_1_39' title='bbox 794 581 1004 638; x_wconf 91' lang='lat' dir='ltr'><strong>initium</strong></span> <span class='ocrx_word' id='word_1_40' title='bbox 1037 581 1232 650; x_wconf 90' lang='lat' dir='ltr'><strong>habet;</strong></span> <span class='ocrx_word' id='word_1_41' title='bbox 1265 591 1318 639; x_wconf 90' lang='lat' dir='ltr'><strong>et</strong></span> <span class='ocrx_word' id='word_1_42' title='bbox 1347 584 1606 656; x_wconf 88' lang='lat' dir='ltr'><strong>quidquid</strong></span> <span class='ocrx_word' id='word_1_43' title='bbox 1650 585 1859 640; x_wconf 89' lang='lat' dir='ltr'><strong>initium</strong></span> 
     </span>
    </p>
   </div>
   <div class='ocr_carea' id='block_1_9' title="bbox 260 671 1859 745">
    <p class='ocr_par' dir='ltr' id='par_1_9' title="bbox 260 671 1859 745">
     <span class='ocr_line' id='line_1_9' title="bbox 260 671 1859 745; baseline 0.003 -16"><span class='ocrx_word' id='word_1_44' title='bbox 260 671 446 741; x_wconf 87' lang='lat' dir='ltr'><strong>habet,</strong></span> <span class='ocrx_word' id='word_1_45' title='bbox 476 672 595 729; x_wconf 85' lang='lat' dir='ltr'><strong>sine</strong></span> <span class='ocrx_word' id='word_1_46' title='bbox 616 672 780 729; x_wconf 90' lang='lat' dir='ltr'><strong>dubio</strong></span> <span class='ocrx_word' id='word_1_47' title='bbox 805 673 1007 729; x_wconf 81' lang='lat' dir='ltr'><strong>factum</strong></span> <span class='ocrx_word' id='word_1_48' title='bbox 1035 683 1136 745; x_wconf 89' lang='lat' dir='ltr'><strong>est,</strong></span> <span class='ocrx_word' id='word_1_49' title='bbox 1167 690 1274 729; x_wconf 88' lang='lat' dir='ltr'><strong>non</strong></span> <span class='ocrx_word' id='word_1_50' title='bbox 1304 676 1372 730; x_wconf 94' lang='lat' dir='ltr'><strong>ab</strong></span> <span class='ocrx_word' id='word_1_51' title='bbox 1397 675 1504 732; x_wconf 91' lang='lat' dir='ltr'><strong>alio</strong></span> <span class='ocrx_word' id='word_1_52' title='bbox 1534 676 1635 731; x_wconf 89' lang='lat' dir='ltr'><strong>nisi</strong></span> <span class='ocrx_word' id='word_1_53' title='bbox 1674 692 1705 730; x_wconf 92' lang='lat' dir='ltr'><strong>a</strong></span> <span class='ocrx_word' id='word_1_54' title='bbox 1748 676 1859 734; x_wconf 91' lang='lat' dir='ltr'><strong>Deo</strong></span> 
     </span>
    </p>
   </div>
   <div class='ocr_carea' id='block_1_10' title="bbox 180 764 1860 843">
    <p class='ocr_par' dir='ltr' id='par_1_10' title="bbox 180 764 1860 843">
     <span class='ocr_line' id='line_1_10' title="bbox 180 764 1860 843; baseline 0.002 -21"><span class='ocrx_word' id='word_1_55' title='bbox 180 804 189 813; x_wconf 62' lang='grc' dir='ltr'>η</span> <span class='ocrx_word' id='word_1_56' title='bbox 261 780 375 822; x_wconf 88' lang='lat' dir='ltr'><strong>non</strong></span> <span class='ocrx_word' id='word_1_57' title='bbox 399 764 565 835; x_wconf 79' lang='lat' dir='ltr'><strong>facto,</strong></span> <span class='ocrx_word' id='word_1_58' title='bbox 588 766 684 822; x_wconf 90' lang='lat' dir='ltr'><strong>sed</strong></span> <span class='ocrx_word' id='word_1_59' title='bbox 705 767 884 823; x_wconf 85' lang='lat' dir='ltr'><strong>omnia</strong></span> <span class='ocrx_word' id='word_1_60' title='bbox 910 764 1164 825; x_wconf 73' lang='lat' dir='ltr'><strong>faciente.</strong></span> <span class='ocrx_word' id='word_1_61' title='bbox 1189 769 1352 843; x_wconf 87' lang='lat' dir='ltr'><strong>Cujus</strong></span> <span class='ocrx_word' id='word_1_62' title='bbox 1372 769 1593 825; x_wconf 88' lang='lat' dir='ltr'><strong>scientia</strong></span> <span class='ocrx_word' id='word_1_63' title='bbox 1613 770 1729 825; x_wconf 85' lang='lat' dir='ltr'><strong>sine</strong></span> <span class='ocrx_word' id='word_1_64' title='bbox 1750 770 1860 825; x_wconf 90' lang='lat' dir='ltr'><strong>ulla</strong></span> 
     </span>
    </p>
   </div>
   <div class='ocr_carea' id='block_1_11' title="bbox 262 857 1862 928">
    <p class='ocr_par' dir='ltr' id='par_1_11' title="bbox 262 857 1862 928">
     <span class='ocr_line' id='line_1_11' title="bbox 262 857 1862 928; baseline 0.002 -16"><span class='ocrx_word' id='word_1_65' title='bbox 262 857 532 913; x_wconf 75' lang='lat' dir='ltr'><strong>varietate</strong></span> <span class='ocrx_word' id='word_1_66' title='bbox 560 867 587 894; x_wconf 73' lang='grc' dir='ltr'>ι</span> <span class='ocrx_word' id='word_1_67' title='bbox 615 858 952 928; x_wconf 75' lang='lat' dir='ltr'><strong>cognitionis,</strong></span> <span class='ocrx_word' id='word_1_68' title='bbox 985 866 1041 915; x_wconf 91' lang='lat' dir='ltr'><strong>et</strong></span> <span class='ocrx_word' id='word_1_69' title='bbox 1068 859 1185 915; x_wconf 88' lang='lat' dir='ltr'><strong>sine</strong></span> <span class='ocrx_word' id='word_1_70' title='bbox 1206 861 1316 917; x_wconf 90' lang='lat' dir='ltr'><strong>ullo</strong></span> <span class='ocrx_word' id='word_1_71' title='bbox 1347 861 1372 899; x_wconf 77' lang='grc' dir='ltr'>δ</span> <span class='ocrx_word' id='word_1_72' title='bbox 1402 877 1558 921; x_wconf 87' lang='lat' dir='ltr'><strong>cursu</strong></span> <span class='ocrx_word' id='word_1_73' title='bbox 1587 862 1691 917; x_wconf 89' lang='lat' dir='ltr'><strong>huc</strong></span> <span class='ocrx_word' id='word_1_74' title='bbox 1721 869 1777 918; x_wconf 85' lang='lat' dir='ltr'><strong>et</strong></span> <span class='ocrx_word' id='word_1_75' title='bbox 1798 861 1862 916; x_wconf 89' lang='lat' dir='ltr'><strong>il-</strong></span> 
     </span>
    </p>
   </div>
   <div class='ocr_carea' id='block_1_12' title="bbox 264 949 1857 1022">
    <p class='ocr_par' dir='ltr' id='par_1_12' title="bbox 264 949 1857 1022">
     <span class='ocr_line' id='line_1_12' title="bbox 264 949 1857 1022; baseline 0.008 -18"><span class='ocrx_word' id='word_1_76' title='bbox 264 949 356 1005; x_wconf 87' lang='lat' dir='ltr'><strong>luc</strong></span> <span class='ocrx_word' id='word_1_77' title='bbox 384 951 827 1007; x_wconf 87' lang='lat' dir='ltr'><strong>innumerabilem</strong></span> <span class='ocrx_word' id='word_1_78' title='bbox 859 952 1142 1008; x_wconf 85' lang='lat' dir='ltr'><strong>veritatem</strong></span> <span class='ocrx_word' id='word_1_79' title='bbox 1186 955 1426 1010; x_wconf 91' lang='lat' dir='ltr'><strong>omnium</strong></span> <span class='ocrx_word' id='word_1_80' title='bbox 1455 964 1857 1022; x_wconf 79' lang='lat' dir='ltr'><strong>creaturarum;</strong></span> 
     </span>
    </p>
   </div>
   <div class='ocr_carea' id='block_1_13' title="bbox 266 1040 1863 1117">
    <p class='ocr_par' dir='ltr' id='par_1_13' title="bbox 266 1040 1863 1117">
     <span class='ocr_line' id='line_1_13' title="bbox 266 1040 1863 1117; baseline 0.004 -22"><span class='ocrx_word' id='word_1_81' title='bbox 266 1040 602 1110; x_wconf 74' lang='lat' dir='ltr'><strong>angelorum,</strong></span> <span class='ocrx_word' id='word_1_82' title='bbox 648 1041 947 1110; x_wconf 83' lang='lat' dir='ltr'><strong>hominum,</strong></span> <span class='ocrx_word' id='word_1_83' title='bbox 975 1044 1273 1111; x_wconf 90' lang='lat' dir='ltr'><strong>stellarum,</strong></span> <span class='ocrx_word' id='word_1_84' title='bbox 1308 1060 1615 1115; x_wconf 85' lang='lat' dir='ltr'><strong>arenarum,</strong></span> <span class='ocrx_word' id='word_1_85' title='bbox 1644 1047 1863 1117; x_wconf 87' lang='lat' dir='ltr'><strong>capillo-</strong></span> 
     </span>
    </p>
   </div>
   <div class='ocr_carea' id='block_1_14' title="bbox 264 1132 1857 1205">
    <p class='ocr_par' dir='ltr' id='par_1_14' title="bbox 264 1132 1857 1205">
     <span class='ocr_line' id='line_1_14' title="bbox 264 1132 1857 1205; baseline 0.003 -19"><span class='ocrx_word' id='word_1_86' title='bbox 264 1144 407 1199; x_wconf 88' lang='lat' dir='ltr'><strong>rum,</strong></span> <span class='ocrx_word' id='word_1_87' title='bbox 419 1132 730 1204; x_wconf 85' lang='lat' dir='ltr'><strong>verborum,</strong></span> <span class='ocrx_word' id='word_1_88' title='bbox 746 1133 1156 1205; x_wconf 77' lang='lat' dir='ltr'><strong>cogitationum,</strong></span> <span class='ocrx_word' id='word_1_89' title='bbox 1178 1143 1576 1191; x_wconf 88' lang='lat' dir='ltr'><strong>momentorum</strong></span> <span class='ocrx_word' id='word_1_90' title='bbox 1598 1136 1857 1204; x_wconf 89' lang='lat' dir='ltr'><strong>omnium,</strong></span> 
     </span>
    </p>
   </div>
   <div class='ocr_carea' id='block_1_15' title="bbox 264 1220 1860 1297">
    <p class='ocr_par' dir='ltr' id='par_1_15' title="bbox 264 1220 1860 1297">
     <span class='ocr_line' id='line_1_15' title="bbox 264 1220 1860 1297; baseline 0.003 -21"><span class='ocrx_word' id='word_1_91' title='bbox 264 1220 430 1277; x_wconf 86' lang='lat' dir='ltr'><strong>simul</strong></span> <span class='ocrx_word' id='word_1_92' title='bbox 459 1229 514 1277; x_wconf 91' lang='lat' dir='ltr'><strong>et</strong></span> <span class='ocrx_word' id='word_1_93' title='bbox 539 1221 706 1278; x_wconf 88' lang='lat' dir='ltr'><strong>semel</strong></span> <span class='ocrx_word' id='word_1_94' title='bbox 736 1224 1147 1295; x_wconf 88' lang='lat' dir='ltr'><strong>comprehendit</strong></span> <span class='ocrx_word' id='word_1_95' title='bbox 1172 1232 1226 1279; x_wconf 91' lang='lat' dir='ltr'><strong>et</strong></span> <span class='ocrx_word' id='word_1_96' title='bbox 1255 1224 1523 1297; x_wconf 79' lang='lat' dir='ltr'><strong>intelligit.</strong></span> <span class='ocrx_word' id='word_1_97' title='bbox 1570 1226 1715 1283; x_wconf 86' lang='lat' dir='ltr'><strong>Fons</strong></span> <span class='ocrx_word' id='word_1_98' title='bbox 1759 1227 1860 1294; x_wconf 86' lang='lat' dir='ltr'><strong>igi-</strong></span> 
     </span>
    </p>
   </div>
   <div class='ocr_carea' id='block_1_16' title="bbox 266 1314 1862 1394">
    <p class='ocr_par' dir='ltr' id='par_1_16' title="bbox 266 1314 1862 1394">
     <span class='ocr_line' id='line_1_16' title="bbox 266 1314 1862 1394; baseline 0.006 -27"><span class='ocrx_word' id='word_1_99' title='bbox 266 1321 357 1369; x_wconf 88' lang='lat' dir='ltr'><strong>tur</strong></span> <span class='ocrx_word' id='word_1_100' title='bbox 383 1322 440 1370; x_wconf 91' lang='lat' dir='ltr'><strong>et</strong></span> <span class='ocrx_word' id='word_1_101' title='bbox 476 1314 629 1389; x_wconf 80' lang='lat' dir='ltr'><strong>origo</strong></span> <span class='ocrx_word' id='word_1_102' title='bbox 658 1316 834 1372; x_wconf 89' lang='lat' dir='ltr'><strong>omnis</strong></span> <span class='ocrx_word' id='word_1_103' title='bbox 858 1318 1097 1373; x_wconf 76' lang='lat' dir='ltr'><strong>scientiae</strong></span> <span class='ocrx_word' id='word_1_104' title='bbox 1133 1317 1275 1379; x_wconf 86' lang='lat' dir='ltr'><strong>Deus</strong></span> <span class='ocrx_word' id='word_1_105' title='bbox 1303 1328 1388 1379; x_wconf 85' lang='lat' dir='ltr'><strong>est</strong></span> <span class='ocrx_word' id='word_1_106' title='bbox 1420 1338 1433 1375; x_wconf 91' lang='lat'><strong>:</strong></span> <span class='ocrx_word' id='word_1_107' title='bbox 1467 1336 1632 1394; x_wconf 86' lang='lat' dir='ltr'><strong>quem</strong></span> <span class='ocrx_word' id='word_1_108' title='bbox 1659 1329 1862 1393; x_wconf 89' lang='lat' dir='ltr'><strong>quanto</strong></span> 
     </span>
    </p>
   </div>
   <div class='ocr_carea' id='block_1_17' title="bbox 264 1406 1231 1481">
    <p class='ocr_par' dir='ltr' id='par_1_17' title="bbox 264 1406 1231 1481">
     <span class='ocr_line' id='line_1_17' title="bbox 264 1406 1231 1481; baseline 0.004 -19"><span class='ocrx_word' id='word_1_109' title='bbox 264 1406 386 1479; x_wconf 86' lang='lat' dir='ltr'><strong>plus</strong></span> <span class='ocrx_word' id='word_1_110' title='bbox 402 1407 527 1477; x_wconf 87' lang='lat' dir='ltr'><strong>quis</strong></span> <span class='ocrx_word' id='word_1_111' title='bbox 551 1406 720 1476; x_wconf 88' lang='lat' dir='ltr'><strong>bibet,</strong></span> <span class='ocrx_word' id='word_1_112' title='bbox 744 1415 898 1477; x_wconf 79' lang='lat' dir='ltr'><strong>tanto</strong></span> <span class='ocrx_word' id='word_1_113' title='bbox 923 1409 1046 1481; x_wconf 88' lang='lat' dir='ltr'><strong>plus</strong></span> <span class='ocrx_word' id='word_1_114' title='bbox 1065 1410 1231 1466; x_wconf 88' lang='lat' dir='ltr'><strong>sitiet.</strong></span> 
     </span>
    </p>
   </div>
   <div class='ocr_carea' id='block_1_18' title="bbox 881 1520 1238 1583">
    <p class='ocr_par' dir='ltr' id='par_1_18' title="bbox 881 1520 1238 1583">
     <span class='ocr_line' id='line_1_18' title="bbox 881 1520 1238 1583; baseline 0.008 -6"><span class='ocrx_word' id='word_1_115' title='bbox 881 1520 1110 1579; x_wconf 82' lang='lat' dir='ltr'><strong>CAPUT</strong></span> <span class='ocrx_word' id='word_1_116' title='bbox 1148 1523 1238 1583; x_wconf 73' lang='lat' dir='ltr'><strong>Vl.</strong></span> 
     </span>
    </p>
   </div>
   <div class='ocr_carea' id='block_1_19' title="bbox 269 1608 1865 1712">
    <p class='ocr_par' dir='ltr' id='par_1_19' title="bbox 269 1608 1865 1712">
     <span class='ocr_line' id='line_1_19' title="bbox 269 1608 1865 1712; baseline 0.004 -45"><span class='ocrx_word' id='word_1_117' title='bbox 269 1608 553 1668; x_wconf 79' lang='lat' dir='ltr'><strong>Beatorum</strong></span> <span class='ocrx_word' id='word_1_118' title='bbox 578 1611 930 1712; x_wconf 32' lang='lat' dir='ltr'><strong>scientiaalfc</strong></span> <span class='ocrx_word' id='word_1_119' title='bbox 961 1616 1346 1712; x_wconf 45' lang='lat' dir='ltr'><strong>trinel‘uiaiorte,</strong></span> <span class='ocrx_word' id='word_1_120' title='bbox 1385 1618 1666 1690; x_wconf 75' lang='lat' dir='ltr'><strong>corporali,</strong></span> <span class='ocrx_word' id='word_1_121' title='bbox 1709 1618 1865 1712; x_wconf 62' lang='lat' dir='ltr'><strong>spiri-</strong></span> 
     </span>
    </p>
   </div>
   <div class='ocr_carea' id='block_1_20' title="bbox 814 1683 1313 1751">
    <p class='ocr_par' dir='ltr' id='par_1_20' title="bbox 814 1683 1313 1751">
     <span class='ocr_line' id='line_1_20' title="bbox 814 1683 1313 1751; baseline 0.006 -14"><span class='ocrx_word' id='word_1_122' title='bbox 814 1683 929 1751; x_wconf 80' lang='lat' dir='ltr'><strong>tali,</strong></span> <span class='ocrx_word' id='word_1_123' title='bbox 959 1685 1313 1742; x_wconf 79' lang='lat' dir='ltr'><strong>intellectuali.</strong></span> 
     </span>
    </p>
   </div>
   <div class='ocr_carea' id='block_1_21' title="bbox 1958 506 3548 591">
    <p class='ocr_par' dir='ltr' id='par_1_21' title="bbox 1958 506 3548 591">
     <span class='ocr_line' id='line_1_21' title="bbox 1958 506 3548 591; baseline 0.004 -20"><span class='ocrx_word' id='word_1_124' title='bbox 1958 516 2100 572; x_wconf 86' lang='lat' dir='ltr'><strong>sicut</strong></span> <span class='ocrx_word' id='word_1_125' title='bbox 2128 525 2328 574; x_wconf 57' lang='lat' dir='ltr'><strong>extera</strong></span> <span class='ocrx_word' id='word_1_126' title='bbox 2377 519 2596 575; x_wconf 87' lang='lat' dir='ltr'><strong>omnia:</strong></span> <span class='ocrx_word' id='word_1_127' title='bbox 2645 506 2907 591; x_wconf 76' lang='lat' dir='ltr'><strong>sapientia</strong></span> <span class='ocrx_word' id='word_1_128' title='bbox 2935 521 3078 581; x_wconf 89' lang='lat' dir='ltr'><strong>enim</strong></span> <span class='ocrx_word' id='word_1_129' title='bbox 3119 520 3213 583; x_wconf 89' lang='lat' dir='ltr'><strong>Dei</strong></span> <span class='ocrx_word' id='word_1_130' title='bbox 3242 536 3349 576; x_wconf 93' lang='lat' dir='ltr'><strong>non</strong></span> <span class='ocrx_word' id='word_1_131' title='bbox 3376 521 3548 591; x_wconf 88' lang='lat' dir='ltr'><strong>magis</strong></span> 
     </span>
    </p>
   </div>
   <div class='ocr_carea' id='block_1_22' title="bbox 1958 609 3548 684">
    <p class='ocr_par' dir='ltr' id='par_1_22' title="bbox 1958 609 3548 684">
     <span class='ocr_line' id='line_1_22' title="bbox 1958 609 3548 684; baseline 0.001 -21"><span class='ocrx_word' id='word_1_132' title='bbox 1958 609 2223 679; x_wconf 82' lang='lat' dir='ltr'><strong>sapientia</strong></span> <span class='ocrx_word' id='word_1_133' title='bbox 2262 625 2423 679; x_wconf 90' lang='lat' dir='ltr'><strong>quam</strong></span> <span class='ocrx_word' id='word_1_134' title='bbox 2449 611 2650 671; x_wconf 84' lang='lat' dir='ltr'><strong>veritas</strong></span> <span class='ocrx_word' id='word_1_135' title='bbox 2678 620 2779 679; x_wconf 86' lang='lat' dir='ltr'><strong>est,</strong></span> <span class='ocrx_word' id='word_1_136' title='bbox 2825 620 3010 669; x_wconf 89' lang='lat' dir='ltr'><strong>etnon</strong></span> <span class='ocrx_word' id='word_1_137' title='bbox 3040 613 3210 684; x_wconf 79' lang='lat' dir='ltr'><strong>magis</strong></span> <span class='ocrx_word' id='word_1_138' title='bbox 3236 613 3437 669; x_wconf 85' lang='lat' dir='ltr'><strong>veritas</strong></span> <span class='ocrx_word' id='word_1_139' title='bbox 3466 618 3548 666; x_wconf 88' lang='lat' dir='ltr'><strong>est</strong></span> 
     </span>
    </p>
   </div>
   <div class='ocr_carea' id='block_1_23' title="bbox 1960 700 3550 775">
    <p class='ocr_par' dir='ltr' id='par_1_23' title="bbox 1960 700 3550 775">
     <span class='ocr_line' id='line_1_23' title="bbox 1960 700 3550 775; baseline 0.001 -20"><span class='ocrx_word' id='word_1_140' title='bbox 1960 715 2122 770; x_wconf 87' lang='lat' dir='ltr'><strong>quam</strong></span> <span class='ocrx_word' id='word_1_141' title='bbox 2167 700 2452 772; x_wconf 87' lang='lat' dir='ltr'><strong>sapientia,</strong></span> <span class='ocrx_word' id='word_1_142' title='bbox 2496 717 2658 774; x_wconf 88' lang='lat' dir='ltr'><strong>quam</strong></span> <span class='ocrx_word' id='word_1_143' title='bbox 2705 704 2997 770; x_wconf 71' lang='lat' dir='ltr'><strong>teternitas,</strong></span> <span class='ocrx_word' id='word_1_144' title='bbox 3042 718 3205 775; x_wconf 89' lang='lat' dir='ltr'><strong>quam</strong></span> <span class='ocrx_word' id='word_1_145' title='bbox 3227 714 3424 759; x_wconf 65' lang='lat' dir='ltr'><strong>caetera</strong></span> <span class='ocrx_word' id='word_1_146' title='bbox 3453 703 3550 758; x_wconf 87' lang='lat' dir='ltr'><strong>Dei</strong></span> 
     </span>
    </p>
   </div>
   <div class='ocr_carea' id='block_1_24' title="bbox 1962 794 3550 873">
    <p class='ocr_par' dir='ltr' id='par_1_24' title="bbox 1962 794 3550 873">
     <span class='ocr_line' id='line_1_24' title="bbox 1962 794 3550 873; baseline 0.001 -24"><span class='ocrx_word' id='word_1_147' title='bbox 1962 795 2174 859; x_wconf 89' lang='lat' dir='ltr'><strong>omnia;</strong></span> <span class='ocrx_word' id='word_1_148' title='bbox 2224 810 2390 849; x_wconf 89' lang='lat' dir='ltr'><strong>unum</strong></span> <span class='ocrx_word' id='word_1_149' title='bbox 2435 794 2579 873; x_wconf 78' lang='lat' dir='ltr'><strong>enim</strong></span> <span class='ocrx_word' id='word_1_150' title='bbox 2606 804 2733 853; x_wconf 89' lang='lat' dir='ltr'><strong>sunt</strong></span> <span class='ocrx_word' id='word_1_151' title='bbox 2760 797 2815 852; x_wconf 90' lang='lat' dir='ltr'><strong>in</strong></span> <span class='ocrx_word' id='word_1_152' title='bbox 2856 796 2984 863; x_wconf 88' lang='lat' dir='ltr'><strong>Deo,</strong></span> <span class='ocrx_word' id='word_1_153' title='bbox 3016 804 3068 857; x_wconf 87' lang='lat' dir='ltr'><strong>et</strong></span> <span class='ocrx_word' id='word_1_154' title='bbox 3098 812 3207 857; x_wconf 89' lang='lat' dir='ltr'><strong>non</strong></span> <span class='ocrx_word' id='word_1_155' title='bbox 3229 796 3403 852; x_wconf 92' lang='lat' dir='ltr'><strong>solum</strong></span> <span class='ocrx_word' id='word_1_156' title='bbox 3432 796 3550 853; x_wconf 57' lang='lat' dir='ltr'><strong>hate</strong></span> 
     </span>
    </p>
   </div>
   <div class='ocr_carea' id='block_1_25' title="bbox 1965 884 3551 960">
    <p class='ocr_par' dir='ltr' id='par_1_25' title="bbox 1965 884 3551 960">
     <span class='ocr_line' id='line_1_25' title="bbox 1965 884 3551 960; baseline 0 -20"><span class='ocrx_word' id='word_1_157' title='bbox 1965 884 2109 941; x_wconf 90' lang='lat' dir='ltr'><strong>inter</strong></span> <span class='ocrx_word' id='word_1_158' title='bbox 2129 902 2188 942; x_wconf 91' lang='lat' dir='ltr'><strong>se</strong></span> <span class='ocrx_word' id='word_1_159' title='bbox 2211 886 2402 942; x_wconf 91' lang='lat' dir='ltr'><strong>eadem</strong></span> <span class='ocrx_word' id='word_1_160' title='bbox 2422 894 2547 945; x_wconf 90' lang='lat' dir='ltr'><strong>sunt</strong></span> <span class='ocrx_word' id='word_1_161' title='bbox 2575 888 2628 943; x_wconf 91' lang='lat' dir='ltr'><strong>in</strong></span> <span class='ocrx_word' id='word_1_162' title='bbox 2658 888 2789 954; x_wconf 92' lang='lat' dir='ltr'><strong>Deo,</strong></span> <span class='ocrx_word' id='word_1_163' title='bbox 2822 888 2917 943; x_wconf 91' lang='lat' dir='ltr'><strong>sed</strong></span> <span class='ocrx_word' id='word_1_164' title='bbox 2942 903 3048 944; x_wconf 90' lang='lat' dir='ltr'><strong>non</strong></span> <span class='ocrx_word' id='word_1_165' title='bbox 3076 887 3219 947; x_wconf 86' lang='lat' dir='ltr'><strong>aliud</strong></span> <span class='ocrx_word' id='word_1_166' title='bbox 3246 896 3370 944; x_wconf 90' lang='lat' dir='ltr'><strong>sunt</strong></span> <span class='ocrx_word' id='word_1_167' title='bbox 3390 902 3551 960; x_wconf 87' lang='lat' dir='ltr'><strong>quam</strong></span> 
     </span>
    </p>
   </div>
   <div class='ocr_carea' id='block_1_26' title="bbox 1961 964 3550 1050">
    <p class='ocr_par' dir='ltr' id='par_1_26' title="bbox 1961 964 3550 1050">
     <span class='ocr_line' id='line_1_26' title="bbox 1961 964 3550 1050; baseline 0.001 -18"><span class='ocrx_word' id='word_1_168' title='bbox 1961 978 2080 1048; x_wconf 90' lang='lat' dir='ltr'><strong>ipse</strong></span> <span class='ocrx_word' id='word_1_169' title='bbox 2109 978 2279 1045; x_wconf 87' lang='lat' dir='ltr'><strong>Deus;</strong></span> <span class='ocrx_word' id='word_1_170' title='bbox 2323 964 2384 1034; x_wconf 84' lang='lat' dir='ltr'><strong>et</strong></span> <span class='ocrx_word' id='word_1_171' title='bbox 2404 979 2677 1050; x_wconf 89' lang='lat' dir='ltr'><strong>quomodo</strong></span> <span class='ocrx_word' id='word_1_172' title='bbox 2705 980 2937 1035; x_wconf 91' lang='lat' dir='ltr'><strong>mundus</strong></span> <span class='ocrx_word' id='word_1_173' title='bbox 2964 987 3083 1034; x_wconf 89' lang='lat' dir='ltr'><strong>erat</strong></span> <span class='ocrx_word' id='word_1_174' title='bbox 3113 980 3164 1037; x_wconf 89' lang='lat' dir='ltr'><strong>in</strong></span> <span class='ocrx_word' id='word_1_175' title='bbox 3212 979 3344 1046; x_wconf 89' lang='lat' dir='ltr'><strong>Deo,</strong></span> <span class='ocrx_word' id='word_1_176' title='bbox 3394 987 3550 1035; x_wconf 87' lang='lat' dir='ltr'><strong>ante-</strong></span> 
     </span>
    </p>
   </div>
   <div class='ocr_carea' id='block_1_27' title="bbox 1962 1070 3556 1143">
    <p class='ocr_par' dir='ltr' id='par_1_27' title="bbox 1962 1070 3556 1143">
     <span class='ocr_line' id='line_1_27' title="bbox 1962 1070 3556 1143; baseline 0.001 -20"><span class='ocrx_word' id='word_1_177' title='bbox 1962 1085 2122 1140; x_wconf 89' lang='lat' dir='ltr'><strong>quam</strong></span> <span class='ocrx_word' id='word_1_178' title='bbox 2144 1070 2201 1126; x_wconf 87' lang='lat' dir='ltr'><strong>in</strong></span> <span class='ocrx_word' id='word_1_179' title='bbox 2226 1071 2404 1141; x_wconf 80' lang='lat' dir='ltr'><strong>seipse</strong></span> <span class='ocrx_word' id='word_1_180' title='bbox 2425 1075 2586 1138; x_wconf 84' lang='lat' dir='ltr'><strong>esset,</strong></span> <span class='ocrx_word' id='word_1_181' title='bbox 2618 1086 2726 1129; x_wconf 86' lang='lat' dir='ltr'><strong>non</strong></span> <span class='ocrx_word' id='word_1_182' title='bbox 2754 1070 3000 1137; x_wconf 86' lang='lat' dir='ltr'><strong>mundus,</strong></span> <span class='ocrx_word' id='word_1_183' title='bbox 3024 1070 3117 1127; x_wconf 86' lang='lat' dir='ltr'><strong>sed</strong></span> <span class='ocrx_word' id='word_1_184' title='bbox 3148 1070 3322 1137; x_wconf 87' lang='lat' dir='ltr'><strong>Deus;</strong></span> <span class='ocrx_word' id='word_1_185' title='bbox 3351 1078 3405 1125; x_wconf 91' lang='lat' dir='ltr'><strong>et</strong></span> <span class='ocrx_word' id='word_1_186' title='bbox 3425 1085 3556 1143; x_wconf 80' lang='lat' dir='ltr'><strong>quo—</strong></span> 
     </span>
    </p>
   </div>
   <div class='ocr_carea' id='block_1_28' title="bbox 1965 1154 3551 1237">
    <p class='ocr_par' dir='ltr' id='par_1_28' title="bbox 1965 1154 3551 1237">
     <span class='ocr_line' id='line_1_28' title="bbox 1965 1154 3551 1237; baseline 0.001 -21"><span class='ocrx_word' id='word_1_187' title='bbox 1965 1161 2129 1218; x_wconf 91' lang='lat' dir='ltr'><strong>modo</strong></span> <span class='ocrx_word' id='word_1_188' title='bbox 2149 1163 2348 1232; x_wconf 90' lang='lat' dir='ltr'><strong>ubique</strong></span> <span class='ocrx_word' id='word_1_189' title='bbox 2369 1171 2517 1220; x_wconf 89' lang='lat' dir='ltr'><strong>totus</strong></span> <span class='ocrx_word' id='word_1_190' title='bbox 2532 1163 2650 1219; x_wconf 88' lang='lat' dir='ltr'><strong>sine</strong></span> <span class='ocrx_word' id='word_1_191' title='bbox 2677 1164 2821 1230; x_wconf 92' lang='lat' dir='ltr'><strong>loco,</strong></span> <span class='ocrx_word' id='word_1_192' title='bbox 2845 1158 3068 1234; x_wconf 80' lang='lat' dir='ltr'><strong>magn&#39;us</strong></span> <span class='ocrx_word' id='word_1_193' title='bbox 3094 1164 3209 1220; x_wconf 89' lang='lat' dir='ltr'><strong>sine</strong></span> <span class='ocrx_word' id='word_1_194' title='bbox 3233 1154 3551 1237; x_wconf 84' lang='lat' dir='ltr'><strong>quantitate,</strong></span> 
     </span>
    </p>
   </div>
   <div class='ocr_carea' id='block_1_29' title="bbox 1964 1255 3556 1326">
    <p class='ocr_par' dir='ltr' id='par_1_29' title="bbox 1964 1255 3556 1326">
     <span class='ocr_line' id='line_1_29' title="bbox 1964 1255 3556 1326; baseline -0.001 -15"><span class='ocrx_word' id='word_1_195' title='bbox 1964 1255 2141 1311; x_wconf 90' lang='lat' dir='ltr'><strong>bonus</strong></span> <span class='ocrx_word' id='word_1_196' title='bbox 2186 1255 2304 1312; x_wconf 84' lang='lat' dir='ltr'><strong>sine</strong></span> <span class='ocrx_word' id='word_1_197' title='bbox 2352 1256 2644 1325; x_wconf 87' lang='lat' dir='ltr'><strong>qualitate;</strong></span> <span class='ocrx_word' id='word_1_198' title='bbox 2695 1264 2750 1311; x_wconf 92' lang='lat' dir='ltr'><strong>et</strong></span> <span class='ocrx_word' id='word_1_199' title='bbox 2795 1255 3067 1326; x_wconf 88' lang='lat' dir='ltr'><strong>quomodo</strong></span> <span class='ocrx_word' id='word_1_200' title='bbox 3103 1256 3282 1311; x_wconf 88' lang='lat' dir='ltr'><strong>omnia</strong></span> <span class='ocrx_word' id='word_1_201' title='bbox 3308 1261 3556 1326; x_wconf 89' lang='lat' dir='ltr'><strong>penetrat</strong></span> 
     </span>
    </p>
   </div>
   <div class='ocr_carea' id='block_1_30' title="bbox 1964 1334 3556 1420">
    <p class='ocr_par' dir='ltr' id='par_1_30' title="bbox 1964 1334 3556 1420">
     <span class='ocr_line' id='line_1_30' title="bbox 1964 1334 3556 1420; baseline 0.001 -20"><span class='ocrx_word' id='word_1_202' title='bbox 1964 1334 2165 1401; x_wconf 85' lang='lat' dir='ltr'><strong>munda</strong></span> <span class='ocrx_word' id='word_1_203' title='bbox 2193 1358 2249 1402; x_wconf 89' lang='lat' dir='ltr'><strong>et</strong></span> <span class='ocrx_word' id='word_1_204' title='bbox 2275 1347 2551 1405; x_wconf 88' lang='lat' dir='ltr'><strong>immunda</strong></span> <span class='ocrx_word' id='word_1_205' title='bbox 2599 1349 2716 1404; x_wconf 88' lang='lat' dir='ltr'><strong>sine</strong></span> <span class='ocrx_word' id='word_1_206' title='bbox 2746 1348 2826 1403; x_wconf 91' lang='lat' dir='ltr'><strong>sui</strong></span> <span class='ocrx_word' id='word_1_207' title='bbox 2867 1348 3184 1420; x_wconf 87' lang='lat' dir='ltr'><strong>pollutione.</strong></span> <span class='ocrx_word' id='word_1_208' title='bbox 3207 1347 3264 1403; x_wconf 90' lang='lat' dir='ltr'><strong>Si</strong></span> <span class='ocrx_word' id='word_1_209' title='bbox 3292 1348 3435 1402; x_wconf 86' lang='lat' dir='ltr'><strong>enim</strong></span> <span class='ocrx_word' id='word_1_210' title='bbox 3464 1347 3556 1403; x_wconf 80' lang='lat' dir='ltr'><strong>lux</strong></span> 
     </span>
    </p>
   </div>
   <div class='ocr_carea' id='block_1_31' title="bbox 1964 1436 3557 1508">
    <p class='ocr_par' dir='ltr' id='par_1_31' title="bbox 1964 1436 3557 1508">
     <span class='ocr_line' id='line_1_31' title="bbox 1964 1436 3557 1508; baseline -0.001 -16"><span class='ocrx_word' id='word_1_211' title='bbox 1964 1438 2069 1492; x_wconf 89' lang='lat' dir='ltr'><strong>ista</strong></span> <span class='ocrx_word' id='word_1_212' title='bbox 2089 1437 2313 1499; x_wconf 85' lang='lat' dir='ltr'><strong>visibilis</strong></span> <span class='ocrx_word' id='word_1_213' title='bbox 2332 1439 2515 1494; x_wconf 84' lang='lat' dir='ltr'><strong>omnia</strong></span> <span class='ocrx_word' id='word_1_214' title='bbox 2539 1438 2663 1495; x_wconf 89' lang='lat' dir='ltr'><strong>loca</strong></span> <span class='ocrx_word' id='word_1_215' title='bbox 2684 1438 2938 1507; x_wconf 81' lang='lat' dir='ltr'><strong>illustrat,</strong></span> <span class='ocrx_word' id='word_1_216' title='bbox 2968 1446 3023 1494; x_wconf 91' lang='lat' dir='ltr'><strong>et</strong></span> <span class='ocrx_word' id='word_1_217' title='bbox 3042 1436 3381 1508; x_wconf 89' lang='lat' dir='ltr'><strong>sterquilinia</strong></span> <span class='ocrx_word' id='word_1_218' title='bbox 3394 1438 3557 1501; x_wconf 90' lang='lat' dir='ltr'><strong>etiam</strong></span> 
     </span>
    </p>
   </div>
   <div class='ocr_carea' id='block_1_32' title="bbox 1966 1528 3558 1600">
    <p class='ocr_par' dir='ltr' id='par_1_32' title="bbox 1966 1528 3558 1600">
     <span class='ocr_line' id='line_1_32' title="bbox 1966 1528 3558 1600; baseline 0 -17"><span class='ocrx_word' id='word_1_219' title='bbox 1966 1536 2216 1600; x_wconf 89' lang='lat' dir='ltr'><strong>penetrat</strong></span> <span class='ocrx_word' id='word_1_220' title='bbox 2263 1531 2380 1587; x_wconf 90' lang='lat' dir='ltr'><strong>sine</strong></span> <span class='ocrx_word' id='word_1_221' title='bbox 2407 1528 2602 1594; x_wconf 81' lang='lat' dir='ltr'><strong>fetore,</strong></span> <span class='ocrx_word' id='word_1_222' title='bbox 2651 1537 2707 1585; x_wconf 89' lang='lat' dir='ltr'><strong>et</strong></span> <span class='ocrx_word' id='word_1_223' title='bbox 2734 1531 2851 1585; x_wconf 89' lang='lat' dir='ltr'><strong>sine</strong></span> <span class='ocrx_word' id='word_1_224' title='bbox 2897 1530 2979 1585; x_wconf 90' lang='lat' dir='ltr'><strong>sui</strong></span> <span class='ocrx_word' id='word_1_225' title='bbox 3004 1528 3323 1599; x_wconf 81' lang='lat' dir='ltr'><strong>pollutione,</strong></span> <span class='ocrx_word' id='word_1_226' title='bbox 3354 1536 3558 1598; x_wconf 86' lang='lat' dir='ltr'><strong>quanto</strong></span> 
     </span>
    </p>
   </div>
   <div class='ocr_carea' id='block_1_33' title="bbox 1966 1621 3557 1695">
    <p class='ocr_par' dir='ltr' id='par_1_33' title="bbox 1966 1621 3557 1695">
     <span class='ocr_line' id='line_1_33' title="bbox 1966 1621 3557 1695; baseline 0.001 -20"><span class='ocrx_word' id='word_1_227' title='bbox 1966 1622 2138 1691; x_wconf 89' lang='lat' dir='ltr'><strong>magis</strong></span> <span class='ocrx_word' id='word_1_228' title='bbox 2155 1621 2319 1690; x_wconf 89' lang='lat' dir='ltr'><strong>Deus,</strong></span> <span class='ocrx_word' id='word_1_229' title='bbox 2348 1623 2442 1695; x_wconf 88' lang='lat' dir='ltr'><strong>qui</strong></span> <span class='ocrx_word' id='word_1_230' title='bbox 2464 1630 2547 1678; x_wconf 88' lang='lat' dir='ltr'><strong>est</strong></span> <span class='ocrx_word' id='word_1_231' title='bbox 2569 1622 2849 1679; x_wconf 82' lang='lat' dir='ltr'><strong>invisibilis</strong></span> <span class='ocrx_word' id='word_1_232' title='bbox 2877 1630 2932 1678; x_wconf 91' lang='lat' dir='ltr'><strong>et</strong></span> <span class='ocrx_word' id='word_1_233' title='bbox 2959 1621 3418 1681; x_wconf 83' lang='lat' dir='ltr'><strong>incommutabilis</strong></span> <span class='ocrx_word' id='word_1_234' title='bbox 3443 1623 3557 1688; x_wconf 84' lang='lat' dir='ltr'><strong>lux,</strong></span> 
     </span>
    </p>
   </div>
   <div class='ocr_carea' id='block_1_34' title="bbox 1970 1716 3578 1787">
    <p class='ocr_par' dir='ltr' id='par_1_34' title="bbox 1970 1716 3578 1787">
     <span class='ocr_line' id='line_1_34' title="bbox 1970 1716 3578 1787; baseline 0.004 -18"><span class='ocrx_word' id='word_1_235' title='bbox 1970 1716 2149 1773; x_wconf 88' lang='lat' dir='ltr'><strong>omnia</strong></span> <span class='ocrx_word' id='word_1_236' title='bbox 2192 1725 2465 1787; x_wconf 81' lang='lat' dir='ltr'><strong>penetrat,</strong></span> <span class='ocrx_word' id='word_1_237' title='bbox 2495 1718 2654 1787; x_wconf 82' lang='lat' dir='ltr'><strong>regit,</strong></span> <span class='ocrx_word' id='word_1_238' title='bbox 2687 1718 2930 1784; x_wconf 82' lang='lat' dir='ltr'><strong>sustinet,</strong></span> <span class='ocrx_word' id='word_1_239' title='bbox 2969 1718 3285 1786; x_wconf 85' lang='lat' dir='ltr'><strong>circumdat,</strong></span> <span class='ocrx_word' id='word_1_240' title='bbox 3307 1720 3578 1787; x_wconf 87' lang='lat' dir='ltr'><strong>illustrat,-</strong></span> 
     </span>
    </p>
   </div>
   <div class='ocr_carea' id='block_1_35' title="bbox 343 1773 1902 1880">
    <p class='ocr_par' dir='ltr' id='par_1_35' title="bbox 343 1773 1902 1854">
     <span class='ocr_line' id='line_1_35' title="bbox 343 1773 1902 1854; baseline 0.006 -26"><span class='ocrx_word' id='word_1_241' title='bbox 343 1773 844 1846; x_wconf 86' lang='lat' dir='ltr'><strong>lncomparabiliter</strong></span> <span class='ocrx_word' id='word_1_242' title='bbox 873 1790 1001 1845; x_wconf 87' lang='lat' dir='ltr'><strong>ergo</strong></span> <span class='ocrx_word' id='word_1_243' title='bbox 1027 1779 1194 1835; x_wconf 87' lang='lat' dir='ltr'><strong>totius</strong></span> <span class='ocrx_word' id='word_1_244' title='bbox 1216 1779 1403 1836; x_wconf 89' lang='lat' dir='ltr'><strong>mundi</strong></span> <span class='ocrx_word' id='word_1_245' title='bbox 1423 1794 1665 1851; x_wconf 77' lang='lat' dir='ltr'><strong>regnum,</strong></span> <span class='ocrx_word' id='word_1_246' title='bbox 1697 1788 1757 1837; x_wconf 92' lang='lat' dir='ltr'><strong>ut</strong></span> <span class='ocrx_word' id='word_1_247' title='bbox 1776 1797 1841 1837; x_wconf 91' lang='lat' dir='ltr'><strong>su</strong></span> <span class='ocrx_word' id='word_1_248' title='bbox 1897 1796 1902 1854; x_wconf 70' lang='grc' dir='ltr'>ζ</span> 
     </span>
    </p>
   </div>
   <div class='ocr_carea' id='block_1_36' title="bbox 1961 1773 3560 1880">
    <p class='ocr_par' dir='ltr' id='par_1_36' title="bbox 1971 1809 3560 1880">
     <span class='ocr_line' id='line_1_36' title="bbox 1971 1809 3560 1880; baseline 0.003 -17"><span class='ocrx_word' id='word_1_249' title='bbox 1971 1809 2090 1863; x_wconf 90' lang='lat' dir='ltr'><strong>sine</strong></span> <span class='ocrx_word' id='word_1_250' title='bbox 2117 1809 2225 1867; x_wconf 88' lang='lat' dir='ltr'><strong>ulla</strong></span> <span class='ocrx_word' id='word_1_251' title='bbox 2255 1809 2554 1865; x_wconf 87' lang='lat' dir='ltr'><strong>mutatione</strong></span> <span class='ocrx_word' id='word_1_252' title='bbox 2581 1809 2667 1866; x_wconf 85' lang='lat' dir='ltr'><strong>vel</strong></span> <span class='ocrx_word' id='word_1_253' title='bbox 2688 1809 3005 1880; x_wconf 84' lang='lat' dir='ltr'><strong>pollutione,</strong></span> <span class='ocrx_word' id='word_1_254' title='bbox 3034 1827 3145 1867; x_wconf 85' lang='lat' dir='ltr'><strong>non</strong></span> <span class='ocrx_word' id='word_1_255' title='bbox 3171 1812 3346 1871; x_wconf 86' lang='lat' dir='ltr'><strong>solum</strong></span> <span class='ocrx_word' id='word_1_256' title='bbox 3393 1812 3560 1870; x_wconf 64' lang='grc' dir='ltr'><strong>εαξΙεο</strong></span> 
     </span>
    </p>
   </div>
   <div class='ocr_carea' id='block_1_37' title="bbox 275 1866 1875 1943">
    <p class='ocr_par' dir='ltr' id='par_1_37' title="bbox 275 1866 1875 1943">
     <span class='ocr_line' id='line_1_37' title="bbox 275 1866 1875 1943; baseline 0.006 -22"><span class='ocrx_word' id='word_1_257' title='bbox 275 1880 374 1938; x_wconf 89' lang='lat' dir='ltr'><strong>pra</strong></span> <span class='ocrx_word' id='word_1_258' title='bbox 402 1866 657 1934; x_wconf 82' lang='lat' dir='ltr'><strong>diximus,</strong></span> <span class='ocrx_word' id='word_1_259' title='bbox 688 1875 744 1924; x_wconf 92' lang='lat' dir='ltr'><strong>et</strong></span> <span class='ocrx_word' id='word_1_260' title='bbox 770 1869 814 1924; x_wconf 91' lang='lat' dir='ltr'><strong>si</strong></span> <span class='ocrx_word' id='word_1_261' title='bbox 842 1877 1105 1925; x_wconf 72' lang='lat' dir='ltr'><strong>aeternum</strong></span> <span class='ocrx_word' id='word_1_262' title='bbox 1131 1879 1292 1937; x_wconf 88' lang='lat' dir='ltr'><strong>esset,</strong></span> <span class='ocrx_word' id='word_1_263' title='bbox 1327 1873 1605 1943; x_wconf 62' lang='lat' dir='ltr'><strong>praecellit,</strong></span> <span class='ocrx_word' id='word_1_264' title='bbox 1626 1873 1875 1931; x_wconf 85' lang='lat' dir='ltr'><strong>societati</strong></span> 
     </span>
    </p>
   </div>
   <div class='ocr_carea' id='block_1_38' title="bbox 276 1958 1873 2035">
    <p class='ocr_par' dir='ltr' id='par_1_38' title="bbox 276 1958 1873 2035">
     <span class='ocr_line' id='line_1_38' title="bbox 276 1958 1873 2035; baseline 0.005 -23"><span class='ocrx_word' id='word_1_265' title='bbox 276 1958 591 2028; x_wconf 76' lang='lat' dir='ltr'><strong>angelorum</strong></span> <span class='ocrx_word' id='word_1_266' title='bbox 617 1966 673 2014; x_wconf 91' lang='lat' dir='ltr'><strong>et</strong></span> <span class='ocrx_word' id='word_1_267' title='bbox 714 1969 1045 2027; x_wconf 89' lang='lat' dir='ltr'><strong>sanctorum,</strong></span> <span class='ocrx_word' id='word_1_268' title='bbox 1076 1971 1131 2017; x_wconf 90' lang='lat' dir='ltr'><strong>et</strong></span> <span class='ocrx_word' id='word_1_269' title='bbox 1165 1964 1415 2034; x_wconf 56' lang='lat' dir='ltr'><strong>praesenti</strong></span> <span class='ocrx_word' id='word_1_270' title='bbox 1453 1964 1621 2035; x_wconf 91' lang='lat' dir='ltr'><strong>ipsius</strong></span> <span class='ocrx_word' id='word_1_271' title='bbox 1649 1964 1747 2020; x_wconf 91' lang='lat' dir='ltr'><strong>Dei</strong></span> <span class='ocrx_word' id='word_1_272' title='bbox 1774 1964 1873 2020; x_wconf 83' lang='lat' dir='ltr'><strong>ad-</strong></span> 
     </span>
    </p>
   </div>
   <div class='ocr_carea' id='block_1_39' title="bbox 274 2046 1870 2122">
    <p class='ocr_par' dir='ltr' id='par_1_39' title="bbox 274 2046 1870 2122">
     <span class='ocr_line' id='line_1_39' title="bbox 274 2046 1870 2122; baseline 0.001 -16"><span class='ocrx_word' id='word_1_273' title='bbox 274 2064 399 2106; x_wconf 86' lang='lat' dir='ltr'><strong>esse</strong></span> <span class='ocrx_word' id='word_1_274' title='bbox 426 2046 645 2107; x_wconf 43' lang='lat' dir='ltr'><strong>visioni.’</strong></span> <span class='ocrx_word' id='word_1_275' title='bbox 668 2051 727 2111; x_wconf 84' lang='lat' dir='ltr'><strong>In</strong></span> <span class='ocrx_word' id='word_1_276' title='bbox 757 2051 912 2122; x_wconf 89' lang='lat' dir='ltr'><strong>cujus</strong></span> <span class='ocrx_word' id='word_1_277' title='bbox 940 2052 1146 2108; x_wconf 87' lang='lat' dir='ltr'><strong>visione</strong></span> <span class='ocrx_word' id='word_1_278' title='bbox 1167 2053 1311 2109; x_wconf 90' lang='lat' dir='ltr'><strong>trina</strong></span> <span class='ocrx_word' id='word_1_279' title='bbox 1337 2054 1559 2109; x_wconf 85' lang='lat' dir='ltr'><strong>scientia</strong></span> <span class='ocrx_word' id='word_1_280' title='bbox 1592 2054 1828 2111; x_wconf 87' lang='lat' dir='ltr'><strong>nascitur</strong></span> <span class='ocrx_word' id='word_1_281' title='bbox 1858 2073 1870 2108; x_wconf 91' lang='lat'><strong>:</strong></span> 
     </span>
    </p>
   </div>
   <div class='ocr_carea' id='block_1_40' title="bbox 279 2143 1875 2219">
    <p class='ocr_par' dir='ltr' id='par_1_40' title="bbox 279 2143 1875 2219">
     <span class='ocr_line' id='line_1_40' title="bbox 279 2143 1875 2219; baseline 0.006 -21"><span class='ocrx_word' id='word_1_282' title='bbox 279 2143 336 2198; x_wconf 91' lang='lat' dir='ltr'><strong>id</strong></span> <span class='ocrx_word' id='word_1_283' title='bbox 368 2150 472 2210; x_wconf 89' lang='lat' dir='ltr'><strong>est,</strong></span> <span class='ocrx_word' id='word_1_284' title='bbox 500 2144 662 2201; x_wconf 84' lang='lat' dir='ltr'><strong>homo</strong></span> <span class='ocrx_word' id='word_1_285' title='bbox 688 2144 780 2216; x_wconf 91' lang='lat' dir='ltr'><strong>qui</strong></span> <span class='ocrx_word' id='word_1_286' title='bbox 808 2145 999 2212; x_wconf 90' lang='lat' dir='ltr'><strong>cernit,</strong></span> <span class='ocrx_word' id='word_1_287' title='bbox 1024 2155 1079 2204; x_wconf 89' lang='lat' dir='ltr'><strong>et</strong></span> <span class='ocrx_word' id='word_1_288' title='bbox 1106 2145 1249 2202; x_wconf 87' lang='lat' dir='ltr'><strong>Deus</strong></span> <span class='ocrx_word' id='word_1_289' title='bbox 1285 2148 1377 2219; x_wconf 89' lang='lat' dir='ltr'><strong>qui</strong></span> <span class='ocrx_word' id='word_1_290' title='bbox 1398 2148 1656 2212; x_wconf 90' lang='lat' dir='ltr'><strong>cernitur,</strong></span> <span class='ocrx_word' id='word_1_291' title='bbox 1688 2158 1743 2203; x_wconf 88' lang='lat' dir='ltr'><strong>ct</strong></span> <span class='ocrx_word' id='word_1_292' title='bbox 1768 2164 1875 2207; x_wconf 69' lang='lat' dir='ltr'><strong>ca:-</strong></span> 
     </span>
    </p>
   </div>
   <div class='ocr_carea' id='block_1_41' title="bbox 281 2235 1874 2308">
    <p class='ocr_par' dir='ltr' id='par_1_41' title="bbox 281 2235 1874 2308">
     <span class='ocr_line' id='line_1_41' title="bbox 281 2235 1874 2308; baseline 0.004 -19"><span class='ocrx_word' id='word_1_293' title='bbox 281 2235 386 2289; x_wconf 91' lang='lat' dir='ltr'><strong>teri</strong></span> <span class='ocrx_word' id='word_1_294' title='bbox 416 2250 602 2292; x_wconf 89' lang='lat' dir='ltr'><strong>omnes</strong></span> <span class='ocrx_word' id='word_1_295' title='bbox 630 2235 808 2292; x_wconf 86' lang='lat' dir='ltr'><strong>omnia</strong></span> <span class='ocrx_word' id='word_1_296' title='bbox 835 2236 1095 2295; x_wconf 88' lang='lat' dir='ltr'><strong>videbunt</strong></span> <span class='ocrx_word' id='word_1_297' title='bbox 1115 2245 1170 2294; x_wconf 90' lang='lat' dir='ltr'><strong>et</strong></span> <span class='ocrx_word' id='word_1_298' title='bbox 1197 2238 1517 2308; x_wconf 77' lang='lat' dir='ltr'><strong>intelligent.</strong></span> <span class='ocrx_word' id='word_1_299' title='bbox 1550 2238 1695 2296; x_wconf 88' lang='lat' dir='ltr'><strong>Sicut</strong></span> <span class='ocrx_word' id='word_1_300' title='bbox 1729 2241 1874 2297; x_wconf 88' lang='lat' dir='ltr'><strong>enim</strong></span> 
     </span>
    </p>
   </div>
   <div class='ocr_carea' id='block_1_42' title="bbox 280 2328 1876 2399">
    <p class='ocr_par' dir='ltr' id='par_1_42' title="bbox 280 2328 1876 2399">
     <span class='ocr_line' id='line_1_42' title="bbox 280 2328 1876 2399; baseline 0.004 -18"><span class='ocrx_word' id='word_1_301' title='bbox 280 2339 381 2397; x_wconf 88' lang='lat' dir='ltr'><strong>per</strong></span> <span class='ocrx_word' id='word_1_302' title='bbox 405 2328 679 2397; x_wconf 90' lang='lat' dir='ltr'><strong>speculum</strong></span> <span class='ocrx_word' id='word_1_303' title='bbox 699 2328 931 2387; x_wconf 89' lang='lat' dir='ltr'><strong>vitreum</strong></span> <span class='ocrx_word' id='word_1_304' title='bbox 956 2329 1094 2385; x_wconf 92' lang='lat' dir='ltr'><strong>trina</strong></span> <span class='ocrx_word' id='word_1_305' title='bbox 1114 2331 1271 2387; x_wconf 91' lang='lat' dir='ltr'><strong>nobis</strong></span> <span class='ocrx_word' id='word_1_306' title='bbox 1294 2332 1430 2389; x_wconf 88' lang='lat' dir='ltr'><strong>visio</strong></span> <span class='ocrx_word' id='word_1_307' title='bbox 1451 2332 1876 2399; x_wconf 86' lang='lat' dir='ltr'><strong>administratur,</strong></span> 
     </span>
    </p>
   </div>
   <div class='ocr_carea' id='block_1_43' title="bbox 282 2418 1879 2495">
    <p class='ocr_par' dir='ltr' id='par_1_43' title="bbox 282 2418 1879 2495">
     <span class='ocr_line' id='line_1_43' title="bbox 282 2418 1879 2495; baseline 0.004 -24"><span class='ocrx_word' id='word_1_308' title='bbox 282 2418 409 2486; x_wconf 88' lang='lat' dir='ltr'><strong>quia</strong></span> <span class='ocrx_word' id='word_1_309' title='bbox 440 2433 538 2473; x_wconf 90' lang='lat' dir='ltr'><strong>nos</strong></span> <span class='ocrx_word' id='word_1_310' title='bbox 565 2418 729 2488; x_wconf 92' lang='lat' dir='ltr'><strong>ipsos,</strong></span> <span class='ocrx_word' id='word_1_311' title='bbox 762 2427 817 2475; x_wconf 90' lang='lat' dir='ltr'><strong>et</strong></span> <span class='ocrx_word' id='word_1_312' title='bbox 843 2419 1019 2491; x_wconf 91' lang='lat' dir='ltr'><strong>ipsum</strong></span> <span class='ocrx_word' id='word_1_313' title='bbox 1049 2422 1349 2492; x_wconf 90' lang='lat' dir='ltr'><strong>speculum,</strong></span> <span class='ocrx_word' id='word_1_314' title='bbox 1381 2431 1436 2479; x_wconf 91' lang='lat' dir='ltr'><strong>et</strong></span> <span class='ocrx_word' id='word_1_315' title='bbox 1455 2422 1713 2495; x_wconf 88' lang='lat' dir='ltr'><strong>quidquid</strong></span> <span class='ocrx_word' id='word_1_316' title='bbox 1741 2439 1879 2495; x_wconf 77' lang='lat' dir='ltr'><strong>prsc-</strong></span> 
     </span>
    </p>
   </div>
   <div class='ocr_carea' id='block_1_44' title="bbox 282 2508 1876 2589">
    <p class='ocr_par' dir='ltr' id='par_1_44' title="bbox 282 2508 1876 2589">
     <span class='ocr_line' id='line_1_44' title="bbox 282 2508 1876 2589; baseline 0.006 -26"><span class='ocrx_word' id='word_1_317' title='bbox 282 2522 408 2564; x_wconf 89' lang='lat' dir='ltr'><strong>sens</strong></span> <span class='ocrx_word' id='word_1_318' title='bbox 427 2508 580 2563; x_wconf 88' lang='lat' dir='ltr'><strong>adest</strong></span> <span class='ocrx_word' id='word_1_319' title='bbox 593 2509 837 2565; x_wconf 85' lang='lat' dir='ltr'><strong>videmus</strong></span> <span class='ocrx_word' id='word_1_320' title='bbox 853 2528 868 2579; x_wconf 88' lang='lat'><strong>;</strong></span> <span class='ocrx_word' id='word_1_321' title='bbox 886 2511 968 2568; x_wconf 89' lang='lat' dir='ltr'><strong>sic</strong></span> <span class='ocrx_word' id='word_1_322' title='bbox 984 2527 1082 2583; x_wconf 88' lang='lat' dir='ltr'><strong>per</strong></span> <span class='ocrx_word' id='word_1_323' title='bbox 1096 2514 1373 2589; x_wconf 89' lang='lat' dir='ltr'><strong>speculum</strong></span> <span class='ocrx_word' id='word_1_324' title='bbox 1384 2515 1579 2572; x_wconf 73' lang='lat' dir='ltr'><strong>divinae</strong></span> <span class='ocrx_word' id='word_1_325' title='bbox 1597 2517 1876 2584; x_wconf 84' lang='lat' dir='ltr'><strong>claritatis,</strong></span> 
     </span>
    </p>
   </div>
   <div class='ocr_carea' id='block_1_45' title="bbox 283 2602 1878 2682">
    <p class='ocr_par' dir='ltr' id='par_1_45' title="bbox 283 2602 1878 2682">
     <span class='ocr_line' id='line_1_45' title="bbox 283 2602 1878 2682; baseline 0.005 -24"><span class='ocrx_word' id='word_1_326' title='bbox 283 2611 342 2658; x_wconf 90' lang='lat' dir='ltr'><strong>et</strong></span> <span class='ocrx_word' id='word_1_327' title='bbox 367 2603 540 2673; x_wconf 91' lang='lat' dir='ltr'><strong>ipsum</strong></span> <span class='ocrx_word' id='word_1_328' title='bbox 585 2602 775 2671; x_wconf 89' lang='lat' dir='ltr'><strong>Deum,</strong></span> <span class='ocrx_word' id='word_1_329' title='bbox 805 2613 865 2661; x_wconf 89' lang='lat' dir='ltr'><strong>ut</strong></span> <span class='ocrx_word' id='word_1_330' title='bbox 891 2613 994 2676; x_wconf 89' lang='lat' dir='ltr'><strong>est,</strong></span> <span class='ocrx_word' id='word_1_331' title='bbox 1036 2606 1367 2675; x_wconf 88' lang='lat' dir='ltr'><strong>videbimus,</strong></span> <span class='ocrx_word' id='word_1_332' title='bbox 1397 2617 1658 2680; x_wconf 86' lang='lat' dir='ltr'><strong>quantum</strong></span> <span class='ocrx_word' id='word_1_333' title='bbox 1701 2611 1878 2682; x_wconf 88' lang='lat' dir='ltr'><strong>possi-</strong></span> 
     </span>
    </p>
   </div>
   <div class='ocr_carea' id='block_1_46' title="bbox 284 2694 1881 2768">
    <p class='ocr_par' dir='ltr' id='par_1_46' title="bbox 284 2694 1881 2768">
     <span class='ocr_line' id='line_1_46' title="bbox 284 2694 1881 2768; baseline 0.006 -18"><span class='ocrx_word' id='word_1_334' title='bbox 284 2694 391 2750; x_wconf 91' lang='lat' dir='ltr'><strong>bile</strong></span> <span class='ocrx_word' id='word_1_335' title='bbox 407 2695 512 2750; x_wconf 86' lang='lat' dir='ltr'><strong>erit</strong></span> <span class='ocrx_word' id='word_1_336' title='bbox 529 2703 811 2761; x_wconf 81' lang='lat' dir='ltr'><strong>creaturae,</strong></span> <span class='ocrx_word' id='word_1_337' title='bbox 826 2704 883 2753; x_wconf 91' lang='lat' dir='ltr'><strong>et</strong></span> <span class='ocrx_word' id='word_1_338' title='bbox 902 2713 1002 2753; x_wconf 92' lang='lat' dir='ltr'><strong>nos</strong></span> <span class='ocrx_word' id='word_1_339' title='bbox 1023 2697 1192 2768; x_wconf 90' lang='lat' dir='ltr'><strong>ipsos,</strong></span> <span class='ocrx_word' id='word_1_340' title='bbox 1204 2706 1260 2754; x_wconf 91' lang='lat' dir='ltr'><strong>et</strong></span> <span class='ocrx_word' id='word_1_341' title='bbox 1280 2709 1507 2758; x_wconf 81' lang='lat' dir='ltr'><strong>caeteros</strong></span> <span class='ocrx_word' id='word_1_342' title='bbox 1521 2717 1645 2758; x_wconf 89' lang='lat' dir='ltr'><strong>vera</strong></span> <span class='ocrx_word' id='word_1_343' title='bbox 1661 2709 1716 2761; x_wconf 90' lang='lat' dir='ltr'><strong>et</strong></span> <span class='ocrx_word' id='word_1_344' title='bbox 1731 2712 1881 2760; x_wconf 90' lang='lat' dir='ltr'><strong>certa</strong></span> 
     </span>
    </p>
   </div>
   <div class='ocr_carea' id='block_1_47' title="bbox 284 2785 1875 2861">
    <p class='ocr_par' dir='ltr' id='par_1_47' title="bbox 284 2785 1875 2861">
     <span class='ocr_line' id='line_1_47' title="bbox 284 2785 1875 2861; baseline 0.004 -19"><span class='ocrx_word' id='word_1_345' title='bbox 284 2785 511 2842; x_wconf 88' lang='lat' dir='ltr'><strong>scientia</strong></span> <span class='ocrx_word' id='word_1_346' title='bbox 558 2799 963 2854; x_wconf 87' lang='lat' dir='ltr'><strong>cognoscemus.</strong></span> <span class='ocrx_word' id='word_1_347' title='bbox 1016 2788 1169 2845; x_wconf 89' lang='lat' dir='ltr'><strong>Tunc</strong></span> <span class='ocrx_word' id='word_1_348' title='bbox 1197 2789 1379 2846; x_wconf 78' lang='lat' dir='ltr'><strong>abdita</strong></span> <span class='ocrx_word' id='word_1_349' title='bbox 1404 2800 1795 2861; x_wconf 85' lang='lat' dir='ltr'><strong>creaturarum,</strong></span> <span class='ocrx_word' id='word_1_350' title='bbox 1818 2802 1875 2849; x_wconf 91' lang='lat' dir='ltr'><strong>et</strong></span> 
     </span>
    </p>
   </div>
   <div class='ocr_carea' id='block_1_48' title="bbox 283 2876 1881 2955">
    <p class='ocr_par' dir='ltr' id='par_1_48' title="bbox 283 2876 1881 2955">
     <span class='ocr_line' id='line_1_48' title="bbox 283 2876 1881 2955; baseline 0.004 -20"><span class='ocrx_word' id='word_1_351' title='bbox 283 2879 459 2948; x_wconf 89' lang='lat' dir='ltr'><strong>ipsius</strong></span> <span class='ocrx_word' id='word_1_352' title='bbox 502 2876 720 2945; x_wconf 83' lang='lat' dir='ltr'><strong>inferni,</strong></span> <span class='ocrx_word' id='word_1_353' title='bbox 746 2878 979 2937; x_wconf 88' lang='lat' dir='ltr'><strong>videndo</strong></span> <span class='ocrx_word' id='word_1_354' title='bbox 1000 2880 1169 2937; x_wconf 89' lang='lat' dir='ltr'><strong>Deum</strong></span> <span class='ocrx_word' id='word_1_355' title='bbox 1194 2883 1515 2940; x_wconf 86' lang='lat' dir='ltr'><strong>videbimus.</strong></span> <span class='ocrx_word' id='word_1_356' title='bbox 1542 2883 1696 2941; x_wconf 90' lang='lat' dir='ltr'><strong>Tunc</strong></span> <span class='ocrx_word' id='word_1_357' title='bbox 1717 2884 1881 2955; x_wconf 88' lang='lat' dir='ltr'><strong>justis</strong></span> 
     </span>
    </p>
   </div>
   <div class='ocr_carea' id='block_1_49' title="bbox 284 2967 1878 3045">
    <p class='ocr_par' dir='ltr' id='par_1_49' title="bbox 284 2967 1878 3045">
     <span class='ocr_line' id='line_1_49' title="bbox 284 2967 1878 3045; baseline 0.006 -21"><span class='ocrx_word' id='word_1_358' title='bbox 284 2967 632 3024; x_wconf 82' lang='lat' dir='ltr'><strong>manifestum</strong></span> <span class='ocrx_word' id='word_1_359' title='bbox 673 2970 779 3025; x_wconf 90' lang='lat' dir='ltr'><strong>erit</strong></span> <span class='ocrx_word' id='word_1_360' title='bbox 820 2973 1091 3041; x_wconf 90' lang='lat' dir='ltr'><strong>quomodo</strong></span> <span class='ocrx_word' id='word_1_361' title='bbox 1145 2974 1290 3032; x_wconf 90' lang='lat' dir='ltr'><strong>Deus</strong></span> <span class='ocrx_word' id='word_1_362' title='bbox 1330 2982 1413 3033; x_wconf 88' lang='lat' dir='ltr'><strong>est</strong></span> <span class='ocrx_word' id='word_1_363' title='bbox 1464 2977 1765 3045; x_wconf 88' lang='lat' dir='ltr'><strong>invisibilis,</strong></span> <span class='ocrx_word' id='word_1_364' title='bbox 1792 2979 1878 3033; x_wconf 90' lang='lat' dir='ltr'><strong>in-</strong></span> 
     </span>
    </p>
   </div>
   <div class='ocr_carea' id='block_1_50' title="bbox 1975 1900 3145 1965">
    <p class='ocr_par' dir='ltr' id='par_1_50' title="bbox 1975 1900 3145 1965">
     <span class='ocr_line' id='line_1_50' title="bbox 1975 1900 3145 1965; baseline 0.003 -10"><span class='ocrx_word' id='word_1_365' title='bbox 1975 1900 2076 1955; x_wconf 89' lang='lat' dir='ltr'><strong>stia</strong></span> <span class='ocrx_word' id='word_1_366' title='bbox 2100 1907 2159 1957; x_wconf 91' lang='lat' dir='ltr'><strong>et</strong></span> <span class='ocrx_word' id='word_1_367' title='bbox 2181 1901 2480 1965; x_wconf 81' lang='lat' dir='ltr'><strong>terrestria,</strong></span> <span class='ocrx_word' id='word_1_368' title='bbox 2510 1901 2606 1965; x_wconf 87' lang='lat' dir='ltr'><strong>sed</strong></span> <span class='ocrx_word' id='word_1_369' title='bbox 2632 1901 2796 1957; x_wconf 90' lang='lat' dir='ltr'><strong>etiam</strong></span> <span class='ocrx_word' id='word_1_370' title='bbox 2826 1901 3145 1959; x_wconf 80' lang='lat' dir='ltr'><strong>infernalis?</strong></span> 
     </span>
    </p>
   </div>
   <div class='ocr_carea' id='block_1_51' title="bbox 2049 1991 3560 2068">
    <p class='ocr_par' dir='ltr' id='par_1_51' title="bbox 2049 1991 3560 2068">
     <span class='ocr_line' id='line_1_51' title="bbox 2049 1991 3560 2068; baseline 0.005 -23"><span class='ocrx_word' id='word_1_371' title='bbox 2049 1991 2199 2047; x_wconf 90' lang='lat' dir='ltr'><strong>Tunc</strong></span> <span class='ocrx_word' id='word_1_372' title='bbox 2221 1992 2324 2053; x_wconf 87' lang='lat' dir='ltr'><strong>erit</strong></span> <span class='ocrx_word' id='word_1_373' title='bbox 2347 1992 2539 2048; x_wconf 89' lang='lat' dir='ltr'><strong>electis</strong></span> <span class='ocrx_word' id='word_1_374' title='bbox 2568 1992 2664 2047; x_wconf 90' lang='lat' dir='ltr'><strong>Dei</strong></span> <span class='ocrx_word' id='word_1_375' title='bbox 2688 1994 2828 2048; x_wconf 89' lang='lat' dir='ltr'><strong>trina</strong></span> <span class='ocrx_word' id='word_1_376' title='bbox 2856 1994 3015 2063; x_wconf 87' lang='lat' dir='ltr'><strong>visio,</strong></span> <span class='ocrx_word' id='word_1_377' title='bbox 3041 1993 3092 2050; x_wconf 91' lang='lat' dir='ltr'><strong>id</strong></span> <span class='ocrx_word' id='word_1_378' title='bbox 3113 2002 3214 2063; x_wconf 87' lang='lat' dir='ltr'><strong>est,</strong></span> <span class='ocrx_word' id='word_1_379' title='bbox 3238 1996 3560 2068; x_wconf 88' lang='lat' dir='ltr'><strong>corporalis,</strong></span> 
     </span>
    </p>
   </div>
   <div class='ocr_carea' id='block_1_52' title="bbox 1977 2085 3561 2156">
    <p class='ocr_par' dir='ltr' id='par_1_52' title="bbox 1977 2085 3561 2156">
     <span class='ocr_line' id='line_1_52' title="bbox 1977 2085 3561 2156; baseline 0.004 -19"><span class='ocrx_word' id='word_1_380' title='bbox 1977 2099 2082 2154; x_wconf 89' lang='lat' dir='ltr'><strong>qua</strong></span> <span class='ocrx_word' id='word_1_381' title='bbox 2122 2099 2354 2152; x_wconf 89' lang='lat' dir='ltr'><strong>corpora</strong></span> <span class='ocrx_word' id='word_1_382' title='bbox 2393 2091 2718 2150; x_wconf 86' lang='lat' dir='ltr'><strong>cernentur;</strong></span> <span class='ocrx_word' id='word_1_383' title='bbox 2750 2085 3110 2153; x_wconf 83' lang='lat' dir='ltr'><strong>quorumdam</strong></span> <span class='ocrx_word' id='word_1_384' title='bbox 3137 2086 3477 2156; x_wconf 87' lang='lat' dir='ltr'><strong>splendentia</strong></span> <span class='ocrx_word' id='word_1_385' title='bbox 3504 2096 3561 2143; x_wconf 89' lang='lat' dir='ltr'><strong>ut</strong></span> 
     </span>
    </p>
   </div>
   <div class='ocr_carea' id='block_1_53' title="bbox 1976 2175 3564 2250">
    <p class='ocr_par' dir='ltr' id='par_1_53' title="bbox 1976 2175 3564 2250">
     <span class='ocr_line' id='line_1_53' title="bbox 1976 2175 3564 2250; baseline 0.001 -20"><span class='ocrx_word' id='word_1_386' title='bbox 1976 2175 2077 2237; x_wconf 86' lang='lat' dir='ltr'><strong>sol.</strong></span> <span class='ocrx_word' id='word_1_387' title='bbox 2110 2175 2466 2245; x_wconf 85' lang='lat' dir='ltr'><strong>quorumdam</strong></span> <span class='ocrx_word' id='word_1_388' title='bbox 2496 2182 2554 2231; x_wconf 87' lang='lat' dir='ltr'><strong>ut</strong></span> <span class='ocrx_word' id='word_1_389' title='bbox 2575 2176 2723 2241; x_wconf 89' lang='lat' dir='ltr'><strong>luna,</strong></span> <span class='ocrx_word' id='word_1_390' title='bbox 2752 2175 2982 2231; x_wconf 85' lang='lat' dir='ltr'><strong>aliorum</strong></span> <span class='ocrx_word' id='word_1_391' title='bbox 3007 2184 3064 2233; x_wconf 91' lang='lat' dir='ltr'><strong>ut</strong></span> <span class='ocrx_word' id='word_1_392' title='bbox 3095 2177 3283 2234; x_wconf 74' lang='lat' dir='ltr'><strong>stellze.</strong></span> <span class='ocrx_word' id='word_1_393' title='bbox 3313 2177 3383 2232; x_wconf 86' lang='lat' dir='ltr'><strong>Et</strong></span> <span class='ocrx_word' id='word_1_394' title='bbox 3402 2179 3564 2250; x_wconf 44' lang='lat' dir='ltr'><strong>spiris</strong></span> 
     </span>
    </p>
   </div>
   <div class='ocr_carea' id='block_1_54' title="bbox 1978 2265 3565 2341">
    <p class='ocr_par' dir='ltr' id='par_1_54' title="bbox 1978 2265 3565 2341">
     <span class='ocr_line' id='line_1_54' title="bbox 1978 2265 3565 2341; baseline 0.006 -21"><span class='ocrx_word' id='word_1_395' title='bbox 1978 2267 2120 2331; x_wconf 86' lang='lat' dir='ltr'><strong>talis,</strong></span> <span class='ocrx_word' id='word_1_396' title='bbox 2171 2280 2277 2335; x_wconf 92' lang='lat' dir='ltr'><strong>qua</strong></span> <span class='ocrx_word' id='word_1_397' title='bbox 2322 2265 2702 2323; x_wconf 86' lang='lat' dir='ltr'><strong>similitudines</strong></span> <span class='ocrx_word' id='word_1_398' title='bbox 2729 2282 3022 2337; x_wconf 87' lang='lat' dir='ltr'><strong>corporum</strong></span> <span class='ocrx_word' id='word_1_399' title='bbox 3070 2269 3126 2325; x_wconf 88' lang='lat' dir='ltr'><strong>in</strong></span> <span class='ocrx_word' id='word_1_400' title='bbox 3155 2269 3348 2341; x_wconf 85' lang='lat' dir='ltr'><strong>spiritu</strong></span> <span class='ocrx_word' id='word_1_401' title='bbox 3372 2278 3430 2326; x_wconf 87' lang='lat' dir='ltr'><strong>et</strong></span> <span class='ocrx_word' id='word_1_402' title='bbox 3455 2287 3565 2331; x_wconf 90' lang='lat' dir='ltr'><strong>non</strong></span> 
     </span>
    </p>
   </div>
   <div class='ocr_carea' id='block_1_55' title="bbox 1978 2358 3570 2428">
    <p class='ocr_par' dir='ltr' id='par_1_55' title="bbox 1978 2358 3570 2428">
     <span class='ocr_line' id='line_1_55' title="bbox 1978 2358 3570 2428; baseline 0.004 -17"><span class='ocrx_word' id='word_1_403' title='bbox 1978 2358 2156 2413; x_wconf 77' lang='lat' dir='ltr'><strong>fallaci</strong></span> <span class='ocrx_word' id='word_1_404' title='bbox 2182 2358 2463 2427; x_wconf 86' lang='lat' dir='ltr'><strong>phantasia</strong></span> <span class='ocrx_word' id='word_1_405' title='bbox 2481 2358 2768 2427; x_wconf 89' lang='lat' dir='ltr'><strong>inspicient</strong></span> <span class='ocrx_word' id='word_1_406' title='bbox 2800 2376 2813 2412; x_wconf 86' lang='lat'><strong>:</strong></span> <span class='ocrx_word' id='word_1_407' title='bbox 2845 2374 2950 2428; x_wconf 88' lang='lat' dir='ltr'><strong>qua</strong></span> <span class='ocrx_word' id='word_1_408' title='bbox 2980 2359 3189 2419; x_wconf 88' lang='lat' dir='ltr'><strong>visione</strong></span> <span class='ocrx_word' id='word_1_409' title='bbox 3218 2361 3384 2417; x_wconf 88' lang='lat' dir='ltr'><strong>etiam</strong></span> <span class='ocrx_word' id='word_1_410' title='bbox 3405 2361 3570 2418; x_wconf 90' lang='lat' dir='ltr'><strong>hodie</strong></span> 
     </span>
    </p>
   </div>
   <div class='ocr_carea' id='block_1_56' title="bbox 1980 2448 3566 2522">
    <p class='ocr_par' dir='ltr' id='par_1_56' title="bbox 1980 2448 3566 2522">
     <span class='ocr_line' id='line_1_56' title="bbox 1980 2448 3566 2522; baseline 0.004 -21"><span class='ocrx_word' id='word_1_411' title='bbox 1980 2448 2227 2507; x_wconf 81' lang='lat' dir='ltr'><strong>fruuntur</strong></span> <span class='ocrx_word' id='word_1_412' title='bbox 2252 2449 2471 2519; x_wconf 83' lang='lat' dir='ltr'><strong>spiritus</strong></span> <span class='ocrx_word' id='word_1_413' title='bbox 2492 2448 2764 2518; x_wconf 73' lang='lat' dir='ltr'><strong>iustorum</strong></span> <span class='ocrx_word' id='word_1_414' title='bbox 2792 2458 2915 2518; x_wconf 91' lang='lat' dir='ltr'><strong>post</strong></span> <span class='ocrx_word' id='word_1_415' title='bbox 2952 2467 3245 2522; x_wconf 89' lang='lat' dir='ltr'><strong>corporum</strong></span> <span class='ocrx_word' id='word_1_416' title='bbox 3293 2452 3527 2509; x_wconf 82' lang='lat' dir='ltr'><strong>claustra</strong></span> <span class='ocrx_word' id='word_1_417' title='bbox 3551 2469 3566 2508; x_wconf 87' lang='lat'><strong>:</strong></span> 
     </span>
    </p>
   </div>
   <div class='ocr_carea' id='block_1_57' title="bbox 1980 2540 3569 2616">
    <p class='ocr_par' dir='ltr' id='par_1_57' title="bbox 1980 2540 3569 2616">
     <span class='ocr_line' id='line_1_57' title="bbox 1980 2540 3569 2616; baseline 0.002 -21"><span class='ocrx_word' id='word_1_418' title='bbox 1980 2548 2036 2595; x_wconf 92' lang='lat' dir='ltr'><strong>et</strong></span> <span class='ocrx_word' id='word_1_419' title='bbox 2063 2540 2199 2595; x_wconf 82' lang='lat' dir='ltr'><strong>visio</strong></span> <span class='ocrx_word' id='word_1_420' title='bbox 2225 2540 2623 2608; x_wconf 84' lang='lat' dir='ltr'><strong>intellectualis,</strong></span> <span class='ocrx_word' id='word_1_421' title='bbox 2655 2556 2763 2612; x_wconf 90' lang='lat' dir='ltr'><strong>qua</strong></span> <span class='ocrx_word' id='word_1_422' title='bbox 2792 2558 2929 2613; x_wconf 89' lang='lat' dir='ltr'><strong>puro</strong></span> <span class='ocrx_word' id='word_1_423' title='bbox 2949 2544 3145 2599; x_wconf 84' lang='lat' dir='ltr'><strong>mentis</strong></span> <span class='ocrx_word' id='word_1_424' title='bbox 3172 2542 3335 2602; x_wconf 87' lang='lat' dir='ltr'><strong>o’culo</strong></span> <span class='ocrx_word' id='word_1_425' title='bbox 3372 2544 3424 2599; x_wconf 90' lang='lat' dir='ltr'><strong>in</strong></span> <span class='ocrx_word' id='word_1_426' title='bbox 3455 2543 3569 2616; x_wconf 71' lang='lat' dir='ltr'><strong>spi-</strong></span> 
     </span>
    </p>
   </div>
   <div class='ocr_carea' id='block_1_58' title="bbox 1980 2631 3568 2703">
    <p class='ocr_par' dir='ltr' id='par_1_58' title="bbox 1980 2631 3568 2703">
     <span class='ocr_line' id='line_1_58' title="bbox 1980 2631 3568 2703; baseline 0.003 -17"><span class='ocrx_word' id='word_1_427' title='bbox 1980 2632 2088 2687; x_wconf 89' lang='lat' dir='ltr'><strong>ritu</strong></span> <span class='ocrx_word' id='word_1_428' title='bbox 2116 2631 2289 2695; x_wconf 76' lang='lat' dir='ltr'><strong>Denm</strong></span> <span class='ocrx_word' id='word_1_429' title='bbox 2307 2632 2584 2699; x_wconf 80' lang='lat' dir='ltr'><strong>videbunt,</strong></span> <span class='ocrx_word' id='word_1_430' title='bbox 2615 2642 2673 2693; x_wconf 89' lang='lat' dir='ltr'><strong>et</strong></span> <span class='ocrx_word' id='word_1_431' title='bbox 2698 2650 2825 2692; x_wconf 85' lang='lat' dir='ltr'><strong>suas</strong></span> <span class='ocrx_word' id='word_1_432' title='bbox 2850 2636 3080 2703; x_wconf 80' lang='lat' dir='ltr'><strong>animas,</strong></span> <span class='ocrx_word' id='word_1_433' title='bbox 3100 2644 3157 2695; x_wconf 89' lang='lat' dir='ltr'><strong>et</strong></span> <span class='ocrx_word' id='word_1_434' title='bbox 3182 2638 3410 2697; x_wconf 84' lang='lat' dir='ltr'><strong>virtutes</strong></span> <span class='ocrx_word' id='word_1_435' title='bbox 3438 2637 3568 2692; x_wconf 89' lang='lat' dir='ltr'><strong>inti-</strong></span> 
     </span>
    </p>
   </div>
   <div class='ocr_carea' id='block_1_59' title="bbox 1981 2725 3571 2798">
    <p class='ocr_par' dir='ltr' id='par_1_59' title="bbox 1981 2725 3571 2798">
     <span class='ocr_line' id='line_1_59' title="bbox 1981 2725 3571 2798; baseline 0.007 -20"><span class='ocrx_word' id='word_1_436' title='bbox 1981 2739 2116 2790; x_wconf 91' lang='lat' dir='ltr'><strong>mas,</strong></span> <span class='ocrx_word' id='word_1_437' title='bbox 2167 2734 2225 2784; x_wconf 87' lang='lat' dir='ltr'><strong>et</strong></span> <span class='ocrx_word' id='word_1_438' title='bbox 2249 2725 2470 2795; x_wconf 84' lang='lat' dir='ltr'><strong>spiritus</strong></span> <span class='ocrx_word' id='word_1_439' title='bbox 2494 2727 2786 2795; x_wconf 84' lang='lat' dir='ltr'><strong>angelieos.</strong></span> <span class='ocrx_word' id='word_1_440' title='bbox 2820 2726 2974 2785; x_wconf 83' lang='lat' dir='ltr'><strong>Tunc</strong></span> <span class='ocrx_word' id='word_1_441' title='bbox 2992 2728 3236 2798; x_wconf 77' lang='lat' dir='ltr'><strong>duplices</strong></span> <span class='ocrx_word' id='word_1_442' title='bbox 3254 2728 3368 2791; x_wconf 83' lang='lat' dir='ltr'><strong>Deo</strong></span> <span class='ocrx_word' id='word_1_443' title='bbox 3393 2728 3571 2791; x_wconf 76' lang='lat' dir='ltr'><strong>acturi</strong></span> 
     </span>
    </p>
   </div>
   <div class='ocr_carea' id='block_1_60' title="bbox 1980 2816 3572 2891">
    <p class='ocr_par' dir='ltr' id='par_1_60' title="bbox 1980 2816 3572 2891">
     <span class='ocr_line' id='line_1_60' title="bbox 1980 2816 3572 2891; baseline 0.009 -21"><span class='ocrx_word' id='word_1_444' title='bbox 1980 2822 2104 2870; x_wconf 87' lang='lat' dir='ltr'><strong>sunt</strong></span> <span class='ocrx_word' id='word_1_445' title='bbox 2125 2816 2350 2885; x_wconf 85' lang='lat' dir='ltr'><strong>gratias,</strong></span> <span class='ocrx_word' id='word_1_446' title='bbox 2377 2816 2632 2877; x_wconf 80' lang='lat' dir='ltr'><strong>videlicet</strong></span> <span class='ocrx_word' id='word_1_447' title='bbox 2656 2834 2760 2889; x_wconf 85' lang='lat' dir='ltr'><strong>pro</strong></span> <span class='ocrx_word' id='word_1_448' title='bbox 2783 2834 2881 2877; x_wconf 84' lang='lat' dir='ltr'><strong>sua</strong></span> <span class='ocrx_word' id='word_1_449' title='bbox 2903 2819 3225 2881; x_wconf 79' lang='lat' dir='ltr'><strong>liberatione</strong></span> <span class='ocrx_word' id='word_1_450' title='bbox 3249 2837 3284 2879; x_wconf 70' lang='grc' dir='ltr'><strong>ε</strong></span> <span class='ocrx_word' id='word_1_451' title='bbox 3309 2828 3572 2891; x_wconf 72' lang='lat' dir='ltr'><strong>perpetua</strong></span> 
     </span>
    </p>
   </div>
   <div class='ocr_carea' id='block_1_61' title="bbox 1981 2906 3571 2981">
    <p class='ocr_par' dir='ltr' id='par_1_61' title="bbox 1981 2906 3571 2981">
     <span class='ocr_line' id='line_1_61' title="bbox 1981 2906 3571 2981; baseline 0.009 -21"><span class='ocrx_word' id='word_1_452' title='bbox 1981 2906 2349 2975; x_wconf 86' lang='lat' dir='ltr'><strong>damnatione,</strong></span> <span class='ocrx_word' id='word_1_453' title='bbox 2398 2917 2455 2966; x_wconf 87' lang='lat' dir='ltr'><strong>et</strong></span> <span class='ocrx_word' id='word_1_454' title='bbox 2481 2925 2583 2980; x_wconf 82' lang='lat' dir='ltr'><strong>pro</strong></span> <span class='ocrx_word' id='word_1_455' title='bbox 2609 2910 2878 2968; x_wconf 83' lang='lat' dir='ltr'><strong>bonorum</strong></span> <span class='ocrx_word' id='word_1_456' title='bbox 2906 2911 3161 2971; x_wconf 78' lang='lat' dir='ltr'><strong>ineﬂ&#39;abili</strong></span> <span class='ocrx_word' id='word_1_457' title='bbox 3188 2915 3571 2981; x_wconf 71' lang='lat' dir='ltr'><strong>retributione.</strong></span> 
     </span>
    </p>
   </div>
   <div class='ocr_carea' id='block_1_62' title="bbox 1985 2998 3571 3067">
    <p class='ocr_par' dir='ltr' id='par_1_62' title="bbox 1985 2998 3571 3067">
     <span class='ocr_line' id='line_1_62' title="bbox 1985 2998 3571 3067; baseline 0.009 -14"><span class='ocrx_word' id='word_1_458' title='bbox 1985 2998 2142 3061; x_wconf 84' lang='lat' dir='ltr'><strong>Tune</strong></span> <span class='ocrx_word' id='word_1_459' title='bbox 2184 3002 2490 3059; x_wconf 75' lang='lat' dir='ltr'><strong>communis</strong></span> <span class='ocrx_word' id='word_1_460' title='bbox 2531 3004 2777 3060; x_wconf 89' lang='lat' dir='ltr'><strong>omnium</strong></span> <span class='ocrx_word' id='word_1_461' title='bbox 2812 3021 2940 3063; x_wconf 84' lang='lat' dir='ltr'><strong>reus</strong></span> <span class='ocrx_word' id='word_1_462' title='bbox 2967 3014 3027 3062; x_wconf 84' lang='lat' dir='ltr'><strong>et</strong></span> <span class='ocrx_word' id='word_1_463' title='bbox 3047 3006 3219 3065; x_wconf 82' lang='lat' dir='ltr'><strong>hostis</strong></span> <span class='ocrx_word' id='word_1_464' title='bbox 3243 3007 3491 3066; x_wconf 80' lang='lat' dir='ltr'><strong>diabolus</strong></span> <span class='ocrx_word' id='word_1_465' title='bbox 3517 3008 3571 3067; x_wconf 86' lang='lat' dir='ltr'><strong>in</strong></span> 
     </span>
    </p>
   </div>
   <div class='ocr_carea' id='block_1_63' title="bbox 285 3058 3573 3169">
    <p class='ocr_par' dir='ltr' id='par_1_63' title="bbox 285 3058 3573 3169">
     <span class='ocr_line' id='line_1_63' title="bbox 285 3058 3573 3169; baseline 0.011 -58"><span class='ocrx_word' id='word_1_466' title='bbox 285 3058 690 3160; x_wconf 75' lang='lat' dir='ltr'><strong>comparabilis,</strong></span> <span class='ocrx_word' id='word_1_467' title='bbox 720 3059 839 3169; x_wconf 69' lang='lat' dir='ltr'><strong>sine</strong></span> <span class='ocrx_word' id='word_1_468' title='bbox 865 3060 1019 3169; x_wconf 60' lang='lat' dir='ltr'><strong>initio</strong></span> <span class='ocrx_word' id='word_1_469' title='bbox 1044 3071 1099 3119; x_wconf 91' lang='lat' dir='ltr'><strong>et</strong></span> <span class='ocrx_word' id='word_1_470' title='bbox 1126 3063 1242 3122; x_wconf 90' lang='lat' dir='ltr'><strong>sine</strong></span> <span class='ocrx_word' id='word_1_471' title='bbox 1266 3064 1394 3167; x_wconf 68' lang='lat' dir='ltr'><strong>line,</strong></span> <span class='ocrx_word' id='word_1_472' title='bbox 1443 3073 1572 3123; x_wconf 90' lang='lat' dir='ltr'><strong>ante</strong></span> <span class='ocrx_word' id='word_1_473' title='bbox 1620 3067 1801 3169; x_wconf 74' lang='lat' dir='ltr'><strong>omnia</strong></span> <span class='ocrx_word' id='word_1_474' title='bbox 1825 3074 1881 3169; x_wconf 73' lang='grc' dir='ltr'><strong>ει</strong></span> <span class='ocrx_word' id='word_1_475' title='bbox 1986 3058 2283 3161; x_wconf 47' lang='lat' dir='ltr'><strong>edam</strong></span> <span class='ocrx_word' id='word_1_476' title='bbox 2308 3058 2608 3151; x_wconf 54' lang='grc' dir='ltr'><strong>διέξιθι-,ιω</strong></span> 
     </span>
    </p>
   </div>
   <div class='ocr_carea' id='block_1_64' title="bbox 286 3149 1902 3260">
    <p class='ocr_par' dir='ltr' id='par_1_64' title="bbox 286 3149 1881 3231">
     <span class='ocr_line' id='line_1_64' title="bbox 286 3149 1881 3231; baseline 0.006 -27"><span class='ocrx_word' id='word_1_477' title='bbox 286 3156 414 3221; x_wconf 86' lang='lat' dir='ltr'><strong>post</strong></span> <span class='ocrx_word' id='word_1_478' title='bbox 440 3149 660 3204; x_wconf 88' lang='lat' dir='ltr'><strong>omnia:</strong></span> <span class='ocrx_word' id='word_1_479' title='bbox 708 3150 965 3223; x_wconf 88' lang='lat' dir='ltr'><strong>quidquid</strong></span> <span class='ocrx_word' id='word_1_480' title='bbox 991 3152 1219 3211; x_wconf 88' lang='lat' dir='ltr'><strong>interest</strong></span> <span class='ocrx_word' id='word_1_481' title='bbox 1262 3156 1406 3224; x_wconf 84' lang='lat' dir='ltr'><strong>inter</strong></span> <span class='ocrx_word' id='word_1_482' title='bbox 1433 3158 1607 3226; x_wconf 89' lang='lat' dir='ltr'><strong>nasci,</strong></span> <span class='ocrx_word' id='word_1_483' title='bbox 1638 3158 1784 3231; x_wconf 89' lang='lat' dir='ltr'><strong>quod</strong></span> <span class='ocrx_word' id='word_1_484' title='bbox 1811 3158 1881 3214; x_wconf 89' lang='lat' dir='ltr'><strong>ad</strong></span> 
     </span>
    </p>
   </div>
   <div class='ocr_carea' id='block_1_65' title="bbox 1961 3149 3573 3260">
    <p class='ocr_par' dir='ltr' id='par_1_65' title="bbox 1988 3149 3573 3260">
     <span class='ocr_line' id='line_1_65' title="bbox 1988 3149 3573 3260; baseline 0.006 -22"><span class='ocrx_word' id='word_1_485' title='bbox 1988 3183 2062 3237; x_wconf 89' lang='lat' dir='ltr'><strong>tio</strong></span> <span class='ocrx_word' id='word_1_486' title='bbox 2081 3149 2137 3239; x_wconf 71' lang='grc' dir='ltr'>εί</span> <span class='ocrx_word' id='word_1_487' title='bbox 2156 3149 2515 3241; x_wconf 75' lang='lat' dir='ltr'><strong>intolerabilis</strong></span> <span class='ocrx_word' id='word_1_488' title='bbox 2540 3149 2708 3255; x_wconf 71' lang='lat' dir='ltr'><strong>petua</strong></span> 
     </span>
    </p>
   </div>
   <div class='ocr_carea' id='block_1_66' title="bbox 289 3238 1885 3322">
    <p class='ocr_par' dir='ltr' id='par_1_66' title="bbox 289 3238 1885 3322">
     <span class='ocr_line' id='line_1_66' title="bbox 289 3238 1885 3322; baseline 0.007 -26"><span class='ocrx_word' id='word_1_489' title='bbox 289 3238 484 3296; x_wconf 78' lang='lat' dir='ltr'><strong>Filium</strong></span> <span class='ocrx_word' id='word_1_490' title='bbox 504 3241 769 3310; x_wconf 87' lang='lat' dir='ltr'><strong>pertinet;</strong></span> <span class='ocrx_word' id='word_1_491' title='bbox 800 3250 856 3299; x_wconf 92' lang='lat' dir='ltr'><strong>et</strong></span> <span class='ocrx_word' id='word_1_492' title='bbox 874 3245 1192 3314; x_wconf 88' lang='lat' dir='ltr'><strong>procedere,</strong></span> <span class='ocrx_word' id='word_1_493' title='bbox 1218 3248 1365 3321; x_wconf 91' lang='lat' dir='ltr'><strong>quod</strong></span> <span class='ocrx_word' id='word_1_494' title='bbox 1392 3249 1461 3304; x_wconf 92' lang='lat' dir='ltr'><strong>ad</strong></span> <span class='ocrx_word' id='word_1_495' title='bbox 1481 3248 1744 3322; x_wconf 89' lang='lat' dir='ltr'><strong>Spiritum</strong></span> <span class='ocrx_word' id='word_1_496' title='bbox 1764 3266 1885 3307; x_wconf 89' lang='lat' dir='ltr'><strong>san-</strong></span> 
     </span>
    </p>
   </div>
   <div class='ocr_carea' id='block_1_67' title="bbox 291 3333 1884 3409">
    <p class='ocr_par' dir='ltr' id='par_1_67' title="bbox 291 3333 1884 3409">
     <span class='ocr_line' id='line_1_67' title="bbox 291 3333 1884 3409; baseline 0.009 -23"><span class='ocrx_word' id='word_1_497' title='bbox 291 3337 457 3396; x_wconf 88' lang='lat' dir='ltr'><strong>ctum,</strong></span> <span class='ocrx_word' id='word_1_498' title='bbox 492 3340 723 3404; x_wconf 82' lang='lat' dir='ltr'><strong>excepto</strong></span> <span class='ocrx_word' id='word_1_499' title='bbox 748 3333 894 3404; x_wconf 91' lang='lat' dir='ltr'><strong>quod</strong></span> <span class='ocrx_word' id='word_1_500' title='bbox 920 3352 1059 3393; x_wconf 89' lang='lat' dir='ltr'><strong>unus</strong></span> <span class='ocrx_word' id='word_1_501' title='bbox 1105 3353 1174 3394; x_wconf 77' lang='lat' dir='ltr'><strong>ex</strong></span> <span class='ocrx_word' id='word_1_502' title='bbox 1215 3355 1323 3395; x_wconf 92' lang='lat' dir='ltr'><strong>uno</strong></span> <span class='ocrx_word' id='word_1_503' title='bbox 1342 3349 1501 3397; x_wconf 91' lang='lat' dir='ltr'><strong>natus</strong></span> <span class='ocrx_word' id='word_1_504' title='bbox 1529 3342 1619 3409; x_wconf 89' lang='lat' dir='ltr'><strong>sit,</strong></span> <span class='ocrx_word' id='word_1_505' title='bbox 1649 3343 1788 3400; x_wconf 86' lang='lat' dir='ltr'><strong>alter</strong></span> <span class='ocrx_word' id='word_1_506' title='bbox 1814 3359 1884 3401; x_wconf 77' lang='lat' dir='ltr'><strong>ex</strong></span> 
     </span>
    </p>
   </div>
   <div class='ocr_carea' id='block_1_68' title="bbox 291 3423 1887 3503">
    <p class='ocr_par' dir='ltr' id='par_1_68' title="bbox 291 3423 1887 3503">
     <span class='ocr_line' id='line_1_68' title="bbox 291 3423 1887 3503; baseline 0.008 -25"><span class='ocrx_word' id='word_1_507' title='bbox 291 3423 503 3479; x_wconf 87' lang='lat' dir='ltr'><strong>duobus</strong></span> <span class='ocrx_word' id='word_1_508' title='bbox 529 3425 826 3494; x_wconf 90' lang='lat' dir='ltr'><strong>processit;</strong></span> <span class='ocrx_word' id='word_1_509' title='bbox 859 3434 914 3482; x_wconf 91' lang='lat' dir='ltr'><strong>et</strong></span> <span class='ocrx_word' id='word_1_510' title='bbox 941 3427 1216 3497; x_wconf 89' lang='lat' dir='ltr'><strong>quomodo</strong></span> <span class='ocrx_word' id='word_1_511' title='bbox 1245 3427 1407 3485; x_wconf 89' lang='lat' dir='ltr'><strong>Pater</strong></span> <span class='ocrx_word' id='word_1_512' title='bbox 1450 3447 1558 3487; x_wconf 91' lang='lat' dir='ltr'><strong>non</strong></span> <span class='ocrx_word' id='word_1_513' title='bbox 1610 3435 1887 3503; x_wconf 82' lang='lat' dir='ltr'><strong>praecessit</strong></span> 
     </span>
    </p>
   </div>
   <div class='ocr_carea' id='block_1_69' title="bbox 293 3514 1885 3594">
    <p class='ocr_par' dir='ltr' id='par_1_69' title="bbox 293 3514 1885 3594">
     <span class='ocr_line' id='line_1_69' title="bbox 293 3514 1885 3594; baseline 0.008 -24"><span class='ocrx_word' id='word_1_514' title='bbox 293 3514 488 3572; x_wconf 77' lang='lat' dir='ltr'><strong>Filium</strong></span> <span class='ocrx_word' id='word_1_515' title='bbox 508 3523 770 3590; x_wconf 89' lang='lat' dir='ltr'><strong>tempore,</strong></span> <span class='ocrx_word' id='word_1_516' title='bbox 796 3518 892 3574; x_wconf 91' lang='lat' dir='ltr'><strong>sed</strong></span> <span class='ocrx_word' id='word_1_517' title='bbox 907 3520 1135 3588; x_wconf 88' lang='lat' dir='ltr'><strong>origine,</strong></span> <span class='ocrx_word' id='word_1_518' title='bbox 1161 3537 1265 3577; x_wconf 87' lang='lat' dir='ltr'><strong>nec</strong></span> <span class='ocrx_word' id='word_1_519' title='bbox 1274 3521 1531 3594; x_wconf 89' lang='lat' dir='ltr'><strong>Spiritum</strong></span> <span class='ocrx_word' id='word_1_520' title='bbox 1547 3534 1811 3592; x_wconf 88' lang='lat' dir='ltr'><strong>sanctum;</strong></span> <span class='ocrx_word' id='word_1_521' title='bbox 1829 3535 1885 3582; x_wconf 90' lang='lat' dir='ltr'><strong>et</strong></span> 
     </span>
    </p>
   </div>
   <div class='ocr_carea' id='block_1_70' title="bbox 295 3602 1886 3687">
    <p class='ocr_par' dir='ltr' id='par_1_70' title="bbox 295 3602 1886 3687">
     <span class='ocr_line' id='line_1_70' title="bbox 295 3602 1886 3687; baseline 0.008 -25"><span class='ocrx_word' id='word_1_522' title='bbox 295 3602 565 3678; x_wconf 83' lang='lat' dir='ltr'><strong>quomodo</strong></span> <span class='ocrx_word' id='word_1_523' title='bbox 586 3611 766 3666; x_wconf 91' lang='lat' dir='ltr'><strong>omnia</strong></span> <span class='ocrx_word' id='word_1_524' title='bbox 796 3610 892 3666; x_wconf 92' lang='lat' dir='ltr'><strong>Dei</strong></span> <span class='ocrx_word' id='word_1_525' title='bbox 912 3627 1079 3668; x_wconf 88' lang='lat' dir='ltr'><strong>unum</strong></span> <span class='ocrx_word' id='word_1_526' title='bbox 1098 3620 1223 3669; x_wconf 92' lang='lat' dir='ltr'><strong>sunt</strong></span> <span class='ocrx_word' id='word_1_527' title='bbox 1249 3613 1302 3668; x_wconf 88' lang='lat' dir='ltr'><strong>in</strong></span> <span class='ocrx_word' id='word_1_528' title='bbox 1331 3613 1464 3681; x_wconf 89' lang='lat' dir='ltr'><strong>Deo,</strong></span> <span class='ocrx_word' id='word_1_529' title='bbox 1488 3625 1715 3686; x_wconf 85' lang='lat' dir='ltr'><strong>excepto</strong></span> <span class='ocrx_word' id='word_1_530' title='bbox 1741 3618 1886 3687; x_wconf 83' lang='lat' dir='ltr'><strong>quod</strong></span> 
     </span>
    </p>
   </div>
   <div class='ocr_carea' id='block_1_71' title="bbox 295 3702 1883 3779">
    <p class='ocr_par' dir='ltr' id='par_1_71' title="bbox 295 3702 1883 3779">
     <span class='ocr_line' id='line_1_71' title="bbox 295 3702 1883 3779; baseline 0.008 -24"><span class='ocrx_word' id='word_1_531' title='bbox 295 3702 361 3756; x_wconf 80' lang='lat' dir='ltr'><strong>ad</strong></span> <span class='ocrx_word' id='word_1_532' title='bbox 388 3702 708 3760; x_wconf 86' lang='lat' dir='ltr'><strong>relationem</strong></span> <span class='ocrx_word' id='word_1_533' title='bbox 737 3704 1003 3776; x_wconf 90' lang='lat' dir='ltr'><strong>pertinet;</strong></span> <span class='ocrx_word' id='word_1_534' title='bbox 1035 3722 1158 3761; x_wconf 89' lang='lat' dir='ltr'><strong>nam</strong></span> <span class='ocrx_word' id='word_1_535' title='bbox 1179 3708 1445 3779; x_wconf 88' lang='lat' dir='ltr'><strong>sapientia</strong></span> <span class='ocrx_word' id='word_1_536' title='bbox 1470 3709 1568 3765; x_wconf 91' lang='lat' dir='ltr'><strong>Dei</strong></span> <span class='ocrx_word' id='word_1_537' title='bbox 1595 3718 1649 3765; x_wconf 91' lang='lat' dir='ltr'><strong>et</strong></span> <span class='ocrx_word' id='word_1_538' title='bbox 1679 3711 1883 3767; x_wconf 86' lang='lat' dir='ltr'><strong>veritas</strong></span> 
     </span>
    </p>
   </div>
   <div class='ocr_carea' id='block_1_72' title="bbox 368 3830 1408 3914">
    <p class='ocr_par' dir='ltr' id='par_1_72' title="bbox 368 3830 1408 3914">
     <span class='ocr_line' id='line_1_72' title="bbox 368 3830 1408 3914; baseline 0.003 -19"><span class='ocrx_word' id='word_1_539' title='bbox 368 3849 393 3878; x_wconf 81' lang='grc' dir='ltr'>ι</span> <span class='ocrx_word' id='word_1_540' title='bbox 424 3840 591 3896; x_wconf 84' lang='lat' dir='ltr'><strong>Abest</strong></span> <span class='ocrx_word' id='word_1_541' title='bbox 614 3858 722 3897; x_wconf 78' lang='lat' dir='ltr'><strong>vox</strong></span> <span class='ocrx_word' id='word_1_542' title='bbox 750 3830 1060 3914; x_wconf 66' lang='lat' dir='ltr'><strong>cognitionis</strong></span> <span class='ocrx_word' id='word_1_543' title='bbox 1088 3858 1119 3898; x_wconf 92' lang='lat' dir='ltr'><strong>a</strong></span> <span class='ocrx_word' id='word_1_544' title='bbox 1147 3859 1249 3900; x_wconf 88' lang='lat' dir='ltr'><strong>ms.</strong></span> <span class='ocrx_word' id='word_1_545' title='bbox 1268 3843 1408 3900; x_wconf 83' lang='lat' dir='ltr'><strong>Vict.</strong></span> 
     </span>
    </p>
   </div>
   <div class='ocr_carea' id='block_1_73' title="bbox 1987 3276 3573 3343">
    <p class='ocr_par' dir='ltr' id='par_1_73' title="bbox 1987 3276 3573 3343">
     <span class='ocr_line' id='line_1_73' title="bbox 1987 3276 3573 3343; baseline 0.007 -12"><span class='ocrx_word' id='word_1_546' title='bbox 1987 3276 2151 3332; x_wconf 82' lang='lat' dir='ltr'><strong>stabit</strong></span> <span class='ocrx_word' id='word_1_547' title='bbox 2174 3276 2385 3332; x_wconf 85' lang='lat' dir='ltr'><strong>electis.</strong></span> <span class='ocrx_word' id='word_1_548' title='bbox 2402 3276 2559 3333; x_wconf 88' lang='lat' dir='ltr'><strong>Tunc</strong></span> <span class='ocrx_word' id='word_1_549' title='bbox 2580 3276 2962 3335; x_wconf 76' lang='lat' dir='ltr'><strong>ardentissimo</strong></span> <span class='ocrx_word' id='word_1_550' title='bbox 3008 3294 3203 3337; x_wconf 79' lang='lat' dir='ltr'><strong>amore</strong></span> <span class='ocrx_word' id='word_1_551' title='bbox 3228 3280 3573 3343; x_wconf 72' lang='lat' dir='ltr'><strong>liberatorem</strong></span> 
     </span>
    </p>
   </div>
   <div class='ocr_carea' id='block_1_74' title="bbox 1987 3370 3572 3440">
    <p class='ocr_par' dir='ltr' id='par_1_74' title="bbox 1987 3370 3572 3440">
     <span class='ocr_line' id='line_1_74' title="bbox 1987 3370 3572 3440; baseline 0.003 -15"><span class='ocrx_word' id='word_1_552' title='bbox 1987 3386 2144 3425; x_wconf 89' lang='lat' dir='ltr'><strong>suum</strong></span> <span class='ocrx_word' id='word_1_553' title='bbox 2170 3377 2228 3426; x_wconf 87' lang='lat' dir='ltr'><strong>et</strong></span> <span class='ocrx_word' id='word_1_554' title='bbox 2250 3370 2491 3426; x_wconf 77' lang='lat' dir='ltr'><strong>omnium</strong></span> <span class='ocrx_word' id='word_1_555' title='bbox 2515 3372 2786 3429; x_wconf 75' lang='lat' dir='ltr'><strong>bonorum</strong></span> <span class='ocrx_word' id='word_1_556' title='bbox 2804 3371 3049 3428; x_wconf 84' lang='lat' dir='ltr'><strong>datorem</strong></span> <span class='ocrx_word' id='word_1_557' title='bbox 3076 3373 3357 3440; x_wconf 84' lang='lat' dir='ltr'><strong>amabunt,</strong></span> <span class='ocrx_word' id='word_1_558' title='bbox 3378 3382 3434 3431; x_wconf 85' lang='lat' dir='ltr'><strong>et</strong></span> <span class='ocrx_word' id='word_1_559' title='bbox 3457 3374 3572 3432; x_wconf 82' lang='lat' dir='ltr'><strong>sine</strong></span> 
     </span>
    </p>
   </div>
   <div class='ocr_carea' id='block_1_75' title="bbox 1990 3459 3573 3523">
    <p class='ocr_par' dir='ltr' id='par_1_75' title="bbox 1990 3459 3573 3523">
     <span class='ocr_line' id='line_1_75' title="bbox 1990 3459 3573 3523; baseline 0.007 -11"><span class='ocrx_word' id='word_1_560' title='bbox 1990 3459 2095 3516; x_wconf 80' lang='lat' dir='ltr'><strong>line</strong></span> <span class='ocrx_word' id='word_1_561' title='bbox 2140 3468 2195 3516; x_wconf 92' lang='lat' dir='ltr'><strong>et</strong></span> <span class='ocrx_word' id='word_1_562' title='bbox 2223 3461 2341 3517; x_wconf 79' lang='lat' dir='ltr'><strong>sine</strong></span> <span class='ocrx_word' id='word_1_563' title='bbox 2365 3461 2583 3519; x_wconf 82' lang='lat' dir='ltr'><strong>fastidio</strong></span> <span class='ocrx_word' id='word_1_564' title='bbox 2609 3462 2847 3521; x_wconf 86' lang='lat' dir='ltr'><strong>clamore</strong></span> <span class='ocrx_word' id='word_1_565' title='bbox 2877 3463 3058 3520; x_wconf 83' lang='lat' dir='ltr'><strong>cordis</strong></span> <span class='ocrx_word' id='word_1_566' title='bbox 3084 3463 3381 3521; x_wconf 79' lang='lat' dir='ltr'><strong>laudabunt</strong></span> <span class='ocrx_word' id='word_1_567' title='bbox 3405 3463 3573 3523; x_wconf 75' lang='lat' dir='ltr'><strong>Deum</strong></span> 
     </span>
    </p>
   </div>
   <div class='ocr_carea' id='block_1_76' title="bbox 1989 3553 3573 3623">
    <p class='ocr_par' dir='ltr' id='par_1_76' title="bbox 1989 3553 3573 3623">
     <span class='ocr_line' id='line_1_76' title="bbox 1989 3553 3573 3623; baseline 0.003 -17"><span class='ocrx_word' id='word_1_568' title='bbox 1989 3553 2439 3623; x_wconf 85' lang='lat' dir='ltr'><strong>omnipotentem,</strong></span> <span class='ocrx_word' id='word_1_569' title='bbox 2465 3553 2757 3622; x_wconf 79' lang='lat' dir='ltr'><strong>benignum</strong></span> <span class='ocrx_word' id='word_1_570' title='bbox 2796 3559 2853 3609; x_wconf 84' lang='lat' dir='ltr'><strong>et</strong></span> <span class='ocrx_word' id='word_1_571' title='bbox 2875 3553 3280 3612; x_wconf 76' lang='lat' dir='ltr'><strong>misericordem</strong></span> <span class='ocrx_word' id='word_1_572' title='bbox 3311 3571 3325 3608; x_wconf 88' lang='lat'><strong>:</strong></span> <span class='ocrx_word' id='word_1_573' title='bbox 3358 3555 3449 3611; x_wconf 85' lang='lat' dir='ltr'><strong>cui</strong></span> <span class='ocrx_word' id='word_1_574' title='bbox 3475 3555 3573 3610; x_wconf 70' lang='grc' dir='ltr'><strong>1ιο-</strong></span> 
     </span>
    </p>
   </div>
   <div class='ocr_carea' id='block_1_77' title="bbox 1990 3644 3571 3715">
    <p class='ocr_par' dir='ltr' id='par_1_77' title="bbox 1990 3644 3571 3715">
     <span class='ocr_line' id='line_1_77' title="bbox 1990 3644 3571 3715; baseline 0.006 -19"><span class='ocrx_word' id='word_1_575' title='bbox 1990 3656 2093 3697; x_wconf 90' lang='lat' dir='ltr'><strong>nor</strong></span> <span class='ocrx_word' id='word_1_576' title='bbox 2112 3650 2167 3698; x_wconf 91' lang='lat' dir='ltr'><strong>et</strong></span> <span class='ocrx_word' id='word_1_577' title='bbox 2184 3644 2359 3713; x_wconf 85' lang='lat' dir='ltr'><strong>gloria</strong></span> <span class='ocrx_word' id='word_1_578' title='bbox 2376 3651 2435 3700; x_wconf 88' lang='lat' dir='ltr'><strong>et</strong></span> <span class='ocrx_word' id='word_1_579' title='bbox 2454 3658 2599 3705; x_wconf 69' lang='lat' dir='ltr'><strong>nmo</strong></span> <span class='ocrx_word' id='word_1_580' title='bbox 2616 3651 2674 3701; x_wconf 88' lang='lat' dir='ltr'><strong>et</strong></span> <span class='ocrx_word' id='word_1_581' title='bbox 2692 3658 2794 3715; x_wconf 86' lang='lat' dir='ltr'><strong>per</strong></span> <span class='ocrx_word' id='word_1_582' title='bbox 2817 3644 2999 3704; x_wconf 83' lang='lat' dir='ltr'><strong>omnia</strong></span> <span class='ocrx_word' id='word_1_583' title='bbox 3019 3644 3217 3703; x_wconf 63' lang='lat' dir='ltr'><strong>secula</strong></span> <span class='ocrx_word' id='word_1_584' title='bbox 3234 3644 3571 3705; x_wconf 67' lang='lat' dir='ltr'><strong>saeculorum.</strong></span> 
     </span>
    </p>
   </div>
   <div class='ocr_carea' id='block_1_78' title="bbox 2037 3846 3568 3922">
    <p class='ocr_par' dir='ltr' id='par_1_78' title="bbox 2037 3846 3568 3922">
     <span class='ocr_line' id='line_1_78' title="bbox 2037 3846 3568 3922; baseline 0.003 -19"><span class='ocrx_word' id='word_1_585' title='bbox 2037 3846 2063 3886; x_wconf 66' lang='grc' dir='ltr'>ι’</span> <span class='ocrx_word' id='word_1_586' title='bbox 2078 3847 2170 3904; x_wconf 90' lang='lat' dir='ltr'><strong>Sic</strong></span> <span class='ocrx_word' id='word_1_587' title='bbox 2183 3864 2287 3904; x_wconf 88' lang='lat' dir='ltr'><strong>ms.</strong></span> <span class='ocrx_word' id='word_1_588' title='bbox 2302 3849 2439 3906; x_wconf 80' lang='lat' dir='ltr'><strong>Vict.</strong></span> <span class='ocrx_word' id='word_1_589' title='bbox 2457 3849 2525 3905; x_wconf 90' lang='lat' dir='ltr'><strong>At</strong></span> <span class='ocrx_word' id='word_1_590' title='bbox 2536 3848 2703 3917; x_wconf 89' lang='lat' dir='ltr'><strong>Cult.,</strong></span> <span class='ocrx_word' id='word_1_591' title='bbox 2715 3867 2830 3906; x_wconf 74' lang='lat' dir='ltr'><strong>usu.</strong></span> <span class='ocrx_word' id='word_1_592' title='bbox 2845 3848 3009 3919; x_wconf 84' lang='lat' dir='ltr'><strong>Edit.,</strong></span> <span class='ocrx_word' id='word_1_593' title='bbox 3025 3851 3155 3919; x_wconf 71' lang='lat' dir='ltr'><strong>visu,</strong></span> <span class='ocrx_word' id='word_1_594' title='bbox 3171 3848 3568 3922; x_wconf 71' lang='lat' dir='ltr'><strong>forteprottt&#39;u.</strong></span> 
     </span>
    </p>
   </div>
   <div class='ocr_carea' id='block_1_79' title="bbox 1423 3958 2463 4162">
    <p class='ocr_par' dir='ltr' id='par_1_79' title="bbox 1423 3958 2463 4162">
     <span class='ocr_line' id='line_1_79' title="bbox 1423 3958 2463 4162; baseline 0.002 -7"><span class='ocrx_word' id='word_1_595' title='bbox 1423 3958 1550 4155; x_wconf 79' lang='lat' dir='ltr'><strong>s.</strong></span> <span class='ocrx_word' id='word_1_596' title='bbox 1650 3958 2463 4162; x_wconf 12' lang='lat' dir='ltr'><strong>PATRICII&#39;</strong></span> 
     </span>
    </p>
   </div>
   <div class='ocr_carea' id='block_1_80' title="bbox 590 4208 3273 4320">
    <p class='ocr_par' dir='ltr' id='par_1_80' title="bbox 590 4208 3273 4320">
     <span class='ocr_line' id='line_1_80' title="bbox 590 4208 3273 4320; baseline 0.007 -27"><span class='ocrx_word' id='word_1_597' title='bbox 590 4208 928 4299; x_wconf 79' lang='lat' dir='ltr'><strong>LIBER</strong></span> <span class='ocrx_word' id='word_1_598' title='bbox 1002 4218 1161 4302; x_wconf 89' lang='lat' dir='ltr'><strong>DE</strong></span> <span class='ocrx_word' id='word_1_599' title='bbox 1230 4220 1870 4307; x_wconf 86' lang='lat' dir='ltr'><strong>DUODECIM</strong></span> <span class='ocrx_word' id='word_1_600' title='bbox 1943 4224 2726 4316; x_wconf 89' lang='lat' dir='ltr'><strong>ABUSIONIBUS</strong></span> <span class='ocrx_word' id='word_1_601' title='bbox 2797 4232 3273 4320; x_wconf 81' lang='lat' dir='ltr'><strong>S/ECULI.</strong></span> 
     </span>
    </p>
   </div>
   <div class='ocr_carea' id='block_1_81' title="bbox 1266 4351 2573 4429">
    <p class='ocr_par' dir='ltr' id='par_1_81' title="bbox 1266 4351 2573 4429">
     <span class='ocr_line' id='line_1_81' title="bbox 1266 4351 2573 4429; baseline 0.008 -22"><span class='ocrx_word' id='word_1_602' title='bbox 1266 4351 1424 4417; x_wconf 74' lang='lat' dir='ltr'><strong>(Vide</strong></span> <span class='ocrx_word' id='word_1_603' title='bbox 1443 4362 1618 4409; x_wconf 71' lang='grc' dir='ltr'><strong>ηοω-ω</strong></span> <span class='ocrx_word' id='word_1_604' title='bbox 1634 4356 1931 4420; x_wconf 73' lang='lat' dir='ltr'><strong>Patrologt’ae</strong></span> <span class='ocrx_word' id='word_1_605' title='bbox 1951 4361 2063 4408; x_wconf 84' lang='lat' dir='ltr'><strong>tam.</strong></span> <span class='ocrx_word' id='word_1_606' title='bbox 2092 4360 2122 4410; x_wconf 86' lang='grc' dir='ltr'><strong><em>Ι</em></strong></span> <span class='ocrx_word' id='word_1_607' title='bbox 2134 4364 2194 4422; x_wconf 79' lang='grc' dir='ltr'><strong>γ,</strong></span> <span class='ocrx_word' id='word_1_608' title='bbox 2215 4361 2307 4413; x_wconf 83' lang='lat' dir='ltr'><strong>col.</strong></span> <span class='ocrx_word' id='word_1_609' title='bbox 2334 4364 2426 4415; x_wconf 89' lang='lat'><strong>869</strong></span> <span class='ocrx_word' id='word_1_610' title='bbox 2448 4368 2573 4429; x_wconf 83' lang='lat' dir='ltr'><strong>seq.)</strong></span> 
     </span>
    </p>
   </div>
   <div class='ocr_carea' id='block_1_82' title="bbox 1159 4532 2813 4651">
    <p class='ocr_par' dir='ltr' id='par_1_82' title="bbox 1159 4532 2813 4651">
     <span class='ocr_line' id='line_1_82' title="bbox 1159 4532 2813 4651; baseline 0.01 -15"><span class='ocrx_word' id='word_1_611' title='bbox 1159 4534 1538 4640; x_wconf 87' lang='lat' dir='ltr'><strong>HYMN</strong></span> <span class='ocrx_word' id='word_1_612' title='bbox 1542 4535 1704 4640; x_wconf 87' lang='lat' dir='ltr'><strong>US</strong></span> <span class='ocrx_word' id='word_1_613' title='bbox 1762 4532 2731 4651; x_wconf 87' lang='lat' dir='ltr'><strong>ALPHABETICUS</strong></span> <span class='ocrx_word' id='word_1_614' title='bbox 2788 4542 2813 4569; x_wconf 73' lang='grc'><strong>⁸</strong></span> 
     </span>
    </p>
   </div>
   <div class='ocr_carea' id='block_1_83' title="bbox 1253 4698 2615 4793">
    <p class='ocr_par' dir='ltr' id='par_1_83' title="bbox 1253 4698 2615 4793">
     <span class='ocr_line' id='line_1_83' title="bbox 1253 4698 2615 4793; baseline 0.008 -38"><span class='ocrx_word' id='word_1_615' title='bbox 1253 4698 1319 4756; x_wconf 82' lang='lat' dir='ltr'><strong>IN</strong></span> <span class='ocrx_word' id='word_1_616' title='bbox 1358 4700 1643 4757; x_wconf 80' lang='lat' dir='ltr'><strong>LAUDEM</strong></span> <span class='ocrx_word' id='word_1_617' title='bbox 1780 4701 2076 4761; x_wconf 83' lang='lat' dir='ltr'><strong>PATRICII</strong></span> <span class='ocrx_word' id='word_1_618' title='bbox 2113 4705 2257 4763; x_wconf 73' lang='lat' dir='ltr'><strong>TUM</strong></span> <span class='ocrx_word' id='word_1_619' title='bbox 2301 4708 2615 4767; x_wconf 78' lang='lat' dir='ltr'><strong>VIVENTIS</strong></span> 
     </span>
    </p>
   </div>
   <div class='ocr_carea' id='block_1_84' title="bbox 923 4821 2970 4959">
    <p class='ocr_par' dir='ltr' id='par_1_84' title="bbox 923 4821 2970 4959">
     <span class='ocr_line' id='line_1_84' title="bbox 923 4821 2970 4959; baseline 0.011 -22"><span class='ocrx_word' id='word_1_620' title='bbox 923 4821 1948 4956; x_wconf 74' lang='lat' dir='ltr'><strong>SECUNDINO</strong></span> <span class='ocrx_word' id='word_1_621' title='bbox 2024 4831 2897 4959; x_wconf 77' lang='lat' dir='ltr'><strong>EPISGOPO</strong></span> <span class='ocrx_word' id='word_1_622' title='bbox 2941 4832 2970 4871; x_wconf 60' lang='grc'><strong><em>⁸³</em></strong></span> 
     </span>
    </p>
   </div>
   <div class='ocr_carea' id='block_1_85' title="bbox 1755 4998 3000 5045">
    <p class='ocr_par' dir='ltr' id='par_1_85' title="bbox 1755 4998 3000 5045">
     <span class='ocr_line' id='line_1_85' title="bbox 1755 4998 3000 5045; baseline 0.006 -1"><span class='ocrx_word' id='word_1_623' title='bbox 1755 4998 2116 5045; x_wconf 72' lang='grc' dir='ltr'>Δεαιιιρτυε.</span> <span class='ocrx_word' id='word_1_624' title='bbox 2997 5026 3000 5033; x_wconf 64' lang='grc' dir='ltr'>λ</span> 
     </span>
    </p>
   </div>
   <div class='ocr_carea' id='block_1_86' title="bbox 310 4447 3569 4504">
    <p class='ocr_par' dir='ltr' id='par_1_86' title="bbox 310 4447 3569 4504">
     <span class='ocr_line' id='line_1_86' title="bbox 310 4447 3569 4504; baseline 0.001 -34"><span class='ocrx_word' id='word_1_625' title='bbox 310 4447 3569 4504; x_wconf 54' lang='lat'><strong>..__._________________._____________________,</strong></span> 
     </span>
    </p>
   </div>
   <div class='ocr_carea' id='block_1_87' title="bbox 237 5153 1712 5239">
    <p class='ocr_par' dir='ltr' id='par_1_87' title="bbox 237 5153 1712 5239">
     <span class='ocr_line' id='line_1_87' title="bbox 237 5153 1712 5239; baseline 0.013 -31"><span class='ocrx_word' id='word_1_626' title='bbox 237 5200 248 5239; x_wconf 35' lang='grc' dir='ltr'><strong><em>Γ</em></strong></span> <span class='ocrx_word' id='word_1_627' title='bbox 368 5153 585 5223; x_wconf 83' lang='lat' dir='ltr'><strong>Audite,</strong></span> <span class='ocrx_word' id='word_1_628' title='bbox 613 5171 801 5213; x_wconf 88' lang='lat' dir='ltr'><strong>omnes</strong></span> <span class='ocrx_word' id='word_1_629' title='bbox 827 5168 1072 5217; x_wconf 88' lang='lat' dir='ltr'><strong>amantes</strong></span> <span class='ocrx_word' id='word_1_630' title='bbox 1088 5158 1279 5230; x_wconf 90' lang='lat' dir='ltr'><strong>Deum,</strong></span> <span class='ocrx_word' id='word_1_631' title='bbox 1305 5173 1492 5223; x_wconf 89' lang='lat' dir='ltr'><strong>sancta</strong></span> <span class='ocrx_word' id='word_1_632' title='bbox 1518 5168 1712 5227; x_wconf 88' lang='lat' dir='ltr'><strong>merita</strong></span> 
     </span>
    </p>
   </div>
   <div class='ocr_carea' id='block_1_88' title="bbox 237 5244 1501 5329">
    <p class='ocr_par' dir='ltr' id='par_1_88' title="bbox 237 5244 1501 5329">
     <span class='ocr_line' id='line_1_88' title="bbox 237 5244 1501 5329; baseline 0.013 -30"><span class='ocrx_word' id='word_1_633' title='bbox 237 5244 247 5329; x_wconf 63' lang='grc' dir='ltr'><strong>ξ</strong></span> <span class='ocrx_word' id='word_1_634' title='bbox 296 5245 410 5302; x_wconf 81' lang='lat' dir='ltr'><strong>Viri</strong></span> <span class='ocrx_word' id='word_1_635' title='bbox 439 5247 492 5302; x_wconf 91' lang='lat' dir='ltr'><strong>in</strong></span> <span class='ocrx_word' id='word_1_636' title='bbox 517 5246 732 5306; x_wconf 84' lang='lat' dir='ltr'><strong>Christo</strong></span> <span class='ocrx_word' id='word_1_637' title='bbox 765 5252 928 5317; x_wconf 84' lang='lat' dir='ltr'><strong>beati,</strong></span> <span class='ocrx_word' id='word_1_638' title='bbox 957 5251 1178 5311; x_wconf 87' lang='lat' dir='ltr'><strong>Patricii</strong></span> <span class='ocrx_word' id='word_1_639' title='bbox 1204 5257 1450 5329; x_wconf 90' lang='lat' dir='ltr'><strong>episcopi</strong></span> <span class='ocrx_word' id='word_1_640' title='bbox 1485 5277 1501 5315; x_wconf 90' lang='lat'><strong>:</strong></span> 
     </span>
    </p>
   </div>
   <div class='ocr_carea' id='block_1_89' title="bbox 237 5315 1668 5422">
    <p class='ocr_par' dir='ltr' id='par_1_89' title="bbox 237 5315 1668 5422">
     <span class='ocr_line' id='line_1_89' title="bbox 237 5315 1668 5422; baseline 0.015 -32"><span class='ocrx_word' id='word_1_641' title='bbox 237 5315 252 5381; x_wconf 58' lang='lat' dir='ltr'><strong>l</strong></span> <span class='ocrx_word' id='word_1_642' title='bbox 295 5336 583 5405; x_wconf 85' lang='lat' dir='ltr'><strong>Quomodo</strong></span> <span class='ocrx_word' id='word_1_643' title='bbox 610 5339 815 5399; x_wconf 85' lang='lat' dir='ltr'><strong>bonum</strong></span> <span class='ocrx_word' id='word_1_644' title='bbox 840 5315 920 5400; x_wconf 9' lang='lat' dir='ltr'><strong>ob?</strong></span> <span class='ocrx_word' id='word_1_645' title='bbox 938 5353 1123 5402; x_wconf 88' lang='lat' dir='ltr'><strong>actum</strong></span> <span class='ocrx_word' id='word_1_646' title='bbox 1147 5315 1414 5407; x_wconf 65' lang='lat' dir='ltr'><strong>siniilatur</strong></span> <span class='ocrx_word' id='word_1_647' title='bbox 1440 5352 1668 5422; x_wconf 83' lang='lat' dir='ltr'><strong>angelis,</strong></span> 
     </span>
    </p>
   </div>
   <div class='ocr_carea' id='block_1_90' title="bbox 296 5424 1710 5515">
    <p class='ocr_par' dir='ltr' id='par_1_90' title="bbox 296 5424 1710 5515">
     <span class='ocr_line' id='line_1_90' title="bbox 296 5424 1710 5515; baseline 0.013 -34"><span class='ocrx_word' id='word_1_648' title='bbox 296 5424 715 5501; x_wconf 76' lang='lat' dir='ltr'><strong>Perfectamque</strong></span> <span class='ocrx_word' id='word_1_649' title='bbox 726 5442 952 5505; x_wconf 90' lang='lat' dir='ltr'><strong>propter</strong></span> <span class='ocrx_word' id='word_1_650' title='bbox 975 5439 1140 5492; x_wconf 89' lang='lat' dir='ltr'><strong>vitam</strong></span> <span class='ocrx_word' id='word_1_651' title='bbox 1163 5448 1407 5515; x_wconf 59' lang='lat' dir='ltr'><strong>aequatur</strong></span> <span class='ocrx_word' id='word_1_652' title='bbox 1435 5444 1710 5514; x_wconf 88' lang='lat' dir='ltr'><strong>apostolis.</strong></span> 
     </span>
    </p>
   </div>
   <div class='ocr_carea' id='block_1_91' title="bbox 1798 5174 3392 5241">
    <p class='ocr_par' dir='ltr' id='par_1_91' title="bbox 1798 5174 3392 5241">
     <span class='ocr_line' id='line_1_91' title="bbox 1798 5174 3392 5241; baseline 0.006 -11"><span class='ocrx_word' id='word_1_653' title='bbox 1798 5227 1803 5230; x_wconf 75' lang='lat'><strong>.</strong></span> <span class='ocrx_word' id='word_1_654' title='bbox 1915 5178 1973 5239; x_wconf 88' lang='lat' dir='ltr'><strong>D</strong></span> <span class='ocrx_word' id='word_1_655' title='bbox 2066 5174 2235 5231; x_wconf 89' lang='lat' dir='ltr'><strong>Beata</strong></span> <span class='ocrx_word' id='word_1_656' title='bbox 2261 5174 2460 5235; x_wconf 89' lang='lat' dir='ltr'><strong>Christi</strong></span> <span class='ocrx_word' id='word_1_657' title='bbox 2486 5179 2721 5236; x_wconf 90' lang='lat' dir='ltr'><strong>custodit</strong></span> <span class='ocrx_word' id='word_1_658' title='bbox 2744 5178 2995 5236; x_wconf 88' lang='lat' dir='ltr'><strong>mandata</strong></span> <span class='ocrx_word' id='word_1_659' title='bbox 3012 5179 3068 5237; x_wconf 85' lang='lat' dir='ltr'><strong>in</strong></span> <span class='ocrx_word' id='word_1_660' title='bbox 3095 5178 3345 5241; x_wconf 78' lang='lat' dir='ltr'><strong>omnibus</strong></span> <span class='ocrx_word' id='word_1_661' title='bbox 3376 5197 3392 5239; x_wconf 89' lang='lat'><strong>:</strong></span> 
     </span>
    </p>
   </div>
   <div class='ocr_carea' id='block_1_92' title="bbox 1991 5266 3265 5344">
    <p class='ocr_par' dir='ltr' id='par_1_92' title="bbox 1991 5266 3265 5344">
     <span class='ocr_line' id='line_1_92' title="bbox 1991 5266 3265 5344; baseline 0.008 -21"><span class='ocrx_word' id='word_1_662' title='bbox 1991 5266 2155 5338; x_wconf 84' lang='lat' dir='ltr'><strong>Cujus</strong></span> <span class='ocrx_word' id='word_1_663' title='bbox 2182 5285 2347 5340; x_wconf 89' lang='lat' dir='ltr'><strong>opera</strong></span> <span class='ocrx_word' id='word_1_664' title='bbox 2374 5272 2644 5344; x_wconf 81' lang='lat' dir='ltr'><strong>refulgent</strong></span> <span class='ocrx_word' id='word_1_665' title='bbox 2661 5272 2812 5331; x_wconf 83' lang='lat' dir='ltr'><strong>clara</strong></span> <span class='ocrx_word' id='word_1_666' title='bbox 2832 5272 2973 5329; x_wconf 86' lang='lat' dir='ltr'><strong>inter</strong></span> <span class='ocrx_word' id='word_1_667' title='bbox 2993 5273 3265 5341; x_wconf 72' lang='lat' dir='ltr'><strong>homines,</strong></span> 
     </span>
    </p>
   </div>
   <div class='ocr_carea' id='block_1_93' title="bbox 1986 5355 3472 5447">
    <p class='ocr_par' dir='ltr' id='par_1_93' title="bbox 1986 5355 3472 5447">
     <span class='ocr_line' id='line_1_93' title="bbox 1986 5355 3472 5447; baseline 0.005 -31"><span class='ocrx_word' id='word_1_668' title='bbox 1986 5357 2350 5432; x_wconf 75' lang='lat' dir='ltr'><strong>Sanctamque</strong></span> <span class='ocrx_word' id='word_1_669' title='bbox 2368 5364 2523 5434; x_wconf 88' lang='lat' dir='ltr'><strong>cujus</strong></span> <span class='ocrx_word' id='word_1_670' title='bbox 2543 5372 2843 5434; x_wconf 82' lang='lat' dir='ltr'><strong>sequuntur</strong></span> <span class='ocrx_word' id='word_1_671' title='bbox 2865 5355 3173 5435; x_wconf 78' lang='lat' dir='ltr'><strong>exemplum</strong></span> 
     </span>
    </p>
   </div>
   <div class='ocr_carea' id='block_1_94' title="bbox 1988 5447 3425 5525">
    <p class='ocr_par' dir='ltr' id='par_1_94' title="bbox 1988 5447 3425 5525">
     <span class='ocr_line' id='line_1_94' title="bbox 1988 5447 3425 5525; baseline 0.01 -22"><span class='ocrx_word' id='word_1_672' title='bbox 1988 5447 2139 5506; x_wconf 87' lang='lat' dir='ltr'><strong>Unde</strong></span> <span class='ocrx_word' id='word_1_673' title='bbox 2167 5460 2222 5509; x_wconf 88' lang='lat' dir='ltr'><strong>et</strong></span> <span class='ocrx_word' id='word_1_674' title='bbox 2246 5452 2299 5508; x_wconf 91' lang='lat' dir='ltr'><strong>in</strong></span> <span class='ocrx_word' id='word_1_675' title='bbox 2329 5454 2481 5525; x_wconf 59' lang='lat' dir='ltr'><strong>caelis</strong></span> <span class='ocrx_word' id='word_1_676' title='bbox 2510 5456 2723 5512; x_wconf 88' lang='lat' dir='ltr'><strong>Patrem</strong></span> <span class='ocrx_word' id='word_1_677' title='bbox 2748 5454 3094 5525; x_wconf 83' lang='lat' dir='ltr'><strong>magniﬁcam</strong></span> <span class='ocrx_word' id='word_1_678' title='bbox 3118 5456 3425 5519; x_wconf 84' lang='lat' dir='ltr'><strong>Dominum.</strong></span> 
     </span>
    </p>
   </div>
   <div class='ocr_carea' id='block_1_95' title="bbox 369 5549 2745 5656">
    <p class='ocr_par' dir='ltr' id='par_1_95' title="bbox 369 5549 2745 5656">
     <span class='ocr_line' id='line_1_95' title="bbox 369 5549 2745 5656; baseline 0.001 0"><span class='ocrx_word' id='word_1_679' title='bbox 369 5560 864 5656; x_wconf 59' lang='lat' dir='ltr'><strong>T.E‘.§‘:E__‘!!¥9§“°</strong></span> <span class='ocrx_word' id='word_1_680' title='bbox 890 5569 985 5656; x_wconf 57' lang='lat' dir='ltr'><strong>Pi“,</strong></span> <span class='ocrx_word' id='word_1_681' title='bbox 1003 5570 1232 5656; x_wconf 55' lang='lat' dir='ltr'><strong>HW“!</strong></span> <span class='ocrx_word' id='word_1_682' title='bbox 1342 5549 1734 5656; x_wconf 57' lang='grc' dir='ltr'><strong>Αηὲίιίξιοθπίο</strong></span> <span class='ocrx_word' id='word_1_683' title='bbox 1759 5590 1879 5656; x_wconf 74' lang='lat' dir='ltr'><strong>mo:</strong></span> <span class='ocrx_word' id='word_1_684' title='bbox 1986 5576 2280 5656; x_wconf 61' lang='grc' dir='ltr'><strong>θδέιῖρηςιιι</strong></span> <span class='ocrx_word' id='word_1_685' title='bbox 2306 5584 2657 5656; x_wconf 60' lang='grc' dir='ltr'>θρειυιίιιιιιεο</span> <span class='ocrx_word' id='word_1_686' title='bbox 2738 5582 2745 5589; x_wconf 85' lang='grc'><strong>’</strong></span> 
     </span>
    </p>
   </div>
   <div class='ocr_carea' id='block_1_96' title="bbox 293 5634 3357 5733">
    <p class='ocr_par' dir='ltr' id='par_1_96' title="bbox 293 5634 3357 5733">
     <span class='ocr_line' id='line_1_96' title="bbox 293 5634 3357 5733; baseline 0.008 -41"><span class='ocrx_word' id='word_1_687' title='bbox 1130 5634 1644 5733; x_wconf 39' lang='lat' dir='ltr'><strong>ieiunitate-riuis:</strong></span> <span class='ocrx_word' id='word_1_688' title='bbox 1672 5644 1879 5733; x_wconf 39' lang='lat' dir='ltr'><strong>tused;</strong></span> <span class='ocrx_word' id='word_1_689' title='bbox 2059 5647 2084 5687; x_wconf 74' lang='grc' dir='ltr'>δ</span> <span class='ocrx_word' id='word_1_690' title='bbox 2114 5634 2734 5711; x_wconf 57' lang='lat' dir='ltr'><strong>Si&#39;iiinnéi‘i&#39;é&quot;o§iéica</strong></span> <span class='ocrx_word' id='word_1_691' title='bbox 2754 5670 2945 5714; x_wconf 84' lang='lat' dir='ltr'><strong>sorore</strong></span> <span class='ocrx_word' id='word_1_692' title='bbox 2968 5657 3174 5733; x_wconf 88' lang='lat' dir='ltr'><strong>nepoti.</strong></span> <span class='ocrx_word' id='word_1_693' title='bbox 3202 5655 3357 5715; x_wconf 67' lang='lat' dir='ltr'><strong>Eutr.</strong></span> 
     </span>
    </p>
   </div>
   <div class='ocr_carea' id='block_1_97' title="bbox 297 5701 1879 5783">
    <p class='ocr_par' dir='ltr' id='par_1_97' title="bbox 297 5701 1879 5783">
     <span class='ocr_line' id='line_1_97' title="bbox 297 5701 1879 5783; baseline 0.007 -24"><span class='ocrx_word' id='word_1_694' title='bbox 297 5701 475 5761; x_wconf 84' lang='lat' dir='ltr'><strong>Latin.</strong></span> <span class='ocrx_word' id='word_1_695' title='bbox 530 5716 662 5765; x_wconf 86' lang='lat' dir='ltr'><strong>tom.</strong></span> <span class='ocrx_word' id='word_1_696' title='bbox 713 5707 819 5778; x_wconf 76' lang='grc' dir='ltr'><strong>Ν,</strong></span> <span class='ocrx_word' id='word_1_697' title='bbox 857 5726 948 5780; x_wconf 82' lang='lat' dir='ltr'><strong>pp.</strong></span> <span class='ocrx_word' id='word_1_698' title='bbox 998 5710 1099 5767; x_wconf 61' lang='lat' dir='ltr'><strong>lati</strong></span> <span class='ocrx_word' id='word_1_699' title='bbox 1134 5727 1321 5781; x_wconf 65' lang='grc' dir='ltr'><strong>θείῃ..</strong></span> <span class='ocrx_word' id='word_1_700' title='bbox 1368 5731 1489 5770; x_wconf 85' lang='lat' dir='ltr'><strong>cum</strong></span> <span class='ocrx_word' id='word_1_701' title='bbox 1535 5730 1644 5783; x_wconf 73' lang='lat' dir='ltr'><strong>quo</strong></span> <span class='ocrx_word' id='word_1_702' title='bbox 1683 5713 1879 5770; x_wconf 64' lang='lat' dir='ltr'><strong>Warmi</strong></span> 
     </span>
    </p>
   </div>
   <div class='ocr_carea' id='block_1_98' title="bbox 2646 5869 2853 5885">
    <p class='ocr_par' dir='ltr' id='par_1_98' title="bbox 2646 5869 2853 5885">
     <span class='ocr_line' id='line_1_98' title="bbox 2646 5869 2853 5885; baseline 0.01 -5"><span class='ocrx_word' id='word_1_703' title='bbox 2646 5869 2752 5881; x_wconf 56' lang='grc' dir='ltr'><strong>--αρσ</strong></span> <span class='ocrx_word' id='word_1_704' title='bbox 2782 5872 2853 5885; x_wconf 48' lang='grc' dir='ltr'><strong>...υ</strong></span> 
     </span>
    </p>
   </div>
  </div>
