4192 6258
639 391 745 450 859

705 501 967 557 Constans
997 497 1048 551 in
1078 493 1175 550 Dei
1203 491 1417 558 timore,
1448 497 1504 544 et
1540 486 1643 542 ﬁde
1674 487 1980 552 immobilis,

638 607 664 635 ³·
691 596 864 664 Super
890 604 1050 660 quem
1079 585 1366 648 aediﬁcatur
1395 590 1454 637 ut
1473 580 1694 636 Petrum
1715 578 1975 645 Ecclesia,

637 684 901 755 Cujusque
923 677 1276 750 apostolatum
1302 690 1330 728 a
1361 673 1474 728 Deo
1502 671 1723 726 sortitus
1745 675 1857 733 est;

635 779 660 819 ι)
690 777 746 832 1η
777 772 927 841 cujus
954 776 1110 841 porta
1139 767 1392 821 adversus
1417 759 1608 817 inferni
1641 777 1747 815 non
1775 758 2085 829 praavalent.

709 863 967 919 Dominus
995 861 1146 915 illum
1174 857 1335 925 elegit
1357 863 1416 909 ut
1436 854 1655 908 doceret
1681 851 1934 906 barbaras

636 957 911 1018 Nationes,
938 964 960 992 ο
994 959 1050 1007 ut
1069 951 1300 1022 piscaret
1327 963 1422 1018 per
1441 946 1699 1000 doctrinae
1725 943 1880 1008 retia,

736 1050 804 1104 de
830 1046 1027 1103 saeculo
1053 1044 1333 1100 credentes
1353 1040 1593 1094 traheret
1619 1037 1686 1092 ad
1717 1036 1964 1105 gratiam,

695 1139 1086 1206 Dominumque
1114 1139 1469 1201 sequerentur
1495 1129 1675 1184 sedem
1707 1127 1773 1180 ad
1798 1126 2099 1180 aatheream.

711 1230 892 1285 Electa
921 1226 1122 1282 Christi
1153 1225 1354 1290 talenta
1383 1221 1565 1276 vendit
1583 1219 1913 1288 evangelica,

640 1323 769 1388 Quin
797 1320 1062 1374 Hibernas
1092 1317 1232 1370 inter
1255 1321 1441 1383 gentes
1474 1321 1496 1349 ε
1527 1327 1646 1365 cum
1676 1325 1834 1364 usura
1864 1306 2047 1376 exigit,

569 1411 579 1418 ”
642 1410 660 1448 ί
692 1410 895 1478 Navigii
917 1407 1070 1476 hujus
1097 1405 1318 1471 laboris,
1339 1412 1454 1456 tum
1483 1417 1662 1471 operm
1681 1400 1932 1470 pretium,

641 1503 774 1557 Cum
792 1499 1005 1552 Christo
1025 1496 1175 1563 regni
1205 1494 1438 1548 cmlestis
1464 1505 1811 1562 possessurus
1839 1486 2108 1557 gaudium.

711 1589 907 1643 Fidelis
937 1587 1031 1640 Dei
1060 1585 1306 1638 minister
1321 1582 1648 1650 insignisque
1674 1579 1914 1645 nuntius,

642 1678 1006 1751 Apostolicum
1033 1674 1337 1743 exemplum
1359 1672 1691 1739 formamque
1717 1669 1919 1738 praebet
1938 1666 2091 1722 bonis
2125 1683 2137 1718 :

642 1770 744 1837 Qui
759 1779 866 1823 tam
883 1765 1063 1822 verbis
1080 1775 1104 1813 8
1122 1779 1284 1833 quam
1301 1763 1454 1817 factis
1473 1761 1616 1831 plebi
1634 1759 1885 1831 praedicat
1897 1758 2181 1812 Dominum
2199 1773 2214 1810 :

642 1861 712 1917 Ut
740 1875 898 1930 quem
926 1858 1082 1913 dictis
1102 1871 1208 1910 non
1237 1853 1522 1920 convertit,
1547 1860 1669 1906 actu
1699 1859 1955 1920 provocet
1982 1850 2143 1903 bono.

713 1928 946 2009 Gloriam
975 1951 1140 2004 habet
1167 1963 1291 2002 cum
1309 1945 1544 2011 Christo,
1573 1945 1832 1996 honorem
1860 1942 1912 1993 in
1935 1939 2150 1996 sacculo.

643 2046 744 2112 Qui
772 2046 839 2100 ab
860 2043 1110 2099 omnibus
1137 2048 1194 2095 ut
1213 2038 1308 2092 Dei
1338 2044 1624 2092 veneratur
1652 2033 1873 2101 angelus
1901 2051 1912 2083 :

643 2141 810 2205 Quem
839 2136 982 2190 Deus
1003 2134 1149 2188 misit
1169 2139 1227 2186 ut
1253 2129 1476 2184 Paulum
1498 2127 1564 2181 ad
1592 2134 1777 2195 gentes
1806 2123 2129 2194 apostolum,

652 2231 722 2285 Ut
749 2229 1059 2284 hominibus
1079 2227 1329 2281 ducatum
1352 2219 1613 2291 praeberet
1642 2231 1806 2285 regno
1838 2215 1950 2269 Dei.

715 2319 938 2373 Humilis
966 2317 1060 2371 Dei
1088 2317 1158 2370 ob
1186 2321 1389 2368 metum
1411 2310 1599 2381 spiritu
1620 2317 1672 2363 et
1693 2322 1940 2376 corpore,

644 2412 816 2482 Super
839 2425 1022 2479 quem,
1048 2409 1248 2464 bonum
1278 2405 1348 2460 ob
1377 2412 1552 2458 actum
1595 2400 1881 2468 requiescit
1929 2395 2221 2463 Dominus;

643 2500 913 2572 Cujusque
942 2498 968 2536 δ
989 2515 1083 2554 sua
1109 2499 1162 2552 in
1192 2511 1353 2551 carne
1379 2493 1577 2548 Christi
1604 2497 1784 2561 portat
1812 2490 2081 2557 stigmata,

653 2593 669 2632 ί
702 2592 762 2648 In
787 2592 939 2661 cujus
964 2590 1079 2646 sola
1107 2595 1411 2642 sustentans
1430 2583 1688 2652 gloriatur
1717 2582 1768 2634 in
1797 2595 1974 2635 cruce.

715 2684 946 2754 Impiger
965 2679 1245 2752 credentes
1273 2677 1445 2748 pascit
1471 2674 1698 2744 dapibus
1719 2671 2047 2738 cmlestibus,

646 2774 722 2830 Ne
742 2773 834 2842 qui
864 2771 878 2822 i
919 2771 1161 2825 ridentur
1187 2783 1311 2824 cum
1332 2765 1546 2822 Christo
1568 2765 1621 2818 in
1647 2764 1732 2817 via
1761 2761 2045 2827 deﬁciant;

646 2864 848 2932 Quibus
871 2867 1057 2931 erogat
1085 2868 1144 2916 ut
1167 2873 1335 2930 panes
1361 2855 1527 2912 verba
1555 2855 1883 2924 evangelica,

647 2954 811 3023 Cujus
831 2952 1256 3021 multiplicantur
1284 2955 1346 3004 ut
1364 2962 1562 3002 manna
1590 2946 1645 3000 in
1675 2945 1940 3000 manibus.

721 3043 941 3098 Kastam
970 3042 1064 3111 qui
1091 3040 1326 3096 custodit
1343 3052 1559 3094 carnem
1581 3037 1651 3092 ob
1677 3051 1917 3091 amorem
1938 3032 2172 3101 Domini,

649 3131 818 3199 Quam
840 3147 1054 3186 carnem
1083 3131 1339 3198 templum
1364 3129 1572 3197 paravit
1589 3136 1884 3197 sanctoque
1911 3123 2154 3196 Spiritui,

649 3223 697 3276 Α
721 3237 829 3290 quo
858 3229 1164 3277 constanter
1185 3235 1307 3274 cum
1334 3219 1545 3272 mundis
1571 3218 1878 3288 possidetur
1907 3217 2112 3273 actibus
2135 3235 2148 3268 :

657 3311 830 3379 Quam
859 3309 885 3347 ι
927 3317 988 3363 ut
1013 3308 1244 3363 hostiam
1270 3307 1570 3376 placentem
1598 3307 1775 3360 vivam
1798 3306 1956 3360 oﬁ'ert
1975 3305 2223 3360 Domino.

725 3402 1039 3472 Lumenque
1063 3398 1248 3455 mundi
1274 3412 1558 3454 accensum
1587 3398 1774 3466 ingens
1800 3397 2168 3466 evangelicum

650 3494 709 3553 In
727 3495 1053 3552 candelabro
1079 3493 1313 3548 levatum
1339 3489 1359 3527 ι
1384 3490 1485 3545 toti
1509 3490 1718 3558 fulgens
1747 3489 1965 3558 saeculo,

650 3589 850 3644 Civitas
872 3587 1013 3658 regis
1033 3586 1237 3641 munita
1257 3599 1416 3656 supra
1445 3591 1686 3638 montem
1710 3581 1907 3653 posita,

651 3679 815 3752 Copia
834 3681 890 3735 in
908 3694 1012 3749 qua
1041 3686 1124 3735 est
1148 3678 1315 3732 multa
1337 3691 1500 3746 quam
1527 3676 1668 3731 Deus
1685 3674 1941 3746 possidet.

726 3771 990 3827 Maximus
1017 3786 1250 3840 namque
1270 3771 1324 3824 in
1349 3782 1520 3837 regno
1551 3769 1810 3824 caelorum
1835 3767 2137 3833 vocabitur,

653 3861 755 3931 Qui
773 3863 915 3933 quod
940 3862 1122 3917 verbis
1142 3861 1302 3916 docet
1323 3861 1511 3928 sacris,
1541 3859 1740 3914 factum
1767 3859 2022 3927 adimplet
2046 3857 2224 3922 bonis,

654 3954 800 4010 Bono
820 3953 1071 4023 praecedit
1095 3952 1366 4021 exemplo,
1389 3949 1724 4018 formamque
1746 3947 1980 4001 ﬁdelium

655 4043 956 4116 Mundoque
975 4041 1216 4098 in‘corde
1238 4042 1400 4095 habet
1429 4039 1495 4093 ad
1524 4039 1693 4092 Deum
1723 4037 1991 4090 ﬁduciam.

729 4132 936 4188 Nomen
959 4131 1168 4186 Domini
1198 4130 1460 4184 audenter
1487 4126 1769 4181 annuntiat
1792 4125 2059 4193 gentibus,

657 4224 859 4291 Quibus
879 4224 1078 4278 lavacri
1097 4222 1285 4278 salutis
1311 4229 1566 4303 aeternam
1587 4218 1680 4272 dat
1704 4217 1952 4284 gratiam,

657 4407 672 4461 Ι
723 4336 989 4418 {Murat.,
1005 4355 1157 4408 super
1170 4353 1302 4408 quae.
1325 4335 1429 4389 Sed
1455 4349 1521 4387 ex
1551 4338 1806 4387 contextu
1830 4331 2020 4386 melior
2032 4331 2229 4392 Wanei

676 4415 834 4461 ectio.
1123 4445 1128 4451 .

676 4415 834 4462 ectio.

722 4476 748 4513 ιθ
781 4475 1002 4544 Murat.,
1050 4475 1130 4544 In,
1160 4475 1304 4544 cujus
1323 4482 1496 4544 porta:
1519 4470 1803 4544 adversum.
1831 4471 2079 4544 Testatur
2102 4474 2228 4531 Wa-

722 4490 748 4513 ι
781 4490 1002 4544 murat.,
1050 4490 1116 4528 ιη
1160 4490 1496 4596 cujus’gome
1519 4490 1803 4525 aaversum.
1839 4490 2079 4528 ieswtur
2107 4490 2228 4531 wa-

658 4559 790 4598 raaus
815 4545 886 4596 al.
1050 4543 1274 4610 habere,
1344 4551 1384 4597 .t
1434 4543 1626 4613 inferni
1657 4551 1819 4613 portae
1844 4543 2086 4599 adversus
2114 4564 2228 4602 eum

658 4628 762 4666 non
784 4611 1147 4666 nrwvatebunt.

727 4694 749 4753 ξ
783 4681 1078 4751 Utrobique
1105 4681 1425 4738 Muratorius
1443 4690 1492 4736 et
1520 4697 1618 4753 pro
1643 4690 1718 4753 ut.

715 4749 751 4836 fl
781 4749 1086 4837 Haeclectio
1113 4754 1282 4823 magis
1326 4753 1501 4824 placet
1523 4749 1686 4824 quam
1708 4751 2094 4823 Muratoriana,
2115 4755 2228 4812 Do-

657 4839 851 4896 minum
871 4840 978 4896 qut.

730 4905 752 4964 ὲ
775 4894 996 4964 Murat.,
1024 4911 1138 4950 cum
1163 4897 1355 4951 usuris.

731 4963 751 5003 ί
781 4963 1003 5037 tiaran,
1060 4964 1320 5037 Navigiis.
1351 4963 1458 5020 Sed
1496 4972 1643 5022 recte
1679 4975 1866 5022 monet
1883 4965 2125 5023 Waraeus
2147 4968 2228 5024 le-

657 5036 892 5106 gendum
921 5034 1136 5092 Novati.

728 5115 754 5154 8
783 5105 1003 5179 Murat.,
1031 5123 1184 5179 quam
1211 5114 1260 5159 et
1288 5106 1508 5179 [actis...
1563 5104 1681 5160 Dei.
1731 5105 1855 5162 Mox
1874 5105 2031 5177 ibid.,
2061 5110 2232 5179 fructu

661 5183 918 5246 provocet.
948 5176 1101 5243 Quod
1131 5192 1244 5246 non
1261 5176 1457 5246 placet.

732 5245 759 5282 ιι
785 5245 874 5302 Sic
906 5247 1190 5321 Apostolus
1209 5245 1428 5321 Gal._v1,
1457 5245 1543 5321 17,
1569 5246 1896 5316 Stigmata...
1939 5248 1997 5302 in
2022 5263 2236 5321 corpore
2312 5266 2320 5273 '

663 5328 769 5387 ης)
786 5325 958 5387 porto.
993 5317 1072 5387 At
1090 5317 1306 5384 Murat.,
1323 5317 1467 5387 justa
1489 5318 1543 5370 in
1563 5333 1736 5370 carne.

737 5384 751 5420 ι
785 5384 1005 5454 Murat.,
1026 5385 1096 5461 Et
1116 5388 1262 5461 cujus
1289 5384 1336 5441 εξ
1357 5404 1405 5443 s.
1426 5387 1668 5442 Waraeus
1696 5386 1915 5458 conjicit
1949 5389 2233 5461 legendum

662 5462 978 5527 sustentatus
1005 5456 1253 5527 gloriatur
1273 5473 1440 5510 cruce.

733 5521 748 5573 i
787 5521 1489 5596 Murat.,aidenturtAtque
1517 5528 1655 5583 hanc
1681 5528 1966 5585 lectionem
2014 5531 2069 5586 in
2124 5532 2229 5589 alio

657 5607 850 5719 insae
873 5594 1064 5678 legisse
1084 5597 1273 5651 asserit
1297 5594 1557 5654 Waraaus.
1573 5598 1698 5653 Mox
1712 5600 1852 5654 idem
1871 5599 2065 5656 Murat.
2085 5618 2227 5658 vers.

694 5705 713 5720 .
831 5681 998 5720 cum.

694 5705 713 5734 ,
739 5683 812 5719 nt
831 5683 998 5739 cum.
1695 5727 1702 5733 .

732 5733 757 5807 ξι
781 5735 1008 5807 Boetius
1033 5752 1196 5807 quam
1224 5737 1442 5806 Murat.,
1467 5748 1518 5793 et
1543 5739 1782 5794 hostium.

737 5803 996 5870 lMurat.,
1028 5803 1130 5864 toto
1161 5825 1178 5862 :
1206 5810 1297 5872 qui
1324 5803 1451 5864 moi
1479 5824 1622 5864 vers.
1679 5809 1712 5862 4
1759 5811 1924 5869 habet
1976 5812 2229 5869 Dominus

1566 378 1622 434 S.
1666 371 2023 430 PATRICIUS
2061 366 2506 426 lllBERNORUM
2549 359 2965 422 APOSTOLUS.

2234 485 2285 545 Α
2313 481 2418 537 Pro
2447 497 2676 551 quarum
2704 485 2826 534 orat
2852 476 3060 532 delictis
3088 475 3155 529 ad
3175 474 3345 530 Deum
3371 473 3638 544 quotidie,

2315 572 2420 627 Pro
2441 572 2634 642 quibus
2661 578 2718 624 ut
2737 568 2849 624 Deo
2878 567 3065 635 dignas
3089 565 3436 635 immolatque
3464 566 3693 639 hostias.

2386 663 2612 718 Omnem
2643 677 2746 732 pro
2774 661 2952 715 divina
2983 659 3099 728 lege
3125 658 3308 713 mundi
3338 659 3547 729 spernit
3573 658 3833 726 gloriam,

2317 755 2420 822 Qui
2449 763 2642 810 cuncta
2669 753 2738 808 ad
2760 753 2877 821 ejus
2906 765 3144 805 mensam
3172 750 3403 804 aestimat
3421 749 3738 818 quisquilia,

2318 845 2428 900 Nec
2448 845 2715 914 ingruenti
2739 851 2987 900 movetur
3013 841 3197 897 mundi
3224 839 3381 909 hujus
3410 851 3451 877 ιιι
3471 839 3715 910 ﬂumine,

2322 935 2428 991 Sed
2455 937 2508 990 in
2529 936 2767 991 adversis
2792 935 3022 1002 laetatur,
3053 949 3174 988 cum
3203 948 3302 1003 pro
3329 931 3545 988 Christo
3574 934 3799 1003 patitur.

2395 1024 2584 1080 Pastor
2611 1026 2784 1080 bonus
2807 1040 2870 1080 ac
2890 1023 3060 1078 ﬁdelis
3080 1022 3258 1092 gregis
3279 1021 3597 1091 evangelici,

2316 1115 2485 1183 Quem
2515 1116 2656 1171 Deus
2683 1114 2780 1170 Dei
2812 1115 2975 1182 elegit
3000 1113 3272 1168 custodire
3292 1114 3572 1183 populum,

2317 1206 2589 1274 Suamque
2616 1221 2838 1274 pascere
2863 1205 3077 1275 plebem
3103 1203 3299 1257 divinis
3328 1203 3686 1273 dogmatibus,

2319 1295 2423 1352 Pro
2444 1313 2549 1366 qua
2562 1296 2626 1350 ad
2651 1296 2850 1350 Christi
2865 1295 3173 1364 exemplum
3196 1310 3349 1349 suam
3365 1303 3392 1330 ιι
3410 1295 3624 1348 tradidit
3643 1296 3915 1352 animam.

2391 1386 2560 1453 Quem
2590 1402 2690 1456 pro
2719 1387 2925 1440 meritis
2953 1384 3203 1440 Salvator
3231 1386 3478 1454 provexit
3496 1386 3830 1455 pontiﬁcem,

2322 1478 2391 1534 Ut
2411 1480 2464 1533 in
2485 1480 2691 1534 caelesti
2719 1487 2966 1534 moneret
2993 1477 3220 1532 clericos
3249 1477 3458 1544 militia,

2319 1571 2608 1627 Coelestem
2635 1570 2830 1640 quibus
2858 1583 3127 1624 annonam
3156 1576 3346 1636 erogat
3372 1583 3492 1622 cum
3521 1567 3784 1637 vestibus,

2323 1674 2346 1700 υ
2371 1664 2499 1731 Qua:
2528 1666 2580 1719 in
2601 1664 2794 1719 divinis
2817 1663 3066 1733 impletur
3089 1664 3362 1732 sacrisque
3389 1661 3659 1717 aﬂ'atibus.

2395 1755 2554 1822 Regis
2575 1755 2793 1812 nuntius
2813 1754 3044 1808 invitans
3063 1753 3346 1808 credentes
3370 1753 3437 1806 ad
3461 1752 3696 1823 nuptias,
3769 1763 3778 1769 ·

2249 1849 2296 1908 Β
2322 1845 2422 1912 Qui
2443 1853 2666 1900 ornatur
2697 1845 3015 1898 vestimento
3040 1843 3265 1913 nuptiali
3287 1843 3522 1911 indutus,

2327 1936 2428 2007 Qui
2458 1937 2676 1992 caeleste
2705 1937 2886 1989 haurit
2909 1936 3090 1990 vinum
3121 1935 3171 1988 in
3202 1935 3343 1990 vasis
3364 1935 3692 2005 cmlestibus,

2326 2027 2730 2099 Propinansque
2759 2028 2855 2082 Dei
2883 2028 3092 2098 plebem
3123 2028 3347 2096 spiritali
3369 2028 3587 2097 poculo.

2398 2120 2619 2175 Sacrum
2645 2120 2846 2175 invenit
2876 2119 3188 2174 thesaurum
3218 2133 3375 2173 sacro
3395 2119 3447 2172 in
3473 2119 3780 2188 volumine,

2329 2211 2731 2280 Salvatorisque
2752 2210 2806 2264 in
2835 2224 2998 2265 carne
3021 2209 3276 2265 deitatem
3298 2221 3324 2258 Ρ
3347 2211 3610 2279 praevidit,

2325 2303 2494 2369 Quem
2522 2304 2830 2357 thesaurum
2858 2302 2988 2356 emit
3015 2301 3215 2356 sanctis
3265 2299 3625 2371 perfectisque
3654 2303 3864 2360 nieritis

2325 2394 2487 2448 Israel
2513 2402 2737 2448 vocatur
2765 2393 2921 2463 hujus
2949 2393 3126 2447 anima
3146 2391 3332 2448 videns
3352 2391 3540 2448 Deum.

2399 2484 2575 2538 Testis
2596 2484 2807 2537 Domini
2830 2484 2998 2538 ﬁdelis
3026 2485 3079 2537 in
3108 2484 3227 2552 lege
3247 2485 3530 2554 catholica,

2327 2574 2491 2644 Cujus
2517 2572 2683 2628 verba'
2707 2583 2832 2628 sunt
2852 2575 3044 2630 divinis
3067 2585 3094 2624 ει
3126 2575 3342 2630 condita
3371 2577 3623 2645 oraculis,

2327 2664 2405 2719 Ne
2431 2666 2672 2719 humanae
2694 2673 2946 2736 putreant
2970 2682 3159 2722 carnes
3188 2682 3420 2736 escaque
3442 2683 3474 2722 a
3500 2670 3791 2736 vermibus,

2328 2755 2432 2810 Sed
2455 2758 2660 2812 cwlesti
2695 2767 2715 2794 τ
2748 2757 3028 2811 sallientur
3053 2773 3247 2827 sapore
3276 2759 3343 2812 ad
3372 2759 3657 2814 victimam.

2397 2849 2570 2903 Verus
2592 2850 2766 2904 cultor
2788 2857 2843 2902 et
2881 2850 3100 2917 insignis
3129 2850 3242 2918 agri
3272 2851 3558 2919 evangelici

2331 2939 2491 3011 Cujus
2518 2941 2724 2995 semina
2751 2939 2998 2993 videntur
3018 2939 3216 2993 Christi
3244 2939 3552 3008 Evangelia,

2333 3034 2464 3100 Qua:
2491 3033 2671 3087 divino
2700 3033 2830 3087 serit
2852 3048 2946 3087 ore
2974 3033 3028 3086 in
3057 3047 3214 3086 aures
3244 3033 3606 3102 prudentium,

2338 3131 2357 3156 ⁸
2393 3122 2738 3191 Quorumque
2767 3122 2929 3178 corda
2955 3138 3020 3177 ac
3045 3129 3250 3194 mentes
3272 3133 3458 3180 sancto
3487 3133 3604 3178 arat
3630 3126 3842 3196 spiritu.

2406 3217 2423 3251 ι
2459 3211 2590 3268 XPS
2621 3214 2768 3267 illum
2795 3214 2897 3268 sibi
2922 3214 3080 3281 elegit
3103 3214 3155 3266 in
3188 3214 3348 3268 terris
3376 3216 3633 3271 vicarium

2330 3306 2429 3372 Qui
2455 3306 2522 3359 de
2551 3307 2763 3373 gemino
2787 3305 3030 3374 captivos
3066 3305 3257 3359 liberat
3279 3307 3516 3362 servitio.

2331 3397 2620 3467 Plerosque
2651 3397 2717 3451 de
2747 3398 3005 3452 servitute
3025 3412 3160 3466 quos
3187 3399 3417 3452 redemit
3446 3400 3718 3455 hominum

2330 3492 2641 3546 Innumeros
2667 3491 2734 3545 de
2759 3500 2786 3526 ιι
2818 3491 3011 3545 stabuli
3035 3491 3266 3546 obsolvit
3293 3492 3550 3548 dominio.

2410 3585 2604 3640 Ymnos
2626 3600 2747 3640 cum
2773 3584 3118 3656 Apocalypsi,
3148 3585 3489 3656 psalmosque
3515 3595 3697 3640 cantat
3723 3585 3840 3652 Dei,

2332 3679 2582 3750 Quosque
2602 3679 2668 3733 ad
2698 3679 3070 3733 aediﬁcandum
3099 3679 3194 3733 Dei
3227 3687 3419 3734 tractat
3445 3680 3721 3749 populum,

2331 3772 2499 3838 Quam
2525 3773 2697 3840 legem
2728 3771 2780 3824 in
2808 3770 3069 3825 Trinitate
3090 3771 3228 3825 sacri
3252 3757 3414 3824 credit
3429 3771 3660 3839 nominis

2334 3863 2629 3932 Tribusque
2658 3863 2903 3932 personis
2928 3877 3088 3916 unam
3119 3859 3371 3929 docetque
3392 3861 3760 3915 substantiam.

2409 3957 2554 4011 Zona
2585 3955 2796 4009 Domini
2818 3955 3133 4024 procinctus
3153 3953 3332 4010 diebus
3357 3969 3418 4008 ac
3441 3953 3688 4008 noctibus

2337 4046 2464 4101 Sine
2487 4046 2883 4100 intermissione
2908 4046 3079 4100 Deum
3101 4054 3222 4099 orat
3246 4043 3547 4112 Dominum,

2338 4136 2502 4205 Cujus
2523 4137 2750 4206 ingentis
2776 4137 2976 4205 laboris
2997 4144 3347 4206 percepturus
3364 4136 3658 4207 praemium,

2336 4225 2471 4280 Cum
2491 4227 2750 4296 apostolis
2777 4227 3020 4296 regnabit
3046 4228 3245 4282 sanctis
3269 4237 3479 4299 "super
3505 4225 3687 4282 Israel.

2336 4357 2434 4412 pro
2464 4339 2621 4396 Deus.

2406 4423 2443 4448 ω
2472 4415 2560 4494 Ait
2584 4409 2826 4494 warmus
2847 4413 2899 4466 in
2923 4413 3029 4494 alio
3048 4427 3159 4494 .ms.
3187 4413 3380 4494 legisse
3405 4411 3642 4494 fulmine.
3670 4410 3757 4465 Sic
3779 4410 3907 4472 item

2337 4483 2555 4552 Murat.,
2585 4484 2674 4552 qui
2704 4484 2864 4552 paulo
2894 4492 3018 4538 ante
3048 4483 3209 4537 habet
3234 4483 3302 4535 ad
3331 4483 3474 4552 cujus
3498 4498 3748 4536 mensam.

2410 4564 2434 4589 υ
2468 4554 2663 4608 Murat.
2677 4596 2690 4619 ,
2716 4554 2893 4606 tradit.

2409 4633 2430 4658 ο
2462 4623 2678 4691 Murat.,
2707 4625 2841 4694 quod
2866 4625 2902 4676 ἰ.
2938 4624 2990 4676 d.

2253 4669 2308 4730 D
2409 4705 2434 4742 ρ
2707 4669 3148 4764 ᾖξῖιῖίἀὲιῗἘοτιε
3175 4694 3395 4764 rectius.

2407 4775 2433 4813 q
2464 4763 2613 4818 Haud
2658 4762 2932 4832 probanda
2962 4765 3171 4817 videtur
3198 4763 3358 4818 lectio
3408 4763 3604 4818 Murat.
3639 4762 3868 4816 candida
3893 4803 3907 4816 .

2334 4835 2479 4906 apud
2496 4850 2657 4906 quem
2685 4850 2809 4906 mox
2837 4843 3012 4904 putent
3035 4849 3215 4906 carnes
3244 4850 3486 4905 cassaque.

2362 4901 2430 4989 ξι
2456 4903 2682 4989 Murat.,
2715 4901 2995 4958 adeantur.
3044 4903 3128 4957 Al.
3175 4919 3276 4958 ms.
3332 4901 3473 4973 apud
3499 4901 3788 4971 Warmum,
3824 4921 3911 4956 ςα-

2337 4984 2550 5031 tiuntur.

2409 5057 2430 5083 ο
2459 5045 2678 5118 Murat.,
2707 5061 2920 5118 quorum
2945 5060 3158 5118 quoque:

2415 5119 2429 5153 ι
2458 5113 2728 5186 Christus,
2758 5123 2918 5184 prout
2958 5113 3089 5184 legit
3136 5113 3377 5170 Waraaus
3405 5122 3464 5170 et
3483 5114 3649 5170 edidit
3675 5113 3913 5170 Marato-

2332 5189 2462 5243 rius.

2333 5327 2383 5382 Μ
2407 5269 2432 5294 ιι
2465 5255 2546 5381 el.
2580 5271 2681 5312 ms.
2713 5257 2854 5326 apud
2880 5255 3171 5325 Waraeum,
3201 5253 3371 5310 sabuli
3399 5256 3638 5312 absolvit.
3669 5256 3762 5312 Sic
3784 5256 3917 5310 item

2389 5343 2480 5382 ura
2511 5367 2524 5380 .

2389 5343 2524 5383 urat.

2404 5409 2432 5435 ν
2465 5397 2591 5452 Post
2617 5396 2715 5452 has
2743 5412 2904 5453 voces
2947 5396 3126 5452 subdit
3168 5395 3492 5452 Muratorius
3539 5398 3646 5453 hoc
3675 5397 3918 5453 tetrasti-

2332 5468 2471 5525 chon
2503 5486 2515 5522 :

2477 5601 2740 5673 Patricius
2757 5603 3024 5673 episcopus
3053 5609 3163 5656 oret
3189 5618 3284 5672 pro
3311 5602 3456 5656 nobis
3478 5599 3737 5668 omnibus,

2483 5673 2550 5743 ljt
2578 5671 2844 5743 deleantur
2863 5671 3098 5743 protinus
3119 5671 3463 5743 peccata'quw
3488 5675 3876 5731 commisimu.‘

2480 5742 2700 5796 Patricii
2724 5741 2902 5796 laudes
2924 5741 3128 5813 semper
3143 5741 3396 5807 dicamus,

2487 5813 2554 5868 Ut
2575 5830 2669 5868 nos
2697 5829 2810 5866 cum
2831 5813 2920 5868 illo
2941 5830 3140 5884 semper
3168 5814 3414 5867 vivamus.
