4232 6264
385 344 494 419 849

904 322 925 351 ⁸
1785 331 2115 389 EPISTOLA
2133 332 2212 389 ιιι.
2273 327 2278 331 ’

3389 393 3471 414 τ,
3564 342 3670 398 s50

388 468 557 517 tratus
584 467 660 512 est
686 472 799 512 esse
836 455 1047 526 atqualis
1076 452 1225 509 Deo:
1252 454 1343 507 sed
1370 456 1696 522 semetipsum
1730 446 1970 505 exinani—
1996 450 2045 508 Α
2071 463 2173 504 vos
2199 464 2418 519 quoque
2444 450 2583 505 velle
2615 452 2833 507 zizanite
2857 467 2967 508 suae
2996 454 3202 508 semina
3232 456 3286 509 in
3318 457 3342 493 ιι
3372 457 3668 526 peritorum

389 551 461 608 sit
487 553 712 621 formam
732 548 869 602 servi
897 547 1176 618 accipiens,
1199 546 1253 600 in
1289 542 1677 598 similitudinem
1713 542 1975 595 hominum

388 644 586 716 factus,
611 651 660 694 et
682 639 856 693 habitu
886 640 1116 692 inventus
1143 645 1199 689 ut
1240 636 1411 691 homo.
1447 634 1753 689 Humiliavit
1790 641 1976 686 semet-

386 736 560 808 ipsum
584 736 749 805 factus
770 730 1010 785 obediens
1032 745 1190 802 usque
1212 729 1282 782 ad
1308 738 1543 792 mortem,
1565 736 1781 781 mortem
1806 732 1975 776 autem

388 824 557 880 crucis
581 821 801 895 (Philip.
844 837 909 884 11,
953 818 1094 891 5-8).
1129 817 1195 872 Et
1223 819 1416 873 iterum
1447 835 1460 871 :
1494 817 1756 870 Mediator
1802 816 1899 870 Dei
1928 823 1978 870 et

389 917 674 980 hominum,
719 913 869 968 homo
895 910 1130 966 Christus
1168 909 1322 964 Iesus
1351 907 1413 980 (1
1454 907 1587 963 Tim.
1629 924 1699 973 ιι,
1728 905 1805 975 5).
1839 905 1975 974 Quia

390 1007 658 1063 mediator
699 1020 800 1060 nec
839 1003 953 1073 jam
993 1000 1135 1058 Deus
1184 1010 1390 1055 tantum
1435 1014 1569 1070 pure
1613 1000 1731 1054 sine
1756 998 1979 1052 homine

388 1113 549 1172 quem
571 1098 857 1165 assumpsit
883 1094 988 1149 dici
1019 1102 1214 1165 potest,
1238 1109 1339 1148 nec
1358 1093 1520 1147 homo
1539 1090 1654 1145 sine
1677 1089 1787 1145 Deo
1812 1108 1826 1143 :
1851 1089 1977 1159 quia

395 1190 598 1262 duplex
626 1190 679 1243 in
710 1204 815 1243 una
858 1202 1090 1258 persona
1120 1184 1432 1241 mediatoris
1459 1183 1804 1252 signillcatio,
1838 1182 1977 1237 Deus

387 1292 446 1340 et
464 1283 628 1338 homo
653 1298 667 1333 :
699 1279 828 1335 dum
858 1278 999 1334 Deus
1026 1278 1094 1334 de
1124 1277 1234 1333 Deo
1259 1277 1421 1339 Deus,
1451 1284 1507 1330 et
1532 1274 1825 1330 secundum
1854 1289 1975 1329 car-

384 1391 510 1433 nem
557 1375 701 1431 idem
750 1375 866 1445 ipse
913 1371 1051 1428 ﬁlius
1095 1371 1346 1427 hominis.
1396 1368 1525 1425 Ideo
1551 1383 1712 1423 verus
1741 1366 1882 1421 Dens
1923 1373 1979 1421 et

384 1469 552 1526 homo
582 1483 743 1529 verus
765 1474 851 1523 est
887 1465 975 1520 hic
1013 1464 1296 1528 mediator,
1327 1462 1466 1517 sicut
1490 1460 1558 1515 de
1598 1459 1768 1514 forma
1802 1457 1895 1512 Dei
1922 1465 1980 1512 et

388 1561 564 1617 forma
595 1559 851 1615 hominis.
901 1556 1035 1611 Nam
1065 1564 1121 1610 et
1149 1556 1200 1609 in
1231 1553 1496 1625 principio
1527 1549 1883 1606 inchoationis
1910 1548 1978 1603 ad

386 1654 665 1710 Romanos
686 1652 763 1708 sic
787 1651 917 1706 dicit
937 1658 1154 1706 sanctus
1176 1642 1466 1719 Rpostolus
1492 1665 1504 1699 :
1531 1643 1683 1709 Quod
1707 1654 1828 1722 ante
1852 1659 1975 1713 pro-

386 1747 602 1800 miserat
644 1760 737 1814 per
779 1741 1058 1813 prophetas
1103 1757 1221 1795 suos
1261 1741 1317 1793 in
1359 1737 1646 1809 Srripturis
1694 1736 1890 1791 sanctis
1914 1734 1979 1788 de

2082 548 2245 603 corda
2270 548 2475 617 jacere.
2506 547 2701 605 Verum
2729 552 2891 606 credo
2921 560 3081 620 atque
3100 551 3340 617 conﬁdo,
3370 552 3667 621 perfectum

2082 641 2371 709 agricolam
2396 638 2679 695 Dominum
2710 651 2974 709 nostrum,
3004 644 3242 698 omnium
3269 653 3590 711 creatorem,
3610 628 3691 700 ini

2082 733 2229 789 omni
2256 733 2378 788 loco
2405 733 2785 789 dominationis
2830 750 2940 790 suae
2985 735 3185 791 habere
3212 750 3278 789 ac
3321 750 3535 805 semper
3572 737 3668 791 ha—

2080 825 2261 880 buisse
2288 825 2480 893 dignos
2507 825 2830 894 evangelica:
2856 826 3021 894 frugis
3059 827 3365 897 operarios;
3396 828 3508 896 qui,
3541 827 3663 882 licet

2082 924 2208 970 ante
2240 924 2449 985 tempus
2476 915 2831 971 demessionis
2852 917 3121 972 immunda
3149 918 3354 973 semina
3379 919 3662 989 exstirpari

2082 1022 2189 1062 non
2218 1006 2471 1073 debeant,
2503 1008 2770 1063 continuis
2809 1016 2986 1063 tamen
3018 1009 3351 1064 orationibus
3376 1024 3439 1063 ac
3467 1009 3661 1079 praedi-

2081 1097 2381 1153 cationibus
2414 1112 2628 1167 semper
2677 1098 2954 1166 invigilcnt
2983 1116 2996 1150 :
3030 1098 3103 1151 ita
3146 1104 3203 1152 ut
3232 1105 3287 1151 et
3325 1098 3433 1159 illa,
3475 1098 3521 1151 si
3549 1096 3661 1151 ﬁeri

2078 1184 2205 1240 dum
2228 1195 2439 1256 tempus
2467 1195 2549 1240 est
2570 1187 2823 1255 potuerit,
2851 1195 3232 1241 convertantur
3258 1194 3312 1239 et
3340 1195 3644 1240 commutcn

2079 1283 2169 1330 tur
2194 1276 2247 1330 in
2275 1276 2506 1331 triticum
2534 1295 2546 1328 :
2576 1284 2667 1330 aut
2694 1284 2840 1331 certe
2875 1291 2983 1330 non
3013 1290 3393 1344 usquequaque
3418 1276 3663 1330 inimicus

2080 1366 2298 1421 humani
2320 1368 2536 1435 generis
2556 1373 2738 1421 tenera
2764 1366 3149 1421 frumentorum
3170 1380 3366 1433 genera
3388 1368 3661 1421 nascentia

2080 1471 2181 1526 per
2232 1455 2584 1510 adulterinam
2637 1456 3092 1511 intermixtionem
3150 1455 3325 1508 valeat
3376 1453 3656 1509 sutl‘ocare.

2078 1544 2198 1601 Jam
2226 1546 2399 1612 enim,
2429 1548 2572 1615 quod
2601 1547 2761 1601 etiam
2804 1544 2871 1599 ad
2913 1553 3143 1600 vestram
3184 1546 3663 1615 notitiamperve-

2080 1638 2224 1693 nisse
2253 1654 2361 1696 non
2389 1637 2608 1700 dubito,
2642 1638 2779 1705 intra
2810 1635 3041 1691 Orientis
3070 1645 3282 1707 partes,
3313 1636 3402 1690 ubi
3433 1637 3662 1706 primum

2080 1730 2246 1800 pestis
2274 1728 2375 1783 ista
2420 1729 2683 1792 surrexit,
2719 1736 3042 1796 congregata
3080 1726 3313 1793 gloriosa
3346 1726 3552 1797 synodo
3580 1742 3662 1781 sa-

387 1835 530 1892 Filio
550 1808 663 1902 suo,
695 1808 791 1908 qui
808 1808 974 1907 factus
998 1842 1075 1888 est
1112 1835 1158 1888 ei
1183 1818 1255 1887 est
1280 1808 1672 1887 semineDarid
1695 1830 1973 1885 secundum
2009 1808 2051 1865 Β
2077 1821 2376 1887 cerdotum,
2419 1821 2505 1877 cui
2534 1821 2695 1875 etiam
2721 1820 2920 1889 legatio
2951 1827 3131 1874 nostra
3175 1835 3281 1873 non
3319 1816 3487 1873 defuit
3522 1835 3567 1883 ·,
3610 1821 3664 1874 in

384 1944 639 1983 carnem:
669 1928 755 2000 qui
781 1926 1182 1998 prwdestinatus
1223 1933 1300 1978 est
1345 1922 1514 1978 Filius
1561 1921 1659 1977 Dei
1696 1922 1751 1976 in
1794 1922 1978 1975 rirtute

386 2021 665 2075 secundum
709 2019 945 2090 spiritum
989 2016 1450 2087 sanctiﬁcationis,
1496 2030 1560 2068 ea:
1607 2012 1979 2068 resurrectione

388 2122 727 2174 mortuorum,
752 2110 877 2166 Jesu
912 2108 1103 2164 Chriin
1131 2107 1344 2163 Domini
1370 2096 1583 2175 nostri(
1592 2102 1739 2158 Rom.
1772 2099 1971 2173 1,24).

388 2204 589 2261 Verum
617 2204 777 2258 etiam
805 2210 861 2257 et
886 2200 1051 2257 Isaias
1079 2209 1266 2256 auctor
1292 2199 1675 2270 prophetarum
1704 2194 1784 2250 sic
1806 2192 1936 2248 dicit
1960 2212 1972 2246 :

388 2294 526 2351 Ecce
562 2297 700 2365 virgo
738 2296 791 2350 in
821 2304 967 2348 utero
997 2293 1266 2360 concipiet,
1295 2300 1344 2344 et
1363 2291 1530 2361 pariet
1549 2288 1735 2358 filium,
1759 2293 1811 2341 et
1828 2286 1979 2340 voca—

385 2387 505 2441 bitis
533 2402 719 2441 nomen
743 2385 855 2456 ejus
884 2382 1233 2449 Emmanuel,
1280 2380 1418 2452 quod
1445 2389 1521 2434 est
1558 2380 1974 2446 interpretatum,

386 2478 674 2536 Nobiscum
704 2478 846 2532 Deus
877 2475 1032 2549 (Isai.
1076 2491 1171 2541 vn,
1217 2474 1314 2539 id;
1346 2470 1617 2535 Matthn,
1644 2466 1759 2537 ‘25).
1789 2468 1895 2523 Sed
1924 2474 1980 2522 et

386 2572 662 2627 hominem
691 2583 883 2639 purum
913 2566 1098 2623 dicunt
1126 2564 1444 2636 pependisse
1472 2563 1525 2617 in
1555 2577 1714 2617 cruce
1730 2558 1980 2631 Compre-

386 2663 613 2719 hensum
641 2680 654 2715 :
682 2662 852 2726 aiunt,
874 2659 1119 2715 Recessit
1146 2658 1287 2713 Deus
1315 2655 1383 2710 ab
1408 2672 1495 2710 eo.
1520 2654 1723 2722 Quibus
1744 2654 1980 2724 parvitas

385 2766 573 2813 nostra
603 2756 681 2810 sic
710 2753 860 2819 dicit,
891 2752 1173 2824 Nunquam
1204 2749 1345 2805 Dens
1386 2749 1609 2805 recessit
1651 2749 1720 2801 ab
1762 2746 1980 2800 homine

388 2854 690 2917 assumpto,
725 2846 826 2899 nisi
853 2844 1072 2915 quando
1100 2843 1234 2897 dixit
1268 2841 1336 2897 de
1359 2856 1521 2896 cruce
1566 2858 1580 2895 :
1626 2837 1778 2905 Heli,
1824 2836 1947 2891 Heli
1960 2879 1977 2904 ,

388 2936 901 2993 Lammasabactaui:
916 2936 1072 3000 Deus,
1086 2935 1224 2989 Deus
1236 2950 1399 3003 meus,
1410 2949 1569 3004 quare
1579 2949 1658 2986 me
1667 2928 1982 3002 dereliquisti

392 3027 611 3099 (Matth.
640 3042 807 3092 xxvu,
831 3025 962 3095 i6)?
987 3024 1219 3094 Ideoque
1247 3022 1516 3093 provoluti
1545 3021 1767 3091 genibus
1794 3031 1982 3072 exora-

388 3133 509 3172 mus
537 3117 771 3172 humiles
799 3116 940 3171 servi
970 3116 1046 3169 tui
1074 3123 1316 3169 sanctum
1339 3112 1699 3184 apostolatum
1719 3116 1978 3173 vestrum,

2078 1910 2345 1966 vestibulo
2373 1925 2495 1966 cum
2515 1925 2613 1965 suo
2635 1918 2856 1965 auctore
2877 1918 3036 1978 atque
3067 1918 3336 1963 assertore
3357 1923 3664 1979 compressa

2080 2011 2137 2058 et
2171 2001 2327 2058 radio
2373 2002 2684 2073 apostolicae
2728 2001 2863 2057 lucis
2899 2002 3163 2056 exstincta
3212 2000 3455 2055 est.-Nec
3482 2001 3663 2055 mirari

2080 2094 2239 2151 debet
2260 2096 2457 2151 caritas
2478 2105 2673 2160 vestra,
2699 2095 2744 2150 si
2764 2094 2929 2149 etiam
2950 2102 3074 2164 post
3091 2093 3491 2147 damnationem
3513 2108 3663 2147 suam

2080 2188 2222 2243 inter
2258 2186 2797 2257 morientes’spiritus
2826 2184 3020 2239 fetidus
3056 2183 3230 2237 adhuc
3256 2181 3416 2237 {latus
3443 2184 3661 2251 aspirct.

2079 2278 2174 2335 Est
2201 2280 2345 2336 enim
2392 2293 2608 2349 semper
2633 2279 2881 2349 pertinax
2922 2276 3296 2332 hmreticorum
3326 2274 3566 2335 audacia,
3611 2284 3663 2328 et

2080 2374 2135 2427 in
2164 2386 2260 2426 sua
2300 2371 2444 2426 male
2492 2369 2727 2440 pernicie
2775 2376 3000 2438 urgente
3044 2374 3390 2437 peccatorum
3429 2364 3664 2433 pondere

2079 2471 2408 2535 perseverat.
2442 2461 2596 2530 Quod
2623 2463 2668 2517 si
2690 2460 2925 2516 nondum
2956 2460 3177 2515 forsitan
3206 2456 3552 2524 cognovistis,
3586 2455 3663 2509 fa-

2080 2554 2168 2612 cili
2197 2555 2428 2609 lectione
2447 2553 2693 2624 poteritis
2712 2566 3022 2621 agnoscere.

2150 2647 2215 2701 ll.
2256 2645 2513 2713 Quamvis
2541 2645 2702 2713 igitur
2726 2642 3047 2697 Christianis
3074 2651 3132 2696 et
3165 2641 3373 2695 devotis
3398 2638 3664 2693 mentibus

2081 2742 2196 2811 ipsa
2231 2738 2546 2793 universalis
2593 2735 2847 2791 Ecclesiae
2889 2733 3180 2788 auctoritas
3214 2733 3373 2802 plene
3414 2728 3661 2793 suﬁiciat,

2084 2842 2183 2886 nec
2212 2838 2407 2892 vestra,
2437 2836 2697 2898 quantum
2726 2827 2920 2880 missus
2942 2839 2972 2879 a
2992 2824 3145 2879 vobis
3164 2837 3343 2878 sermo
3364 2820 3661 2891 perdocuit,

2082 2922 2137 2976 in
2158 2920 2263 2977 hac
2288 2918 2659 2975 causaminor
2682 2915 2929 2971 videatur
2956 2915 3183 2970 assertio
3212 2932 3225 2966 :
3258 2928 3325 2966 ne
3350 2919 3533 2966 tamen
3565 2922 3665 2976 ego

2082 3025 2299 3081 quoque
2327 3009 2574 3080 petitioni
2602 3015 2763 3076 atque
2791 3004 3200 3075 interrogationi
3248 3011 3449 3058 sanctae
3475 3015 3665 3055 neces-

2083 3102 2282 3157 sarium
2318 3100 2505 3156 videar
2546 3112 2742 3169 negare
2787 3095 3133 3169 responsum,
3171 3109 3331 3150 unam
3378 3107 3667 3161 veramque

389 3216 447 3262 ut
477 3205 778 3262 informetis
807 3207 1122 3279 parvitatem
1153 3173 1392 3260 nostram
1422 3180 1477 3258 in
1496 3202 1581 3257 his
1601 3199 1744 3272 quod
1770 3206 1976 3280 rectum
2081 3192 2382 3248 doctrinam
2428 3191 2569 3245 hanc
2614 3205 2732 3245 esse
2775 3186 3113 3253 conﬁtemur,
3154 3201 3315 3257 quam
3360 3183 3666 3251 evangelica

389 3298 554 3355 habet
584 3295 717 3355 ﬁdes
743 3298 1005 3354 catholica
1032 3316 1044 3352 :
1069 3307 1125 3353 et
1149 3297 1290 3354 detis
1311 3297 1521 3351 veniam
1552 3291 1870 3364 insipientia:
1894 3290 1979 3345 vel

391 3392 676 3463 imperitiae
709 3400 930 3457 nostrze,
952 3391 997 3445 si
1019 3389 1146 3459 quid
1166 3403 1264 3459 per
1286 3387 1639 3459 ignorantiam
1660 3383 1975 3441 incedimus.

392 3484 593 3540 Potens
653 3493 737 3540 est
780 3483 1043 3538 Dominus
1095 3480 1341 3537 Christus
1396 3480 1595 3534 sanctis
1646 3475 1980 3533 orationibus

393 3578 583 3634 vestris
609 3577 766 3633 nobis
786 3577 997 3630 veniam
1028 3573 1179 3639 dare,
1212 3588 1279 3627 ne
1305 3570 1653 3627 deveniamus
1681 3570 1733 3623 in
1755 3566 1979 3638 profun-

394 3669 517 3725 dum
544 3669 827 3725 malorum.
860 3663 966 3719 Ora
990 3678 1088 3735 pro
1118 3661 1302 3728 nobis,
1332 3660 1550 3715 domine
1578 3668 1781 3721 sancte,
1816 3670 1979 3710 vene-

394 3760 577 3817 rabilis
615 3767 672 3816 et
697 3758 1009 3814 beatissime
1037 3769 1195 3826 papa.

1011 3902 1365 3944 SUBSCRIP'I'IO.‘

399 4002 715 4062 Incolumem
737 4002 1172 4058 reiterabilitatem
1195 4010 1338 4053 tuam
1360 3996 1509 4052 nobis
1531 3994 1786 4050 Dominus
1806 4000 1982 4048 noster

470 4078 618 4132 Iesus
647 4076 928 4146 longiorem
947 4080 1226 4136 conservet,
1249 4070 1457 4125 domine
1477 4076 1655 4123 sancte
1678 4081 1740 4119 ac
1766 4078 1980 4120 uenera-

470 4147 589 4235 bilis
618 4162 775 4217 papa.

659 4235 988 4293 EPISTOLA
1024 4236 1068 4290 ll
1104 4232 1235 4303 SEU
1275 4229 1719 4288 DESCRIPTUM

702 4331 780 4405 ’.ιιι
816 4363 1045 4403 γιτλιιειι
1081 4362 1150 4401 s'r
1190 4355 1215 4383 ιι
1254 4356 1643 4399 consumma.

399 4465 481 4523 De
506 4483 610 4521 una
651 4464 845 4520 Christi
871 4464 976 4518 veri
1006 4461 1103 4515 Dei
1148 4467 1199 4514 et
1218 4518 1225 4525 κ
1244 4458 1483 4525 hominis,
1502 4442 1768 4525 persona,
1802 4460 1985 4508 contra

666 4551 843 4591 recens
870 4535 1174 4587 damnatam
1198 4523 1434 4585 heresim
1462 4523 1717 4580 Nestorii.

300 4742 308 4750 _
474 4670 841 4727 Dilectissimis
869 4676 924 4722 et
950 4664 1215 4735 religiosis
1255 4662 1377 4717 liliis
1404 4659 1565 4715 Vitali
1587 4666 1642 4713 et
1669 4654 1984 4712 Constantio

391 4763 691 4837 'Capreolus
714 4762 1018 4832 episcopus.
1963 4739 1971 4743 ’

471 4856 511 4912 ι.
553 4854 790 4925 Sumptis
819 4860 980 4922 atque
1003 4842 1255 4919 perlectis
1281 4844 1474 4900 litteris
1498 4842 1710 4906 vestris,
1737 4856 1870 4910 quas
1889 4855 1987 4910 per

403 4946 777 5005 Numinianuni
798 4942 1105 5011 religiosum
1121 4939 1313 4995 virum.
1329 4935 1419 4989 lilii
1441 4931 1792 4995 dilectissimi,
1813 4940 1987 4985 trans-

404 5038 644 5104 misistis,
675 5037 831 5092 saluti
859 5043 914 5090 et
954 5032 1131 5088 studio
1171 5037 1348 5085 vestro
1376 5041 1484 5097 quo
1519 5022 1751 5078 fundatae
1787 5038 1852 5077 ac
1893 5039 1986 5076 ve-

407 5138 561 5199 tustte
588 5128 865 5185 catholicae
887 5124 1008 5181 ﬁdei
1036 5120 1273 5191 regulam
1300 5116 1594 5173 inviolabili
1616 5114 1815 5185 pietate
1844 5121 1993 5167 tene-

406 5224 476 5279 tis
503 5237 568 5279 ac
590 5219 895 5284 defenditis,
926 5215 1214 5288 plurimum
1241 5209 1554 5281 gratulatus,
1577 5204 1783 5281 adverti
1803 5203 1993 5258 Nesto-

405 5316 613 5371 rianam
663 5312 942 5374 haeresim,
988 5320 1184 5362 novam
1235 5299 1613 5366 infamiamque
1667 5294 1991 5365 perniciem,

408 5404 547 5462 sicut
571 5401 891 5474 quibusdam
932 5399 1064 5455 locis
1097 5396 1210 5467 jam
1256 5395 1495 5463 cmperat
1540 5385 1824 5459 pullulare,
1853 5384 1995 5455 apud

482 5573 510 5603 ι
547 5560 810 5617 Baronius
833 5555 900 5611 ad
928 5569 1015 5609 an.
1048 5547 1170 5615 451,
1204 5548 1232 5620 §
1257 5545 1328 5600 ‘28
1348 5560 1528 5621 seqq,
1554 5542 1819 5621 integram
1852 5552 1992 5621 pene

409 5610 862 5702 hanc—epistolam
903 5625 1098 5702 recitat
1113 5640 1141 5702 ¹τ
1159 5610 1352 5702 alque
1488 5610 1993 5702 .EQ§E!_TD1tfrFo.-i

413 5677 1158 5778 tat'qI-ﬁaza‘sai65nws.
1181 5677 1359 5778 mea
1372 5685 1462 5778 33'
1488 5677 2001 5778 Et?f§iffi‘22‘l.°z~25

415 5743 1203 5849 iisiiié'r'éﬁa'iéﬁﬁééﬁiia
1227 5743 1456 5825 epistola
1491 5743 1772 5823 superiore
1793 5747 1874 5799 ‘ad
1897 5743 2005 5800 Ca-

2082 3290 2231 3338 tenet
2260 3296 2324 3336 ac
2352 3279 2515 3334 tradit
2540 3280 2851 3350 antiquitas.
2883 3278 2941 3333 ld
2967 3286 3050 3333 est
3075 3296 3088 3331 :
3120 3276 3214 3331 Dei
3243 3276 3467 3342 Filium,
3498 3275 3666 3330 Deum

2082 3390 2289 3438 verum,
2322 3383 2377 3429 et
2403 3373 2680 3429 hominem
2702 3386 2912 3439 verum,
2942 3371 3099 3426 unius
3146 3384 3367 3438 prorsus
3394 3376 3554 3436 atque
3582 3366 3668 3419 in-

2080 3468 2396 3540 separabilis
2424 3480 2544 3521 esse
2580 3478 2827 3536 persona:
2855 3481 2868 3517 :
2902 3477 3003 3518 nec
3039 3462 3177 3517 sicut
3216 3461 3269 3514 in
3298 3459 3417 3513 aliis
3438 3457 3667 3528 patriar-

2082 3563 2215 3625 chis,
2251 3559 2550 3631 prophetis,
2580 3556 2858 3628 apostolis,
2889 3553 3205 3621 caeterisque
3231 3551 3428 3619 sanctis
3440 3556 3502 3605 et
3530 3564 3666 3619 prae-

2082 3651 2394 3710 clarissimis
2434 3650 2562 3705 viris
2604 3632 2864 3704 habitavit
2909 3654 3002 3701 aut
3044 3642 3251 3699 habitat
3291 3643 3451 3708 Deus,
3491 3641 3564 3695 ita
3614 3641 3667 3694 in

2080 3742 2354 3799 Christum
2390 3726 2570 3797 Jesum
2620 3738 2857 3793 divinam
2907 3736 3051 3791 illam
3091 3732 3475 3806 plenitudinem
3519 3730 3667 3785 velut

2082 3835 2419 3892 extrinsecus
2445 3829 2714 3889 credimus
2733 3828 3044 3894 advenisse;
3067 3827 3161 3882 sed
3188 3824 3409 3896 proprio
3434 3820 3667 3890 quodam

2083 3933 2248 3997 atque
2278 3922 2533 3980 inetiahili
2560 3920 2742 3984 modo,
2774 3917 2967 3973 Filium
2992 3917 3090 3972 Dei
3118 3916 3281 3971 etiam
3310 3913 3475 3968 lilium
3502 3911 3668 3967 humi.

2085 4018 2170 4072 nis
2199 4016 2394 4072 factum
2425 4032 2436 4067 :
2470 4021 2528 4067 ut
2554 4012 2645 4082 qui
2675 4010 2909 4080 ingenita
2939 4007 3113 4062 Patris
3147 4005 3444 4061 substantia
3478 4003 3666 4070 unige-

2086 4109 2231 4164 nitus
2257 4104 2607 4178 permanebat
2632 4118 2697 4156 ac
2727 4108 3027 4171 permanet,
3056 4096 3374 4153 mirabiliter
3415 4101 3668 4162 suscepto

2084 4199 2330 4266 homine,
2359 4197 2511 4260 ﬁeret
2536 4192 2910 4265 primogenitus
2934 4191 2988 4243 in
3016 4187 3191 4242 multis
3222 4183 3467 4256 fratribus
3489 4181 3668 4254 (Rom.

2087 4306 2199 4354 vm,
2233 4289 2324 4357 29)
2357 4308 2369 4342 :
2398 4296 2453 4342 et
2473 4285 2565 4355 qui
2593 4293 2705 4338 erat
2730 4284 2786 4337 in
2814 4282 3071 4351 principio
3099 4276 3340 4340 Verbum,
3361 4285 3413 4329 et
3448 4274 3670 4328 Verbum

2088 4389 2199 4434 erat
2228 4378 2367 4450 apud
2402 4376 2586 4442 Deum,
2615 4383 2664 4428 et
2688 4372 2830 4427 Deus
2863 4378 2976 4425 erat
3016 4367 3259 4431 Verbum,
3306 4365 3523 4419 Verbum
3550 4380 3671 4417 caro

2089 4470 2240 4540 ﬁeret
2285 4478 2332 4521 et
2379 4468 2636 4519 habitaret
2678 4465 2734 4518 in
2761 4461 2909 4517 nobis
2941 4458 3118 4532 (Joan.
3164 4474 3199 4521 1,
3232 4455 3283 4519 1,
3314 4452 3425 4525 14).
3457 4453 3538 4508 Ex
3563 4468 3672 4523 quo

2012 4551 2065 4613 D
2089 4561 2252 4631 igitur
2278 4557 2571 4628 mysterium
2592 4554 2727 4621 quod
2746 4552 3105 4608 absconditum
3126 4548 3226 4621 fuit
3249 4565 3281 4600 a
3301 4546 3503 4602 saeculis
3535 4542 3669 4616 (Col.

2090 4669 2128 4720 1,
2159 4650 2250 4719 26)
2281 4651 2334 4704 in
2366 4649 2495 4712 Deo,
2527 4646 2690 4716 erepit
2734 4660 2831 4715 per
2872 4642 3119 4710 angelum
3156 4639 3210 4694 in
3254 4647 3412 4694 utero
3455 4636 3675 4704 virginis

2092 4742 2326 4816 operari,
2357 4748 2516 4808 atque
2544 4739 2597 4793 in
2626 4752 2690 4793 ea
2719 4742 2936 4791 sanctus
2977 4731 3207 4801 Spiritus
3246 4727 3576 4798 supervenit,
3621 4734 3677 4781 et

2092 4836 2169 4891 illi
2195 4834 2366 4889 virtus
2394 4830 2650 4885 Altissimi
2677 4824 3018 4882 obumbravit
3049 4820 3200 4892 (Luc.
3227 4837 3278 4887 1,
3308 4817 3429 4887 55);
3456 4818 3596 4870 Deus
3622 4818 3677 4871 in

2092 4926 2312 4983 homine
2338 4922 2485 4977 nasci
2514 4920 2760 4989 dignatus
2787 4926 2887 4981 est,
2918 4915 3010 4984 qui
3037 4925 3252 4980 semper
3271 4915 3409 4973 erat,
3432 4913 3492 4960 ut
3516 4905 3678 4960 homo

2094 5014 2435 5081 nasceretur,
2476 5012 2650 5083 qualis
2698 5016 2821 5064 ante
2865 5021 2972 5061 non
3012 5004 3205 5057 fuerat.
3237 4997 3340 5065 Qui
3376 4996 3519 5052 enim
3559 4995 3675 5050 sine

2096 5118 2269 5167 matre
2297 5108 2349 5161 in
2380 5105 2528 5160 cmlis
2554 5113 2755 5158 aeterne
2782 5097 3009 5167 genitus,
3034 5094 3149 5163 ipse
3173 5091 3227 5145 in
3256 5088 3416 5142 terris
3443 5085 3559 5140 sine
3580 5101 3680 5154 pa-

2098 5209 2180 5255 tre
2205 5200 2257 5253 in
2303 5190 2456 5251 utero
2487 5193 2708 5261 virginis
2735 5189 2902 5243 homo
2930 5184 2998 5238 de
3028 5181 3230 5252 Spiritu
3258 5184 3447 5234 saneto
3472 5185 3683 5231 creatus

2099 5297 2198 5347 est.
2230 5287 2300 5342 Et
2326 5287 2449 5342 idco
2488 5286 2541 5339 in
2590 5280 2807 5337 Christo
2835 5275 2964 5330 Jesu
3011 5270 3251 5343 separari
3292 5268 3377 5324 vel
3419 5265 3683 5323 subdividi

2100 5380 2197 5436 Dei
2226 5376 2564 5444 hominisque
2603 5369 2750 5427 nullo
2793 5364 2958 5422 modo
2984 5362 3253 5420 credimus
3289 5374 3449 5430 posse
3496 5372 3682 5427 perso-

2099 5534 2345 5607 preolum
2368 5530 2550 5607 missa,
2580 5520 2910 5607 restituenda
2941 5518 3165 5607 videtur.

2170 5605 2199 5643 ι
2240 5597 2547 5669 Legendum
2573 5593 2817 5669 _vitl_ct111',_
2833 5590 3204 5669 imperitorum.

2179 5685 2201 5712 ε
2242 5647 2538 5740 aliisallis
2556 5663 2780 5740 digitum
2792 5647 3034 5740 intendit
3058 5656 3122 5738 ad
3151 5647 3686 5740 epistolamlconcilio

2106 5721 2381 5812 Ephesiae
2409 5721 2740 5803 inscriptam.
2764 5730 3011 5802 superius
3030 5721 3205 5784 primo
3228 5725 3348 5781 loco
3376 5721 3619 5776 relatam.
