4192 6258
559 411 659 470 851

1715 408 2050 469 CAPBEOLl
2089 411 2676 470 CARTHAGINENSIS

3736 407 3861 468 επ

558 546 731 587 nam:
764 544 833 585 ne
857 544 967 585 non
995 528 1109 605 jam
1137 526 1189 582 in
1212 524 1490 584 divinitate
1514 524 1767 590 Trinitas,
1797 524 1893 581 sed
1918 534 2144 598 quater-
2173 530 2225 590 Α
2252 527 2443 597 tingit?
2466 520 2646 586 Times
2672 524 2875 585 includi
2902 526 3261 583 immensum?
3293 526 3463 587 teneri
3492 524 3844 597 omnipoten-

558 619 702 678 nitas
728 628 1057 676 numeretur.

627 710 714 766 Ill.
754 711 953 767 Beatus
998 711 1275 783 apostolus
1317 710 1521 766 Paulus
1560 709 1688 766 dum
1734 708 1802 766 ad
1840 708 2146 765 exuendum

553 811 794 858 veterem
824 802 1097 858 hominem
1134 811 1191 859 et
1216 802 1545 858 induendum
1574 817 1775 858 novum
1817 802 2001 857 ﬁdeles
2051 817 2147 857 ex-

556 894 868 969 hortaretur
899 914 912 949 :
945 895 1178 965 Primus,
1210 896 1402 966 inquit,
1442 895 1595 951 homo
1621 895 1685 949 de
1713 904 1851 950 terra
1891 905 2143 964 terrenus,

552 986 805 1040 secundus
833 987 985 1042 homo
1016 987 1079 1041 de
1098 987 1225 1042 creto
1252 987 1471 1042 ccclesiis
1496 1003 1515 1041 :
1538 986 1705 1059 qualis
1728 996 1981 1055 terrenus,
2012 987 2140 1042 tales

550 1085 600 1130 et
626 1078 846 1141 terreni;
876 1066 928 1131 et
953 1078 1123 1149 quatis
1150 1077 1398 1143 caelestis,
1439 1076 1570 1131 tales
1616 1084 1666 1131 et
1702 1075 1928 1132 scelesta
1956 1093 1975 1132 :
2015 1093 2145 1149 quo-

550 1168 703 1224 modo
723 1171 1041 1239 portavimus
1070 1170 1350 1241 imaginem
1376 1170 1590 1237 terreni,
1616 1177 1877 1240 portemus
1915 1177 1965 1223 et
2002 1170 2140 1223 ima-

549 1262 719 1332 ginem
745 1261 856 1331 ejus
884 1263 970 1333 qui
1007 1261 1070 1316 de
1096 1261 1223 1316 coelo
1262 1269 1339 1315 est
1376 1258 1434 1332 (ι
1458 1258 1577 1315 Cor.
1610 1276 1721 1328 xv,.
1745 1257 1956 1327 4749).
1988 1257 2143 1329 Rogo

552 1351 755 1417 dicant,
787 1352 1063 1421 quomodo
1090 1360 1173 1408 est
1218 1353 1383 1407 homo
1427 1351 1531 1407 iste
1555 1351 1625 1406 de
1649 1350 1808 1415 coelo,
1838 1352 1885 1406 si
1913 1365 2025 1407 non
2060 1359 2144 1407 est

548 1442 694 1500 Deus
721 1453 1021 1515 conceptus
1050 1446 1105 1500 in
1133 1446 1330 1501 utero?
1358 1452 1451 1501 aut
1483 1459 1603 1515 quae
1628 1443 1882 1500 discretio
1909 1451 1994 1500 est
2018 1459 2141 1500 car—-

549 1536 634 1589 nis
653 1542 709 1591 et
737 1537 1011 1604 sanguinis
1040 1536 1092 1591 in
1122 1536 1342 1591 homine
1369 1536 1561 1604 Adam,
1582 1544 1639 1592 et
1665 1537 1720 1590 in
1748 1520 1968 1591 homine
1994 1535 2161 1592 Chri--

548 1633 657 1692 sto,
686 1626 731 1682 si
761 1642 866 1683 non
896 1628 1060 1682 homo
1090 1627 1192 1682 iste
1220 1627 1411 1696 plenus
1430 1634 1514 1683 est
1538 1627 1690 1683 Deo?
1715 1626 1856 1694 Quid
1874 1628 2019 1683 enim
2039 1627 2143 1684 sibi

549 1721 665 1772 vult
693 1718 961 1774 secundus
1000 1719 1162 1774 homo
1208 1718 1278 1773 de
1304 1718 1481 1774 cmlo?
1509 1706 1762 1790 Nunquid
1797 1732 1926 1774 caro
1966 1724 2143 1773 trans-

551 1813 717 1868 missa
739 1812 1033 1877 descendit,
1064 1827 1129 1867 ac
1167 1827 1297 1877 non,
1324 1812 1466 1867 sicut
1490 1811 1748 1882 scriptum
1775 1818 1878 1877 est,
1908 1809 2141 1882 Spiritus

2252 623 2399 677 tem?
2423 622 2678 679 abscondi
2708 623 3013 694 ubicunque
3037 619 3284 681 diffusum
3306 620 3669 686 i'llesol'verc,
3701 622 3855 677 sicut

2247 717 2505 787 scriptum
2528 724 2637 779 est.
2660 715 2951 773 inferorum
2986 715 3401 787 parturitiones,‘
3431 715 3487 770 in
3513 714 3714 783 quibus
3744 728 3837 768 vo-

2247 808 2345 863 luit
2382 818 2447 863 et
2465 808 2698 877 qualiter
2722 808 2892 865 voluit
2918 823 3099 864 rerum
3121 806 3400 871 Dominus,
3429 802 3844 875 subjici'liufus-

2248 897 2394 953 modi
2421 899 2717 954 conditioni
2759 915 2865 954 non
2905 898 3079 969 potuit
3109 898 3245 971 (Act.
3294 914 3361 964 ιι,
3390 896 3505 965 24).
3547 895 3684 951 Audi
3714 911 3840 950 cum

2247 996 2374 1044 ante
2399 996 2772 1044 totanuornm
2800 988 2986 1055 millia,
3022 989 3149 1043 dum
3178 990 3337 1043 beato
3363 986 3466 1042 Jbb
3507 986 3833 1040 mirabilium

2245 1094 2467 1136 suorum
2495 1096 2660 1151 opera
2689 1095 2788 1150 per
2811 1080 3009 1136 nubem
3039 1078 3186 1133 velut
3226 1077 3616 1148 improperauti
3646 1078 3838 1132 similis

2245 1172 2584 1243 prauiicaret,
2614 1172 2723 1228 hoc
2751 1186 2964 1242 quoque
3006 1171 3150 1225 inter
3177 1170 3489 1224 innumeras
3528 1168 3610 1223 sui
3640 1178 3841 1238 poten-

2244 1264 2349 1319 tias
2376 1264 2738 1321 cumulantem
2764 1281 2777 1315 :
2810 1258 3061 1335 Nunquid
3086 1271 3139 1314 tu
3169 1259 3426 1316 abstulisti
3453 1262 3623 1331 impiis
3645 1261 3828 1323 lucent,

2245 1361 2335 1407 aut
2363 1351 2627 1406 brachium
2665 1352 2997 1421 superbon
3022 1349 3409 1421 comminuisti.’
3434 1359 3522 1402 aut
3548 1350 3833 1403 venisti'ad

2244 1444 2376 1514 ﬁnes
2416 1444 2613 1498 maris?
2658 1451 2748 1498 aut
2794 1445 2849 1498 in
2889 1443 3113 1515 vestigiis
3163 1441 3338 1514 abyssi
3374 1442 3685 1496 ambulasti?
3734 1452 3837 1496 aut

2245 1535 2361 1600 tibi,
2390 1536 2583 1605 inquit,
2613 1537 2909 1606 aperientur
2929 1544 3064 1591 metu
3095 1542 3257 1607 portae
3289 1536 3487 1599 mortis,
3519 1535 3827 1606 aut'jani‘to-

2244 1643 2325 1683 res
2353 1628 2545 1699 inferni
2570 1628 2795 1684 videntes
2843 1638 2890 1682 te
2928 1629 3249 1684 timuerunt?
3273 1636 3363 1680 aut
3401 1628 3682 1698 cognovisti
3711 1627 3831 1680 lati-

2246 1720 2472 1775 tudinem
2514 1720 2605 1774 sub
2646 1720 2771 1775 caelo
2803 1709 2922 1792 (Job
2948 1722 3179 1783 xxxvi",
3232 1716 3425 1782 15-18,
3463 1733 3567 1772 sec.
3620 1715 3834 1786 LXX)?

2244 1808 2303 1864 Si
2325 1808 2500 1865 Patris
2521 1810 2638 1865 hmo
2661 1827 2765 1865 vox
2791 1819 2893 1876 est,
2926 1809 3058 1865 nihil
3088 1824 3216 1879 ergo
3244 1817 3328 1864 est
3346 1809 3706 1879 omnipotenti
3727 1809 3829 1864 dif-

548 1912 767 1958 sanctus
812 1904 869 1975 in
914 1903 1177 1972 virginem
1221 1903 1569 1973 supervenit?
1606 1901 1712 1958 Sed
1742 1902 1870 1974 quia
1920 1901 2145 1958 Verbum
2174 1896 2221 1955 B
2248 1897 2409 1963 iicile,
2437 1900 2692 1969 quoniam
2715 1899 2910 1968 ubique
2936 1907 3037 1965 est,
3061 1911 3323 1968 nusquam
3343 1913 3452 1953 non
3473 1905 3577 1954 est.
3605 1897 3827 1965 Quando

548 2013 670 2050 caro
700 1998 894 2067 factum
919 2004 996 2049 est
1023 1994 1201 2065 (Joan.
1228 2011 1265 2060 l,
1297 1993 1413 2066 M),
1442 1992 1564 2048 ideo
1591 1994 1833 2050 adestis
1850 1994 2015 2049 homo
2039 2009 2137 2064 ap-

547 2087 778 2158 pellatus
818 2094 921 2143 est.
953 2087 1063 2143 Nec
1088 2095 1375 2157 propterea
1420 2099 1639 2141 carnem
1674 2100 1863 2141 veram
1888 2101 1997 2141 non
2038 2086 2143 2141 ha-

547 2177 685 2246 buit,
715 2178 838 2249 quia
867 2179 935 2233 de
966 2178 1106 2232 coelo
1129 2176 1439 2242 descendit;
1469 2176 1596 2247 quia
1622 2176 2013 2232 carneszeus
2041 2192 2137 2233 ac-

549 2271 711 2338 cepit.
746 2269 937 2323 Merito
966 2269 1034 2324 de
1060 2283 1121 2324 se
1142 2260 1268 2338 ipso
1296 2268 1437 2325 idem
1466 2268 1730 2324 Dominus
1751 2270 1888 2327 dixit
1918 2288 1931 2325 :
1968 2268 2159 2326 Nemo-

548 2360 785 2414 ascendit
826 2362 880 2414 in
905 2360 1111 2427 emtum,
1141 2362 1360 2433 nisi'qui
1402 2360 1467 2416 de
1512 2363 1655 2417 toto
1684 2362 1965 2426 descendit,
1996 2363 2153 2434 [ilius-

548 2453 773 2509 hominis
797 2456 884 2527 qui
913 2463 990 2509 est
1027 2456 1087 2509 in
1111 2454 1241 2510 creto
1269 2454 1450 2526 (Jean.
1499 2470 1588 2521 ut,
1638 2453 1747 2524 15).
1776 2451 1939 2511 Certe
1964 2454 2144 2511 adhuc

546 2544 866 2616 loquebatur
894 2547 947 2601 in
996 2555 1158 2612 terra,
1190 2562 1292 2603 nee
1319 2546 1392 2601 ad
1436 2546 1654 2617 Patrem
1690 2555 1824 2617 post.
1856 2548 2139 2603 victoriam

547 2636 818 2707 passionis
863 2642 925 2692 et
956 2637 1185 2705 gloriam
1230 2638 1642 2695 remmotionis
1679 2639 1995 2695 ascenderat
2026 2659 2057 2693 :-
2082 2648 2141 2695 et

501 2733 505 2736 ‘
545 2734 727 2782 tamen
758 2725 923 2782 filium
952 2727 1187 2784 hominis
1209 2726 1321 2797 jam
1351 2727 1571 2783 inventio
1595 2742 1731 2785 esse
2020 2728 2137 2785 Hoc

547 2818 734 2886 utique
761 2818 911 2873 omni
937 2819 1168 2874 veritate
1206 2818 1519 2885 testiﬁcans,
1547 2820 1673 2890 quia
1701 2826 1757 2876 et
1782 2829 2005 2892 propter
2031 2821 2134 2878 ho-

545 2909 744 2963 minem
774 2909 916 2964 Deus
934 2911 1361 2967 oonversabatur
1376 2912 1429 2966 in
1453 2920 1615 2978 terra,
1646 2920 1702 2969 et
1720 2921 1943 2985 propter
1966 2913 2147 2969 Deum:

544 2997 709 3052 homo
736 2998 1012 3054 habitabat
1036 3001 1105 3055 in'
1121 3002 1279 3057 casio.
1305 3000 1463 3058 Unde
1490 3003 1652 3058 etiam
1678 3004 2004 3075 Apostolus:
2032 3003 2134 3070 Qui

545 3087 829 3154 descendit,
860 3090 1058 3160 inquit,
1088 3092 1202 3163 ipse
1228 3103 1381 3149 estet
1406 3096 1755 3165 qui-ascendit
1780 3113 1935 3168 super
1957 3080 2137 3155 onsnes

544 3176 720 3240 σωιοο,
748 3187 811 3230 ut
832 3179 1138 3250 adimpleret
1162 3186 1339 3238 omnia
1361 3184 1577 3257 (Ephes.
1599 3201 1671 3251 tv,
1695 3186 1805 3256 £0).
1829 3187 1962 3246 item
1980 3190 2147 3257 adibit.

2245 1991 2297 2045 ei
2326 1990 2487 2044 etiam
2516 1991 2774 2061 propheta
2804 2006 2873 2045 ex
2915 2005 3145 2060 persona
3182 1988 3461 2059 cujusdam
3496 1989 3639 2044 dicit
3671 2007 3686 2042 :
3720 1986 3829 2053 Quo

2242 2081 2328 2158 ibo
2355 2084 2590 2153 dispiritu
2621 2092 2727 2148 tuo,
2757 2093 2807 2136 et
2833 2100 2866 2136 a
2900 2084 3033 2155 {acie
3065 2093 3150 2136 tua
3176 2099 3274 2153 quo
3306 2082 3550 2155 fugiam!
3568 2083 3618 2136 si
3650 2099 3831 2137 ascen-

2240 2175 2368 2235 ‘dero
2393 2176 2447 2228 in
2472 2175 2674 2241 calum,
2715 2184 2767 2227 tu
2796 2173 2865 2229 ibi
2895 2191 2979 2238 es;
3008 2175 3055 2229 si
3090 2174 3398 2229 descendere
3442 2176 3498 2229 in
3542 2175 3826 2246 infernum,

2243 2263 2366 2319 ades
2398 2263 2567 2335 (Psal.
2602 2281 2851 2329 cxxxvm,
2878 2264 2928 2331 7,
2960 2264 3038 2334 8).
3065 2262 3183 2320 Hoc
3208 2266 3427 2321 omnino
3453 2265 3748 2328 testificaris
3767 2281 3835 2322 ac

2243 2358 2618 2414 demonstrans
2641 2401 2673 2427 ,.
2715 2356 2886 2413 Deum
2944 2357 3096 2427 cujus
3148 2358 3432 2428 majestate
3486 2360 3649 2430 plena
3704 2365 3831 2414 sunt

2243 2452 2445 2517 omnia,
2475 2450 2708 2527 quodam
2738 2449 3267 2520 incomprehensibili
3297 2452 3481 2520 utique
3508 2459 3563 2506 et
3592 2450 3829 2521 inexpli-

2242 2541 2400 2597 cabili
2436 2541 2596 2618 modo
2622 2542 2783 2597 etiam
2828 2541 3010 2596 inferis
3041 2541 3322 2597 interesse.
3351 2541 3408 2595 Si
3439 2549 3638 2606 autem,
3681 2538 3827 2610 quod

2242 2634 2413 2703 magis
2435 2632 2715 2704 probabile
2743 2639 2845 2699 est,
2876 2632 2930 2687 in
2971 2633 3056 2687 his
3084 2641 3205 2702 qum
3234 2633 3302 2687 de
3329 2647 3396 2687 eo
3425 2639 3570 2687 tanto
3598 2640 3725 2686 ante
3763 2633 3820 2686 in

2241 2725 2523 2797 prophetia
2545 2725 2798 2797 praedicta
2827 2733 2971 2792 sunt,
3002 2733 3058 2781 et
3085 2722 3304 2796 implela
3325 2718 3442 2779 Filii
3468 2724 3556 2779 Dei
3580 2739 3683 2778 vox
3709 2730 3815 2790 est,

2242 2819 2498 2889 quoniam
2525 2835 2617 2889 per
2643 2819 2813 2884 ipsum
2840 2819 2982 2890 facta
3020 2827 3139 2871 sunt
3162 2820 3360 2880 omnia,
3391 2825 3440 2870 et
3457 2815 3571 2869 sine
3593 2816 3709 2884 ipso
3736 2815 3820 2886 {o-

2240 2920 2379 2965 ctum
2416 2908 2651 2964 estnihil
2686 2906 2867 2981 (Joan.
2896 2900 3027 2979 1,3)
3074 2927 3085 2962 :
3130 2908 3244 2979 ipse
3271 2909 3324 2963 in
3373 2906 3589 2962 homine
3615 2913 3705 2960 est
3741 2905 3823 2959 vi-

2239 3002 2405 3059 sitare
2449 2999 2737 3057 inferorum
2786 3000 3034 3070 dignatus
3088 2998 3368 3063 obstritsa,
3400 3005 3459 3053 et
3505 2996 3837 3067 praepositos

2238 3094 2430 3150 mortis
2449 3091 2731 3163 praesentia
2759 3089 3288 3159 invictas-maiestatis
3314 3088 3600 3153 exterruit,
3625 3097 3681 3142 et
3708 3102 3829 3157 pro-

2237 3193 2361 3256 pter
2402 3184 2707 3241 liberandos
2734 3198 2871 3255 quos
2898 3184 3086 3250 voluit,
3117 3183 3407 3239 inferorum
3453 3191 3642 3255 portas
3675 3196 3823 3238 rese.

543 3280 664 3321 cum
694 3266 761 3321 de
801 3270 983 3324 carnis
1025 3282 1138 3326 sua:
1175 3273 1311 3328 cibo
1325 3281 1381 3329 et
1408 3283 1538 3343 potu
1566 3278 1843 3345 sanguinis
1883 3277 2139 3336 Salvator
2158 3269 2208 3334 C
2241 3279 2347 3333 rari
2372 3278 2644 3349 praecepit.

542 3355 659 3426 ipse
686 3359 908 3429 mystice
937 3359 1283 3429 loqueretur,
1309 3365 1489 3421 sciens
1524 3365 1671 3433 quod
1698 3366 1887 3423 oii‘ensi
1932 3384 2000 3425 ex
2028 3370 2139 3428 ho‘e

542 3446 660 3515 ejus
683 3446 929 3518 discipuli
977 3460 1376 3509 murmurarent
1419 3454 1658 3512 dicentes
1689 3475 1703 3510 :
1742 3457 1913 3513 Durus
1938 3468 2016 3515 est
2048 3462 2133 3517 hic

452 3580 459 3585 .
542 3556 730 3600 sermo.
758 3541 881 3611 quis
899 3550 1066 3612 potest
1093 3556 1209 3599 eum
1235 3544 1418 3600 audire
1439 3544 1620 3617 (Joan.
1652 3548 1874 3620 νιν-61η
1901 3552 1981 3608 sic
2006 3553 2084 3607 ait
2112 3572 2127 3606 :

542 3628 659 3684 Hoc
685 3648 772 3686 vos
802 3633 1165 3689 scandalizat?
1192 3634 1259 3690 Si
1280 3653 1405 3707 ergo
1442 3637 1674 3693 videritis
1700 3636 1876 3709 ﬁliuni
1907 3642 2133 3698 hominis

540 3725 909 3780 ascendentem
942 3724 1037 3781 ubi.
1066 3737 1183 3782 erat
1218 3732 1364 3800 prius
1394 3729 1597 3800 (ibid...
1620 3733 1751 3803 63).?
1778 3733 1918 3791 Ecce
1942 3744 1999 3791 et
2042 3737 2135 3792 hio
2188 3743 2192 3747 “

540 3815 817 3871 advertitis
844 3819 1537 3902 quemadmodumpropter
1557 3825 1817 3880 unitatem
1837 3825 1935 3883 Dei
1954 3829 2128 3885 humi»

539 3909 730 3980 nisque
756 3924 1027 3980 personae,
1051 3912 1220 3969 tilium
1246 3914 1481 3971 hominis
1508 3917 1599 3972 ubi
1626 3926 1745 3972 erat
1768 3919 1919 3987 prius
1945 3921 2128 3989 perhi-

480 4068 487 4074 _
538 4001 631 4055 bet
659 4016 1037 4068 escensurum,
1058 4019 1229 4075 quem
1250 4005 1303 4059 in
1330 4014 1486 4062 utero
1515 4007 1735 4074 viminis
1767 4016 1980 4065 constat
2006 4024 2129 4066 esse

538 4090 847 4159 formatum,
880 4102 1037 4152 uter
1076 4110 1155 4153 eo'
1184 4096 1433 4155 humanae
1478 4099 1773 4156 nativitatis
1811 4102 2129 4172 sumpsisset

536 4186 879 4257 principium.
960 4212 963 4215 <
2122 4258 2123 4261 η

605 4274 693 4332 iV.
727 4277 903 4333 Nemo
927 4280 1108 4349 itaque
1134 4280 1398 4348 sacrilego
1424 4281 1617 4350 spiritu
1641 4281 1836 4336 audeat
1871 4297 2127 4353 separare

534 4368 677 4435 quod
706 4369 934 4423 videtin
973 4366 1113 4425 emib
1142 4376 1197 4423 et
1239 4369 1303 4422 in-
1334 4377 1480 4424 terra
1527 4369 1731 4424 unitate
1777 4371 2122 4443 inseparabili

535 4468 875 4527 permanere.
931 4457 1085 4514 Sicut
1134 4458 1279 4513 enim
1331 4459 1408 4514 ab
1453 4459 1841 4531 omnipotentia
1897 4462 2122 4523 Deitatis

535 4545 697 4601 homo
724 4546 969 4603 ChriStus
996 4546 1155 4604 Iesus
1188 4562 1318 4606 esset
1336 4565 1453 4606 non
1480 4559 1665 4621 potest
1686 4553 1931 4622 alienus;
1962 4556 2045 4611 ita
2064 4566 2122 4612 et

2311 3369 2379 3424 V.
2420 3369 2495 3424 De
2524 3370 2641 3439 ipso
2666 3369 2928 3440 siquidem
2956 3366 3186 3425 Ioannes
3213 3368 3493 3440 apostolus
3526 3369 3581 3423 in
3613 3370 3821 3437 Apoca-

2235 3462 2374 3535 lypsi
2401 3462 2479 3519 sic
2506 3462 2779 3532 loquitur:
2810 3459 2995 3517 Posuit
3022 3479 3229 3517 manum
3251 3462 3523 3516 dexteram
3552 3479 3709 3532 super
3745 3477 3827 3515 me

2234 3554 2411 3611 dicens
2442 3571 2458 3608 :
2490 3551 2617 3610 Noli
2644 3555 2824 3609 timere
2845 3560 2870 3609 ἔ
2893 3572 2986 3626 ego
3027 3570 3138 3608 sum
3175 3555 3369 3625 primus
3397 3564 3447 3608 et
3474 3556 3816 3615 novissimus;

2233 3654 2283 3699 et
2310 3646 2511 3714 uiuens,
2528 3646 2613 3719 qui
2638 3647 2837 3717 fueram
2879 3654 3138 3708 mortuus;
3169 3653 3217 3699 et
3239 3662 3354 3700 ecce
3390 3650 3503 3699 sum
3550 3647 3731 3699 virens
3761 3646 3814 3699 in

2232 3737 2423 3791 sarcula
2450 3736 2756 3791 saeculorum
2780 3752 2795 3788 :
2818 3744 2868 3789 et
2898 3720 3059 3790 habeo
3095 3737 3284 3791 clavan
3320 3738 3498 3791 mortis
3522 3745 3575 3789 et
3608 3737 3808 3807 infero-

2202 3834 2346 3881 ‘rum
2374 3827 2555 3899 (Apoc.
2586 3844 2623 3892 l,
2656 3827 2743 3893 i7,
2774 3827 2882 3896 18).
2915 3825 3144 3897 Propter
3179 3829 3426 3883 deitatem
3463 3828 3660 3896 quippe
3690 3829 3801 3896 pri-

2228 3932 2371 3985 mus,
2399 3919 2654 3986 quoniam
2700 3918 3010 3989 principium
3038 3927 3127 3973 est
3158 3919 3293 3991 quod
3317 3928 3363 3973 et
3397 3919 3614 3989 loquitur
3651 3914 3802 3973 nobis

2231 4004 2409 4077 (deum
2442 4022 2555 4073 van,
2584 4004 2675 4077 εδ)
2710 4025 2722 4060 :
2754 4016 2979 4078 propter
3005 4009 3389 4064 humanitatem
3416 4023 3542 4063 vero
3570 4008 3809 4065 novissi-

2226 4107 2365 4159 mus,
2398 4096 2531 4164 quia
2568 4097 2842 4166 mscipene
2886 4111 3109 4153 stateem
3136 4112 3248 4153 non
3281 4096 3597 4166 dedignatus
3622 4107 3711 4153 est
3754 4109 3812 4153 et

2225 4197 2457 4243 mortem
2494 4203 2594 4261 pro
2633 4189 2805 4244 nobis.
2838 4187 2905 4242 Et
2950 4189 3074 4244 ideo
3117 4190 3203 4244 cui
3235 4190 3287 4243 in
3332 4189 3621 4245 Divinitate
3668 4190 3806 4246 nuda

2226 4288 2351 4335 sunt
2379 4281 2558 4334 omnia
2586 4288 2971 4346 creaturarum,
3004 4280 3261 4335 etiamin
3292 4280 3513 4336 homine
3555 4268 3802 4351 suscepto

2224 4372 2388 4426 habet
2406 4372 2587 4427 claves
2611 4372 2814 4427 mortis
2832 4379 2895 4427 et
2911 4369 3226 4427 inferorum.
3259 4369 3493 4428 Tantum
3520 4373 3679 4441 igitur
3704 4372 3801 4428 ab-

2223 4470 2329 4529 est,
2356 4459 2525 4517 Deum
2554 4461 2652 4517 Dei
2672 4461 2895 4527 Filium,
2915 4462 3405 4518 incommutabilem
3427 4471 3587 4531 atque
3610 4464 3809 4523 incon»

2223 4554 2655 4625 prehensibilem,
2681 4555 2749 4608 ab
2795 4552 2989 4610 niteris
3017 4555 3261 4624 potuisse
3287 4555 3571 4619 concludi;
3600 4562 3659 4607 ut
3704 4547 3806 4610 nec

533 4636 603 4689 ab
631 4635 714 4690 his
750 4646 871 4707 quae
917 4638 969 4692 in
1019 4638 1299 4695 hominem
1338 4641 1433 4697 vel
1466 4642 1621 4699 circa
1650 4644 1925 4700 hominem
1964 4656 2116 4715 gesta
2145 4638 2200 4699 D
2223 4645 2394 4717 ipsam
2419 4646 2800 4717 assumptionis
2826 4645 3060 4703 animam
3086 4646 3388 4711 credamus,
3430 4654 3526 4701 aut
3552 4648 3801 4701 exitiabi-

531 4734 676 4795 s‘unt,
708 4731 949 4800 separari
976 4738 1085 4787 non
1115 4737 1297 4802 potest
1316 4732 1477 4789 Deus.
1510 4733 1675 4790 Natus
1694 4749 1825 4805 ergo
1844 4745 1937 4792 est
1951 4737 2115 4795 homo

528 4821 631 4889 qui
654 4822 894 4901 nondum
918 4822 1121 4890 fuerat,
1143 4825 1275 4894 quia
1306 4824 1527 4883 Verbum
1557 4840 1680 4883 coro
1708 4831 1906 4901 factum
1930 4839 2026 4897 est,
2066 4839 2117 4886 et

526 4900 839 4968 multum
860 4911 919 4968 in
943 4914 1095 4970 nobis
1116 4914 1293 4987 (Joan.
1322 4930 1358 4981 ν,
1392 4916 1505 4987 iis).
1537 4916 1707 4976 Simili
1738 4922 1901 4977 modo
1925 4937 2115 4992 passus

528 5012 613 5059 est
626 4993 972 5077 huphssibiiis
994 5020 1096 5078 per
1120 5008 1431 5079 passibilem
1459 5021 1623 5078 quem
1646 5013 1899 5083 suscepit,
1923 5022 1980 5068 et
2006 5013 2111 5069 im-

524 5100 768 5156 mortalis
794 5087 1039 5157 mortuus
1066 5111 1168 5166 est,
1195 5108 1252 5157 et
1269 5103 1363 5170 qui
1388 5116 1664 5172 nunquam
1685 5106 1912 5160 moritur
1932 5121 2112 5162 resur-

522 5191 686 5244 rexit.
716 5191 909 5260 Neque
929 5193 1071 5248 enim
1103 5193 1185 5248 vel
1215 5194 1270 5247 in
1299 5194 1552 5263 passione
1580 5191 1751 5249 deluit
1791 5196 1869 5251 illi
1905 5197 2108 5254 homini

530 5280 673 5334 Deus
702 5299 714 5333 :
746 5282 986 5351 alioquin
1003 5298 1117 5339 non
1137 5292 1224 5341 est
1246 5283 1507 5342 Domnms
1524 5285 1709 5355 gﬂorim
1740 5288 2031 5346 crucifixus
2054 5289 2112 5361 (Ι

526 5370 647 5425 Cor.
681 5387 749 5440 ιι,
778 5369 856 5444 8).
898 5374 985 5428 An
1024 5375 1252 5432 dicimus
1277 5375 1456 5432 Deum
1495 5378 1555 5432 ἢ
1594 5387 1850 5450 suscepto
1892 5382 2111 5439 homine

523 5464 686 5520 etiam
713 5464 858 5535 apud
885 5465 1083 5523 inferos
1109 5484 1218 5525 non
1248 5467 1449 5526 fuisse?
1477 5478 1571 5525 aut
1596 5486 1726 5527 vero
1762 5474 2108 5529 metuendum

522 5564 624 5619 est,
666 5571 737 5611 ne
784 5555 1036 5614 divinitas
1078 5557 1148 5613 ibi
1195 5561 1347 5628 quasi
1397 5561 1683 5630 poenaliter
1723 5562 1898 5628 fuerit,
1944 5572 2104 5632 quam

523 5648 667 5701 nulla
693 5648 924 5716 qualitas
951 5646 1134 5712 allicit,
1164 5650 1311 5705 nulla
1358 5650 1635 5708 demensio
1681 5653 2107 5710 circumscribit?

523 5740 675 5805 cujus
704 5741 1124 5808 magnitudinem
1170 5754 1331 5797 nemo
1370 5745 1537 5813 capit,
1564 5747 1905 5813 timentium
1948 5760 2107 5801 nemo

522 5827 678 5894 fugit,
705 5830 969 5887 secretum
1004 5849 1165 5889 nemo
1203 5834 1424 5897 invenit,
1451 5834 1792 5901 splendorem
1820 5838 1997 5893 nullus
2020 5845 2105 5891 at-

2221 4736 2346 4792 liter
2372 4747 2695 4807 susceptam,
2745 4743 2838 4790 aut
2880 4737 3146 4792 tenaciter
3187 4737 3518 4792 derelictam.
3553 4737 3665 4792 Sed
3701 4754 3811 4809 nec

2220 4842 2439 4883 carnem
2467 4827 2582 4897 ejus
2609 4826 2878 4883 credimus
2902 4827 3224 4895 contagione
3253 4827 3478 4896 alicujus
3506 4829 3802 4898 corruptio-

2220 4921 2304 4977 nis
2324 4919 2595 4976 infectam.
2628 4919 2799 4992 lpsius
2817 4934 3049 4990 namque
3079 4936 3180 4974 vox
3210 4926 3294 4973 est
3322 4920 3374 4973 in
3397 4920 3631 4995 psalmo,
3664 4921 3801 4974 sicut

2219 5009 2411 5077 Petrus
2430 5011 2815 5081 interpretatur
2841 5010 3118 5081 apostolus
3145 5027 3158 5063 :
3184 5007 3306 5065 Non
3328 5010 3653 5080 deretinques
3676 5012 3800 5063 eni-

2216 5119 2357 5161 mam
2389 5119 2553 5158 meum
2595 5103 2734 5174 apud
2771 5104 2984 5175 inferos,
3014 5120 3176 5175 neque
3206 5113 3439 5156 sanctum
3466 5113 3606 5155 tuum
3633 5102 3804 5155 υἱάσιν

2215 5195 2591 5265 corruptionem
2620 5192 2795 5256 (Psal.
2814 5212 2903 5260 xv,
2928 5195 3022 5263 i0;
3045 5197 3160 5248 Act.
3194 5211 3251 5258 ιι,
3283 5192 3394 5263 28).
3431 5193 3551 5263 ipse
3580 5202 3805 5264 propter

2215 5287 2695 5358 culpam-nostram
2725 5290 2890 5359 [actus
2924 5296 2999 5342 est
3038 5289 3173 5343 velut
3200 5289 3352 5342 nomo
3390 5289 3504 5341 sine
3539 5288 3803 5359 Μίκων-ἕο

2215 5379 2387 5452 (Psal.
2418 5396 2652 5443 Lxxsvu,
2684 5379 2738 5448 ἀ)
2774 5398 2786 5433 :
2822 5388 3044 5451 propter
3072 5379 3432 5439 innocentiam
3458 5393 3587 5433 vero
3614 5392 3682 5434 ac
3703 5394 3805 5449 po-

2212 5471 2436 5525 tentiam
2464 5486 2615 5525 suam
2647 5471 2894 5526 inventus
2937 5479 3019 5526 est
3054 5473 3190 5526 inter
3215 5480 3443 5533 mortuos
3470 5471 3618 5529 liber.
3652 5468 3806 5527 Tune

2213 5563 2355 5618 enim
2386 5576 2513 5616 vere
2538 5576 2655 5631 tunc
2686 5579 2795 5618 non
2816 5571 3089 5634 rapuerat,
3117 5564 3258 5619 sicut
3283 5564 3540 5633 scriptum
3570 5573 3655 5619 est
3678 5562 3798 5635 (Ps.

2213 5662 2394 5719 vam,
2417 5651 2470 5723 5)
2492 5653 2821 5708 exsolvcbat.
2846 5653 3154 5722 Nonitaque
3166 5654 3629 5720 mirum,siDeum
3650 5654 3804 5713 locus

2218 5744 2409 5816 alitqu
2438 5744 2647 5815 recipit,
2678 5760 2777 5800 nec
2806 5752 2984 5800 tamen
3015 5747 3158 5817 capit
3192 5764 3204 5798 ε
3235 5744 3580 5816 prmeéntiam
3615 5747 3802 5810 sentit.

2214 5828 2565 5892 maiestatem
2583 5851 2690 5892 non
2721 5836 2942 5906 impedit
2966 5854 2978 5891 :
3001 5837 3310 5909 expavescit
3329 5837 3802 5907 omnipotenti“.
