4192 6258
345 445 450 512 855

350 646 586 727 perfecta
612 642 890 707 beatitudo
915 650 971 701 et
988 639 1438 707 iuexstinguibilis
1463 635 1597 695 lucis
1616 632 1774 707 [forte
1794 628 1928 727 lux],

351 722 451 793 nec
479 733 751 792 obscurari
779 731 1035 796 tenebris,
1060 746 1160 785 nec
1184 729 1381 789 variari
1407 728 1559 796 locis,
1590 739 1692 789 nec
1722 722 1929 794 passio-

354 829 510 893 nibus
528 825 685 896 affici,
708 839 809 892 nec
832 822 1231 891 conditionibus
1254 822 1441 885 minui,
1466 834 1570 883 nec
1597 815 1932 886 temporibus

352 920 528 985 valeat
552 916 885 983 commutari.
926 913 1069 989 Deus
1094 925 1224 982 ergo
1254 912 1421 975 tilium
1447 906 1724 982 proprium
1739 905 1929 965 'homi-

355 1024 476 1073 nem
506 1021 606 1071 nec
638 1005 691 1073 in
721 1003 904 1073 inferis
928 1003 1192 1074 deseruit,
1208 1017 1312 1063 nec
1337 1000 1481 1073 apud
1507 997 1707 1075 inferos
1731 995 1930 1053 dereli-

353 1100 483 1169 quit.
516 1095 679 1179 Cujus
704 1104 884 1157 autem
912 1096 1110 1159 virtute
1155 1111 1219 1163 ac
1255 1094 1541 1164 majestate
1562 1090 1780 1160 antiqua
1808 1103 1928 1149 san-

353 1198 557 1255 ctorum
584 1203 812 1259 corpora
842 1188 957 1249 visa
983 1195 1107 1243 sunt
1128 1186 1491 1245 resurrexisse
1512 1181 1726 1253 (Matth.
1760 1194 1928 1246 xxvn,

348 1281 434 1347 51,
477 1279 589 1351 52),
631 1279 678 1341 si
719 1279 863 1345 Deus
900 1279 1102 1341 inferos
1141 1279 1360 1341 minime
1387 1275 1656 1333 visitavit?
1685 1273 1813 1341 Quis
1840 1272 1930 1335 ille

344 1372 543 1442 θειοφιὶ
584 1380 772 1451 petras
809 1371 1000 1437 scindi,
1028 1378 1227 1441 terram
1253 1368 1603 1433 commoveri,
1633 1366 1804 1423 solem
1833 1364 1933 1420 oh-

340 1465 563 1531 scurari,
612 1463 756 1525 diem
800 1461 1004 1531 fugere,
1050 1461 1226 1517 velum
1271 1459 1457 1531 templi
1502 1458 1558 1517 in
1594 1456 1728 1517 duas
1767 1453 1934 1515 dividi

336 1563 517 1626 partes
546 1554 769 1615 effecit?
796 1553 1047 1625 Nunquid
1090 1554 1252 1609 homo
1290 1551 1531 1607 tantum?
1560 1564 1741 1607 nonne
1767 1548 1933 1605 etiam

336 1646 511 1711 Deus?
538 1643 686 1714 Ergo
715 1646 763 1709 ei
796 1661 896 1703 nec
927 1645 981 1701 in
1007 1659 1184 1711 cruce,
1213 1658 1314 1699 nec
1338 1643 1393 1701 in
1422 1647 1619 1707 morte,
1650 1654 1751 1695 nec
1779 1638 1832 1693 in
1853 1652 1935 1695 se-

338 1736 543 1809 pulcro,
585 1751 686 1797 nec
726 1737 779 1795 in
810 1735 993 1795 inferis
1016 1734 1199 1791 defuit.
1232 1733 1343 1790 Nec
1369 1733 1545 1798 aliter,
1587 1739 1680 1785 aut
1719 1730 1787 1785 de
1825 1729 1933 1800 alio

339 1828 474 1894 Solet
518 1828 743 1896 intelligi
784 1827 928 1903 quod
972 1827 1024 1885 in
1070 1825 1277 1895 psalmo
1320 1823 1522 1880 dictum
1565 1832 1648 1903 est
1679 1840 1690 1873 :
1723 1821 1936 1893 Auferte

1768 415 2098 485 EPISTOLA
2135 417 2199 474 ll.
2286 413 2297 421 ’

349 555 701 625 substantiam
745 566 855 611 non
901 550 1144 611 includit.
1192 547 1470 620 Siquidem
1509 546 1598 613 illa
1644 557 1855 601 summa
1882 546 1939 596 et
1961 539 2018 602 Α
2044 536 2354 597 faciendum
2393 542 2448 597 in
2485 540 2789 598 aeternitate
2816 557 2938 598 cum
2973 542 3134 598 Patre
3174 540 3472 612 disposuit?
3502 539 3629 597 Haec
3690 592 3693 593 ν
3799 587 3805 593 .

3434 463 3441 470 .
3522 417 3629 473 85‘

2035 644 2166 700 ergo
2195 641 2251 688 et
2279 633 2406 690 talia
2435 649 2557 690 cum
2597 634 2851 690 dicuntur
2888 643 2981 690 aut
3023 630 3174 700 tlunt,
3206 633 3344 691 sicut
3376 648 3519 703 ωερε
3546 632 3629 690 di-

2033 732 2182 787 etum
2211 732 2315 788 est,
2344 740 2529 783 veram
2566 725 2804 781 hominis
2851 724 3216 781 infirmitatem
3255 724 3628 792 fragilitatem-

2033 830 2142 885 que
2165 815 2562 881 demonstrant,
2607 830 2711 872 nec
2751 816 2873 872 ideo
2916 815 3257 887 praesentiam
3292 815 3486 873 divinae
3512 830 3628 872 ma-

2028 902 2242 973 iestatis
2269 913 2551 961 evacuant.

2105 996 2219 1051 VII.
2259 996 2360 1053 Hic
2379 999 2546 1055 homo
2574 999 2817 1069 quisquis
2836 1014 2914 1067 es,
2936 1000 3028 1071 qui
3056 1006 3214 1071 putas
3246 1000 3414 1057 Deum
3461 998 3622 1056 Chri-

2033 1096 2179 1145 Mum
2225 1088 2293 1145 ab
2336 1090 2555 1151 homine
2581 1087 2799 1146 Christo
2822 1090 3090 1161 passionis
3117 1091 3361 1162 tempore
3404 1106 3596 1161 separa

2036 1187 2172 1243 tum,
2224 1196 2333 1243 non
2379 1181 2684 1241 recordaris
2729 1198 2852 1239 eum
2895 1184 3131 1252 passuris
3171 1183 3444 1252 discipulis
3471 1198 3624 1237 suam

2037 1272 2379 1343 praesentiam
2399 1270 2628 1331 ﬁdeliter
2654 1274 3022 1343 pollicentem,
3054 1275 3145 1344 qui
3174 1274 3342 1330 dicit:
3374 1273 3505 1330 Cum
3537 1292 3624 1331 me

2038 1362 2369 1432 tradiderint,
2389 1362 2548 1419 nolite
2558 1366 2785 1435 cogitare
2798 1363 3051 1435 quomodo
3071 1372 3159 1418 aut
3179 1364 3302 1436 quid
3321 1364 3623 1436 loquamini;

2037 1452 2248 1521 (labitur
2269 1456 2406 1519 enim
2452 1453 2591 1510 vobis
2614 1457 2671 1510 in
2698 1456 2792 1510 illa
2841 1458 2969 1511 liora
2997 1456 3120 1527 quid
3166 1456 3467 1527 loquamini.
3499 1454 3625 1510 Non
3718 1440 3733 1459 ί

2034 1546 2176 1609 enim
2202 1562 2292 1601 vos
2319 1546 2443 1605 estis
2462 1548 2547 1617 qui
2574 1546 2860 1617 loquimini,
2892 1546 2985 1602 sed
3013 1548 3227 1617 spiritus
3247 1545 3428 1601 Patris
3470 1548 3627 1603 vestri

2036 1638 2125 1708 qui
2153 1637 2377 1709 loquitur
2394 1640 2447 1695 in
2490 1625 2631 1697 t'obis
2660 1638 2872 1709 (Matth.
2905 1654 2956 1703 x,
2984 1636 3071 1700 19,
3102 1636 3214 1707 20).
3245 1636 3395 1692 Itane
3423 1637 3515 1692 ille
3531 1637 3626 1706 qui

2036 1730 2210 1785 servis
2253 1729 2568 1787 facientibus
2606 1729 2821 1785 Domini
2861 1729 3194 1785 voluntatem
3215 1744 3366 1785 suam
3389 1728 3625 1785 divinam

2040 1821 2382 1893 prresentiam
2404 1820 2669 1890 promisit,
2699 1820 2937 1885 donavit,
2964 1820 3235 1902 exhibuit;
3268 1821 3322 1876 in
3349 1811 3457 1890 quo
3478 1820 3626 1875 nullo

340 1932 538 1994 portas,
570 1897 851 1992 principes,
878 1928 1093 1981 uestras,
1126 1928 1175 1972 et
1196 1917 1491 1985 elavamini,
1513 1897 1677 1987 perite
1710 1922 1935 1971 aeterna-
1968 1908 2013 1966 Β
2042 1912 2313 1969 existente
2362 1921 2606 1982 peccato,
2654 1927 2753 1981 pro
2803 1897 2987 1984 nostra
3014 1913 3188 1970 salute
3208 1923 3437 1969 mortem
3466 1914 3630 1969 subiit

341 2014 438 2083 les,
467 2024 515 2081 et
548 2013 779 2068 introibit
818 2028 910 2071 rex
953 2012 1132 2083 gloria:
1162 2008 1333 2081 (Psal.
1366 2025 1517 2075 xxiii,
1545 2008 1616 2075 7).
1652 2004 1803 2061 Unde
1832 2020 1930 2061 ex-

343 2106 757 2176 pavescentihus
785 2113 949 2174 atque
976 2102 1445 2170 interrogantibus,
1474 2097 1602 2164 Quis
1623 2105 1698 2153 est
1726 2097 1820 2152 iste
1838 2113 1933 2151 rea:

346 2196 527 2269 gloria:
557 2194 741 2265 (Ibid.,
767 2194 860 2261 8)?
884 2193 1256 2265 respondetur,
1288 2190 1541 2247 Dominus
1570 2191 1722 2260 {ortis
1761 2194 1809 2241 et
1835 2203 1931 2257 po—

347 2294 481 2352 tens,
507 2284 761 2349 Dominus
787 2294 966 2357 potens
994 2285 1047 2343 in
1084 2283 1284 2355 praelia.
1319 2291 1343 2318 ἰ
1374 2279 1491 2353 Quo
1521 2280 1723 2353 przelio,
1750 2279 1852 2339 nisi
1878 2279 1934 2335 in

346 2391 455 2448 quo
482 2384 713 2439 mortem
743 2387 918 2441 morte
942 2375 1189 2439 calcavit,
1219 2382 1496 2444 peccatum
1522 2373 1780 2431 innocens
1799 2371 1937 2427 oeci-

345 2486 436 2525 sus
465 2469 743 2532 exstinxit,
767 2476 822 2525 et
852 2476 1108 2537 tropteum
1152 2467 1386 2523 victorite
1413 2464 1481 2523 de
1508 2463 1724 2544 diabolo
1752 2470 1807 2517 et
1834 2477 1933 2519 an-

344 2562 477 2631 gelis
506 2561 623 2629 ejus
643 2560 974 2633 reportavit?

421 2651 505 2715 Vi.
540 2651 607 2719 At
635 2652 776 2719 enim
808 2652 922 2721 ipse
948 2650 1001 2711 in
1032 2664 1194 2708 cruce
1220 2648 1353 2709 dixit
1377 2666 1390 2702 2
1416 2649 1576 2713 Deus,
1610 2644 1749 2703 Deus
1773 2662 1935 2709 meus,

345 2762 507 2819 quare
536 2760 615 2805 me
648 2744 962 2817 dereliquisti
996 2741 1166 2815 (Psal.
1197 2756 1309 2811 xxi,
1332 2740 1421 2811 i)?
1442 2738 1547 2795 Sed
1577 2739 1677 2793 ista
1702 2736 1937 2811 suscepti

347 2836 585 2897 hominis
612 2849 718 2893 vox
753 2842 855 2890 est.
893 2832 1119 2895 Attende
1150 2831 1289 2888 unde
1316 2838 1589 2901 assumpta
1617 2836 1719 2894 est,
1745 2836 1800 2884 et
1829 2826 1938 2888 illic

345 2927 468 2985 vide
499 2925 629 2995 quid
654 2925 895 2995 sequitur
919 2942 931 2977 :
961 2923 1152 2996 Longe.
1178 2923 1368 2995 inquit,
1399 2939 1433 2979 a
1459 2920 1626 2981 salute
1652 2936 1768 2985 mea
1786 2917 1938 2973 verba

350 3017 656 3083 delictorum
682 3015 895 3089 (Ibid)
926 3015 1126 3073 Similis
1154 3022 1236 3070 est
1264 3015 1377 3077 haec
1401 3030 1507 3071 vox
1536 3013 1700 3070 etiam
1728 3012 1801 3067 illi
1831 3026 1938 3082 qua

349 3108 551 3171 dicitur
590 3124 602 3165 :
656 3105 839 3171 Tristis
884 3116 963 3167 est
1010 3108 1186 3162 anima
1236 3122 1351 3161 mea
1397 3122 1555 3178 usque
1604 3105 1673 3163 ad
1725 3113 1940 3163 mortem

348 3196 567 3274 (Matth,
617 3212 760 3269 xxvi,
796 3195 904 3267 58).
948 3197 1137 3263 Nonne
1175 3198 1335 3268 paulo
1363 3206 1487 3257 ante
1528 3198 1643 3271 ipse
1666 3195 1942 3267 discipulis

2038 2002 2333 2068 innoxiam,
2359 2011 2418 2059 ut
2439 2003 2613 2060 Patris
2631 2002 2832 2071 taceret
2853 2005 3204 2071 voluntatem,
3227 2004 3462 2061 divinum
3484 2004 3630 2060 auxi-

2039 2094 2168 2151 lium
2197 2096 2299 2155 sibi
2327 2097 2504 2161 carnis
2523 2105 2766 2166 tempore
2780 2094 3098 2164 denegavit?
3112 2095 3180 2150 Et
3195 2096 3335 2152 Deus
3353 2096 3628 2152 hominem

2037 2201 2201 2261 quem
2230 2187 2300 2242 ob
2327 2187 2442 2247 ilch
2464 2187 2776 2254 sustinenda
2798 2187 2945 2249 nulla
2973 2186 3282 2256 compulsus
3308 2185 3629 2241 necessitate

2038 2278 2296 2350 suscepit,
2331 2279 2385 2335 in
2415 2279 2518 2334 hac
2551 2277 2927 2348 perfunctione
2950 2277 3227 2337 destituit?
3257 2276 3518 2346 Loquitur
3546 2277 3627 2332 in-

2043 2373 2126 2423 ter
2147 2376 2415 2425 tormenta
2437 2377 2733 2441 martyrum
2753 2384 3011 2440 praesens,
3039 2383 3142 2429 nec
3164 2382 3259 2423 eos
3279 2367 3478 2436 aliquid
3514 2382 3628 2421 me-

2039 2457 2201 2514 ditari
2230 2459 2510 2530 permittit,
2540 2467 2597 2519 et
2620 2475 2680 2517 se
2709 2462 2879 2530 ipsum
2903 2461 2956 2516 in
2982 2460 3156 2517 crucis
3182 2458 3422 2529 patibulo
3443 2457 3629 2517 dereli-

2039 2550 2193 2622 quit?
2230 2549 2351 2622 ipse
2378 2560 2460 2607 est
2500 2552 2665 2621 enim,
2685 2553 2831 2622 quod
2858 2567 3002 2623 sche
3024 2564 3095 2608 ac‘
3113 2566 3328 2621 semper
3355 2559 3441 2606 est
3468 2542 3627 2619 repe-

2042 2641 2262 2699 tendum
2295 2660 2307 2695 :
2367 2657 2468 2699 nec
2512 2642 2765 2712 distingui
2806 2649 2983 2713 potest
3012 2641 3106 2698 Dei
3133 2640 3472 2709 hominisque
3500 2654 3628 2709 per-

2040 2747 2197 2799 sona,
2247 2733 2494 2805 quamvis
2540 2735 2608 2788 sit
2646 2735 2700 2799 in
2744 2748 2812 2799 eo
2864 2733 3078 2789 diversa
3129 2732 3445 2791 substantia.
3478 2730 3629 2785 Absit

2042 2822 2189 2878 aliud
2217 2824 2461 2896 credere,
2490 2824 2630 2880 absit
2674 2824 2831 2883 aliter
2871 2822 2941 2879 de
2992 2822 3363 2892 omnipotente
3407 2821 3626 2877 sentire.

2042 2915 2154 2973 Nec
2181 2916 2329 2971 nasci
2357 2924 2613 2990 aeternus,
2660 2930 2762 2973 nec
2789 2930 3032 2977 crescere
3057 2899 3478 2984 periectus,'nec
3529 2914 3629 2967 im-

2043 3007 2311 3080 passibilis
2362 3008 2493 3079 pati,
2547 3021 2651 3069 nec
2696 3006 3011 3067 immortalis
3038 3007 3195 3069 mori,
3236 3006 3352 3063 sine
3401 3006 3506 3061 ulla
3546 3006 3630 3062 sui

2044 3099 2341 3159 mutatione
2370 3100 2451 3155 vel
2479 3096 2842 3169 coi'ruptione,
2874 3098 3012 3157 sicut
3034 3097 3148 3168 jam
3174 3097 3373 3157 dictum
3402 3106 3503 3162 est,
3528 3096 3630 3161 [or-

2044 3189 2283 3255 midavit.
2310 3188 2415 3247 Sed
2443 3191 2567 3262 quia
2588 3191 2703 3255 inec
2723 3190 2835 3260 pati
2860 3205 2969 3257 non
2998 3198 3183 3260 posset
3205 3190 3320 3247 sola
3348 3190 3627 3256 Divinitas,

343 3287 562 3342 dixerat
587 3305 599 3340 :
628 3285 693 3341 In
729 3288 825 3341 hoc
849 3289 1139 3349 contristati
1167 3290 1310 3354 estis,
1334 3289 1577 3361 quoniam
1608 3289 1738 3354 dixi,
1762 3288 1843 3351 Eo
1870 3287 1940 3343 ad
1967 3284 2008 3342 Ω
2043 3279 2319 3335 hominem
2350 3296 2447 3350 per
2474 3296 2632 3350 quem
2665 3282 2797 3335 tanti
2827 3282 3062 3335 muneris
3103 3283 3360 3352 mysterio
3408 3282 3629 3352 perfun-

343 3379 567 3435 Patrem
594 3396 779 3451 meum,
811 3389 859 3434 et
870 3380 986 3450 jam
1008 3397 1111 3435 non
1140 3380 1376 3439 videbitis
1401 3398 1482 3435 me
1507 3379 1684 3452 (Joan.
1718 3397 1823 3444 xvt,
1848 3377 1933 3445 6);

344 3478 417 3538 et,
462 3470 521 3524 Si
562 3470 840 3543 diligeretis
878 3486 979 3538 me,
1010 3470 1334 3543 gaudentis;
1362 3472 1482 3543 quia
1510 3486 1570 3527 eo
1604 3470 1671 3523 ad
1704 3468 1935 3537 Patrem,

343 3564 473 3634 quia
502 3560 664 3625 Pater
702 3562 871 3632 major
890 3578 971 3617 me
996 3571 1073 3620 est
1093 3560 1276 3635 (Joan.
1296 3555 1421 3633 'xtv,
1445 3560 1556 3630 28).
1588 3559 1647 3615 in
1675 3574 1782 3629 quo
1811 3572 1939 3626 ergo

346 3652 502 3723 iubet
527 3652 761 3722 gaudere
788 3652 1078 3722 discipulos
1103 3653 1263 3709 suos?
1290 3650 1529 3719 Qualiter
1556 3650 1792 3711 creditur
1811 3665 1942 3704 con-

348 3744 556 3799 tristari
584 3744 859 3814 magister,
891 3744 991 3798 nisi
1018 3750 1076 3803 ut
1105 3743 1159 3800 in
1189 3743 1407 3807 homine
1424 3742 1537 3803 veri
1566 3740 1800 3805 hominis
1818 3754 1942 3810 pas-

349 3836 534 3890 siones
559 3845 612 3889 et
638 3835 1014 3897 ﬂuctuationes
1043 3832 1385 3893 ostenderet?
1413 3833 1514 3901 Qui
1542 3834 1684 3897 enim
1722 3842 1944 3908 propter

354 3943 458 3981 nos
503 3927 867 3997 redimendos,
897 3926 1274 3991 instituendos,
1318 3926 1817 3999 conﬁrmandosque
1844 3944 1953 3991 ve-_

356 4026 533 4083 uerat,
560 4019 738 4079 omnia
768 4019 819 4071 in
851 4034 909 4073 se
950 4017 1273 4085 inﬁrmitatis
1315 4025 1513 4083 nostrte
1548 4031 1745 4088 genera
1782 4019 1942 4083 susti—

280 4148 283 4149 ν
361 4106 543 4161 nebat.
576 4104 699 4169 Non
728 4104 864 4163 enim
893 4108 1133 4171 habemus
1166 4109 1502 4177 sacerdotem,
1522 4110 1622 4187 qui
1649 4127 1755 4176 non
1781 4110 1944 4185 possit

359 4196 587 4269 comp’ati
609 4198 992 4269 inﬁrmitatibus
1017 4203 1206 4263 nostris
1237 4200 1423 4279 (Hebr.
1451 4218 1523 4275 iv,
1552 4200 1642 4269 15)
1671 4220 1683 4255 :
1716 4203 1939 4272 etenim,

357 4292 498 4346 sicut
525 4288 816 4361 Apostolus
844 4291 936 4355 ait,
970 4290 1227 4363 Ezrpertus
1255 4300 1332 4355 est
1359 4293 1533 4351 omnia
1560 4294 1838 4351 secundum
1866 4293 1942 4348 si-

358 4381 699 4437 militudinem
725 4383 837 4436 sine
863 4393 1088 4453 peccato.
1121 4382 1320 4451 Similis
1362 4384 1488 4451 huic
1532 4394 1615 4443 est
1661 4386 1821 4449 etiam
1851 4385 1942 4453 illa

2043 3378 2280 3445 geretur.
2314 3371 2540 3441 accepit.
2598 3371 2813 3428 Nam'et
2859 3372 2912 3427 in
2958 3372 3154 3433 uelum
3201 3381 3473 3443 receptus,
3504 3372 3630 3426 illuc

2044 3476 2166 3519 cum
2196 3462 2390 3521 levavit
2413 3462 2552 3517 unde
2580 3477 2854 3530 nunquam
2882 3462 2999 3535 ipse
3024 3462 3290 3517 discessit.
3338 3460 3630 3519 Audiamus

2044 3557 2360 3627 Apostolum
2390 3557 2767 3627 pnedicantetn
2782 3556 3053 3621 Christum
3074 3555 3406 3618 crucifixum,
3427 3551 3629 3615 Ιιιάαεῆς

2044 3648 2251 3719 quidem
2287 3647 2608 3715 scandalum,
2659 3646 2890 3719 gentibus
2945 3655 3117 3703 autem
3155 3646 3426 3709 stultitiam
3455 3661 3471 3699 :
3503 3646 3627 3713 ipsis

2043 3738 2161 3797 vero
2187 3737 2378 3795 vocalis
2398 3738 2596 3794 Judwis
2618 3748 2665 3793 et
2682 3737 2899 3809 Crtecis,
2928 3737 3160 3811 eumdem
3181 3737 3347 3807 ipsum
3370 3734 3625 3801 Christum

2045 3828 2144 3884 Dei
2173 3833 2407 3887 virtutem
2431 3838 2479 3887 et
2506 3828 2604 3885 Dei
2626 3830 2932 3900 sapientiam
2955 3828 3006 3901 (1
3038 3827 3170 3888 Cor.
3188 3844 3223 3892 ι,
3248 3826 3339 3895 23,
3368 3823 3482 3895 24).
3518 3825 3620 3881 Ad-

2044 3924 2258 3988 vertite,
2286 3924 2375 3980 lilii
2397 3922 2747 3993 dilectissimi,
2767 3920 2974 3990 etquod
2992 3920 3101 3989 jam
3132 3920 3299 3987 nostis
3321 3918 3589 3987 agnoscite
3611 3936 3623 3975 :

2044 4014 2223 4087 ipsum
2277 4012 2568 4082 Christum,
2623 4014 2714 4082 qui
2768 4020 2987 4089 propter
3015 4011 3368 4079 humilitatem
3396 4009 3630 4077 suscepti

2045 4108 2276 4167 hominis
2303 4094 2496 4162 Judzeis
2510 4106 2705 4165 dicitur
2725 4104 2884 4161 fuisse
2910 4104 3237 4168 scandalum.
3262 4102 3509 4172 gentibus
3534 4118 3631 4156 au-

2047 4189 2157 4267 tem
2180 4200 2426 4266 stultitia,
2458 4199 2631 4269 ipsum
2659 4213 2780 4255 esse
2809 4198 2905 4255 Dei
2932 4198 3186 4255 virtutem
3215 4205 3269 4251 et
3296 4194 3389 4257 Dei
3413 4195 3629 4265 sapien-

2045 4292 2194 4355 tiam.
2225 4289 2473 4362 Nunquid
2501 4289 2584 4347 vel
2631 4289 2718 4359 hic
2743 4296 2992 4360 separata
3039 4295 3131 4351 aut
3160 4286 3388 4345 discreta
3434 4294 3516 4345 est
3561 4285 3629 4343 ab

2046 4385 2305 4459 Apostolo
2328 4383 2621 4457 divinitatis
2642 4382 3092 4453 humanitatisque
3112 4379 3377 4451 persona?
3401 4386 3491 4433 aut
3506 4392 3631 4437 erue
3723 4379 3728 4384 ’

362 4490 468 4541 vox
494 4493 506 4527 :
536 4473 714 4543 Pater,
751 4477 804 4530 si
836 4476 949 4547 ﬁeri
986 4485 1171 4547 potest,
1203 4484 1434 4539 transeat
1464 4494 1497 4533 a
1523 4494 1605 4535 me
1631 4476 1770 4543 culis
1797 4479 1894 4547 itte
1921 4493 1941 4547 ς
1971 4473 1976 4478 ’
2044 4477 2163 4538 huit
2189 4476 2431 4535 eamdem
2461 4475 2642 4541 dicere
2694 4474 2791 4533 Dei
2833 4474 3174 4545 sapientiam,
3225 4487 3389 4542 quam
3436 4471 3631 4530 iactam

362 4584 534 4622 verum
562 4584 665 4622 non
686 4568 821 4640 quod
841 4586 935 4643 ego
962 4569 1095 4636 rolo,
1118 4569 1211 4627 sed
1227 4570 1362 4647 quod
1389 4579 1440 4627 tu
1461 4571 1536 4639 eis
1558 4568 1772 4643 (Matth.
1795 4584 1939 4645 xxvi,
2047 4570 2259 4635 dixerat
2283 4569 2523 4638 gentium
2543 4568 2857 4631 stultitiam?
2878 4575 2970 4631 aut
2999 4567 3247 4629 eumdem
3277 4580 3517 4627 asserere
3536 4562 3633 4621 Dei

360 4658 471 4727 59).
503 4656 689 4726 Nonne
709 4660 762 4717 in
789 4661 890 4725 hoc
904 4669 1147 4727 venerat,
1177 4668 1235 4719 ut
1260 4677 1360 4739 pro
1380 4661 1536 4721 nobis
1560 4662 1703 4719 hunc
1723 4662 1945 4723 calicem
1973 4653 2027 4716 D
2049 4662 2321 4725 virtutem,
2344 4674 2508 4730 quem
2535 4660 2842 4723 scandalum
2869 4659 3079 4720 dixerat
3103 4658 3439 4719 Jndieorunn?
3494 4653 3633 4721 Quid

363 4750 589 4817 biberet,
621 4758 677 4804 et
704 4766 969 4819 venenum
1010 4769 1041 4813 ει
1079 4761 1330 4825 serpente
1357 4753 1697 4827 propinatum
1729 4754 1819 4811 tali
1848 4770 1945 4811 an-

364 4839 533 4895 tidoto
562 4840 750 4897 salutis
776 4842 1105 4910 expelleret?
1132 4834 1321 4901 Nunne
1353 4852 1674 4915 potestatem
1716 4846 1949 4907 habebat

363 4930 595 4999 ponendi
624 4932 854 4993 animam
881 4946 1054 4999 suam,
1077 4941 1132 4989 et
1152 4942 1473 5007 potestatem
1496 4935 1727 4991 habebat
1753 4937 1947 5001 iterum

362 5020 603 5087 sumendi
651 5036 769 5075 eam
799 5022 981 5095 (lauri.
1030 5039 1084 5089 χ,
1130 5022 1260 5094 i8)?
1304 5024 1494 5083 Nonne
1533 5026 1648 5097 ipse
1688 5027 1897 5089 dixerat
1931 5047 1943 5085 :

361 5107 531 5166 Nemo
564 5112 695 5167 tollit
724 5130 837 5181 eam
880 5131 913 5166 a
951 5131 1052 5181 me,
1074 5192 1077 5195 Α
1100 5117 1191 5179 sed
1223 5132 1315 5189 ego
1355 5134 1388 5170 α
1421 5135 1500 5175 me
1527 5121 1639 5191 ipso
1668 5137 1802 5190 pono
1834 5138 1949 5177 eam

364 5200 588 5272 (Ibid)?
633 5203 702 5260 Et
743 5214 923 5270 tamen
974 5223 1116 5264 nunc
1154 5209 1300 5265 velut
1342 5209 1591 5267 dubitans
1631 5213 1865 5287 loquitur
1892 5220 1946 5273 et

362 5307 615 5350 recusans
644 5314 657 5349 :
684 5304 744 5352 ut
775 5307 830 5353 et
870 5298 977 5356 illic
1005 5299 1183 5357 divina
1213 5308 1452 5370 potestas
1479 5311 1752 5373 appareat,
1778 5312 1833 5361 et
1860 5305 1949 5361 hic

361 5399 420 5439 se
449 5387 682 5447 conditio
702 5389 936 5453 humana
964 5402 1271 5463 cognoscat.
1298 5392 1485 5449 Nonne
1504 5393 1610 5450 hoc
1635 5396 1947 5466 mysterium

361 5486 487 5567 ante
516 5488 758 5553 tempora
787 5491 990 5551 acterna
1020 5485 1078 5545 in
1111 5484 1223 5543 Deo
1248 5484 1408 5541 fuisse
1439 5483 1809 5547 absconditum
1838 5486 1949 5543 cla-

359 5579 475 5637 mat
497 5572 788 5647 Apostolus
815 5575 951 5649 (Col.
986 5593 1023 5645 ι,
1050 5575 1180 5648 26)?
1206 5575 1343 5637 Num
1374 5591 1501 5635 vero
1525 5576 1671 5641 velut
1704 5579 1944 5651 repenti-

362 5676 491 5727 num
539 5664 739 5735 aliquid
777 5664 1023 5725 Christus
1063 5667 1298 5739 expavit,
1327 5668 1472 5745 quod
1511 5676 1662 5729 certo
1705 5676 1945 5743 tempore

434 5842 459 5870 ⁸
498 5832 659 5892 Forte
689 5840 1055 5898 iuterserenda
1081 5844 1148 5897 ex
1178 5850 1433 5898 contextu
1472 5845 1785 5911 prmpositio
1812 5847 1885 5897 in.

2045 4766 2174 4821 ergo
2202 4766 2305 4815 nos
2331 4750 2696 4815 erubescimus
2724 4746 2968 4815 conﬁteri
3004 4748 3172 4807 Deum
3202 4756 3423 4817 propter
3450 4745 3631 4805 homi-

2051 4857 2174 4909 nem
2230 4850 2391 4910 atque
2446 4840 2499 4895 in
2546 4840 2769 4905 homine
2826 4846 3007 4899 natum
3028 4844 3083 4893 et
3102 4852 3347 4907 passum;
3373 4850 3494 4896 cum
3525 4848 3632 4895 non

2050 4949 2307 5004 negamus
2336 4934 2571 5001 donante
2598 4933 2710 4993 Deo
2756 4932 2953 4995 factum
2976 4928 3222 4993 eumdem
3252 4929 3423 4996 ipsum
3452 4924 3628 4987 hami.

2050 5042 2173 5095 nem
2203 5026 2409 5097 Deum?
2435 5023 2589 5098 Quod
2613 5025 2795 5093 utique
2821 5037 2917 5094 per
2943 5020 3177 5085 divinam
3222 5016 3472 5085 gratiam.
3523 5028 3630 5079 non

2053 5136 2151 5196 per
2172 5122 2458 5179 humanam
2485 5117 2838 5186 substantiam
2863 5111 3134 5185 accepisse
3162 5106 3521 5181 cognoscitur.

2127 5211 2254 5273 Vili.
2280 5210 2466 5271 Adhuc
2489 5209 2648 5279 paulo
2671 5205 2803 5263 infra
2828 5200 3169 5271 subsequitur
3193 5218 3205 5253 :
3226 5197 3310 5267 Ex
3327 5198 3440 5266 ipso
3461 5203 3634 5253 autem

2054 5320 2143 5361 vos
2195 5305 2317 5359 estis
2366 5305 2422 5361 in
2467 5301 2670 5356 Christo
2715 5297 2857 5363 Jesu,
2881 5297 2966 5367 qui
2995 5297 3161 5365 [actus
3187 5301 3262 5355 est
3290 5289 3435 5355 nobis
3463 5309 3496 5344 a
3523 5289 3634 5345 Dt‘O

2054 5399 2308 5468 sapientia
2335 5404 2384 5453 et
2405 5394 2611 5466 justitia
2639 5400 2689 5447 et
2732 5387 3080 5459 sanctificatio
3116 5393 3165 5441 et
3215 5384 3531 5453 redemptio:
3580 5391 3635 5441 ul

2052 5489 2480 5563 quemadmodum
2501 5486 2743 5555 scriptum
2766 5490 2841 5540 est
2863 5497 2878 5535 :
2904 5478 3004 5544 Qui
3033 5479 3301 5550 gloriatur,
3325 5478 3379 5530 in
3412 5475 3634 5532 Domino

2053 5583 2302 5658 glorietur
2326 5578 2512 5652 (lbid.,
2541 5575 2628 5641 50,
2651 5575 2762 5645 51).
2784 5573 2944 5631 Certe
2964 5570 3206 5633 Christus
3224 5569 3378 5627 Jesus
3404 5567 3635 5625 hominis

2050 5678 2261 5745 tantum
2306 5682 2503 5737 nomen
2551 5673 2655 5737 est,
2697 5666 2775 5733 ait
2826 5664 3129 5734 haereticus.
3160 5661 3269 5721 Sed
3294 5659 3509 5725 Paulus,
3538 5658 3633 5727 qui

2621 5976 2748 5985 α...
2859 5978 2915 5985 ,.
3190 5958 3405 5982 ιν-ι...“’
