4192 6258
587 315 693 370 855

1475 309 1809 368 CAPREOLI
1848 306 2437 395 CARTHAGINENSIS
2475 310 2807 369 EPISTOLA
2842 314 2908 370 ll.

3370 220 3379 227 ἱ
3408 203 3552 221 ...ε-η..

3801 312 3911 370 856

588 435 796 490 sciebat
836 440 892 489 et
943 432 1157 487 dixerat
1185 445 1292 484 non
1321 444 1438 483 esse
1494 430 1546 484 in
1571 430 1789 485 homine
1818 428 2177 499 gloriandum,
2206 429 2262 489 Δ
2286 425 2497 499 peccati
2527 447 2692 488 onere
2721 433 2937 488 levavit.
2970 432 3111 489 Deus
3134 449 3265 502 ergo
3285 440 3404 490 erat
3422 433 3476 488 in
3504 430 3915 489 Christomun'

516 512 523 521 ’
586 525 863 583 Christum
906 523 1085 580 Iesum
1137 538 1241 577 non
1289 528 1496 576 tantum
1543 522 1835 584 hominem,
1871 521 1965 576 sed
2010 521 2177 575 Deum

589 634 805 688 quoque
827 618 1185 685 cognoierat;
1216 630 1377 683 quem
1408 614 1727 684 sapientiam
1759 623 1813 668 ct
1835 614 2096 682 justitiam
2123 623 2178 668 et

587 710 1064 767 sanctiﬁcationem
1091 718 1145 764 et
1164 709 1591 780 redemptionem
1622 710 1776 765 nobis
1796 728 1825 765 a
1843 710 1954 764 Deo
1981 710 2179 764 factum

586 819 706 862 esse
734 802 1016 867 credebat;
1051 811 1105 856 et
1150 804 1201 856 in
1233 818 1299 856 eo
1346 803 1628 857 credentes
1654 802 1872 871 gloriari
1900 801 2131 857 docebat
2160 818 2172 853 :

586 897 841 966 quoniam
870 893 1115 949 Christus
1134 893 1288 950 Jesus
1317 901 1371 949 et
1398 895 1561 949 homo
1590 903 1645 948 et
1669 894 1811 949 Deus
1843 902 1943 949 est.
1990 892 2055 946 Et
2110 893 2175 946 ad

588 989 702 1043 haec
732 995 1126 1057 consequenter
1168 986 1279 1041 non
1308 987 1542 1042 elatione
1567 987 1716 1053 verbi
1748 995 1841 1041 aut
1879 984 2173 1053 sapientim,

588 1079 901 1150 mysterium
950 1077 1043 1132 Dei
1099 1078 1421 1132 annuntians
1468 1076 1613 1131 addit
1640 1085 1695 1132 et
1721 1077 1885 1132 dicit:
1918 1075 2070 1130 Nihil
2096 1092 2178 1129 me

587 1171 810 1242 indicari
830 1172 963 1225 scire
988 1172 1043 1224 in
1071 1170 1239 1243 vobis,
1256 1172 1358 1226 nisi
1404 1170 1583 1225 Jesum
1615 1169 1897 1237 Christum,
1947 1178 1997 1223 et
2042 1169 2175 1222 hunc

588 1264 895 1333 cruciﬁxum
951 1262 1006 1335 (Ι
1053 1263 1173 1317 Cor.
1223 1280 1279 1327 ιι,
1312 1263 1389 1335 2).
1425 1263 1501 1319 Ac
1541 1280 1608 1319 ne
1636 1262 1941 1319 Judteorum
1967 1262 2179 1331 iniquus

588 1354 816 1424 populus
840 1370 1061 1423 parvum
1092 1371 1150 1409 se
1174 1364 1380 1411 asserat
1414 1355 1692 1411 admisisse
1720 1362 2023 1428 peccatum,
2046 1354 2092 1408 si
2120 1368 2178 1408 se

588 1446 852 1513 intelligat
907 1448 1105 1502 nudum
1129 1457 1335 1504 tantum
1364 1450 1635 1505 hominem
1667 1456 2041 1519 persecutum;
2064 1466 2178 1520 my-

588 1539 812 1593 sterium
837 1539 889 1592 in
910 1539 1006 1594 Dei
1026 1542 1287 1609 sapientia
1316 1541 1447 1596 dicit
1465 1542 1855 1606 absconditum,
1878 1541 2010 1596 nulli
2032 1542 2179 1611 prin-

588 1629 765 1696 cipum
787 1628 944 1693 hujus
963 1630 1141 1693 saeculi
1168 1632 1462 1687 revelatum
1493 1632 1784 1688 testiticans
1806 1631 1988 1701 (Ibid,
2018 1633 2068 1695 7,
2096 1631 2174 1701 8).
2221 1680 2227 1684 .

592 1719 744 1784 Quod
770 1722 815 1774 si
840 1723 1213 1793 cognovissent,
1245 1741 1506 1796 nunquam
1547 1724 1827 1780 Dominum
1854 1723 2036 1796 gloria:
2049 1740 2179 1777 cru-

2279 523 2406 578 dum
2436 525 2789 581 reconcilians
2808 526 2910 581 sibi
2936 545 2949 580 :
2978 542 3238 596 nusquam
3262 536 3317 582 et
3330 541 3607 598 nunquam
3632 526 3913 583 deserens

2278 617 2573 684 hominem,
2624 632 2786 688 quem
2841 619 3058 690 propria
3113 619 3447 687 dignatione,
3484 619 3641 675 nulla
3672 634 3912 691 prorsus

2277 708 2622 774 necessitate,
2652 709 2906 779 suscepit.
3100 764 3103 771 ,

2349 799 2419 855 X.
2462 801 2541 855 Ad
2569 801 2827 857 Hebrtcos
2856 816 3074 872 quoque
3124 801 3265 857 idem
3319 802 3602 870 apostolus
3634 803 3697 857 in
3733 802 3913 873 ipsius

2279 892 2533 963 Epistolze
2560 893 2732 962 prima
2763 894 2938 949 fronte
2967 902 3241 950 testatura
3275 894 3568 957 Postremo,
3596 894 3813 966 inquit,
3852 896 3909 949 ia

2280 986 2359 1041 his
2386 985 2560 1041 diebus
2582 987 2782 1041 locutus
2804 998 2883 1042 est
2902 986 3049 1043 nobis
3062 989 3117 1042 in
3140 986 3302 1048 Filio,
3320 1005 3467 1059 quem
3490 990 3779 1043 constituit
3805 988 3911 1044 lite-

2277 1078 2451 1132 redem
2477 1080 2847 1141 universorum,
2870 1096 2962 1148 per
2985 1095 3140 1150 quem
3157 1079 3279 1150 fecit
3302 1088 3352 1132 et
3379 1079 3597 1133 secula.
3634 1076 3751 1143 Qui
3782 1096 3906 1133 cum

2277 1171 2347 1224 sit
2396 1169 2641 1240 splendor
2670 1169 2866 1241 gloriae,
2902 1178 2954 1223 et
2998 1170 3167 1241 ﬁgura
3196 1170 3502 1225 substantiis
3533 1171 3674 1241 ejus,
3705 1187 3905 1242 gerens

2280 1280 2474 1335 quoque
2491 1246 2666 1317 omnia
2687 1263 2835 1318 verba
2853 1266 3054 1318 virtutis
3072 1280 3203 1323 sate,
3225 1266 3537 1336 purgatione
3552 1276 3905 1335 peccatorum

2281 1373 2314 1409 a
2340 1372 2397 1409 se
2423 1356 2581 1426 facta,
2602 1354 2734 1408 sedit
2751 1356 2807 1408 in
2828 1354 3038 1409 dextera
3060 1355 3349 1426 majestatis
3372 1357 3427 1410 in
3448 1356 3662 1410 excelsis
3685 1352 3897 1422 (Hebr.

2278 1464 2318 1511 ι,
2349 1445 2403 1509 Ξ,
2434 1445 2509 1513 3).
2542 1445 2662 1515 ipse
2691 1461 2821 1515 ergo
2851 1446 3015 1501 Filiu‘s
3046 1447 3143 1501 Dei
3172 1455 3229 1501 et
3250 1445 3391 1503 filius
3436 1447 3689 1515 hominis,
3742 1466 3898 1504 unus

2280 1545 2365 1592 est
2411 1546 2573 1608 atque
2621 1538 2784 1602 idem,
2817 1538 2909 1607 qui
2934 1548 3155 1609 propter
3180 1540 3535 1594 mternitatem
3564 1555 3690 1594 cum
3722 1538 3898 1595 Patre

2282 1624 2408 1681 fecit
2460 1627 2676 1688 szectila,
2706 1636 2932 1698 propter
2974 1629 3467 1683 incommutabilem
3491 1629 3672 1684 lucem
3700 1630 3898 1700 splen-

2283 1717 2385 1772 dor
2430 1727 2512 1772 est
2561 1719 2765 1786 gloriae,
2794 1728 3018 1789 propter
3034 1721 3395 1791 aequalitatem
3447 1718 3617 1790 ﬁgura
3649 1731 3738 1776 est
3766 1722 3890 1777 sub—

588 1810 891 1880 ci/iavissent.
946 1810 1081 1867 Ecce
1107 1820 1162 1866 et
1190 1814 1275 1886 hic
1303 1812 1573 1870 Christum
1599 1814 1783 1871 Jesum
1811 1831 1971 1885 quem
1997 1815 2180 1871 Domi-
2214 1797 2255 1855 Β
2282 1811 2515 1874 stantia},
2546 1812 2769 1881 propter
2795 1810 3133 1881 majestatem
3160 1814 3299 1882 gerit
3324 1815 3507 1869 omnia
3559 1817 3738 1871 verbo
3781 1818 3895 1872 vir-

590 1917 717 1955 num
746 1903 929 1969 gloria:
956 1903 1264 1973 conﬁtetur,
1294 1906 1468 1974 ipsum
1498 1905 1797 1975 praedicare
1828 1922 1933 1961 non
1991 1906 2182 1961 metuit

591 1995 771 2050 sazculi
800 1995 1133 2066 principibus
1145 1994 1477 2051 cruciﬁxum.
1500 1995 1726 2052 Omnem
1757 1999 1915 2068 hujus
1935 1998 2182 2054 lectionis

589 2087 976 2141 continentiam
998 2086 1351 2143 consideretis
1366 2088 1651 2154 exhortor;
1676 2097 1732 2143 et
1750 2088 2000 2145 videbitis
2018 2104 2184 2159 quan-

589 2187 648 2232 to
675 2178 949 2233 molimine
978 2185 1140 2247 atque
1169 2187 1386 2245 conatu,
1415 2186 1636 2235 sanctus
1662 2179 1957 2250 Apostolus
2000 2180 2180 2235 homi-

591 2284 718 2324 num
745 2278 952 2324 mentes
972 2285 1003 2323 a
1026 2280 1253 2325 terrente
1272 2278 1481 2325 tantum
1503 2270 1867 2340 intelligentiae
1889 2270 2093 2326 vilitate
2112 2271 2181 2325 ad

587 2354 765 2416 divina
802 2362 854 2416 in
884 2363 988 2417 hoc
1013 2363 1271 2433 mysterio
1300 2371 1355 2416 et
1382 2363 1619 2419 omlestia
1646 2347 2034 2419 consideranda
2063 2380 2181 2419 sus-

587 2453 760 2510 tollat.
821 2453 1064 2509 Breviter
1091 2455 1237 2510 enim
1274 2464 1463 2510 cuncta
1509 2468 1743 2521 transeo,
1774 2471 1893 2525 qua:
1922 2456 2022 2526 ipsi
2061 2457 2179 2527 ple-

588 2547 710 2601 nius
756 2554 813 2601 et
856 2546 1014 2602 latius
1054 2547 1303 2617 poteritis
1331 2547 1632 2603 advertere.
1658 2547 1791 2602 Nam
1817 2557 1872 2603 et
1891 2547 1957 2603 ad
1988 2547 2182 2603 Corin-

586 2638 730 2694 thios
750 2639 986 2693 secunda
1010 2638 1085 2709 (ν,
1115 2637 1203 2703 15,
1236 2637 1324 2710 14)
1354 2638 1591 2709 quodam
1622 2638 1744 2694 loco
1769 2640 1848 2695 sic
1893 2639 2129 2709 loquitur
2163 2657 2176 2692 :

589 2730 727 2793 Sive,
762 2730 950 2800 inquit,
976 2740 1144 2785 mente
1162 2733 1493 2795 excessimus,
1518 2729 1658 2795 Deo;
1704 2732 1809 2785 sive
1837 2740 2178 2801 temperantes

585 2839 782 2890 sunuts,
813 2821 992 2906 rgbis:
1024 2825 1216 2877 caritas
1246 2823 1384 2877 enim
1424 2823 1681 2893 compellit
1711 2839 1807 2877 nos
1831 2840 1849 2876 :
1883 2823 2178 2894 judicantes

586 2914 698 2979 hoc,
728 2917 968 2987 quoniam
990 2932 1122 2969 unus
1152 2932 1245 2985 pro
1275 2916 1509 2970 omnibus
1535 2924 1763 2970 mortuus
1792 2924 1868 2970 est
1921 2914 1989 2969 Et
2017 2918 2177 2985 paulo

586 3014 709 3074 post
743 3024 754 3057 :
814 3004 1024 3070 Omnia,
1075 3006 1269 3074 inquit,
1320 3023 1387 3060 ex
1432 3004 1561 3069 Deo,
1590 3006 1674 3077 qui
1705 3006 2055 3059 reconciliavit
2082 3023 2177 3060 nos

588 3094 683 3149 sibi
712 3112 803 3165 per
833 3101 849 3139 I
874 3096 1124 3150 hristum:
1149 3108 1196 3149 et
1223 3096 1365 3150 dedit
1385 3095 1531 3150 nobis
1554 3098 1852 3166 mysterium
1872 3097 2176 3150 reconcilia-

2282 1902 2429 1956 tutis.
2460 1900 2580 1972 Ipse
2599 1902 2760 1956 etiam
2781 1911 3005 1973 propter
3032 1905 3266 1974 suscepti
3286 1904 3522 1960 hominis
3548 1908 3891 1975 passionem,
3916 1920 3919 1921 '

2279 2001 2625 2062 peccatorum
2658 2001 2962 2048 nostrorum
2995 1991 3120 2048 fecit
3144 1993 3549 2062 purgationem;
3578 2003 3636 2050 et
3664 2006 3883 2067 proptet

2278 2083 2792 2149 remunerationem,
2824 2084 2984 2138 habet
3008 2083 3061 2137 in
3092 2081 3266 2139 Patris
3284 2084 3509 2139 dextera
3542 2088 3880 2143 sessionem.

2280 2174 2562 2241 Quomodo
2592 2186 2770 2230 autem
2796 2176 3118 2246 purgatione
3138 2192 3171 2228 ιι
3203 2174 3330 2231 fecit
3350 2186 3727 2246 peccatorum,
3783 2180 3886 2237 nisi

2280 2267 2455 2321 delens
2482 2266 2903 2339 chirographum,
2922 2268 3058 2339 quod
3095 2268 3365 2323 adversum
3393 2286 3487 2325 nos
3527 2273 3699 2343 fuerat
3743 2270 3882 2343 (Col.

2280 2357 2471 2429 11,14),
2495 2358 2712 2415 diabolo
2742 2369 3031 2415 accusante
3055 2361 3418 2431 conscriptum
3434 2363 3461 2416 ἲ
3485 2365 3764 2433 quomodo
3784 2365 3883 2421 de-

2281 2449 2429 2512 levit,
2486 2449 2587 2503 nisi
2637 2449 2780 2503 cruci
2828 2449 3062 2520 aﬁigens,
3106 2458 3161 2504 et
3189 2451 3449 2519 sanguine
3476 2452 3881 2527 innocentem-

2282 2540 2470 2594 luens?
2497 2538 2650 2609 Quod
2679 2553 2809 2609 ergo
2836 2540 2959 2595 olim
2989 2539 3131 2595 Deus
3175 2541 3377 2597 locutus
3422 2553 3500 2598 est
3537 2546 3772 2613 patribus
3816 2550 3873 2603 in

2280 2633 2561 2704 prophetis,
2586 2641 2637 2685 et
2664 2643 2918 2698 postremo
2945 2643 3023 2688 est
3051 2635 3356 2706 testificatus
3380 2637 3436 2692 in
3454 2635 3585 2693 Filio
3612 2638 3801 2708 (Hebr.
3825 2658 3868 2706 ι,

2282 2724 2346 2792 1,
2380 2723 2457 2793 2),
2505 2725 2611 2779 hoc
2658 2725 2973 2790 credamus,
3008 2726 3110 2781 hoc
3140 2734 3448 2794 teneamus,
3474 2729 3575 2785 hoc
3615 2733 3895 2788 omnibus

2279 2817 2482 2871 viribus
2512 2815 2880 2873 defendamus.
2905 2816 3125 2873 Accedit
3154 2819 3222 2873 ad
3254 2834 3493 2886 causam,
3549 2822 3691 2890 quod
3734 2832 3865 2880 tunc

2280 2909 2599 2979 principatus
2628 2917 2677 2961 et
2698 2917 2972 2977 potestates
2999 2911 3309 2978 exspoliavit
3335 2910 3675 2982 fiducialiter,
3696 2915 3874 2969 trium-

2278 3000 2446 3072 phans
2472 3018 2558 3056 eos
2580 3003 2635 3055 in
2657 3003 2926 3072 semetipso
2959 3000 3092 3071 (Col.
3125 3019 3182 3068 ιι,
3217 3002 3332 3069 15).
3379 3002 3537 3072 Quod
3586 3022 3723 3076 opus
3766 3022 3873 3062 non

2280 3101 2361 3146 est
2390 3093 2610 3147 omnino
2630 3093 2796 3147 solius
2816 3093 3067 3158 hominis,
3099 3094 3192 3148 sed
3218 3093 3414 3150 divinae
3443 3097 3495 3151 in
3519 3096 3740 3152 homine
3762 3114 3873 3152 ma-

588 3159 762 3246 tionis,
795 3187 915 3257 quia
945 3185 1086 3239 Deus
1112 3195 1221 3239 erat
1249 3187 1303 3239 in
1333 3188 1536 3241 Christo
1568 3159 1814 3241 mundum
1837 3188 2173 3243 reconcilians
2203 3159 2250 3224 ο
2274 3184 2506 3251 jestatis.
2533 3184 2717 3253 Neque
2745 3186 2888 3240 enim
2924 3185 3087 3240 homo
3118 3187 3271 3241 fortis
3299 3196 3353 3242 et
3373 3197 3592 3258 potens,
3622 3191 3716 3246 sed
3766 3191 3867 3246 Do-

588 3276 688 3331 sibi
717 3275 903 3347 (Ibid,
938 3274 1025 3340 ts,
1060 3274 1172 3347 19),.

659 3366 751 3422 IX.
792 3366 986 3434 Quaero
1022 3366 1471 3435 quemadmodum
1505 3385 1517 3419 :
1550 3383 1656 3421 non
1708 3369 1863 3424 aliter
1885 3385 2045 3439 quam
2078 3387 2176 3424 na-

588 3460 807 3525 scendo,
861 3459 1137 3530 patiendo,
1194 3459 1494 3525 moriendo,
1548 3462 1876 3530 resurgendo
1922 3472 2083 3532 atque
2122 3464 2177 3518 in

589 3554 780 3611 emtum
809 3553 1188 3608 ascendendo?
1215 3551 1409 3619 Quaero
1462 3554 1627 3608 etiam
1667 3554 1813 3623 quod
1862 3555 1932 3611 sit
1973 3564 2176 3627 myste-

589 3646 727 3700 rium
747 3644 1201 3701 reconciliationis
1224 3645 1458 3700 nostrae?
1487 3643 1621 3698 Num
1649 3644 1791 3699 aliud
1822 3661 1984 3716 quam
2012 3648 2179 3703 sacri-

590 3737 767 3792 ticium
795 3739 937 3807 quod
964 3753 1086 3808 per.
1107 3753 1262 3793 suum
1317 3738 1629 3807 sanguinem
1660 3754 1900 3813 summus
1927 3740 2179 3796 sacerdos

590 3827 786 3883 obtulit
839 3826 1121 3883 Christus?
1166 3827 1451 3883 Videamus
1500 3842 1630 3897 ergo
1683 3837 1987 3884 utrumnam
2033 3830 2180 3885 solus

590 3921 757 3977 homo
779 3920 1066 3991 perfecerit
1096 3940 1108 3974 :
1141 3922 1415 3991 quoniam,
1444 3924 1584 3978 sicut
1616 3923 1687 3977 illi
1714 3931 1921 3991 putant,
1950 3921 2091 3977 Deus
2110 3922 2178 3977 ab

592 4029 659 4070 eo
708 4015 762 4069 in
810 4016 1063 4084 passione
1109 4015 1374 4070 discessit.
1424 4014 1528 4070 Sed
1571 4015 1697 4069 hu‘c
1719 4015 1957 4086 opinioni
1984 4013 2179 4069 Paulus

591 4107 866 4176 apostolus
912 4094 1310 4162 evidentissime
1363 4104 1723 4161 contradicit:
1782 4104 1937 4169 Dens,
1985 4105 2174 4173 inquit,

591 4205 704 4248 erat
754 4196 807 4249 in
863 4195 1087 4250 Christo.
1138 4194 1267 4249 Erat
1315 4196 1366 4250 in
1400 4194 1639 4258 Christo,
1664 4209 1768 4249 non
1797 4193 2118 4247 discesserat
2147 4208 2178 4247 a

592 4283 828 4340 Christo.
875 4283 1010 4340 Deus
1058 4296 1175 4340 erat
1216 4287 1273 4339 in
1310 4285 1537 4347 Christo,
1569 4284 1819 4338 mundum
1840 4285 2179 4339 reconcilians

494 4364 501 4369 ’
591 4373 708 4428 sibi.
734 4374 1194 4440 Quemadmodum
1225 4375 1619 4430 reconcilians?
1646 4390 1751 4427 non
1792 4383 2037 4442 reputans
2073 4376 2178 4431 illis

593 4461 782 4516 delicta
807 4479 1006 4518 eorum.
1030 4464 1109 4517 An
1140 4462 1279 4516 forte
1298 4462 1403 4517 hoc
1430 4462 1609 4517 stultis
1638 4463 1833 4533 placet,
1881 4472 1941 4517 ut
1961 4479 2057 4534 per
2074 4465 2177 4520 ho-

592 4552 791 4605 minem
814 4559 1023 4606 tantum
1046 4551 1139 4604 liat
1168 4550 1414 4607 remissio
1435 4523 1816 4622 peccatorum?
1853 4523 2008 4619 Quod
2057 4569 2179 4609 cum
2206 4523 2258 4584 D

558 4693 565 4700 .
593 4643 757 4697 etiam
807 4639 974 4695 Judaei
1012 4649 1323 4712 respuerent
1359 4641 1625 4698 dicendo:
1659 4640 1995 4713 Blasphemat
2024 4660 2040 4697 :
2067 4644 2183 4713 quis

592 4745 762 4810 potest
783 4736 1039 4792 dimittere
1058 4747 1289 4808 peccata,
1314 4737 1417 4791 nisi
1446 4738 1587 4791 solus
1611 4735 1751 4790 Deus
1775 4732 1964 4807 (Marc.
1998 4751 2053 4798 ιι,
2090 4735 2183 4804 7)?

593 4827 709 4896 ipse
739 4826 1013 4892 Dominus,
1041 4827 1134 4882 Dei
1157 4827 1495 4895 hominisque
1518 4825 1703 4892 Filius,
1743 4827 1932 4883 volens
1958 4824 2185 4881 manife-

592 4926 739 4977 stare
785 4920 1074 4976 incredulis
1102 4935 1211 4974 non
1240 4935 1359 4975 esse
1404 4921 1578 4976 solum
1606 4921 1880 4976 hominem
1906 4934 2071 4989 quem
2101 4920 2183 4974 vi-

593 5013 813 5083 debaut,
843 5014 939 5070 sed
967 5015 1137 5071 Deum
1165 5016 1327 5072 etiam
1351 5016 1406 5071 in
1433 5030 1594 5086 quem
1620 5016 1842 5071 credere
1867 5024 2182 5072 contemne-

594 5111 742 5175 bant,
765 5120 823 5167 et
851 5119 1176 5181 potestatem
1201 5111 1434 5167 divinam
1463 5109 1669 5166 homini
1708 5118 1926 5181 quoque
1959 5119 2183 5181 propter

595 5200 853 5253 unitatem
885 5217 1131 5270 persona:
1148 5201 1266 5270 ejus
1294 5218 1360 5258 ac
1377 5202 1673 5272 praesentia:
1693 5201 2052 5256 contributam
2079 5202 2185 5257 evi-

596 5286 787 5341 denter
814 5292 1095 5346 0stendere
1120 5311 1133 5345 :
1170 5291 1238 5346 Ut
1267 5294 1460 5356 sciatis,
1491 5293 1583 5357 ait,
1615 5293 1856 5363 quoniam
1883 5302 2183 5358 potestatem

597 5374 754 5429 habet
793 5378 934 5446 ﬁlius
961 5380 1184 5453 hominis
1234 5400 1387 5453 super
1415 5393 1601 5438 terram
1648 5384 1909 5438 dimittcrc
1950 5396 2180 5450 peccata,

598 5474 719 5519 tunc
766 5466 901 5519 dixit
929 5465 1258 5540 paralyticos
1308 5475 1493 5545 Surge,
1546 5475 1667 5529 tolle
1706 5476 1891 5529 lectam
1943 5485 2103 5541 tuum,
2134 5486 2183 5530 et

598 5556 728 5610 vade
755 5559 805 5611 in
824 5558 1035 5613 domum
1059 5571 1199 5615 tuam
1219 5562 1431 5631 (Matth.
1463 5583 1536 5630 ix,
1559 5566 1635 5637 6).
1656 5567 1733 5621 Ita
1765 5567 1901 5622 Deus
1922 5576 1974 5621 et
1999 5567 2182 5638 homo,

600 5665 738 5705 unus
787 5662 842 5706 et
895 5668 1049 5709 verus
1101 5654 1399 5710 animarum
1425 5672 1818 5729 corporumque
1843 5660 2099 5725 salvator,
2130 5667 2185 5715 et

605 5747 924 5801 exteriorem
967 5749 1238 5804 hominem
1280 5749 1470 5825 morbo
1517 5753 1735 5816 carnali,
1769 5761 1825 5806 ct
1869 5752 2180 5807 interiorem

2281 3276 2450 3328 minus
2468 3282 2647 3343 potens
2672 3275 2723 3328 in
2755 3275 2887 3330 bello
2931 3274 3100 3347 (Psal.
3126 3292 3272 3338 uin,
3304 3277 3382 3348 6).

2344 3364 2441 3419 XI.
2481 3353 2757 3439 ltemillic'
2777 3375 2899 3436 post
2926 3368 3107 3431 multa,
3131 3367 3325 3437 quibus
3354 3370 3652 3438 Apostolus
3675 3382 3869 3445 myste-

2279 3459 2419 3513 rium
2450 3457 2582 3512 Novi
2609 3457 2938 3514 Testamenti
2964 3476 2993 3512 a
3022 3459 3232 3515 Veteris
3262 3459 3430 3529 ligura
3476 3462 3751 3529 discrevit,
3794 3467 3868 3522 sic

2281 3550 2358 3603 ait
2383 3567 2395 3601 :
2436 3548 2726 3620 Refragans
2747 3548 2847 3623 legi
2875 3549 3064 3620 Moysi,
3096 3552 3211 3605 sine
3230 3553 3559 3609 miseratione
3580 3558 3796 3610 moritur
3814 3574 3864 3610 ιιι

2281 3640 2479 3696 duobus
2501 3653 2590 3695 aut
2612 3641 2773 3697 tribus
2798 3643 3009 3698 testibus
3041 3661 3059 3697 :
3087 3655 3281 3716 quanto
3321 3649 3480 3717 magis
3508 3634 3706 3701 videtur
3729 3650 3866 3703 dcte-

2280 3735 2421 3789 riore
2448 3750 2599 3805 ptena
2628 3724 2837 3805 dignus,
2867 3735 2955 3805 qui
2985 3733 3030 3787 F
3033 3736 3179 3791 ilium
3216 3738 3308 3792 Dei
3335 3739 3657 3804 canculcavit,
3703 3751 3755 3794 et
3773 3743 3861 3813 qui

2282 3828 2583 3898 sanguinem
2633 3825 2772 3881 Novi
2802 3826 3113 3882 Testamenti
3144 3830 3458 3884 immundum
3484 3831 3772 3895 aestimarit,
3801 3833 3856 3885 in

2280 3935 2379 3990 quo
2407 3920 2760 3989 sanctiﬁcatus
2780 3929 2875 3983 est,
2893 3930 2944 3974 et
2968 3922 3174 3991 spiritui
3192 3924 3373 3994 gratia
3393 3919 3483 3976 Dei
3504 3924 3863 3976 contumeliam

2284 4013 2445 4084 fecit?
2492 4010 2742 4068 Nouimus
2771 4014 2908 4067 enim
2946 4030 3062 4068 eum
3100 4017 3186 4085 qui
3213 4005 3352 4069 dixit
3379 4034 3397 4069 :
3447 4014 3575 4068 Mihi
3620 4017 3867 4082 rindicta,

2282 4118 2375 4173 ego
2397 4090 2702 4159 retribuam?
2721 4103 2843 4157 dicit
2873 4103 3126 4159 Dominus
3150 4104 3337 4175 (Hebr.
3365 4124 3419 4170 x,
3448 4104 3662 4175 28-30).
3681 4107 3871 4174 Qumro

2282 4192 2513 4263 qualiter
2547 4194 2718 4264 possit
2769 4194 2911 4250 Deus
2961 4195 3053 4250 Dei
3098 4195 3264 4251 Filius
3309 4197 3638 4257 conculcari.
3672 4198 3872 4254 Videtis

2284 4285 2445 4340 etiam
2475 4285 2564 4342 hic
2609 4274 3061 4356 quemadmodum
3110 4306 3211 4346 nec
3259 4290 3489 4351 dubitet.
3526 4308 3625 4347 nec
3649 4302 3867 4359 metuat,

2284 4393 2385 4433 nec
2405 4378 2689 4434 erubescat
2715 4394 2961 4436 asserere
2990 4379 3087 4436 Dei
3110 4381 3302 4436 Filium
3332 4384 3726 4440 conculcatum.
3769 4384 3874 4439 Sed

2286 4469 2541 4537 quoniam
2572 4470 2618 4526 si
2645 4470 2765 4538 quis
2807 4470 3121 4540 sanguinem
3164 4472 3217 4527 in
3246 4488 3355 4541 quo
3379 4473 3746 4528 sanctiﬁcatus
3776 4482 3875 4539 est,

2284 4560 2617 4616 immundum
2642 4562 2935 4630 existimat,
2969 4564 3153 4633 utique
3177 4563 3369 4619 Filium
3401 4561 3499 4619 Dei
3552 4566 3875 4620 conculcat:

2285 4653 2408 4709 ideo
2430 4669 2537 4708 non
2550 4654 2804 4712 discrevit
2826 4655 3061 4710 hominis
3080 4655 3383 4726 passionem
3400 4672 3431 4710 a
3453 4655 3549 4710 Dei
3571 4642 3875 4725 maje~tate,

2286 4746 2436 4815 cujus
2460 4762 2614 4801 reum
2637 4748 2748 4802 vult
2775 4763 2893 4803 esse
2933 4748 3102 4813 illum,
3130 4749 3222 4818 qui
3273 4764 3373 4818 pro
3403 4749 3574 4804 nihilo
3601 4749 3876 4803 exislima-

2194 4882 2217 4897 ρ
2284 4837 2425 4892 verit
2452 4853 2554 4908 pro
2583 4854 2641 4893 se
2669 4838 2981 4907 sanguinem
3010 4839 3204 4895 fusum.
3238 4841 3354 4894 Non
3385 4824 3528 4894 enim
3558 4838 3725 4894 Filius
3781 4838 3879 4895 Dei

2287 4929 2653 4995 conculcatur,
2686 4930 2787 4985 nisi
2814 4930 2866 4985 in
2897 4946 2963 4986 eo
2988 4929 3136 4999 quod
3162 4931 3354 4986 mortis
3380 4945 3541 5000 quam
3574 4931 3627 4985 in
3658 4931 3878 4985 homine

2288 5021 2561 5089 sustinuit,
2580 5020 2899 5077 beneficium
2918 5021 3204 5093 spernitur.
3237 5021 3356 5092 Ipse
3378 5036 3599 5091 quoque
3628 5018 3878 5075 Salvator

2289 5129 2353 5169 ac
2381 5112 2640 5169 Dominus
2670 5112 2826 5168 ﬁdem
2875 5122 3317 5171 remuneraturus
3346 5115 3664 5182 interrogat.
3692 5112 3880 5169 Videte

2289 5204 2415 5273 quid
2444 5203 2675 5259 dixerit:
2709 5203 2870 5268 Quem
2890 5222 2988 5269 me,
3017 5205 3208 5274 inquit,
3240 5206 3419 5259 dicunt
3446 5220 3559 5258 esse
3585 5205 3753 5274 ﬁlium
3783 5205 3879 5256 ho-

2290 5297 2443 5350 minis
2472 5293 2685 5364 (Matth.
2710 5312 2822 5359 xw,
2847 5295 2978 5365 15)?
3002 5294 3176 5364 Atque
3201 5311 3323 5351 cum
3366 5294 3610 5350 diversas
3651 5294 3881 5355 aliorum

2291 5385 2573 5456 opiniones
2613 5385 2689 5439 illi
2724 5394 3071 5454 suggererent
3104 5404 3117 5438 :
3157 5384 3262 5441 Vos
3292 5392 3483 5448 autem,
3511 5384 3705 5454 inquit,
3732 5402 3882 5457 quem

2288 5492 2368 5530 me
2395 5475 2566 5529 dicitis
2589 5491 2700 5527 esse
2730 5474 2914 5543 (Ibid,
2947 5472 3076 5545 15)?
3105 5489 3192 5529 me
3217 5475 3402 5544 utique
3427 5474 3594 5529 tilium
3620 5476 3881 5530 hominis.

2290 5565 2369 5620 Ad
2413 5566 2524 5619 haec
2563 5562 2772 5628 Petrus,
2796 5567 2864 5619 ab
2884 5565 3075 5621 eodem
3109 5566 3419 5635 inspiratus,
3449 5575 3505 5620 et
3534 5566 3586 5620 in
3616 5568 3721 5621 hac
3750 5582 3880 5622 con-

2290 5659 2523 5715 fossione
2545 5659 2612 5713 ad
2638 5667 2843 5715 rectam
2872 5658 3029 5715 lldem
3056 5660 3229 5716 forma
3246 5660 3329 5715 sui
3351 5659 3618 5716 universis
3631 5661 3881 5730 gentibus

2292 5753 2620 5825 profuturus,
2648 5752 2866 5807 adverte
2884 5759 3085 5822 quanta
3114 5760 3169 5808 et
3197 5767 3360 5824 quam
3388 5752 3546 5824 plena
3572 5753 3881 5823 integritate
