4232 6264
302 362 403 422 85⁸1

1577 355 1872 415 URANIUS
1908 324 2329 415 enesevrca.

3473 363 3579 420 858

304 475 675 549 responderit:
692 473 777 529 Τί
794 492 857 530 es
871 474 1105 529 Christus
1131 472 1299 528 Filius
1315 471 1411 527 Dei
1425 473 1523 527 vivi
1540 470 1756 543 (Matth.
1779 489 1891 537 xvr,
1922 476 1970 536 Α
1998 490 2158 544 quam
2185 476 2326 530 Deus
2344 485 2399 531 et
2424 477 2609 544 homo,
2639 493 2777 532 unus
2802 485 2964 546 atque
2985 476 3173 532 unicus
3192 476 3306 545 ipse
3332 476 3486 541 lilius,
3509 478 3583 533 ad

305 569 420 641 16).
452 568 532 623 'l‘u
563 575 639 632 tu,
669 582 704 621 o
733 566 842 630 ille,
885 565 977 635 qui
1005 573 1059 619 te
1089 562 1254 618 tilium
1284 563 1517 617 hominis
1546 562 1698 627 dicis,
1726 571 1783 617 tu
1828 578 1887 618 es
1914 592 1925 602 -

306 657 552 715 Christus
576 656 742 711 Filius
773 656 867 711 Dei
886 655 1010 710 vivi.
1036 652 1284 724 Nunquid
1314 668 1418 707 non
1441 653 1603 707 etiam
1634 654 1740 717 hic,
1773 654 1889 708 sive

308 748 731 818 interrogatione
757 745 970 801 Domini
1016 760 1111 801 seu
1155 745 1208 797 in
1248 744 1600 814 responsione
1628 744 1886 814 apostoli,

307 844 587 913 utriusque
641 840 949 896 substantite
985 854 1090 893 una
1122 846 1453 892 monstratur
1481 835 1889 906 ostenditurque

308 951 576 1008 persona;
625 934 751 989 dum
805 941 860 988 et
913 932 1003 987 ille
1054 947 1113 985 se
1160 931 1389 985 hominis
1435 928 1620 997 lilium,
1652 930 1795 998 quod
1837 930 1892 983 in

308 1033 501 1095 aperto
529 1023 824 1087 videbatur,
854 1022 1033 1087 edicit,
1053 1028 1109 1076 et
1133 1019 1321 1075 Petrus
1349 1035 1471 1075 cum
1493 1018 1768 1074 Christum
1794 1019 1893 1075 Dei

309 1114 521 1180 Filium,
569 1112 709 1182 quod
740 1112 793 1166 in
822 1111 1038 1167 occulto
1061 1112 1365 1180 gerebatur,
1398 1111 1597 1165 donata
1625 1111 1728 1165 sibi
1758 1126 1891 1166 con-

308 1206 542 1261 fessione
564 1204 918 1259 monstravit?
941 1201 1094 1257 Unde
1124 1203 1370 1256 laudatus
1388 1217 1419 1256 a
1441 1201 1669 1256 Domino
1691 1209 1746 1256 ct
1769 1203 1894 1256 bea-

306 1302 396 1351 tus
439 1301 520 1350 est
569 1293 746 1348 dictus
788 1292 977 1362 (Ibid..
1014 1294 1138 1361 l7);
1189 1293 1443 1362 quoniam
1477 1310 1582 1347 non
1612 1294 1661 1348 ei
1682 1308 1812 1347 caro
1841 1302 1897 1348 et

306 1384 523 1455 sanguis
564 1384 908 1452 revelaverit,
938 1384 1033 1438 sed
1063 1382 1225 1439 Pater
1249 1385 1340 1453 qui
1362 1385 1415 1438 in
1442 1384 1593 1439 caelis
1613 1393 1712 1439 est.
1740 1383 1895 1451 Quod

276 1521 291 1533 .
306 1489 435 1543 ergo
456 1476 677 1530 credere
695 1474 1006 1536 debeamus,
1040 1473 1182 1530 Deus
1210 1472 1370 1528 Pater
1396 1488 1490 1543 per
1513 1474 1680 1528 Deum
1704 1473 1894 1528 Filium

308 1569 535 1633 revelet,
569 1584 674 1622 non
704 1583 832 1622 caro
858 1578 913 1622 et
937 1570 1155 1635 sanguis
1175 1567 1427 1621 insinuet.

380 1655 495 1711 ΧΠ.
537 1654 666 1711 Post
694 1657 1146 1712 resurrectionem
1169 1671 1406 1725 quoque,
1447 1672 1569 1712 cum
1612 1657 1896 1713 Dominum

305 1748 472 1827 naria
504 1748 725 1803 minime
752 1749 1111 1817 cognovisset,
1161 1756 1216 1803 et
1269 1749 1359 1803 ille
1414 1751 1635 1819 proprio
1682 1751 1900 1806 nomine

1990 586 2119 627 suos
2146 570 2435 639 discipulos
2480 567 2855 641 perferendam
2883 562 3224 639 inseparabili
3253 569 3578 624 omninoat-

1992 677 2097 732 que
2118 660 2427 716 indivisibili
2454 660 2725 714 mandavit
2752 658 2967 715 affectu.
3002 660 3241 729 Denique
3268 667 3326 713 ut
3356 661 3574 714 noveri-
3604 705 3613 711 .

1992 753 2081 815 tis,
2114 759 2169 806 et
2197 750 2731 819 pleniusxadvertatis
2781 750 2853 803 ita
2883 764 3004 805 esse
3038 739 3193 818 quod
3240 749 3457 810 dicitur,
3507 750 3573 804 ad

1993 842 2333 911 dissolvenda
2364 844 2601 897 onminm
2633 843 3009 897 hmreticorum
3054 843 3483 897 machinamenta
3525 849 3580 897 et

1995 934 2271 988 universas
2300 933 2594 988 calumnias
2636 933 2985 999 rel‘ellendas;
3019 934 3109 989 ubi
3139 949 3274 1003 opus
3301 932 3397 988 fuit
3424 942 3581 988 natu-

1995 1042 2113 1080 ram
2138 1026 2399 1081 creatoris
2428 1042 2457 1080 a
2487 1034 2733 1081 creatura
2775 1027 3105 1094 discernere,
3135 1027 3313 1081 videte
3351 1027 3582 1096 qualiter

1996 1134 2097 1188 pro
2140 1117 2294 1173 nobis
2345 1118 2516 1187 pietas
2568 1116 2747 1171 divina
2799 1117 3058 1185 vigilavit.
3098 1116 3266 1185 Vade,
3296 1117 3488 1187 inquit,
3512 1117 3583 1171 ad

1998 1215 2188 1283 fratres
2235 1228 2393 1277 meos,
2443 1220 2493 1265 et
2514 1212 2594 1265 dic
2624 1211 2733 1264 eis:
2756 1211 2988 1265 Ascendo
3006 1210 3074 1263 ad
3105 1209 3314 1263 Patrem
3343 1226 3511 1263 meum
3532 1218 3581 1263 et

1999 1301 2069 1354 ad
2119 1302 2328 1355 Patrem
2373 1310 2623 1364 vestrum;
2653 1301 2723 1354 ad
2752 1299 2916 1354 Deum
2947 1316 3112 1354 meum
3132 1292 3191 1353 et.
3208 1301 3277 1353 ad
3304 1299 3466 1353 Deum
3496 1317 3582 1353 re-

1999 1401 2180 1446 strum.
2239 1392 2379 1447 Ecce
2408 1393 2494 1446 hic
2521 1392 2802 1446 evidenter
2830 1392 2995 1461 ipsius
3026 1391 3253 1455 Domini,
3307 1391 3360 1443 id
3386 1401 3468 1445 est
3485 1390 3582 1445 Dei

2001 1491 2055 1538 et
2094 1482 2347 1549 hominis,
2390 1498 2419 1535 a
2450 1482 2770 1536 famulorum
2800 1497 3019 1535 suorum
3048 1496 3279 1550 persona
3303 1480 3583 1548 dist'ngui-

2003 1583 2107 1633 tur.
2133 1581 2189 1628 et
2215 1589 2246 1628 a
2276 1581 2463 1627 natura
2491 1573 2701 1626 voeatio
2744 1579 3044 1642 separatur.
3077 1570 3328 1637 Quamvis
3358 1571 3500 1624 enim
3532 1571 3583 1628 id

2001 1666 2145 1734 quod
2185 1665 2490 1729 mandatur,
2518 1665 2628 1734 jam
2670 1664 2858 1719 amicis
2899 1663 3186 1718 mandetur
3211 1672 3265 1718 et
3292 1661 3582 1717 fratribus:

2003 1756 2305 1811 ostenditur
2326 1763 2506 1809 tamen
2526 1755 2655 1823 quid
2686 1755 2915 1809 Domino
2936 1754 3217 1815 debeatur,
3245 1753 3372 1823 quid
3416 1759 3587 1809 servis

306 1840 648 1913 appellando.
700 1842 845 1895 viam
892 1841 970 1896 illi
1019 1841 1403 1910 recognitionis
1451 1843 1709 1912 aperiret,
1739 1858 1803 1898 ac
1837 1858 1896 1898 se
1932 1852 1973 1911 Β
1999 1848 2208 1903 caneris
2231 1848 2512 1902 tribuatur.
2549 1844 2729 1900 Potuit
2757 1860 2988 1915 namque
3012 1844 3213 1909 dicere,
3246 1843 3491 1898 Ascendo
3518 1842 3586 1897 ad

308 1943 528 2003 tangere
559 1934 831 1989 volentem
854 1948 926 1987 ne
952 1932 1156 1988 faceret
1176 1933 1521 2004 prohiberet;
1544 1934 1670 2003 quid
1688 1934 1738 1988 ei
1760 1951 1898 1989 nun-

308 2026 549 2087 tiandum
569 2025 846 2095 discipulis
859 2024 1108 2094 delegare
1124 2024 1375 2094 dignatus
1394 2021 1576 2092 fuerit,
1595 2024 1893 2081 audiamus.

318 2119 482 2181 Vade,
514 2116 705 2188 inquit,
732 2118 802 2171 ad
828 2119 1021 2189 fratres
1049 2134 1210 2181 meos,
1240 2125 1289 2170 et
1317 2119 1399 2171 dic
1421 2118 1495 2171 eis
1516 2134 1534 2171 :
1565 2116 1801 2171 Asceudo
1828 2118 1898 2170 ad

270 2232 278 2239 ·
310 2212 525 2267 Patrem
543 2228 709 2266 meum
735 2220 786 2264 et
814 2221 1016 2281 patrem
1043 2218 1297 2274 vestrum;
1328 2210 1398 2262 ad
1427 2209 1594 2265 Deum
1634 2226 1799 2263 meum
1850 2218 1899 2262 et

311 2304 382 2357 ad
433 2303 598 2357 Deum
644 2311 865 2357 vestrum
920 2301 1100 2372 (Joan.
1152 2317 1245 2366 xx,
1274 2301 1385 2369 17),
1411 2301 1523 2371 Age
1548 2316 1708 2365 nunc,
1740 2300 1901 2369 eligat

312 2395 595 2469 haereticus
620 2403 797 2448 utrum
828 2400 1000 2463 putat,
1051 2399 1107 2447 et
1134 2392 1288 2461 cujus
1317 2408 1504 2448 vocen
1557 2392 1710 2447 malit
1765 2392 1902 2448 hanc

311 2503 450 2551 esse,
494 2488 610 2557 ipse
634 2487 905 2542 discernat
935 2504 949 2539 :
981 2495 1210 2556 utraque
1258 2494 1413 2555 parte
1467 2493 1626 2540 acuto
1671 2484 1900 2555 spiritali

262 2630 275 2637 -
312 2578 490 2647 gladio
516 2576 757 2634 ferietur.
800 2576 1055 2642 Ascendo,
1090 2576 1283 2645 inquit,
1314 2575 1384 2628 ad
1416 2575 1625 2628 Patrem
1654 2591 1823 2629 meum
1851 2582 1900 2628 et

314 2670 384 2723 ad
405 2680 608 2739 patrem
652 2678 905 2732 vestrum;
936 2666 1004 2720 ad
1052 2665 1217 2720 Deum
1243 2682 1429 2728 meum,
1462 2674 1512 2718 et
1539 2665 1609 2718 ad
1634 2664 1797 2719 Deum
1818 2683 1901 2719 ve-

312 2769 494 2815 strum.
526 2758 585 2813 Si
614 2759 847 2813 hominis
875 2773 980 2812 vox
1001 2765 1104 2822 est,
1137 2771 1267 2827 ergo
1309 2755 1475 2811 Filius
1503 2756 1598 2810 Dei
1627 2765 1709 2812 est
1737 2758 1901 2811 homo

313 2850 404 2905 ille
430 2869 443 2904 :
471 2850 539 2903 ad
560 2850 775 2903 Patrem
797 2867 980 2913 meum,
1006 2849 1163 2917 dixit,
1190 2849 1431 2903 ascendo.
1455 2846 1513 2903 Si
1542 2848 1637 2903 Dei
1661 2865 1764 2902 vox
1794 2857 1897 2915 est,

314 2952 447 3007 ergo
476 2938 742 2993 homo‘est
770 2939 910 2994 Deus
934 2940 1024 2995 ille
1056 2957 1069 2993 :
1100 2939 1169 2993 ad
1198 2938 1362 2993 Deum
1386 2956 1554 2993 meum
1581 2941 1726 2995 enim
1746 2940 1900 3009 dixit,

316 3028 564 3084 ascendo.
589 3027 702 3083 Nec
728 3029 869 3083 enim
895 3030 989 3095 ait,
1021 3030 1266 3085 Ascendo
1290 3030 1357 3085 ad
1386 3028 1600 3086 Patrem
1617 3044 1814 3096 meum,
1846 3039 1903 3086 et

313 3118 485 3176 Deum
517 3120 752 3176 hominis
773 3122 876 3176 mei
902 3140 914 3175 :
941 3130 1053 3185 ant,
1078 3121 1324 3179 Ascendo
1349 3123 1417 3179 ad
1443 3123 1609 3179 Deum
1630 3138 1829 3191 meum,
1846 3131 1901 3178 et

2001 1938 2215 1995 Patrem
2247 1949 2508 2001 nostrum.
2540 1946 2596 1992 et
2624 1938 2693 1992 ad
2721 1938 2888 1993 Deum
2910 1947 3181 2001 nostrum;
3209 1937 3333 2005 quia
3362 1937 3587 1991 multum

2000 2032 2162 2087 distat
2213 2032 2353 2085 inter
2377 2029 2802 2084 dominationem
2830 2039 2887 2084 et
2913 2027 3304 2095 conditionem,
3336 2028 3474 2082 inter
3498 2041 3590 2095 ge—

2000 2123 2333 2177 nerationem
2356 2129 2411 2174 et
2435 2120 2809 2191 adoptionem,
2840 2119 2980 2173 inter
3006 2118 3357 2173 substantiam
3387 2126 3441 2171 et
3462 2132 3588 2187 gra-

2004 2215 2150 2269 tiam.
2206 2213 2440 2283 ldeoque
2468 2212 2555 2268 hic
2583 2228 2687 2266 non
2725 2212 2989 2281 permixte
3018 2224 3116 2265 nec
3143 2210 3341 2280 passim
3370 2208 3586 2274 dicitur,

2002 2305 2247 2361 Ascendo
2278 2316 2343 2358 au
2376 2303 2589 2360 Patrem
2617 2312 2859 2360 nostrum
2909 2312 2961 2359 et
3008 2301 3075 2356 ad
3105 2302 3272 2357 Deum
3302 2308 3545 2358 nostrum
3572 2319 3586 2354 :

2001 2397 2096 2452 sed
2141 2397 2211 2450 ad
2255 2395 2467 2450 Patrem
2522 2412 2690 2450 meum
2742 2404 2793 2449 et
2832 2404 3033 2465 patrem
3062 2404 3300 2452 vestrum,
3325 2391 3394 2445 ad
3424 2390 3588 2446 Deum

2000 2505 2167 2543 meum
2212 2498 2260 2541 et
2287 2487 2357 2541 ad
2388 2486 2551 2541 Deum
2578 2495 2813 2542 vestrum.
2848 2486 3018 2540 Aliter
3046 2485 3189 2539 enim
3212 2484 3286 2537 illi
3317 2482 3457 2537 Deus
3490 2499 3587 2552 pa-

2002 2591 2088 2637 ter
2108 2591 2209 2643 est,
2242 2581 2401 2636 aliter
2422 2581 2597 2635 nobis.
2624 2579 2775 2633 Illum
2806 2579 3070 2649 siquidem
3110 2584 3298 2632 natura
3324 2581 3589 2642 comquat,

2002 2670 2376 2729 misericordia
2432 2669 2681 2724 humiliat
2706 2686 2717 2720 :
2778 2684 2877 2722 nos
2900 2654 3029 2722 verm
3052 2674 3241 2720 natura
3271 2664 3586 2734 prosternit,

2004 2756 2374 2819 misericordia
2407 2761 2582 2827 erigit.
2615 2758 2729 2814 Hoc
2757 2758 2899 2813 enim
2923 2758 3032 2825 egit
3061 2757 3161 2810 ista
3183 2755 3361 2811 divina
3397 2756 3590 2807 huma-

2004 2856 2145 2909 nitas
2173 2861 2229 2907 et
2250 2853 2481 2906 humana
2507 2850 2777 2913 divinitas,
2825 2848 2913 2902 tali
2944 2863 3007 2902 ac
3048 2854 3198 2901 tanto
3227 2844 3504 2907 miraculo,
3534 2851 3590 2898 ut

2004 2945 2309 3016 huiusmodi
2354 2944 2582 3012 gratiam
2605 2942 2820 3010 indigna
2849 2939 3156 2996 mortalium
3186 2937 3473 2993 meruisset
3501 2936 3586 2990 in-

2005 3038 2251 3093 ﬁrmitas.

2077 3127 2212 3182 Xlll.
2253 3126 2321 3182 Et
2348 3109 2469 3196 quis
2500 3124 2718 3195 poterit,
2748 3125 2832 3179 vel
2861 3125 2945 3179 cui
2999 3122 3230 3179 sul'llciat
3273 3123 3590 3192 paginarum

316 3210 385 3266 ad
433 3209 650 3265 Patrem
700 3210 796 3266 Dei
830 3212 955 3266 mei.
988 3210 1090 3279 Qui
1120 3213 1280 3281 igitur
1298 3229 1586 3285 personam
1610 3212 1900 3268 divinitatis

2007 3232 2313 3276 sanctarum
2342 3220 2521 3274 omnia
2545 3233 2652 3273 uno
2674 3218 2726 3272 in
2756 3226 3002 3287 tempore
3023 3216 3343 3271 documenta
3380 3228 3591 3287 conge-

318 3300 767 3371 bumanitatisque
793 3301 1069 3366 discernit,
1112 3313 1341 3374 utroque
1368 3306 1642 3361 intellectu
1672 3305 1899 3360 convin-

318 3392 473 3448 citur.
534 3392 639 3446 Aut
690 3393 853 3448 homo
879 3394 1036 3461 dixit,
1066 3403 1121 3449 et
1150 3394 1294 3449 idem
1323 3397 1439 3464 ipse
1467 3405 1550 3451 est
1570 3394 1666 3450 Dei
1688 3394 1852 3450 Filius
1884 3412 1896 3446 :

319 3494 413 3541 aut
438 3485 579 3542 Deus
607 3486 759 3553 dixit,
809 3495 866 3542 et
912 3487 1054 3551 idem
1080 3488 1195 3556 ipse
1222 3496 1305 3542 est
1342 3488 1503 3542 etiam
1532 3489 1694 3542 homo
1719 3502 1902 3545 susce-

319 3583 464 3645 ptus.
491 3576 593 3643 Qui
622 3578 767 3632 enim
789 3577 939 3639 dicit,
968 3577 1202 3631 Ascendo
1232 3578 1303 3631 ad
1330 3577 1544 3632 Patrem
1568 3596 1733 3633 meum
1758 3590 1807 3633 et
1834 3579 1904 3632 ad

322 3665 488 3721 Deum
514 3685 713 3734 meum;
740 3669 1046 3740 .repetendo
1067 3684 1245 3723 meum
1275 3676 1331 3724 et
1356 3684 1553 3734 meum,
1585 3685 1745 3724 unam
1773 3684 1892 3739 pro-

322 3758 412 3813 bat
464 3759 854 3830 polliceturque
915 3774 1239 3831 personam,
1305 3760 1550 3830 quamvis
1613 3760 1903 3829 distinguat

323 3860 604 3921 utramque
653 3854 1024 3909 substantiam.
1056 3854 1214 3921 Quod
1239 3856 1382 3910 enim
1434 3856 1530 3922 ait,
1555 3855 1792 3921 Ascendo
1833 3854 1903 3909 ad

323 3940 537 3997 Patrem
553 3961 737 4009 meum,
768 3948 1037 4016 pertinuere
1063 3948 1279 4017 quidem
1308 3949 1520 4004 videtur
1544 3949 1610 4003 ad
1655 3948 1900 4017 unigeni-

323 4041 441 4088 tum
472 4032 661 4088 Filium
693 4054 707 4087 :
738 4037 883 4105 quod
901 4047 1076 4093 autem
1100 4041 1195 4105 ait,
1229 4041 1297 4094 ad
1325 4040 1490 4095 Deum
1522 4058 1706 4106 meum,
1731 4042 1898 4111 perti-

322 4140 456 4179 nere
478 4124 689 4180 videtur
708 4126 774 4180 ad
800 4128 1072 4185 hominem
1099 4130 1320 4186 factum.
1340 4132 1445 4189 Sed
1465 4134 1519 4188 in
1548 4132 1763 4188 Christo
1776 4131 1903 4188 Jesu

323 4233 426 4273 nec
477 4218 643 4273 homo
690 4228 901 4276 creatus
939 4231 1117 4292 potest
1156 4224 1284 4290 dici,
1317 4240 1414 4278 nec
1435 4226 1741 4295 unigenitus
1762 4224 1904 4280 Deus

322 4311 509 4376 rogari
541 4311 704 4367 homo
732 4314 932 4383 poterit
960 4324 1134 4371 natus.
1163 4317 1337 4385 Atque
1367 4316 1486 4370 ideo
1523 4333 1621 4371 nec
1656 4317 1751 4371 Dei
1790 4327 1906 4371 tan-

320 4412 460 4467 tum,
483 4418 583 4459 nec
605 4404 838 4461 hominis
858 4415 1083 4471 tantum,
1112 4424 1220 4463 vox
1241 4406 1342 4463 ista
1371 4423 1491 4464 esse
1521 4407 1864 4464 convincitur
1890 4428 1901 4461 :

2005 3330 2146 3378 rere,
2175 3314 2370 3383 quibus
2388 3314 2597 3367 sincera
2619 3312 2730 3365 h:cc
2760 3320 2816 3365 et
2834 3325 2987 3366 mera
3013 3309 3212 3363 veritas
3237 3285 3592 3377 perddcetur?

2007 3405 2117 3461 Sed
2143 3418 2197 3461 et
2226 3404 2417 3460 modus
2446 3403 2712 3457 sermonis
2738 3402 2828 3470 qui
2846 3400 2958 3469 jam
2988 3399 3185 3453 dudum
3207 3397 3457 3457 excessit.
3488 3396 3590 3449 ali-

2008 3498 2223 3568 quando
2253 3495 2514 3552 tenendus
2552 3503 2651 3559 est,
2695 3510 2794 3548 nec
2824 3492 2966 3569 mihi
2994 3489 3194 3544 diutius
3240 3486 3589 3543 laborandum

2007 3605 2128 3645 cum
2181 3590 2278 3652 eis,
2327 3602 2464 3656 quos
2513 3586 2810 3639 instruente
2858 3582 3082 3636 Domino
3111 3580 3352 3634 eruditos
3371 3579 3584 3647 agnovi.

2008 3679 2209 3735 lnstatc
2238 3680 2439 3748 itaque,
2470 3676 2608 3731 sicut
2635 3672 2921 3744 Apostolus
2968 3669 3060 3741 (II
3092 3670 3224 3725 Tim.
3258 3685 3328 3733 Iv,
3357 3667 3414 3736 2)
3450 3683 3587 3738 pra:-

1992 3773 2174 3842 ‘cepit,
2197 3779 2501 3843 opportune
2530 3775 2691 3836 atque
2720 3766 3055 3835 importune;
3089 3771 3145 3816 et
3182 3760 3425 3815 doctrina
3455 3774 3584 3813 sana

2011 3864 2293 3919 universos
2321 3866 2565 3915 errantes
2593 3858 2821 3927 argnite,
2851 3862 3124 3920 revocate,
3181 3852 3446 3914 instruite,
3498 3866 3588 3904 ro-

2009 3955 2231 4009 borate:
2262 3967 2373 4006 non
2400 3962 2672 4018 mea,qu:c
2697 3947 2840 4001 nulla
2866 3955 2957 3999 aut
2977 3958 3140 4015 parva
3162 3932 3304 4007 sunt,
3330 3942 3587 3995 habentes

2010 4046 2063 4100 in
2095 4047 2195 4100 hac
2221 4043 2341 4099 lidei
2388 4041 2567 4110 regula
2594 4041 2934 4100 documenta;
2959 4035 3055 4093 sed
3082 4035 3476 4103 Scripturarum
3500 4030 3584 4084 di-

2011 4138 2274 4201 vinarmn,
2308 4151 2372 4191 ac
2418 4148 2727 4203 magnorum
2770 4139 2825 4185 et
2866 4122 3298 4185 doctissimoium
3328 4126 3580 4188 virorum,

2006 4230 2099 4298 qui
2130 4230 2246 4284 haec
2292 4236 2418 4281 ante
2447 4242 2548 4280 nos
2587 4232 2641 4279 et
2665 4223 2967 4279 ﬁrmissime
2996 4229 3304 4282 tenuerunt,
3329 4217 3587 4274 et'multi-

2006 4322 2232 4391 plicibus
2261 4321 2409 4377 libris
2433 4318 2870 4389 eloquentissime
2899 4315 3217 4371 docuerunt.

322 4521 3588 4549 mw

1522 4635 1692 4679 ANNO
1734 4634 1965 4678 DOMINI
2009 4634 2353 4679 CCCCXXX"
2365 4661 2379 4675 .

625 4690 1668 4917 URANIUS
1798 4755 3281 4914 PRESBYTER.

963 5137 1055 5197 (Ex
1091 5138 1261 5202 Cave).

397 5224 623 5283 L'ram'us
646 5229 929 5301 presbyter,
956 5231 1166 5288 Paulini
1190 5233 1391 5290 Nolani
1411 5237 1716 5304 discipulus,
1748 5235 1830 5289 cui
1851 5236 1905 5289 in

316 5321 563 5373 extrariis
608 5323 780 5391 agenti
831 5324 1140 5380 ministravit
1169 5343 1308 5381 arma
1355 5326 1479 5392 ~i3l,
1510 5329 1752 5399 scripsit,
1782 5329 1904 5382 hor-

1931 5142 1980 5201 ι)
2007 5149 2148 5194 tante
2177 5139 2398 5208 Pacato,
2420 5142 2769 5194 narrationem
2790 5137 2853 5189 de
2880 5135 3025 5189 obitu
3039 5130 3204 5183 sancti
3227 5126 3457 5190 Paulini,
3479 5143 3591 5195 (μιαί

2017 5229 2237 5284 habetur
2266 5231 2404 5302 apud
2432 5232 2643 5286 Surium
2670 5228 2817 5282 Junii
2849 5223 2921 5279 22
2943 5231 2993 5278 et
3020 5224 3074 5277 in
3114 5220 3323 5291 nuperis
3361 5214 3590 5271 omnibus

2017 5325 2224 5379 Paulini
2250 5322 2578 5380 editicnibus.

1603 5642 1959 5651 M__—_-—-—-
2024 5641 2313 5653 .—-....—e._—
