4192 6258
1554 383 1884 445 ΕΡΙΞἸῙΟΙΛ
1925 385 2156 444 UNICA.

193 520 455 567 me
476 504 629 562 sttui
654 502 897 576 mysterii
921 510 1177 559 extorres
1193 515 1321 557 esse
1339 508 1689 571 praeceperat.
1720 502 1789 557 ad

1896 499 3221 579 ὐοωὶιίωμα-Μίιιηατρηεεπκ
3259 509 3503 570 :deinda
3567 467 3604 511 O'

197 602 387 673 pacem
414 597 723 670 pristinam.
747 602 1044 651 revocaret.

265 694 321 747 '5.
352 690 422 745 Et
448 690 715 746 cumbae
732 688 911 743 omnia
939 692 1157 743 sanctus
1178 685 1465 756 episcopus
1491 685 1614 740 laeto
1633 692 1805 754 atque

199 782 447 851 perfecto:
468 780 663 835 ordine
689 780 1045 838 celebrasset;
1077 778 1259 832 subito
1277 777 1422 832 clara
1460 792 1601 832 voce
1619 777 1797 831 inter-

202 887 395 941 rogare
420 870 608 941 cmpit,
659 869 748 926 ubi
784 875 966 924 essent
1005 866 1205 923 fratres
1232 868 1337 922 sui.
1369 865 1522 922 Tunc
1556 882 1698 921 unus
1726 881 1801 921 ex

203 960 699 1025 circumstantibus,
723 960 815 1028 qui
835 958 1043 1028 putavit
1057 957 1204 1028 quod
1227 955 1427 1012 fratres
1441 972 1589 1022 suos,
1616 956 1797 1022 idest,

205 1056 503 1125 episcopos
519 1053 611 1122 qui
638 1060 768 1108 tunc
794 1051 1038 1115 aderant,
1063 1057 1361 1119 quaereret;
1390 1050 1467 1104 ait
1493 1049 1606 1104 illi:
1639 1046 1799 1112 Ecce,

205 1145 295 1199 hic
312 1152 443 1200 sunt
464 1143 657 1199 fratrm
671 1143 766 1198 tui.
787 1140 858 1197 At
879 1142 970 1197 ille
991 1160 1004 1194 :
1028 1140 1135 1196 Sed
1156 1154 1261 1209 ego
1272 1156 1415 1196 nunc
1435 1139 1629 1195 fratres
1649 1154 1803 1195 utens

204 1235 515 1290 humatur:
539 1242 705 1302 atque
730 1232 1027 1287 Munus:
1066 1231 1211 1297 dico,
1260 1231 1353 1300 qui
1381 1230 1545 1285 modo
1587 1244 1801 1285 mecum

202 1328 369 1382 locuti
395 1335 536 1391 sunt,
568 1333 629 1380 et
642 1327 902 1382 continuo
933 1324 1003 1378 ad
1028 1339 1115 1379 me
1142 1332 1402 1379 venturos
1425 1338 1616 1379 seesse
1642 1322 1797 1378 dixe-

200 1426 344 1472 runt.
370 1416 415 1471 E
439 1417 639 1487 quibus
675 1416 972 1472 hausurus
994 1416 1282 1486 episcopus
1310 1416 1468 1471 simul
1498 1424 1555 1470 et
1572 1425 1799 1488 martyr,

198 1507 572 1578 Neapolitana:
600 1508 749 1564 urbis
777 1507 1009 1561 illustrat
1039 1505 1331 1562 Ecclesiam
1356 1524 1371 1571 ;
1401 1506 1683 1562 Maarmns
1699 1523 1799 1562 au-

199 1609 307 1655 tem
334 1601 421 1656 vir
442 1616 547 1672 per
573 1601 755 1656 omnia
777 1598 1124 1671 apostolicus,
1149 1599 1303 1668 cujus
1328 1600 1438 1654 vita
1466 1599 1809 1655 abomnibus

197 1691 416 1760 legitur,
448 1692 745 1748 Galliarum
787 1693 1072 1762 episcopus
1115 1689 1233 1746 fuit.
1267 1690 1337 1745 Et
1376 1691 1463 1745 bis
1493 1690 1668 1755 dictis,
1699 1704 1799 1746 ex-

196 1784 364 1839 tensis
393 1784 464 1839 ad
493 1785 692 1841 celum
740 1784 1021 1849 menius,
1073 1784 1217 1839 hunc
1260 1783 1528 1852 psalmum
1568 1781 1799 1838 Domino

1901 596 2063 666 quasi
2102 611 2172 652 ex
2199 609 2398 653 me
2421 598 2719 663 excitatus,
2767 600 3090 657 lucernarum
3134 600 3157 645 τ
3194 602 3501 669 devotionis

1900 696 2118 760 tempus
2137 702 2459 757 agnoscens,
2472 692 2712 746 extensis
2733 694 3000 757 manibus,
3019 695 3164 749 lenta
3187 696 3317 752 licet
3340 713 3497 765 voce,

1903 781 2088 851 paravi
2140 781 2419 838 lucernam
2461 779 2685 837 Christo
2731 798 2885 849 meo,
2917 783 3153 841 Domine
3191 785 3495 845 decantavi.

1905 871 2058 927 Tunc
2084 870 2281 927 deinde
2322 871 2467 928 facto
2491 871 2807 942 aliquandiu
2847 875 3084 941 silentio,
3133 876 3499 935 εἰναι-δοκι.
3549 857 3553 862 ’

1903 971 2152 1032 quartam
2179 962 2358 1017 noctis
2381 962 2637 1020 omnibus
2661 966 2757 1034 qui
2781 966 3008 1021 aderant
3022 967 3255 1039 sollicite
3266 968 3497 1037 vgilans

1903 1055 2073 1120 tibus,
2097 1054 2281 1109 subito
2309 1062 2419 1109 tam
2450 1055 2657 1124 ingenti
2675 1058 2867 1113 cellula
2896 1058 3017 1127 ejus
3044 1066 3359 1117 terraemotu
3376 1064 3504 1117 con-

1905 1160 2063 1202 emsa
2091 1152 2195 1211 est,
2224 1152 2287 1200 ut
2311 1145 2365 1200 bi
2394 1146 2489 1216 qui
2508 1147 2711 1203 lectulo
2734 1148 2855 1217 ejus
2871 1150 3218 1216 assistebant,
3250 1151 3499 1207 exterriti
3526 1138 3531 1143 ‘

1905 1246 2073 1308 atque
2096 1239 2297 1293 turbati
2321 1238 2389 1293 ad
2411 1240 2713 1297 orationem
2740 1257 2801 1297 se
2826 1244 3005 1298 cuncti
3029 1242 3331 1312 jactarent,
3362 1244 3498 1300 nihil

1904 1335 2085 1382 tamen
2121 1328 2417 1385 scientibus
2440 1330 2527 1385 bis
2570 1332 2666 1401 qui
2691 1348 2791 1402 pro
2837 1318 3047 1389 foribus
3079 1334 3451 1393 consistebant
3477 1352 3496 1390 :

1905 1420 2243 1490 nequeenim
2267 1421 2647 1491 publicus-ille,
2674 1409 3041 1494 sed-privatus
3072 1424 3129 1483 iu
3154 1426 3352 1481 cellula
3374 1426 3495 1483 tuo.

1903 1521 1991 1565 rat
2015 1520 2175 1567 terra
2201 1521 2399 1592 metus.
2432 1512 2526 1569 ille
2547 1516 2802 1582 angelicis
2822 1525 3105 1593 susceptus
3134 1516 3497 1573 manibusde-
3576 1581 3580 1585 I

1903 1604 2077 1659 »ξι-ω
2106 1604 2217 1659 Deo
2247 1605 2492 1674 spiritum
2521 1606 2810 1663 exhalavit.

1977 1693 2032 1750 Β.
2073 1694 2318 1750 Vidimus
2351 1693 2451 1765 (ﬁli
2476 1696 2820 1766 carissime),
2853 1694 3101 1762 vidimus,
3146 1707 3203 1755 et
3242 1699 3387 1757 inter
3410 1699 3495 1755 la-

1904 1802 2116 1857 crymas
2144 1796 2309 1857 atque
2353 1787 2616 1857 singultus
2655 1789 2852 1844 vidisse
2896 1790 3223 1859 gaudemus;
3268 1780 3499 1848 vidimus

199 1876 529 1949 decantavit,
559 1875 780 1932 dicens:
808 1874 1009 1930 Levavi
1047 1875 1237 1929 oculos
1255 1888 1406 1929 meos
1452 1874 1520 1929 ad
1560 1879 1793 1935 montes,
1827 1859 2173 1946 nque-nodo
2202 1878 2410 1933 tollitur
2431 1876 2643 1945 justus,
2672 1887 2729 1935 et
2765 1878 2929 1935 nemo
2971 1880 3266 1949 intelligit:
3313 1888 3369 1936 et
3395 1881 3499 1940 viri

200 1968 338 2022 unde
383 1968 571 2023 veniet
614 1966 871 2022 auxilium
918 1965 1072 2020 mibi.
1102 1965 1371 2020 Auxilium
1420 1979 1599 2019 meum
1631 1979 1663 2019 a
1687 1963 1796 2021 Do-

200 2060 367 2125 mino,
390 2058 491 2128 qui
509 2058 636 2113 iecit
661 2058 863 2114 cmlnm
877 2064 937 2115 et
952 2066 1173 2112 terram.
1203 2055 1409 2113 Deinde
1426 2055 1657 2113 collecta
1678 2071 1799 2111 ora-

198 2151 371 2217 tione,
401 2149 775 2206 commonitus
792 2156 919 2205 esta
936 2155 1124 2205 sancto
1145 2156 1177 2187 α
1194 2146 1545 2202 Postumiane
1572 2147 1797 2219 presby-

198 2248 339 2308 tero,
371 2242 521 2312 quod
549 2258 653 2313 pro
676 2241 1014 2299 vestimentis
1051 2255 1171 2311 quae
1211 2239 1535 2310 pauperibus
1583 2238 1797 2295 fuerant

198 2343 447 2403 erogata,
494 2334 849 2403 quadraginta
893 2329 1053 2393 solidi
1087 2332 1448 2398 deberentur.,
1474 2329 1628 2398 Quod
1670 2346 1793 2387 cum

198 2425 445 2482 audisset
479 2424 538 2481 S.
569 2422 841 2491 Paulinus.
873 2424 1064 2481 leviter
1090 2422 1373 2479 subridens
1405 2422 1483 2477 ait
1511 2441 1524 2476 :
1558 2420 1796 2480 Securus

200 2525 342 2584 esto,
387 2516 497 2581 ili;
528 2515 697 2573 crede
740 2516 873 2573 mihi
916 2516 1045 2585 quia
1070 2530 1180 2573 non
1215 2514 1389 2571 deerit
1433 2514 1527 2585 qui
1554 2512 1795 2573 debitum

201 2625 503 2680 pauet-um
522 2610 719 2666 solvat.
749 2609 819 2665 Et
838 2625 990 2677 ecce,
1013 2624 1123 2665 non
1146 2609 1305 2677 longa
1332 2608 1797 2676 morningrcditnr-

200 2701 423 2771 quidam
470 2704 789 2773 presbyter,
843 2701 912 2758 de
968 2699 1217 2757 Lucania:
1269 2700 1513 2770 partibus
1548 2699 1793 2766 veniens,

200 2792 391 2850 missus
417 2809 454 2849 δ
480 2802 677 2850 sancto
696 2791 967 2863 Episcopo
990 2793 1021 2831 δ
1047 2791 1429 2861 Exuperantio,
1475 2790 1591 2846 sive
1618 2807 1648 2844 ει
1674 2790 1809 2867 viro.

199 2884 505 2941 clarissimo
544 2884 715 2954 ,l'ratre
742 2882 861 2952 ejus
886 2880 1118 2947 Ursatio,
1149 2882 1243 2951 qui
1269 2882 1321 2938 ei
1346 2896 1446 2951 per
1473 2881 1649 2951 ipsum
1674 2895 1794 2935 mu-

198 2974 345 3031 neris
367 2976 549 3042 gratia
572 2974 956 3044 quinquaginta
983 2972 1185 3031 solidos
1203 2973 1478 3031 miserant.
1501 2971 1652 3040 Quos
1668 2987 1795 3029 cum

193 3065 506 3136 accepisset
531 3074 749 3123 sanctus
787 3064 1063 3130 Paulinus,
1080 3063 1370 3122 benedixit
1393 3063 1683 3123 Dominum
1711 3064 1792 3120 di-

190 3170 346 3220 cens;
378 3158 598 3226 gratias
622 3172 724 3227 ago
752 3158 870 3224 tibi,
919 3156 1165 3224 Domine,
1204 3157 1295 3229 qui
1324 3174 1431 3214 non
1459 3157 1793 3227 dereliquisti

1894 1968 2027 2038 jmti
2053 1968 2334 2034 tolluntur,
2357 1977 2415 2024 et
2440 1984 2603 2026 nemo
2638 1970 2967 2029 considerat.
2996 1971 3182 2041 Neque
3211 1964 3315 2030 'ulli
3340 1970 3496 2029 (ἰδινὶ-

1898 2062 2195 2120 stianorum
2216 2062 2529 2118 incredibile
2549 2062 2713 2119 debet
2730 2063 2921 2132 videri,
2941 2065 2986 2120 si
3004 2065 3056 2120 in
3076 2065 3306 2123 transitu
3322 2066 3496 2122 sancti

1898 2151 2130 2219 Paulini,
2159 2169 2301 2210 unus
2325 2155 2555 2223 angulus
2580 2156 2889 2225 specialiter
2908 2165 3067 2213 terrae
3084 2165 3239 2213 motu
3260 2172 3497 2213 concus-

1897 2258 1989 2297 sus
2038 2250 2139 2309 est,
2173 2244 2226 2298 in
2256 2243 2407 2312 cujus
2436 2245 2587 2300 obitu
2622 2254 2770 2304 totus
2788 2260 2927 2315 pene
2956 2248 3106 2304 orbis
3126 2248 3405 2316 ingemuit.
3427 2247 3517 2303 Et.

1898 2350 2030 2393 sane
2050 2335 2172 2405 quis
2198 2335 2351 2393 locus
2370 2345 2455 2392 est
2483 2337 2537 2393 in
2566 2338 2699 2394 orbe
2726 2346 2992 2397 terrarum
3006 2348 3120 2397 tam
3140 2345 3386 2396 remotus
3401 2320 3495 2397 aut

1897 2427 2132 2491 abditus,
2163 2443 2324 2497 quem
2352 2430 2611 2487 transitus
2642 2429 2847 2489 domini
2876 2430 3085 2489 Paulini
3112 2448 3220 2489 non
3247 2448 3492 2490 commo-

1895 2519 2070 2575 verit?
2099 2518 2271 2575 Flevit
2315 2520 2475 2590 plane
2511 2518 2781 2586 Ecclesia,
2802 2522 2948 2591 quod
2968 2523 3129 2581 talem
3151 2522 3495 2581 sacerdotem

1896 2610 2205 2672 amisimed
2218 2610 2451 2669 exsultat
2460 2612 2760 2682 paradisus,
2777 2614 2923 2683 quod
2938 2614 3104 2673 talem
3115 2622 3361 2673 sanctum
3381 2630 3494 2673 sus-

1896 2701 2076 2771 cepit:
2109 2701 2370 2772 plangunt
2402 2704 2611 2773 populi,
2636 2704 2734 2759 sed
2755 2704 3005 2763 laetamur
3023 2706 3234 2774 angeli:
3267 2715 3492 2774 gemunt

1894 2795 2186 2867 provinciae
2216 2795 2517 2861 hominum,
2555 2797 2650 2855 sed
2684 2798 2919 2868 gaudent
2939 2798 3057 2856 loca
3078 2806 3393 2857 sanctorum
3417 2799 3488 2859 ad

1893 2903 2019 2961 qum
2060 2887 2304 2959 quotidie
2356 2888 2576 2947 evolare
2605 2889 2875 2959 cupiebat,
2904 2905 3029 2954 cum
3054 2889 3288 2954 diceret;
3318 2889 3490 2957 Quam

1894 2979 2145 3037 amabilia
2164 2988 2293 3039 sunt
2306 2978 2650 3035 tabernacula
2675 2988 2783 3047 tua,
2803 2979 3030 3037 Domine
3044 2980 3185 3040 Deus
3201 2980 3485 3043 virtutum!

1894 3070 2228 3141 concupiscit
2257 3077 2314 3124 et
2331 3068 2514 3124 deﬁcit
2535 3071 2714 3127 anima
2740 3084 2861 3125 mea
2896 3070 2950 3133 in
2979 3070 3135 3127 atriis
3157 3070 3284 3131 tuis.

1965 3162 2017 3216 6.
2062 3162 2107 3219 Ο
2134 3162 2305 3221 virum
2351 3169 2598 3229 sanctum
2643 3169 2698 3219 et
2735 3162 2976 3223 omnium
3004 3177 3099 3221 ore
3121 3161 3489 3241 .laudabileut.

194 3258 517 3320 sperantem
545 3251 607 3307 in.
623 3260 696 3307 te.
720 3250 797 3309 De
842 3250 926 3309 bis
970 3261 1150 3327 autem
1195 3250 1581 3320 quinquaginta
1607 3249 1793 3307 solidis
1820 3240 1871 3308 C
1898 3255 1991 3327 qui
2018 3253 2249 3311 sicvixlt
2276 3260 2336 3308 ut
2363 3268 2472 3313 non
2502 3252 2602 3309 sibi
2623 3261 2850 3320 tantum,
2867 3253 2963 3311 sed
2991 3240 3242 3317 omnibus
3264 3254 3487 3319 viveret!

192 3340 304 3411 ipso
328 3343 667 3414 presbytero
682 3343 777 3411 qui
802 3356 898 3401 eos
919 3342 1256 3408 exhibuerat,
1285 3358 1447 3399 manu
1471 3357 1568 3398 sua
1595 3342 1733 3400 duos
1765 3353 1789 3383 °

195 3432 651 3506 dedit;‘reliquos
680 3451 812 3492 vero
862 3434 1291 3503 negotiatoribus
1334 3434 1428 3503 qui
1473 3433 1793 3491 vestimenta

196 3529 527 3599 pauperibus
553 3528 835 3594 dederant,
865 3526 1017 3583 reddi
1035 3525 1327 3585 mandavit.

262 3618 315 3679 ἂ.
352 3618 511 3679 inter
536 3606 655 3680 haec
685 3627 868 3677 autem
889 3634 1013 3679 cum
1036 3617 1147 3687 jam
1169 3634 1279 3675 nox
1300 3618 1406 3675 dici
1427 3620 1797 3691 successisset,

199 3726 363 3780 usque
381 3713 457 3771 ad
486 3712 717 3771 mediam
739 3720 955 3770 noctem
986 3705 1260 3781 paululum
1290 3712 1458 3781 quieti
1486 3715 1791 3779 concessit;

199 3800 367 3861 (lo-ec
391 3804 754 3864 crudescente
779 3802 969 3861 dolore
1001 3803 1097 3870 qui
1133 3802 1287 3859 lateri
1307 3801 1425 3871 ejus
1452 3802 1649 3861 nimius
1677 3804 1793 3859 iue-

200 3901 301 3963 rat,
313 3900 605 3961 excitatus.
630 3897 815 3957 multis
831 3898 995 3953 etiam
1014 3912 1083 3955 ex
1104 3896 1376 3967 superﬂuo
1396 3897 1791 3959 arcbiatrorum

202 3989 506 4046 nationibus
534 3991 811 4059 fatigatus,
841 4004 1011 4060 usque
1050 3990 1391 4059 adquintam
1418 3988 1446 4029 (ι
1470 3990 1664 4048 horam
1692 4008 1791 4048 uo-

200 4077 299 4135 ctis
326 4078 533 4137 lassum
562 4086 724 4149 atque
767 4079 1015 4139 anhelum
1044 4087 1234 4150 pectus
1253 4079 1426 4135 duxit.
1457 4079 1661 4137 Deinde
1690 4082 1786 4137 ad-

201 4168 455 4225 veniente
479 4168 600 4228 luce
623 4168 1062 4231 consuetudinem
1089 4185 1241 4225 suam
1267 4171 1348 4226 vir
1367 4179 1591 4235 sanctus
1617 4186 1789 4242 agno-

201 4257 295 4317 vit.
316 4258 526 4331 Itaque,
556 4271 615 4321 ut
638 4259 867 4325 solebat,
896 4260 1140 4323 excitatis
1169 4260 1438 4328 omnibus,
1464 4262 1791 4319 matutinum

204 4358 271 4403 ex
290 4363 444 4411 more
469 4358 525 4409 et
548 4350 739 4411 ordine
768 4349 1075 4413 celebravit.
1104 4349 1267 4411 Facta
1297 4359 1479 4407 autem
1500 4351 1607 4415 die.
1636 4369 1791 4424 pres-

207 4434 406 4506 byteris
432 4452 489 4499 et
513 4440 825 4503 diacouibus
844 4449 1007 4510 atque
1026 4442 1275 4499 omnibus
1294 4442 1523 4509 clericis,
1543 4446 1795 4515 exemplo

1896 3344 1966 3400 Et
1992 3344 2115 3403 ideo
2140 3344 2263 3415 quia
2295 3343 2477 3403 multis
2522 3344 2656 3399 vixit
2700 3344 2755 3407 in
2781 3344 2895 3417 hoc,
2923 3344 3151 3410 saeculo,
3200 3360 3345 3409 nunc
3390 3344 3495 3409 sibi

1895 3439 2030 3495 vivit
2057 3438 2113 3493 in
2138 3436 2386 3491 Christo:
2417 3443 2474 3491 et
2495 3445 2674 3492 tamen
2700 3452 2810 3499 non
2830 3438 2930 3497 sibi
2961 3444 3189 3502 tantum,
3213 3437 3307 3497 sed
3326 3437 3491 3501 etiam

1900 3530 2078 3597 nobis,
2109 3522 2234 3601 quia
2265 3527 2510 3599 quotidie
2537 3535 2659 3583 orat
2684 3543 2785 3598 pro
2815 3528 2990 3587 nobis.
3011 3527 3136 3589 Fuit
3153 3527 3387 3597 denique
3406 3526 3490 3591 ιιι-

1900 3636 2061 3678 cerua
2085 3620 2282 3681 ardens
2301 3621 2353 3676 in
2381 3620 2544 3681 domo
2567 3618 2682 3682 Dei,
2709 3635 2814 3675 non
2835 3620 2934 3683 Sub
2962 3618 3147 3683 modio
3166 3619 3359 3695 posita.
3392 3618 3487 3681 sed

1901 3730 2063 3786 super
2110 3713 2491 3770 candelabrum
2536 3712 2857 3774 constituta:
2896 3711 2971 3773 ita
3000 3720 3058 3771 ut
3085 3712 3249 3773 etiam
3290 3712 3487 3773 multas

1895 3803 2141 3865 lucernas
2169 3820 2268 3859 suo
2307 3803 2568 3875 praeclaro
2614 3802 2815 3861 lumine
2861 3801 3113 3861 redderet
3160 3801 3480 3865 luminosas.

1897 3893 2089 3953 Suavis
2107 3894 2250 3953 enim
2280 3902 2336 3951 et
2360 3895 2504 3951 mitis
2532 3893 2648 3957 fuit,
2679 3893 2840 3949 etiam
2864 3907 2983 3948 cum
3014 3892 3070 3955 in
3105 3894 3353 3963 superbia
3384 3908 3485 3957 sae-

1896 3990 2001 4046 culi
2039 3998 2365 4053 versaretur.
2396 3986 2531 4047 Cum
2572 3994 2749 4047 autem
2785 3986 2854 4047 ad
2881 3984 3154 4043 Christum
3190 3999 3486 4049 conversus

1892 4089 2007 4149 est,
2054 4081 2264 4153 aperuit
2293 4082 2486 4137 horrea
2528 4096 2623 4137 sua
2663 4079 3007 4151 pauperibus,
3041 4078 3333 4148 apothecas
3360 4092 3487 4139 suas

1894 4173 2304 4229 advenientibus
2324 4171 2595 4243 patefecit.
2628 4169 2760 4225 Nam
2784 4185 2971 4242 parum
2993 4169 3043 4224 ei
3070 4176 3186 4224 erat
3206 4160 3486 4237 proximos

1895 4264 2063 4331 alere,
2115 4265 2215 4321 nisi
2244 4266 2406 4329 etiam
2428 4263 2664 4333 undique
2685 4270 2942 4323 evocaret
2968 4276 3107 4331 quos
3133 4267 3380 4330 pasceret,
3403 4266 3487 4323 at-

1894 4370 2001 4425 que
2029 4356 2271 4415 vestiret.
2304 4357 2547 4427 Quantos
2569 4354 2810 4426 captivos
2843 4351 3103 4411 redemit!
3137 4338 3371 4420 quantos
3398 4350 3482 4411 iur

1893 4448 2178 4511 tricatores
2208 4460 2233 4507 ιβ
2263 4449 2432 4507 debiti
2459 4464 2490 4507 a
2518 4438 2875 4513 creditoribus
2911 4445 3023 4502 suis
3062 4442 3267 4501 reddita
3318 4457 3486 4513 pecuw

275 4646 301 4712 ﬁ
338 4638 505 4695 Vides
530 4638 620 4712 hic
667 4638 878 4712 titulum
915 4642 1099 4712 sancti,
1153 4656 1261 4712 non
1284 4640 1458 4712 solum
1493 4642 1780 4712 episcopis,
1814 4647 1862 4708 D
1886 4643 2178 4703 hodiedum
2201 4644 2405 4703 faciunt
2426 4658 2614 4701 omnes
2633 4643 2773 4709 Itali,
2800 4653 2991 4701 contra
3012 4658 3353 4700 communem
3383 4657 3489 4697 rm-

208 4707 302 4761 sed
357 4719 413 4781 et
468 4709 797 4781 presbyteris
847 4708 1008 4781 dari:
1052 4726 1116 4765 ac
1160 4707 1405 4781 fortassis
1446 4707 1786 4781 invenientur

207 4779 479 4863 exempla,
498 4779 691 4863 quibus
721 4794 783 4837 ea
824 4779 1114 4863 appellatio
1147 4780 1248 4834 toti
1276 4779 1421 4835 clero
1450 4779 1613 4837 fuisse
1636 4798 1787 4838 com-

208 4850 379 4903 munis
407 4850 685 4905 doceatur.

276 4916 301 4954 δ
330 4918 516 4975 Nullus
563 4919 984 4991 Εεειιρεξνιιηιξᾳε,⁸
1004 4920 1135 4991 alias
1171 4920 1335 4991 etiam
1381 4918 1784 4991 Exuberantius,

205 4992 437 5063 Occurrit
484 4999 598 5044 toto
641 4988 910 5063 tomonl
946 4988 1170 5063 llgbelli,
1219 4990 1500 5059 episcopos
1542 4989 1787 5063 Lucania:

203 5064 257 5109 et
278 5058 501 5132 Apuliae,
525 5066 790 5131 quotquot
810 5058 1038 5116 inveniri
1067 5058 1375 5132 potuerunt,
1406 5058 1713 5132 complexo.

278 5138 301 5167 °
354 5130 543 5185 Sui-ius
588 5144 819 5199 eumqne
868 5138 1083 5187 secutus
1121 5131 1381 5186 Baronius
1426 5130 1684 5187 notarunt
1735 5134 1790 5189 in

205 5203 465 5283 margine,
478 5217 589 5283 non
617 5201 775 5283 duos,
788 5202 882 5257 sed
904 5202 1078 5283 decent
1095 5202 1382 5283 legendum
1402 5201 1573 5283 videri
1595 5220 1608 5266 ;
1633 5204 1788 5273 quasi

205 5271 430 5343 pretium
453 5272 659 5343 itineris
673 5271 877 5343 justum
900 5280 1029 5326 tunc
1050 5274 1307 5342 temporis
1320 5273 1497 5343 videri
1520 5271 1791 5343 nequeant

204 5334 324 5411 duo.
353 5340 465 5411 Ego
496 5342 568 5397 nil
589 5334 903 5396 mutandum
926 5357 1123 5396 censeo
1151 5334 1273 5397 eum
1304 5341 1592 5398 Cbiﬂietio.

274 5406 299 5445 τί
329 5406 670 5488 Τὴέοᾴρθίιιε
693 5411 1249 5488 ῌεὼθυειηῌρτηνίιιῐη
1281 5413 1791 5488 universaleperpe-

206 5483 348 5553 tuum
371 5482 640 5551 condidit,
667 5484 757 5537 ubi
794 5498 914 5553 pag.
937 5482 1042 5535 277
1066 5492 1262 5539 notans
1294 5500 1392 5553 pro
1420 5484 1546 5553 polo
1582 5482 1788 5541 boreali

203 5547 409 5624 elevato
437 5556 601 5624 grad..
626 5547 691 5607 ’41
727 5547 810 5608 ρι’
829 5547 899 5624 43
935 5554 1112 5624 (inter
1130 5568 1267 5624 quos
1286 5547 1370 5608 est
1393 5547 1553 5619 Nola,
1584 5556 1787 5612 habens

203 5619 463 5696 elevatuni
490 5625 669 5696 polum
718 5623 873 5696 grad.
919 5619 1008 5687 42)
1040 5619 1722 5696 ὰθίὶίιίι-ῃοςιῇδλεῃηιὶυητ,
1755 5643 1786 5681 a

203 5690 327 5763 gulis
353 5690 545 5751 occasu
574 5690 743 5763 usque
766 5695 831 5748 ad
863 5702 1061 5757 ortum,
1090 5709 1187 5761 pro
1214 5693 1301 5747 die
1332 5693 1394 5746 2|
1430 5690 1606 5759 Junii,
1638 5690 1788 5751 boris

202 5756 305 5833 §_et
324 5767 540 5820 minutis
562 5756 670 5831 56$
697 5764 842 5819 unde
888 5756 1227 5833 consequens
1271 5764 1501 5829 videtur,
1529 5756 1639 5833 jam
1670 5774 1784 5821 tum

202 5825 414 5891 Nolanis
458 5837 622 5891 horas
650 5825 922 5890 numerari
948 5825 1152 5902 emptas
1179 5832 1247 5886 ab
1287 5825 1497 5887 occasu
1525 5825 1676 5901 solis,
1707 5837 1784 5889 uti

1892 4722 2131 4777 terarum
2176 4717 2416 4784 gentium
2463 4722 2995 4773 trausmontanarum
3022 4730 3201 4779 usum,
3246 4729 3276 4771 a
3306 4713 3485 4771 media

1894 4793 2053 4840 nocte
2084 4786 2244 4843 horas
2275 4788 2557 4841 numerare
2604 4785 2970 4845 incipientium
3007 4801 3018 4835 :
3052 4785 3129 4837 sic
3172 4784 3316 4845 enim
3354 4784 3484 4841 hora

1892 4855 2078 4924 quinta
2110 4855 2252 4911 diem
2284 4855 2599 4909 habuissent
2627 4851 2845 4917 Nolani;
2880 4869 3019 4907 nunc
3050 4862 3237 4924 autem
3259 4852 3353 4904 tali
3376 4851 3482 4911 die,

1891 4922 2022 4979 liora
2052 4928 2234 4995 quinta
2278 4926 2343 4980 iis
2384 4924 2783 4995 comparabitur
2820 4940 2942 4978 cum
2981 4923 3113 4977 hora
3161 4922 3330 4991 prima
3361 4928 3483 4987 post

1890 5003 2103 5050 noctein
2136 4996 2384 5051 mediam.

1965 5075 1989 5104 ο
2008 5064 2426 5141 ﬂrercditurimn
2454 5066 2723 5141 intelligo,
2776 5076 3096 5141 perpetuam,
3141 5058 3223 5112 vel
3266 5057 3481 5141 qualem

1891 5134 2138 5258 gliristus
2186 5138 2295 5260 Ἓξ.
2349 5153 2450 5208 pro
2504 5128 2823 5191 btercditaie
2868 5128 3277 5198 'se'relinqnere
3324 5128 3479 5192 dixit,

1925 5221 2047 5260 oau.
2082 5223 2188 5260 xw.
2290 5247 2305 5260 .

1925 5221 2047 5260 oau.
2082 5223 2188 5265 xw.
2216 5208 2305 5262 27.

1969 5277 1986 5317 ί
2022 5276 2394 5333 Lucet-narium
2443 5277 2617 5332 Latini
2671 5273 2952 5337 dicebant,
3002 5285 3188 5342 preces
3215 5340 3225 5342 Α
3253 5266 3483 5324 funden-

1888 5346 2011 5410 das,
2058 5363 2182 5401 cum
2226 5347 2507 5403 occidente
2550 5346 2664 5401 sole
2722 5340 3158 5398 accendebantur
3213 5340 3477 5405 lucermr;

1930 5433 2024 5473 uas
2064 5433 2255 5487 preces
2275 5419 2515 5487 vesperis
2538 5414 2788 5488 praemitti
2823 5413 3009 5468 solitas
3036 5410 3200 5467 docet
3231 5412 3477 5488 Magrius.

1941 5503 2043 5543 unc
2066 5483 2191 5543 cum
2229 5483 2467 5558 vespérm
2491 5483 2616 5542 ante
2643 5485 2773 5540 solis
2801 5498 3049 5558 occasum
3080 5483 3476 5553 persolvuntur,

1890 5557 2204 5682 ‘Ijntcerdnarii
2233 5554 2353 5614 loco
2375 5558 2636 5612 successit
2663 5554 3070 5624 compte-torium,
3085 5562 3208 5623 post
3231 5565 3482 5623 vesperae
3548 5588 3551 5589 ν

1926 5642 2043 5681 tceu
2090 5645 2194 5682 um.

1926 5642 2194 5683 mendum.

1964 5708 1989 5744 ε
2018 5696 2283 5753 Omnibus
2330 5697 2590 5766 exemplis
2631 5697 2720 5752 hic
2757 5695 3220 5759 convenientibus,
3252 5708 3359 5749 non
3378 5694 3481 5766 au-
3514 5703 3520 5708 '

1892 5766 1998 5823 deo
2028 5779 2237 5824 mutare
2259 5778 2314 5822 et
2340 5764 2539 5835 legere,
2571 5769 2840 5823 inti-iratos
2869 5767 3084 5831 debitis;
3115 5778 3245 5835 ergo
3265 5764 3480 5817 intrica-

1892 5846 2028 5893 tam
2054 5839 2211 5894 debiti
2239 5852 2334 5893 eos
2362 5836 2619 5905 intellige,
2664 5839 2779 5905 qui,
2819 5839 2942 5904 quia
2964 5835 3222 5894 solvendo
3262 5850 3321 5891 se
3348 5847 3477 5889 sea-
