4192 6258
782 374 887 431 865

1654 430 1667 433 _
1730 357 1962 419 URANH
2001 363 2439 421 PRESBYTER!
2475 364 2809 421 EPISTOLA
2849 366 3072 423 UNICA.
3914 376 3998 431 sat

656 490 661 495 ’
761 494 850 551 nia
891 488 1162 546 liberavit!
1196 501 1299 541 una
1343 486 1553 541 scilicet
1603 485 1821 556 pietatis
1868 475 2234 552 negotiatione
2292 492 2348 538 et
2379 490 2425 545 Α
2453 485 2594 538 enim
2640 485 2804 540 solius
2832 486 2946 540 haec
2977 499 3096 540 mea
3148 498 3252 539 vox
3296 494 3378 541 est
3411 504 3425 538 :
3469 494 3640 540 testes
3679 495 3808 541 sunt
3850 505 3998 549 eum

760 587 1005 657 planctus
1030 578 1330 643 debitorum
1374 578 1625 642 extersit,
1656 585 1711 631 et
1759 576 2085 632 creJitorum
2138 575 2337 645 gaudia

764 673 1050 745 reparavit.

768 814 773 823 .
831 768 881 821 7.
922 766 1057 822 Cum
1085 772 1262 819 autem
1284 763 1350 818 ad
1371 777 1636 818 summum
1665 762 1950 818 sacerdotii
1970 762 2190 830 gradmn
2222 777 2342 832 pro-

758 869 947 917 vectus
966 869 1124 923 esset,
1157 858 1329 912 noluit
1358 858 1519 911 talem
1546 872 1605 910 se
1629 855 1887 911 exhibere
1907 856 2213 926 episcopum
2243 854 2337 924 qui

761 953 829 1007 ab
858 953 1037 1021 aliquo
1076 950 1381 1011 timeretur;
1418 950 1512 1003 sed
1541 948 1700 1003 talem
1727 964 1784 1002 se
1814 947 2043 1001 reddidit
2068 945 2332 1002 sacerdo-

760 1053 868 1099 tem
888 1043 980 1112 qui
1023 1042 1090 1096 ab
1120 1041 1369 1096 omnibus
1408 1050 1699 1095 amaretur.
1743 1039 2022 1109 Nunquam
2050 1041 2130 1093 sic
2170 1040 2340 1093 iratus

760 1143 862 1199 est,
898 1142 956 1188 ut
979 1149 1083 1188 non
1112 1134 1265 1188 inira
1295 1132 1672 1187 misericordia:
1710 1147 1919 1187 memor
1944 1141 2089 1188 esset
2119 1150 2131 1184 :
2166 1147 2340 1202 neque

764 1228 905 1283 enim
929 1233 1142 1297 poterat
1162 1227 1243 1280 vir
1263 1225 1352 1280 ille
1382 1225 1558 1288 irasci,
1585 1226 1674 1295 qui
1702 1225 2054 1279 contunielias
2081 1225 2341 1294 despicie-

757 1320 871 1387 bat,
903 1320 1107 1376 et‘odia
1135 1302 1355 1374 vitabat.
1400 1318 1680 1386 Nunquam
1709 1318 1762 1372 in
1780 1316 1985 1385 judicio
2014 1318 2132 1373 sine
2171 1318 2339 1371 mise-

757 1411 991 1466 ricordia
1020 1410 1177 1476 sedit,
1207 1411 1330 1480 quia
1357 1417 1578 1463 noverat
1607 1406 2029 1462 misericordiam
2059 1406 2337 1461 meliorem

761 1516 881 1557 esse
908 1516 1066 1570 quam
1090 1501 1437 1562 sacriﬁcium;
1460 1499 1827 1553 misericordia
1856 1497 2192 1571 vestiendum
2223 1512 2343 1552 esse

764 1608 923 1647 omne
981 1593 1403 1647 Christianorum
1454 1591 1735 1659 judicium,
1776 1590 1985 1645 dicente
2049 1590 2339 1646 venerabili

764 1681 1080 1755 Scriptura:
1126 1682 1544 1738 Misericordiam
1570 1692 1625 1738 et
1646 1682 1905 1752 judicium
1948 1683 2180 1739 cantabo
2223 1683 2335 1748 tibi,

758 1765 1002 1830 Domine.
1027 1775 1293 1832 Justitiam
1315 1791 1529 1846 quoque
1552 1776 1689 1831 votis
1713 1776 2113 1844 benignioribus
2143 1786 2343 1847 tempe-

2444 577 2753 646 provincim,
2783 577 2936 631 testis
2956 584 3039 631 est
3058 577 3237 632 omnis
3258 585 3397 632 terra
3420 591 3577 645 quam
3595 576 3876 633 Romanus
3892 583 4000 639 urbis

2444 668 2697 732 includit;
2727 678 2891 725 testes
2911 670 3073 724 etiam
3103 680 3227 724 sunt
3245 669 3495 724 barbara:
3517 672 3793 737 nationes,
3824 674 3883 728 ad
3901 690 3999 744 quas

2442 759 2580 814 fama
2606 759 2818 814 Domini
2858 759 3065 814 Paulini
3109 770 3450 831 pervenerat.
3491 760 3603 816 Nec
3651 762 3916 820 immerito
3951 768 3999 822 ab

2444 854 2692 908 omnibus
2719 834 3018 919 amabatur,
3050 853 3140 924 qui
3164 853 3351 908 aderat
3378 854 3654 909 omnibus.
3678 853 3847 922 Quem
3885 859 4000 914 enim

2438 944 2706 1015 jaceutem
2734 962 2839 1001 non
2869 961 2967 1002 sua
3003 946 3228 1001 dextera
3266 947 3478 1002 erexit?
3503 962 3672 1015 quem
3703 949 4004 1019 interpellan-

2445 1048 2552 1093 tem
2573 1054 2631 1093 se
2659 1055 2767 1093 non
2800 1040 2883 1110 pia
2912 1054 3047 1094 voce
3067 1039 3379 1094 consolatus
3406 1042 3530 1094 est?
3555 1038 3692 1095 Erat
3729 1042 3866 1097 enim
3894 1044 4001 1112 pius,

2444 1130 2770 1193 misericors,
2805 1130 3039 1195 humilis,
3063 1138 3119 1183 et
3161 1130 3461 1199 benignus:
3506 1130 3719 1185 nullum
3759 1146 4002 1202 spernens,

2446 1220 2649 1276 nullum
2680 1221 3008 1291 deSpiciens;
3040 1222 3289 1275 omnibus
3318 1221 3592 1276 tribuebat
3611 1263 3630 1290 ,
3680 1223 3914 1279 omnibus
3937 1224 4004 1278 in-

2444 1314 2740 1381 dulgebat:
2783 1315 3053 1370 animabat
3090 1314 3360 1386 trepidos,
3416 1315 3696 1381 mitigabat
3741 1316 4003 1381 violentos;

2445 1408 2544 1462 bos
2563 1408 2763 1477 verbis,
2811 1408 2932 1462 illos
2959 1405 3259 1461 :cdiﬁeabat
3288 1407 3538 1476 exemplo
3571 1424 3585 1460 :
3622 1406 3749 1460 alios
3765 1407 4002 1477 epistolis,

2445 1499 2580 1553 alios
2602 1500 2903 1569 sumptibus
2928 1500 3233 1568 adjuvabat.
3268 1498 3449 1553 Nullas
3489 1513 3649 1568 opes,
3692 1499 3852 1552 nullas
3878 1500 3995 1552 divi-

2445 1593 2569 1660 tias,
2601 1593 2699 1647 nisi
2717 1608 2850 1663 quas
2877 1592 3075 1646 sanctis
3101 1592 3212 1647 suis
3231 1590 3478 1645 Christus
3499 1590 3835 1659 promiserat,
3855 1590 3998 1643 mira-

2444 1687 2622 1740 batur.
2649 1685 2848 1740 Aurum
2879 1694 3042 1754 atque
3070 1692 3371 1751 argentum,
3402 1690 3458 1737 et
3480 1691 3679 1737 caetera
3709 1684 3784 1737 sic
3810 1682 3996 1736 deﬁnie-

2443 1776 2557 1845 bat,
2579 1785 2638 1831 ut
2661 1792 2725 1830 ea
2755 1776 2854 1832 sibi
2876 1776 2941 1830 ad
2964 1775 3295 1845 largiendum
3325 1774 3651 1841 liberalitas,
3680 1789 3784 1827 non
3809 1774 3869 1827 ad
3893 1774 3997 1827 reti-

720 1882 721 1885 ‘
759 1868 942 1932 rabat;
997 1869 1173 1924 sciens
1225 1869 1479 1937 quoniam
1528 1867 1758 1938 Spiritus
1808 1879 2026 1924 sanctus
2078 1879 2336 1938 quantum
2373 1864 2412 1921 Β
2444 1867 2678 1922 nendum
2718 1867 2979 1937 cupiditas
3008 1867 3320 1920 vindicaret.
3352 1863 3450 1931 Et,
3479 1874 3543 1919 ut
3571 1865 3806 1920 breviter
3831 1866 3992 1928 dicam,

757 1961 997 2029 aequitati
1022 1969 1078 2015 et
1092 1959 1313 2028 justitia:
1341 1959 1501 2024 favet,
1536 1967 1738 2013 tantum
1773 1960 1884 2015 suis
1915 1961 2141 2028 gratiam
2171 1961 2343 2031 pieta-

761 2051 832 2105 tis
871 2038 1131 2119 beuignus
1168 2051 1407 2120 indulget
1451 2069 1461 2103 :
1506 2059 1563 2105 et
1602 2051 1723 2106 ideo
1772 2052 1986 2106 tenebat
2027 2053 2258 2119 rigorem
2289 2054 2341 2107 in

757 2144 1156 2199 examinatione
1178 2143 1420 2211 justitize,
1466 2143 1888 2199 misericordiam
1918 2152 2098 2198 autem
2126 2144 2182 2198 in
2210 2140 2345 2199 deli."

756 2233 962 2291 nitione
993 2237 1275 2291 sententia:
1305 2234 1627 2305 proferebat.

828 2328 883 2382 8.
926 2326 971 2381 0
999 2328 1367 2385 admirabilem
1398 2329 1568 2383 virum
1609 2337 1771 2398 atque
1812 2329 2051 2383 omnium
2082 2330 2341 2385 virtutum

758 2426 787 2456 ι
810 2418 967 2474 laude
989 2420 1350 2474 censendum!
1387 2419 1483 2476 Hic
1504 2422 1705 2477 etenim
1745 2422 1982 2476 omnium
2004 2422 2341 2492 patriarcha-

755 2528 874 2567 rum
897 2514 1146 2583 exempla
1176 2522 1411 2579 secutus,
1434 2513 1530 2569 fuit
1552 2515 1723 2570 ﬁdelis
1745 2524 1802 2570 ut
1831 2515 2122 2577 Abraham,
2145 2516 2341 2571 credu-

754 2603 838 2659 lus
860 2612 918 2663 ut
956 2603 1124 2670 Isaac,
1149 2606 1413 2674 benignus
1440 2615 1498 2660 ut
1524 2605 1711 2673 Jacob,
1734 2606 2016 2662 muniﬁcus
2038 2616 2095 2661 ut
2120 2607 2341 2663 Melchi-

754 2695 975 2761 sedech,
1008 2698 1261 2767 providus
1289 2706 1348 2753 ut
1370 2697 1591 2768 Joseph,
1614 2714 1783 2769 rapax
1818 2709 1868 2754 ut
1901 2699 2178 2768 Benjamin
2206 2719 2219 2754 :
2250 2717 2340 2756 ra-

753 2789 872 2860 puit
899 2790 1040 2844 enim
1062 2790 1339 2856 divitibus,
1363 2800 1419 2847 et
1439 2792 1763 2862 pauperibus
1781 2794 2024 2857 erogavit
2049 2812 2062 2854 ;
2085 2801 2140 2848 et
2162 2803 2339 2852 tamen

754 2883 874 2953 plus
893 2883 1148 2939 divitibus
1167 2899 1333 2954 quam
1357 2887 1681 2955 pauperibus
1701 2887 1964 2957 profuisse
1977 2891 2337 2957 cognoscitur,

755 2974 884 3042 quia
916 2976 1242 3045 pauperibus
1272 2979 1322 3030 iu
1355 2977 1457 3032 hoc
1484 2979 1680 3034 sazculo
1711 2968 1929 3049 profuit,
1963 2968 2341 3037 divitibusau-

756 3073 865 3119 tem
912 3067 966 3121 in
996 3069 1176 3123 futuro
1206 3070 1459 3139 providit.
1488 3071 1629 3140 Ergo
1654 3075 1669 3141 (
1694 3073 1817 3141 quia
1838 3074 2017 3128 dicere
2047 3078 2338 3149 cmperam)

754 3153 852 3209 fuit
889 3167 1201 3221 mansuetus
1231 3168 1289 3213 ut
1319 3149 1546 3231 Moyses,
1578 3163 1926 3219 sacerdotalis
1950 3175 2006 3221 ut
2027 3168 2225 3235 Aaron,
2255 3171 2337 3225 in-

753 3258 955 3298 nocens
982 3255 1042 3299 ut
1079 3246 1317 3310 Samuel,
1350 3250 1656 3305 misericors
1703 3261 1762 3306 ut
1790 3253 1954 3310 David
1977 3298 1992 3323 ,
2019 3260 2235 3327 sapiens
2283 3272 2339 3316 ut

722 3373 726 3377 ς
752 3333 1027 3400 Salomon,
1051 3338 1380 3406 apostolicus
1408 3348 1465 3392 ut
1494 3340 1707 3405 Petrus,
1725 3345 1969 3399 amabilis
2006 3356 2063 3401 ut
2084 3348 2334 3416 Joannes,

752 3433 941 3483 cautus
970 3435 1028 3482 ut
1061 3426 1313 3494 Thomas,
1353 3428 1544 3485 doctor
1573 3440 1629 3485 ut
1658 3430 1898 3497 Paulus,.
1916 3436 2105 3493 videns
2134 3449 2191 3494 ut
2220 3441 2339 3497 Ste-

756 3519 985 3589 phanus,
1013 3520 1227 3576 fervens
1259 3530 1316 3576 ut
1340 3522 1532 3593 Apollo
1566 3543 1578 3577 :
1607 3524 1675 3580 de
1695 3526 2053 3586 sollicitudine
2079 3542 2258 3589 autem
2284 3545 2337 3590 et

750 3625 878 3666 cura
906 3610 1287 3679 Ecclesiarum,
1315 3614 1368 3671 in
1390 3615 1493 3669 tide
1514 3630 1567 3670 et
1595 3618 1820 3673 caritate
1848 3634 2036 3676 omnes
2064 3624 2343 3694 apostolos

662 3720 667 3725 ·
751 3709 807 3756 et
843 3703 1128 3773 episcopos
1184 3704 1424 3761 imitatus
1453 3715 1553 3761 est.
1582 3707 1704 3763 Hauc
1734 3711 1911 3766 omnia
1940 3713 1992 3767 in
2023 3730 2080 3769 se
2129 3715 2333 3783 habuit,

750 3792 863 3851 haec
890 3796 944 3850 in
969 3805 1212 3865 tempore
1238 3802 1666 3857 conversationis
1693 3819 1804 3858 sum
1843 3803 2071 3862 ﬁdeliter
2099 3811 2337 3866 custodi-

750 3888 847 3942 vit.
880 3888 945 3942 Et
964 3889 1097 3947 ideo
1125 3905 1251 3946 cum
1280 3892 1347 3948 de
1367 3893 1473 3949 hoc
1517 3910 1747 3966 corpore
1784 3898 1850 3952 ad
1881 3901 2098 3956 caeleste
2123 3904 2335 3959 habita-

751 3980 924 4035 culum
953 3992 1237 4037 voearetur
1258 3986 1276 4054 (
1299 3986 1438 4040 sicut
1481 3989 1727 4056 superius
1748 3989 1858 4045 dixi
1882 3992 1922 4059 ),
1966 3993 2137 4047 doluit
2166 4003 2330 4061 terra,

751 4070 842 4126 sed
866 4071 1107 4152 lzctatum
1145 4085 1229 4129 est
1247 4077 1472 4143 cmlum;
1505 4078 1651 4134 flevit
1683 4098 1831 4146 caro,
1860 4083 1953 4137 sed
1984 4086 2201 4155 spiritus
2220 4089 2334 4155 glo-

749 4162 940 4224 riatur.

819 4254 888 4307 9..
915 4255 1157 4332 Denique
1180 4273 1287 4312 non
1313 4260 1486 4314 solum
1514 4259 1825 4328 Christiani,
1853 4266 1948 4318 sed
1978 4268 2137 4321 etiam
2166 4269 2333 4326 Judaei

747 4352 907 4415 atque
936 4348 1149 4417 pagani,
1182 4348 1382 4417 ingenti
1413 4348 1559 4415 ﬁetu,
1592 4353 1775 4421 scissis
1813 4355 1974 4409 etiam
2008 4359 2251 4419 vestibus
2268 4364 2335 4417 ad

747 4439 947 4495 domini
988 4442 1196 4496 Paulini
1224 4444 1509 4511 exsequias
1535 4455 1936 4521 convenerunt:
1964 4460 2207 4521 ereptum
2233 4455 2334 4509 sibi

746 4537 1057 4599 patronum,
1083 4531 1440 4598 defensorem,
1465 4543 1699 4591 tutorem
1721 4554 1824 4592 una
1847 4554 2036 4595 omnes
2056 4543 2331 4600 nobiscum

746 4632 881 4675 voce
906 4622 1247 4690 planxerunt.
1282 4623 1349 4679 Et
1376 4626 1509 4681 vere
1550 4627 1670 4683 talis
1712 4640 1846 4697 erat,
1872 4641 1930 4686 ut
1971 4634 2041 4689 ab
2085 4636 2335 4692 omnibus
2365 4605 2411 4663 υ

746 4723 1040 4768 amaretur:
1074 4715 1206 4768 vixit
1235 4717 1376 4771 enim
1407 4721 1618 4776 cunctis
1646 4722 1699 4775 in
1725 4726 2028 4795 exemplum
2048 4729 2331 4797 acquiren-

745 4800 825 4857 [ιω
871 4802 1078 4871 salutis,
1110 4813 1164 4857 et
1214 4806 1264 4861 in
1318 4808 1657 4880 refrigerium
1708 4815 2115 4872 consolationis.
2151 4817 2335 4887 Neque

740 5035 881 5105 tiunt
911 5050 1016 5088 non
1042 5048 1182 5101 esse,
1213 5035 1386 5105 ipsum
1417 5036 1655 5091 dehitmn
1682 5039 1924 5094 studiose
1958 5042 2210 5097 intricant
2237 5062 2248 5095 :
2275 5053 2330 5097 et

740 5103 856 5180 huc
874 5112 1119 5180 spectare
1145 5103 1307 5180 etiam
1339 5105 1551 5180 videtur
1575 5108 1819 5177 gaudium
1839 5111 2171 5180 creditorum,
2207 5129 2295 5167 mo
2311 5146 2325 5155 -

742 5175 1026 5246 testisillis
1046 5176 1191 5230 tricis
1220 5175 1612 5246 expeditorum.

813 5253 838 5279 ι
861 5243 961 5325 Ms.
975 5243 1311 5325 AMedicaaum,
1336 5250 1566 5302 omnium
1585 5260 1901 5317 sanctorum,
1924 5253 2066 5321 quod
2077 5254 2328 5324 :equehie.

742 5323 1008 5367 congruit.

1040 5386 1211 5462 solum
1231 5389 1320 5444 hic
1343 5390 1641 5462 interserit,
1659 5404 1778 5459 quae
1791 5391 1860 5447 de
1888 5394 2146 5448 servitute
2163 5394 2328 5448 Wan-

742 5450 912 5534 dalica
945 5453 1104 5534 habet
1130 5457 1422 5534 Gregorius
1449 5462 1515 5534 in
1546 5450 1793 5534 dialogis,
1821 5470 1895 5534 et
1920 5464 2135 5531 quidem
2168 5474 2226 5518 ut
2254 5466 2320 5518 ab

750 5519 947 5605 Uranie
961 5524 1158 5605 scripta
1178 5545 1189 5578 :
1211 5519 1357 5605 quod
1373 5519 2319 5605 Possivinumviu'Appa'ratudecepit;

742 5609 864 5680 cum
896 5594 1008 5664 ipse
1034 5592 1325 5680 Gregorius
1354 5599 1549 5669 alleget
1577 5602 1788 5658 auditos
1816 5592 1859 5658 a'
1883 5592 1942 5657 se.
1971 5605 2048 5657 rei
2074 5592 2323 5680 illius-te;

740 5674 853 5746 stes
881 5681 1113 5746 quorum,
1137 5674 1340 5746 inquit,
1374 5686 1453 5723 me
1492 5688 1692 5746 necesse
1720 5684 1796 5728 est
1819 5676 2184 5746 graudwvitati
2218 5684 2323 5746 tum

743 5744 881 5790 certe
913 5736 1136 5818 credere,
1169 5736 1230 5791 ac
1250 5741 1294 5818 εἰ
1321 5756 1524 5818 eaquae
1543 5744 1795 5818 dixerunt
1818 5736 1943 5818 ita;
1964 5745 2128 5800 oculis
2170 5744 2329 5799 vidis-

742 5820 850 5857 sent
883 5824 896 5861 :
928 5807 1086 5862 aliter
1113 5824 1241 5865 vero
1263 5807 1501 5878 loquitur
1536 5811 1827 5877 Gregorius
1870 5816 1937 5871 de
1979 5824 2134 5872 terra:
2177 5823 2329 5870 motu

2445 1961 2626 2014 omnia
2656 1960 2793 2013 bona
2822 1960 2874 2013 in
2894 1975 2955 2013 se
2979 1958 3189 2026 habuit,
3218 1958 3344 2027 quia
3374 1956 3652 2011 Christum
3680 1956 3898 2010 amavit:
3922 1956 3994 2009 ha-

2443 2051 2560 2105 buit
2573 2051 2714 2105 enim
2739 2048 2895 2104 ﬁdem
2906 2093 2921 2118 ,
2938 2049 3428 2116 mansuetudinem,
3443 2062 3633 2102 curam
3648 2048 3988 2117 proximorum:

2437 2142 2618 2212 jugem
2648 2159 2746 2212 pro
2775 2142 2985 2196 miseris
3011 2140 3451 2207 sollicitudinem,
3479 2139 3894 2210 compassionetu
3911 2152 3987 2205 pro

2444 2235 2702 2302 inﬁrmis;
2734 2236 2864 2289 nihil
2894 2234 3037 2289 aliud
3067 2236 3360 2305 respiciens
3386 2233 3488 2288 nisi
3516 2247 3713 2303 pacem
3741 2240 3793 2285 et
3829 2232 3989 2285 carita-

2444 2339 2549 2384 tem
2585 2346 2602 2384 .
2632 2329 2778 2383 solus
2806 2342 3039 2398 namque
3050 2327 3404 2392 mendicabat,
3436 2334 3497 2379 ut
3515 2325 3768 2380 omnibus
3793 2322 3990 2378 abunde.

2443 2429 2545 2477 ret.
2577 2420 2816 2489 Denique
2843 2420 2963 2489 quis
2993 2418 3143 2473 locus
3189 2425 3271 2472 est
3324 2416 3379 2472 in
3423 2416 3575 2473 orbe
3603 2413 3868 2483 terrarum,
3892 2430 3988 2483 qua

2444 2508 2696 2575 solitudo,
2719 2525 2838 2580 qua:
2884 2510 3049 2563 maria
3072 2551 3088 2577 ,
3117 2524 3235 2579 quae
3280 2506 3338 2563 S.
3386 2504 3602 2562 Paulini
3639 2505 3876 2563 beneﬁcia
3898 2520 3986 2559 non

2442 2605 2767 2659 senserunt?
2795 2601 2994 2657 Omnes
3020 2619 3142 2657 eum
3172 2615 3465 2670 agnoscere
3492 2601 3806 2672 cupiebant,
3831 2613 3986 2654 omnes

2445 2695 2627 2750 videre
2652 2694 3047 2750 desiderabant.
3090 2693 3221 2760 Quis
3249 2693 3315 2747 ad
3348 2693 3493 2751 illum
3539 2708 3648 2755 non
3692 2693 3825 2746 laetus
3849 2690 3987 2744 adve-

2446 2791 2563 2844 nit?
2611 2797 2703 2844 aut
2730 2789 2851 2858 quis
2895 2789 2961 2841 ab
3002 2787 3092 2842 illo
3141 2803 3247 2842 non
3287 2786 3687 2842 desideraturus
3726 2784 3982 2840 abscessit?

2446 2882 2576 2937 Nam
2607 2882 2699 2950 qui
2728 2895 2956 2950 corpore
2993 2895 3115 2935 eum
3146 2878 3330 2934 videre
3358 2894 3467 2933 non
3515 2887 3789 2948 poterant,
3820 2864 3983 2931 saltem

2445 2977 2561 3047 ejus
2581 2976 2837 3046 epistolas
2855 2976 3165 3042 contingere
3194 2972 3507 3042 cupiebant.
3527 2970 3659 3027 Erat
3683 2970 3812 3027 enim
3837 2969 3981 3023 suavis

2446 3081 2500 3127 et
2530 3070 2755 3125 blandus
2777 3070 2828 3123 in
2842 3068 3054 3129 litteris,
3072 3066 3243 3121 dulcis
3258 3072 3314 3120 et
3338 3066 3475 3120 bene
3495 3067 3674 3120 suavis
3691 3066 3742 3119 in
3760 3062 3979 3118 versibus.

2446 3162 2580 3230 Quid
2602 3160 2789 3231 plura?
2818 3159 2918 3213 Vix
2949 3172 3280 3229 quaecunque
3310 3156 3376 3210 de
3398 3158 3491 3211 illo
3519 3156 3776 3222 dicuntur,
3798 3153 3978 3208 admit-

2363 3227 2414 3292 α
2446 3227 2583 3310 teret
2603 3227 2892 3308 credulitas
2920 3227 3063 3317 ﬁdei,
3087 3249 3185 3304 nisi
3210 3248 3581 3318 propellerent
3597 3262 3688 3302 sua
3706 3245 3826 3299 facta
3851 3259 3980 3297 ineu-

2443 3346 2676 3401 dacium.
2710 3343 3010 3397 Taceamus
3037 3336 3251 3407 generis
3282 3336 3980 3408 nobilitatem,paternisma-

2441 3437 2717 3505 ternisque
2747 3435 3016 3488 natalibus
3062 3434 3113 3486 in
3160 3442 3471 3487 senatorum
3499 3445 3749 3503 purpuras
3786 3427 3962 3483 adtuira

2440 3530 2624 3584 biliter
2653 3528 2963 3583 rutilantem
2990 3547 3002 3579 :
3027 3518 3289 3596 praeterea
3309 3534 3363 3580 et
3383 3526 3676 3597 opulentias
3688 3522 3981 3584 divitiarum,

2441 3636 2577 3693 quas
2608 3627 2830 3691 propter
2850 3607 3018 3675 Deum
3050 3618 3375 3693 pauperibus
3393 3618 3638 3687 erogavit.
3661 3613 3802 3669 Nune
3825 3612 3981 3666 venia-

2439 3692 2558 3769 mus
2587 3713 2653 3768 ad
2681 3728 2743 3767 ea
2765 3704 2807 3751 δ
2834 3725 2955 3781 quae
2980 3711 3048 3767 de
3078 3692 3369 3779 obitu'ejus
3393 3711 3567 3765 dicere
3590 3719 3919 3777 ceperamus.

2513 3803 2597 3858 10.
2640 3804 2805 3871 Igitur
2832 3790 2953 3858 cum
2982 3809 3201 3857 sanctus
3229 3799 3475 3856 Paulinus
3497 3798 3714 3853 debitum
3740 3796 3845 3848 Deo
3879 3795 3981 3863 spi-

2439 3900 2600 3952 ritum
2648 3887 2990 3961 reddidisset,
3039 3896 3114 3949 ita
3162 3896 3319 3950 niveo
3357 3892 3581 3949 candore
3602 3889 3771 3944 vultus
3795 3888 3907 3958 ejus
3931 3897 3981 3944 et

2439 4004 2601 4044 omne
2628 4003 2825 4058 corpus
2856 3986 3106 4042 affectum
3154 3994 3258 4054 est,
3278 3994 3346 4040 -ut
3379 3998 3564 4039 omnes
3583 3981 3716 4036 inter
3741 3979 3982 4046 singultus

2438 4088 2493 4135 et
2519 4081 2786 4150 lacrymas
2812 4077 3196 4133 benedicerent
3232 4076 3517 4132 Dominum
3558 4073 3715 4128 Deum
3743 4080 3980 4133 nostrum,

2437 4172 2528 4243 qui
2556 4171 2735 4227 educit
2763 4180 2978 4225 sanctos
3005 4186 3135 4225 Situs
3163 4170 3216 4223 in
3242 4166 3653 4236 magnificentia,
3681 4174 3738 4218 ut
3763 4159 3979 4218 ostendat

2437 4250 2609 4320 servis
2629 4263 2739 4317 suis
2768 4262 2893 4332 quia
2915 4262 3030 4318 haec
3058 4270 3140 4317 est
3166 4261 3337 4330 gloria
3356 4259 3608 4316 omnibus
3634 4254 3819 4312 sanctis
3843 4252 3940 4306 suis
3967 4269 3978 4303 :

2438 4363 2495 4411 et
2525 4355 2649 4410 ideo
2676 4354 2923 4409 laudetur
2961 4354 3013 4407 in
3047 4352 3156 4407 Deo
3200 4352 3380 4405 anima
3429 4350 3548 4420 ejus
3570 4392 3585 4417 ,
3618 4356 3672 4403 et
3712 4344 3979 4401 revelantur

2438 4464 2601 4519 opera
2625 4447 2742 4516 ejus
2772 4448 2824 4501 in
2855 4445 3105 4500 omnibus
3127 4443 3441 4498 timentibus
3468 4441 3658 4505 Deum,
3677 4438 3792 4508 quia
3809 4446 3979 4490 concu-

2435 4506 2570 4612 pivit
2599 4506 2945 4594 in-mandatis
2972 4535 3065 4589 Dei
3087 4535 3203 4598 sui,
3228 4543 3283 4588 et
3304 4532 3573 4588 intellexit
3612 4506 3766 4601 super
3789 4537 3978 4594 egenum
4046 4599 4057 4614 ο

2439 4643 2497 4690 et
2512 4647 2825 4704 pauperem,
2850 4638 2909 4686 ut
2935 4637 3128 4700 potens
3157 4636 3301 4683 esset
3331 4628 3386 4683 in
3415 4635 3563 4682 terra
3594 4639 3771 4681 semen
3795 4620 3909 4689 ejus,
3933 4623 3978 4669 el

2433 4725 2639 4796 justitia
2670 4726 2785 4793 ejus
2806 4731 3049 4777 maneret
3086 4722 3137 4775 in
3167 4720 3421 4777 saeculum
3442 4719 3645 4774 saeculi.

2518 4818 2599 4873 ll.
2633 4817 3014 4872 Verumtamen
3042 4822 3097 4869 et
3124 4815 3226 4868 hoc
3276 4811 3423 4868 quod
3446 4810 3515 4865 ad
3555 4810 3803 4865 meritum
3837 4799 3979 4856 sancti

2441 5059 2553 5113 quo
2582 5042 2885 5113 cubiculum
2916 5039 3156 5113 tremuit,
3183 5040 3248 5091 de
3286 5038 3465 5108 cujus,
3496 5037 3694 5113 inqui}.
3720 5033 3859 5113 9'55"”
3875 5024 3980 5113 οξίξῗ

2439 5094 2702 5183 magis
2718 5094 2989 5183 ecclesiam
3010 5094 3256 5178 scriptum
3273 5094 3371 5183 est:
3403 5094 3602 5183 nempe
3723 5102 3802 5183 vel
3828 5094 3979 5183 exhinc:

2410 5175 2415 5179 υ
2440 5161 3174 5252 iraa}:‘apigiaafxp'aa.
3192 5161 3594 5252 suasisse;
3623 5161 3829 5252 αιευηαε
3853 5161 3979 5252 pallui

2437 5235 2618 5313 hiulca
2643 5235 2910 5307 ednnexio
2932 5235 3057 5305 dum
3100 5249 3298 5304 dicitur
3322 5267 3334 5301 :
3362 5245 3519 5303 Nunc
3562 5248 3823 5302 veniamus
3847 5235 3904 5291 ad
3935 5246 3980 5285 ιε

2435 5340 2548 5397 (μιαν
2577 5334 2721 5397 geste
2769 5333 2906 5397 sunt.
2960 5320 3095 5374 Dum
3124 5320 3443 5397 sariendam
3470 5316 3979 5397 Wandalorumr'lgﬂ:
4008 5316 4015 5363 ἱ
4116 5326 4117 5385 ]

2434 5377 2723 5465 parciljbi
2743 5393 2786 5447 si
2829 5408 2925 5465 pro
2970 5399 3167 5460 puncto
3195 5389 3512 5465 _substituas
3560 5401 3788 5465 comma,
3818 5377 3977 5465 τείηὲ

2428 5446 2685 5533 periodus
2702 5446 3024 5533 imperfecta
3071 5459 3347 5533 pendebit,
3384 5467 3448 5533 et
3474 5459 3631 5530 quasi
3680 5446 3783 5512 suo
3819 5446 3977 5533 catt?!

2427 5523 2627 5602 capite.
2699 5523 2876 5586 Finito
2935 5523 3115 5602 autem
3171 5523 3622 5602 interpolamenta
3686 5523 3977 5602 resumlln‘lﬁ

2430 5591 2546 5682 hic_
2577 5604 2827 5682 intercisa
2882 5601 3043 5655 verba
3064 5642 3078 5666 ,
3110 5591 3433 5682 _repetendo
3452 5671 3465 5682 ι
3487 5600 3669 5682 priora
3714 5616 3727 5651 :
3761 5591 3976 5682 frti

2431 5675 2699 5728 veniamus
2730 5673 2799 5726 ad
2825 5689 2919 5736 ea;
2953 5683 3009 5726 et
3046 5664 3422 5739 subju'ngendo
3450 5664 3534 5725 his
3582 5664 3879 5723 immediate
3913 5667 3975 5710 δι’

2424 5745 2646 5818 quentia
2666 5784 2681 5811 ,
2716 5760 2831 5819 qua:
2857 5745 2920 5801 de
2961 5743 3101 5798 obitu
3130 5743 3241 5813 ejus
3269 5741 3441 5796 dicere
3465 5742 3859 5815 increpantem
