4244 6254
341 342 446 400 395

1729 327 2174 400 EUSTATHIUS.

3412 318 3621 383 ’866

343 453 549 509 Paulini
572 444 1115 523 pertinet,veneratio
1138 455 1230 504 tua
1258 447 1420 503 debet
1440 459 1751 516 agnoscere,
1774 447 1919 516 quod
1952 453 1992 508 Α
2024 445 2090 501 ad
2120 443 2407 503 ecclesiam
2435 443 2589 499 laetus
2616 444 2901 515 processit,
2934 450 2989 496 et
3016 454 3242 497 ascenso
3270 436 3519 493 tribunali
3552 453 3618 496 ex

340 546 504 599 etiam
526 554 746 600 sanctus
768 543 1004 597 Joannes
1025 554 1048 576 ι·
1066 540 1432 610 Neapolitanum
1453 540 1599 594 urbis
1619 540 1927 609 episcopus,

343 651 373 688 a
405 636 608 689 domno
640 633 863 689 Paulino
896 633 964 687 de
993 633 1092 686 hac
1109 631 1219 685 vita
1249 630 1315 685 ad
1344 627 1615 684 Christum
1644 630 1935 685 accersitus

344 732 511 794 atque
537 736 794 782 evocatus
838 723 1162 793 agnoscitur.
1196 721 1330 777 Nam
1358 728 1485 776 ante
1521 720 1662 776 diem
1713 720 1931 775 tertium

344 830 508 884 quam
538 815 606 871 de
634 816 738 870 hoc
767 814 966 869 mundo
1011 821 1228 870 sanctus
1254 811 1489 867 Joannes
1537 811 1604 866 ad
1648 812 1934 867 Dominum

344 905 625 974 migraret,
673 906 856 961 retulit
882 920 942 959 se
982 903 1180 959 vidisse
1218 911 1465 959 sanctum
1504 902 1808 970 Paulinum,
1838 918 1937 956 an-

343 998 515 1065 gelica
560 997 820 1068 dignitate
864 998 1114 1052 vestitum
1153 1005 1317 1065 atque
1364 1005 1616 1052 ornatum
1646 1004 1816 1052 totum
1848 996 1932 1050 ni-

252 1138 255 1139 .
341 1104 529 1154 veum,
558 1097 730 1145 totum
759 1075 1050 1158 sidereum,
1092 1097 1254 1159 atque
1282 1089 1453 1144 odore
1482 1089 1753 1145 ambrosio
1791 1090 1935 1145 reni-

344 1180 564 1237 dentem
599 1199 612 1235 :
644 1180 819 1236 favum
835 1182 1002 1236 etiam
1028 1180 1467 1261 candidissimum
1496 1180 1670 1234 mellis
1687 1180 1740 1234 in
1771 1196 1935 1235 manu

284 1254 311 1269 ”
344 1277 623 1325 tenentem
646 1286 710 1327 ac
727 1271 999 1327 dicentem
1028 1271 1156 1326 sibi:
1176 1268 1363 1325 Frater
1383 1254 1650 1337 Joannes,
1703 1270 1829 1339 quid
1849 1266 1936 1326 hic

340 1360 513 1416 facis?
538 1361 701 1417 Solve
729 1363 941 1417 vincula
969 1361 1506 1428 taediorum‘tuorum,
1531 1369 1586 1416 et
1599 1362 1712 1429 jam
1741 1360 1808 1415 ad
1836 1376 1937 1417 nos

340 1452 466 1507 veni
501 1471 513 1507 :
546 1452 662 1508 haec
684 1454 827 1508 enim
856 1469 977 1510 esca
1008 1469 1170 1524 quam
1200 1453 1251 1508 in
1282 1469 1441 1507 manu
1464 1460 1646 1520 teneo,
1676 1452 1816 1523 apud
1837 1466 1937 1507 nos

339 1545 475 1600 satis
503 1544 759 1600 abundat.
794 1544 862 1599 Et
901 1561 1022 1600 cum
1069 1546 1182 1601 hmo
1218 1546 1462 1613 dixisset,
1502 1546 1815 1616 complexus
1853 1552 1938 1600 est

340 1652 487 1701 eum,
528 1645 586 1692 et
616 1638 834 1694 immisit
862 1639 918 1693 in
957 1639 1156 1709 osejus
1193 1647 1400 1710 partem
1434 1636 1547 1693 favi
1578 1640 1719 1694 illius
1746 1657 1757 1689 :
1783 1639 1938 1709 cujus

339 1730 681 1803 dulcedinem
711 1738 874 1799 atque
910 1733 1132 1786 olorem
1180 1732 1254 1786 ita
1295 1740 1511 1787 sanctus
1538 1730 1774 1786 Joannes
1801 1747 1933 1786 con-

2035 553 2188 592 more
2228 537 2483 607 populum
2532 537 2819 591 salutavit:
2854 546 3281 603 resalutatusque
3330 548 3358 585 a
3393 532 3613 601 populo,

2035 630 2337 682 orationem
2367 627 2512 681 dedit
2543 644 2556 680 :
2587 636 2642 681 et
2669 627 2893 681 collecta
2921 625 2945 663 δ
2976 625 3222 680 oratione
3251 623 3493 693 spiritum
3522 637 3618 675 ex-

2033 717 2257 772 halavit.
2288 715 2361 771 Ea
2385 725 2564 771 tamen
2585 721 2743 771 nocte
2766 718 2817 770 in
2839 715 3069 771 ecclesia
3092 714 3365 784 vigilatum
3392 720 3494 767 est.
3514 709 3617 765 Po-

2034 817 2178 864 stera
2208 817 2387 864 autem
2418 808 2524 873 die,
2550 808 2600 862 id
2643 816 2725 862 est
2748 805 2988 874 Paschae,
3021 799 3331 863 illuminatis
3356 804 3619 873 lampadi-

2034 901 2155 965 bus,
2179 915 2298 955 cum
2323 900 2523 968 ingenti
2552 900 2943 970 neopbytormn
2978 909 2999 937 ο
3025 913 3242 969 pompa,
3260 904 3621 967 prosequente

2035 992 2197 1048 etiam
2227 990 2568 1046 multitudine
2596 990 2952 1061 populorum,
2996 1005 3165 1058 usque
3193 989 3258 1042 ad
3289 987 3621 1058 sepulcrum,

2034 1082 2321 1149 gloriosam
2389 1089 2550 1151 atque
2612 1079 2934 1135 laudabilem
3000 1078 3331 1149 sepulturam
3388 1078 3621 1148 adeptus

2035 1182 2137 1229 est.

2109 1267 2195 1323 l2.
2228 1269 2353 1325 Haec
2393 1269 2515 1325 ideo
2545 1269 2573 1306 ά
2604 1267 3025 1325 commemoravi
3066 1266 3329 1322 nobilitati
3384 1274 3522 1334 tum,
3562 1272 3620 1320 ut

2035 1361 2196 1416 etiam
2253 1362 2343 1417 hic
2379 1362 2627 1417 meritum
2677 1361 2735 1421 S.
2788 1360 2995 1415 Paulini
3036 1372 3356 1428 agnosceres
3399 1376 3411 1411 :
3453 1357 3622 1411 habes

2036 1453 2179 1507 enim
2202 1453 2480 1508 materiam
2510 1452 2745 1521 dicendi,
2775 1453 2819 1507 si
2847 1461 3031 1507 tamen
3052 1469 3161 1506 non
3183 1452 3322 1505 desit
3349 1449 3483 1505 lides
3499 1465 3622 1505 cre-

2037 1544 2218 1600 dendi.
2265 1543 2331 1599 Et
2368 1545 2492 1600 ideo
2535 1560 2718 1615 quaeso
2773 1544 3107 1598 nobilitatem
3158 1553 3334 1606 tuam,
3364 1551 3455 1605 ut,
3486 1542 3622 1596 sicut

2036 1640 2352 1711 promittere
2379 1638 2627 1706 dignatus
2662 1652 2740 1701 es,
2766 1636 3010 1707 praeclari
3038 1636 3218 1705 operis
3242 1650 3436 1689 munus
3462 1648 3623 1688 acce-

2035 1734 2208 1788 lerare
2236 1732 2501 1801 digneris;
2547 1738 2937 1786 consecuturus
2965 1729 3182 1798 praemia
3228 1726 3396 1782 laudis
3425 1734 3479 1781 et
3508 1727 3622 1795 gio~

338 1822 557 1892 cupisse
583 1837 643 1877 se
669 1821 825 1887 dixit,
852 1831 910 1877 ut
922 1824 968 1878 si
986 1824 1089 1879 sibi
1106 1824 1158 1879 in
1189 1825 1306 1895 ipsa
1334 1824 1668 1878 revelatione
1693 1831 1932 1894 potestas
1964 1824 2006 1882 Β
2034 1827 2147 1890 τίω,
2172 1826 2215 1880 si
2239 1826 2404 1880 vitam
2434 1824 2606 1878 sancti
2636 1822 2755 1887 viri,
2801 1821 3032 1891 posteris
3062 1819 3424 1891 profuturam,
3454 1817 3625 1877 versi:

339 1911 550 1977 fuisset,
599 1912 668 1967 ab
694 1911 812 1981 ejus
839 1914 1080 1983 vestigiis
1107 1914 1255 1969 nullo
1280 1906 1443 1969 modo
1486 1915 1816 1971 recessisset.
1859 1912 1929 1968 Et

339 2011 523 2062 tamen
550 2020 659 2060 non
686 2005 779 2061 diu
807 2006 1163 2084 dissimulavit
1187 2025 1200 2060 :
1232 2023 1355 2062 nam
1376 2007 1685 2062 excitatusa
1715 2022 1925 2071 somno,

337 2097 532 2153 eadem
560 2094 665 2163 die,
699 2099 750 2153 id
779 2106 881 2164 est,
913 2100 1101 2157 auinta
1127 2100 1278 2163 feria,
1306 2100 1459 2169 juxta
1484 2099 1929 2156 consuetudinem

341 2203 495 2243 suam
550 2204 903 2244 remunerans
955 2205 1144 2245 omnes
1189 2191 1418 2246 clericos
1456 2199 1617 2260 atque
1646 2207 1929 2263 pauperes,

339 2294 506 2336 unus
531 2280 850 2337 dominicam
879 2298 1089 2338 caenam
1108 2283 1403 2339 celebravit
1431 2303 1444 2336 :
1468 2276 1619 2340 sexta
1641 2301 1769 2341 vero
1800 2285 1930 2340 feria

341 2370 573 2427 orationi
601 2372 830 2439 vacavit,
859 2374 1086 2428 sabbato
1131 2382 1336 2441 autem,
1381 2376 1613 2430 secunda
1642 2376 1773 2431 hora
1802 2376 1928 2441 diei,

410 2535 436 2563 ⁸
464 2523 780 2598 Cbiﬂletius
808 2542 928 2598 cap.
961 2525 1032 2598 βο
1075 2526 1317 2595 pluribus
1344 2525 1638 2598 disputans,
1686 2530 1922 2586 ostendit

337 2594 535 2663 Joqnni
580 2612 685 2651 non
715 2595 804 2662 IV,
835 2594 934 2651 sed
961 2595 983 2650 l
1018 2594 1130 2652 huic
1157 2594 1468 2661 convenire,
1512 2607 1701 2654 centra
1731 2614 1923 2657 recen-

339 2665 814 2738 tioresquosdam,
842 2666 954 2738 bzec
977 2666 1298 2736 interpolata
1320 2682 1440 2723 esse
1468 2676 1771 2730 censentes.
1796 2671 1922 2738 quia

339 2733 525 2808 Uranii
544 2733 770 2808 epistola
793 2738 844 2808 i_n
868 2736 1075 2803 aliquot
1096 2733 1470 2808 vetustissimis
1498 2754 1626 2795 mss.
1658 2733 1925 2808 reperitur

337 2806 542 2877 absque
561 2803 665 2877 bac
693 2803 984 2877 delatione
1007 2807 1315 2877 narratione
1374 2822 1478 2877 qua
1508 2815 1564 2863 et
1586 2824 1669 2862 am
1691 2803 1927 2866 abstinet

337 2820 542 2929 angue
564 2820 665 2861 nac
693 2820 763 2859 ae
781 2820 984 2861 Joanne
1007 2820 1315 2862 narratione
1374 2822 1478 2877 qua
1508 2820 1564 2863 et
1586 2824 1669 2862 am
1691 2820 1923 2866 abstinet

336 2874 398 2929 S.
471 2875 712 2943 regorius
726 2874 1083 2943 Turonensis,
1113 2876 1223 2932 fere
1242 2877 1506 2931 verbatim
1546 2877 1804 2934 Uraninm
1828 2879 1923 2935 de-

338 2942 605 3019 scribens.
631 2942 740 3019 sed
784 2952 849 3019 ut
874 2942 1387 3019 potueritLepistola
1424 2950 1539 3019 bsec
1588 2950 1920 3019 interpolari,

417 3013 592 3090 tuitue
618 3014 780 3069 etiam
825 3011 1065 3090 Joannes
1101 3011 1385 3090 Diaconus,
1411 3018 1503 3088 qui
1533 3011 1924 3090 episcoporum

457 3084 819 3153 politanorum
867 3083 1170 3140 Cbronicoo
1215 3083 1477 3143 conclusit
1530 3083 1596 3142 in'
1632 3083 1926 3144 Athanasio

339 3152 580 3229 Janiore,
635 3153 858 3229 Joannis
886 3154 950 3208 IV
1001 3170 1333 3229 successore,
1373 3159 1515 3229 'buic
1544 3159 1719 3229 (cujus
1758 3156 1937 3213 vitam'

339 3223 549 3301 prolige
596 3224 868 3301 «rescribit,
889 3226 1067 3301 qualis
1091 3242 1140 3301 _a
1190 3223 1343 3301 nobis
1371 3227 1497 3283 data
1527 3223 1664 3301 est}
1706 3228 1922 3301 Aprilis)

340 3292 633 3366 detrahere,
654 3303 762 3366 tam
798 3292 1064 3366 insignem
1090 3297 1297 3352 laudem
1325 3306 1382 3353 et
1426 3300 1696 3355 ascribere
1719 3292 1922 3366 primo';

340 3377 440 3459 nec
470 3362 992 3459 inﬁepistol‘aqlli-auii
1026 3362 1924 3459 recentissimumliiiterpolamen-
1955 3400 1998 3459 ε
2031 3372 2228 3453 quarti,
2262 3370 2415 3459 cuius
2466 3368 2646 3422 notior
2674 3362 2791 3421 erat

342 3441 454 3510 tum
480 3434 811 3510 agngscere?
832 3433 980 3510 Vixit
998 3444 1177 3510 autem
1203 3435 1437 3510 Joannes
1462 3437 1532 3510 _|V
1555 3433 1723 3510 usque
1744 3438 1814 3492 ad
1835 3456 1924 3493 an.

341 3500 482 3575 ξῦὅη
498 3500 555 3558 et
574 3502 841 3561 Diaconus
860 3506 959 3557 sub
980 3504 1184 3575 exitum
1212 3507 1394 3560 saeculi
1423 3500 1665 3575 ejusdem
1689 3510 1924 3575 scripsit.

343 3526 466 3565 000,
498 3526 555 3558 Cl
574 3526 841 3561 UlaCUIIIIS
860 3526 959 3557 SUU
980 3526 1184 3559 θιιιυιιι
1212 3526 1394 3560 δωευιι
1423 3526 1665 3575 ejusaem
1689 3526 1793 3565 SCI‘I
1835 3526 1924 3563 8η.

343 3570 486 3653 Fieri
514 3581 914 3696 tamen‘potest,
949 3570 1278 3652 ut.Uranius
1308 3577 1490 3646 (quem
1528 3591 1670 3645 aagre
1688 3526 1928 3634 credide-

344 3656 445 3696 rim
460 3652 670 3696 mortuo
736 3643 918 3696 culina
938 3640 1284 3696 admtetzrunt
1302 3660 1500 3696 annum
1524 3646 1668 3696 Nola:
1689 3648 1925 3696 hmsisse.

344 3642 445 3696 rim
460 3652 670 3699 mortuo
687 3642 918 3697 Paulino
938 3642 1284 3711 adintegrum
1302 3642 1500 3699 annum
1524 3642 1668 3701 Nola:
1689 3648 1925 3711 haesisse,

344 3720 403 3785 ut
422 3711 538 3769 haec
563 3721 685 3783 post
713 3714 838 3767 anui
882 3712 1112 3785 proximi
1140 3711 1344 3785 Pascha
1374 3715 1443 3768 ibi
1473 3717 1777 3785 scriberet),
1813 3718 1927 3773 lii-ri

342 3780 780 3851 inquam-potest.
815 3780 1133 3837 ut’Uranius
1163 3782 1369 3853 pridem
1416 3786 1627 3853 scriptae
1656 3795 1709 3841 et
1738 3780 1805 3843 ad
1833 3787 1931 3841 Pa-

343 3860 521 3925 catum
552 3852 1024 3925 missm’epistglm,
1045 3853 1148 3925 hoc
1168 3852 1242 3909 de
1262 3853 1471 3910 Joanne
1500 3865 1687 3925 postea
1709 3858 1931 3914 a‘ddide—

341 3922 414 3975 rit
433 3936 554 3976 cum
576 3921 874 3991 eiireverso
888 3921 1238 3991 Burdegalam
1260 3940 1326 3978 ex
1350 3921 1514 3979 ltalia'
1527 3928 1767 3982 nuntiata
1790 3936 1933 3984 esset

344 4005 437 4044 res
466 4000 584 4047 acta
609 3990 860 4066 ljeapoli,
883 4008 990 4046 non
1037 3992 1162 4066 dico
1192 3996 1435 4066 sequenti
1472 4005 1593 4066 post
1637 3997 1931 4053 discessum

346 4076 512 4141 anno,
544 4052 641 4114 sed
663 4052 1022 4141 posteriorum
1070 4052 1283 4141 aliquo:
1325 4052 1501 4141 Atque
1542 4068 1666 4124 hinc
1711 4052 1828 4141 orta
1858 4070 1930 4141 sit

345 4129 436 4184 illa
468 4129 886 4204 exemplarium,_
901 4147 931 4185 a
950 4129 1284 4204 Cioccarello
1305 4129 1679 4204 allegatorum,
1700 4139 1930 4193 diversi-

345 4207 448 4269 tas.
471 4197 640 4265 Quod
655 4208 833 4259 autem
860 4199 1095 4258 Joannes
1119 4215 1131 4248 ι
1160 4197 1491 4269 imeliarcba,
1524 4209 1577 4261 in
1608 4197 1775 4262 altera
1802 4209 1930 4263 dicti

344 4267 567 4323 Joannis
595 4268 678 4323 ιν»
698 4270 825 4332 vita.
856 4273 1007 4339 quasi
1056 4273 1273 4328 Diac0ni
1306 4267 1545 4329 errorem
1588 4273 1931 4333 correcturus

347 4339 633 4408 applicavit
661 4341 711 4395 ei
749 4342 1138 4410 apparitionem
1171 4342 1404 4403 Paulini,
1440 4360 1546 4397 non
1576 4347 1800 4401 multum
1832 4364 1932 4401 uos

346 4418 668 4483 commovet,
699 4411 824 4483 quia
872 4412 1237 4483 tiimeliarcha
1275 4414 1380 4483 iste
1406 4414 1619 4482 scripsit
1647 4431 1735 4469 an.
1772 4415 1929 4483 1562,

347 4477 591 4551 adeoque
618 4477 803 4551 multo
820 4481 1044 4536 minoris
1070 4492 1152 4539 est
1174 4482 1316 4537 lidei.
1350 4477 1587 4538 Dixerim
1608 4499 1736 4551 ergo
1766 4477 1934 4539 JoanL

346 4562 464 4622 nem
493 4549 541 4612 1,
573 4549 665 4622 qui
711 4550 993 4606 defunctus
1040 4552 1095 4606 in
1135 4552 1374 4607 Sabbato
1418 4563 1625 4616 sancto,
1654 4549 1933 4622 depositus

344 4619 458 4693 sive
483 4619 723 4687 sepultus
745 4627 998 4693 tanquam
1033 4632 1255 4693 sanctus,
1289 4623 1388 4677 fuit
1428 4623 1544 4693 ipso
1572 4625 1661 4678 die
1692 4619 1927 4692 Pascbze,

346 4687 543 4742 colitur
559 4699 748 4764 autem
773 4690 813 4764 l_
832 4687 1060 4764 Aprilis,
1086 4708 1193 4745 non
1212 4692 1411 4764 obiisse
1425 4687 1511 4747 a'n.
1538 4693 1661 4757 452,
1683 4687 1930 4764 proximo

736 3643 918 3697 culina
938 3640 1100 3696 adint

346 4766 466 4824 post
520 4759 728 4814 obitum
770 4758 1006 4825 Paulini,
1043 4767 1104 4814 ut
1152 4762 1350 4831 passim
1409 4758 1705 4834 scriptores
1748 4766 1937 4821 volunt
1966 4761 2020 4821 D

2032 1916 2134 1970 bus
2163 1915 2532 1970 illustraveris.
2582 1910 2801 1967 Utinam
2823 1920 3112 1979 antequam
3154 1908 3490 1979 proﬁciscar,
3523 1907 3622 1960 bu-

2029 2004 2118 2073 jus
2147 2004 2328 2075 operis
2358 2003 2588 2058 lectione
2609 2001 2825 2070 dignum
2857 2015 2943 2069 me
2963 1998 3137 2055 facias
3158 2018 3170 2052 :
3195 1999 3319 2068 quia
3348 1999 3392 2053 si
3411 1997 3621 2052 Christo

2032 2096 2317 2168 placuerit,
2350 2097 2610 2152 continuo
2632 2095 2886 2163 navigare
2905 2094 3156 2164 dispono.
3186 2091 3329 2146 Obiit
3354 2092 3412 2147 S.
3442 2090 3622 2146 Pauli-

2034 2205 2135 2244 nus
2162 2189 2449 2258 episcopus
2468 2186 2680 2242 decimo
2707 2185 2960 2241 calendas
2986 2183 3133 2251 Julii,
3160 2183 3325 2239 Basso
3355 2189 3410 2237 et
3435 2183 3622 2236 Antio-

2036 2281 2142 2337 cho
2171 2280 2282 2335 νγ.
2316 2279 2424 2336 CC.
2456 2279 2767 2336 consulibus
2798 2288 2843 2332 ι’.

2025 2530 2329 2601 (ἱειθρῃίηιί
2347 2544 2527 2601 _an_n_us
2556 2527 2742 2601 habuit
2771 2524 2971 2601 Pascha
3046 2524 3620 2601 Aprilis),‘sed‘poti_us

2025 2594 2115 2657 an.
2144 2599 2267 2663 410,
2302 2599 2361 2653 5i
2418 2597 2626 2661 Martii,
2678 2612 2822 2667 quan
2844 2598 2897 2667 lo_
2922 2595 3256 2667 celebratum
3289 2594 3386 2650 fuit
3414 2594 3621 2667 Pascha

2030 2673 2052 2723 1
2090 2670 2308 2737 Aprilis.
2344 2668 2482 2722 unde
2514 2670 2677 2722 etiam
2697 2664 3080 2737 calendarium
3125 2681 3293 2737 unum
3308 2666 3463 2737 quod
3491 2667 3622 2737 vidit

2026 2735 2407 2807 Cioecarellu:,
2441 2739 2611 2808 ipsum
2636 2736 2900 2808 ponitAdie
2930 2735 3113 2808 ultima
3145 2735 3339 2799 Martii,
3375 2735 3496 2808 licet
3526 2736 3616 2790 alii

2030 2802 2474 2865 malui-rintdienf
2496 2802 2752 2863 solemnis
2779 2804 3047 2873 depositio
3091 2806 3134 2858 is
3163 2814 3363 2859 tenere.
3388 2802 3630 2860 Joannes

2034 2898 2163 2936 vero
2193 2879 2281 2945 iV,
2312 2894 2421 2947 quo
2470 2879 2688 2947 praecise
2716 2893 2858 2930 amo
2915 2883 2969 2928 et
2997 2875 3085 2947 die
3114 2875 3329 2935 obierit,
3384 2876 3619 2943 ignorari

2032 2943 2286 3007 existimo
2332 2943 2557 3002 tacente
2597 2948 2647 3000 id
2702 2947 2971 3003 Dracone:
3014 2943 3247 3014 ideoque
3291 2953 3622 3014 assumptum

2033 3021 2215 3087 diem,
2260 3036 2368 3087 quo
2428 3018 2801 3087 inveniebatur
2818 3014 2998 3087 fastis
3049 3015 3343 3087 ascriptus‘
3367 3016 3570 3087 primus
3604 3033 3620 3077 ;

2034 3083 2540 3160 idqne'au'ctoritate
2561 3086 2783 3141 Joanni~
2804 3084 3194 3160 Cimeliarcbae,
3217 3083 3621 3160 eredi'voleutis

2033 3155 2161 3215 tunc
2203 3160 2469 3228 sepultum
2499 3165 2749 3228 quartum
2786 3175 2797 3207 :
2848 3155 2989 3228 unde
3031 3156 3274 3228 corrigas
3300 3170 3418 3224 qua:
3448 3157 3624 3211 minus

2031 3223 2284 3284 distincte
2305 3223 2537 3283 diximus
2552 3229 2619 3282 de
2642 3235 2871 3295 utroque
2894 3226 2914 3277 1
2938 3223 3155 3293 Aprilis.
3178 3225 3428 3295 Agnosco
3444 3234 3622 3280 autem

2028 3300 2388 3359 vetustiorem
2437 3298 2640 3353 cultum
2682 3294 2838 3366 primi
2863 3295 3232 3366 oblitteratum
3261 3294 3427 3366 fuisse
3475 3298 3622 3351 cultu

2858 3381 2982 3419 uam
3027 3365 3184 3437 primi
3219 3365 3327 3437 vita
3344 3406 3371 3437 ,_
3393 3366 3624 3437 ideoque

2034 3432 2195 3495 etiam
2219 3432 2480 3495 celi-[irim
2513 3453 2739 3494 nomen;
2768 3432 2861 3491 sed
2889 3432 3048 3489 aztate
3069 3432 3439 3490 Cimeliarchze
3466 3432 3623 3491 fuerit

2037 3509 2601 3592 institutan'eneratio
2658 3521 2835 3561 annua
2878 3505 3077 3574 quarti,
3130 3514 3184 3558 et
3234 3506 3448 3573 quidem
3499 3520 3620 3559 cum

2032 3582 2345 3650 prtejudicio
2375 3582 2550 3645 primi.

2102 3650 2129 3688 ι’
2154 3650 2458 3704 Orationem
2483 3646 2722 3717 colligere
2773 3646 2835 3709 is,
2869 3652 3022 3717 puto,
3054 3642 3249 3717 di_citu_r
3264 3644 3367 3717 qui_
3379 3644 3619 3717 pluribus

2033 3721 2280 3791 precbus
2319 3718 2559 3791 recitatis
2603 3712 2815 3791 (leonum
2870 3712 3159 3791 subjungit,
3206 3712 3307 3767 Per
3329 3713 3617 3791 _Dominm_n

2031 3783 2287 3856 nostrum,
2311 3797 2414 3843 etc.
2449 3786 2588 3843 unde
2617 3794 2672 3839 et
2700 3784 2938 3839 Collectw
2958 3783 3373 3856 _dican_t_nr,_quia
3397 3794 3519 3852 post
3539 3786 3617 3839 al-

2034 3870 2202 3916 teram
2235 3852 2584 3928 principalem
2612 3858 2693 3928 ‘in
2723 3869 2880 3928 sacro
2910 3852 3005 3928 _sic
3044 3852 3314 3928 collectim
3343 3854 3612 3923 leguntur,

2031 3932 2131 3985 sub
2160 3920 2267 3983 uno
2290 3929 2372 3998 (ut
2392 3920 2582 3998 vulgus
2610 3922 3004 3998 loquitur)__Per
3033 3920 3328 3977 Dominum.

2108 4015 2128 4036 υ
2175 3993 2367 4053 Merito
2411 3993 2506 4052 hic
2536 3995 2728 4067 quaerit
2755 3993 3075 4059 Chiﬂletius,
3097 4008 3340 4067 quamam
3376 3994 3461 4067 illa
3494 4010 3614 4067 esse

2032 4071 2269 4145 potuerit
2300 4061 2940 4145 pompa-riwphytorum,
2964 4070 3226 4145 tempore
3254 4061 3477 4145 annuis
3508 4063 3615 4130 ιγ,

2032 4133 2251 4209 quando
2298 4133 2552 4209 Neapolis
2589 4133 3393 4209 tcta'ue‘rabLhristianissima.
3430 4150 3618 4209 .neque

2032 4203 2104 4263 ad
2152 4216 2367 4263 mtatem
2417 4203 2655 4262 adultam
2698 4203 3043 4260 dill'erebatur
3094 4203 3418 4271 baptismus,
3478 4207 3618 4259 sicut

2036 4287 2141 4334 tem
2185 4295 2281 4334 ore
2313 4287 2489 4348 primi.

2105 4346 2130 4385 ἀ
2150 4296 2278 4405 Ilaec
2290 4348 2564 4404 conclusio
2579 4362 2684 4417 non
2700 4345 2882 4417 minus
2904 4351 3029 4417 apte
3041 4343 3308 4417 legeretur
3328 4356 3450 4417 post
3465 4362 3613 4401 num.

2036 4417 2120 4479 10,
2149 4434 2319 4488 quam
2334 4426 2456 4488 post
2487 4420 2631 4488 hunc
2654 4416 2829 4488 ll,iut
2853 4413 3094 4488 velinde
3122 4413 3478 4488 verosimilius
3504 4418 3616 4483 liat,

2034 4485 2269 4541 eam—ab
2300 4485 2499 4543 Uranio
2543 4487 2630 4542 vel
2667 4486 2873 4540 Nolano
2903 4486 3083 4554 aliquo
3128 4485 3228 4556 ipsi
3276 4504 3476 4548 comvo,
3509 4494 3619 4541 sta-

2035 4556 2134 4680 till]?
2164 4568 2286 4639 post
2306 4574 2420 4613 rem
2450 4565 2656 4625 gestam
2686 4556 2757 4611 ibi
2806 4556 3034 4626 positam
3064 4573 3204 4625 esse,
3234 4575 3342 4614 non
3371 4558 3438 4613 ab
3467 4557 3620 4612 initio

2037 4641 2067 4679 a
2130 4642 2290 4680 uisse.

2037 4641 2290 4681 admisse.

2116 4706 2140 4733 ο
2169 4695 2228 4750 Id
2255 4704 2361 4765 est,
2390 4711 2532 4752 anno
2560 4697 2760 4753 Christi
2788 4697 2911 4751 451.

1638 4960 1806 5005 ANNO
1848 4960 2083 5007 DCIII"
2128 4962 2340 5006 ουσαν.

863 5103 3112 5485 EUSWIUS.
3218 5232 3241 5247 κ

1018 5572 1097 5629 Ex
1116 5571 1280 5629 Cave.

1018 5572 1097 5629 Ex
1116 5571 1280 5629 Cave.

422 5665 750 5730 Eustathius,
782 5680 941 5736 quem
984 5574 1148 5719 ginem
1185 5571 1580 5718 dignissimum
1609 5670 1765 5719 vocat
1800 5663 1934 5717 Cas-

349 5758 599 5815 siodorus
628 5758 844 5823 (Divin.
875 5758 992 5814 lect.
1023 5772 1138 5821 cap.
1170 5756 1244 5823 1),
1287 5756 1440 5823 cujus
1468 5757 1630 5812 etiam
1679 5742 1929 5813 meminit

2040 5577 2350 5645 Sigebertus
2379 5576 2493 5649 (De
2536 5576 2734 5647 Script.
2784 5596 2899 5651 cap.
2943 5577 3076 5651 21),
3117 5546 3310 5637 claruit
3348 5584 3486 5637 circa
3536 5598 3622 5639 an.

2039 5666 2160 5722 440.
2215 5668 2415 5725 Sedulii
2454 5677 2630 5738 poetae
2669 5672 2911 5741 :equalis.
2964 5672 3257 5728 Transtulit
3295 5688 3327 5727 e
3379 5688 3625 5733 sermone

2037 5755 2228 5815 Graeco
2257 5758 2314 5815 S.
2344 5758 2528 5816 Basilii
2550 5759 2802 5819 bomilias
2829 5764 2863 5818 9
2896 5765 2947 5818 in
2980 5763 3354 5820 Hexaemeron
3385 5764 3439 5820 in
3482 5763 3625 5823 Lali-
