4244 6254
644 323 741 379 871

2120 327 2476 384 EUSTATHII

3820 347 3931 403 872

643 450 833 493 revera
863 445 889 474 ἰ
917 430 1093 493 minus
1120 436 1336 493 aliunde
1365 438 1593 509 cmpisse
1624 439 1918 509 putabitur.
1951 438 2040 494 Sic
2075 450 2131 495 et
2170 450 2224 494 tu
2255 448 2301 500 Α
2327 444 2530 510 judicio
2554 444 2774 513 dignam
2820 452 3306 507 reum-nationem
3355 456 3548 522 cuique
3575 473 3671 526 pro
3699 463 3810 514 cuis
3841 465 3918 515 ra-

644 544 753 583 non
776 529 899 598 quia
927 529 980 582 in
1004 527 1293 599 semetipsa
1320 527 1560 584 feruntur
1589 545 1653 584 ea
1684 546 1805 600 qua:
1832 531 2092 586 volvenda
2121 532 2229 586 cir—

645 618 952 687 cumspicis,
994 625 1050 674 et
1094 620 1239 690 quod
1288 620 1536 690 planities
1588 636 1776 676 eorum
1829 622 1989 675 nullis
2039 622 2229 677 mediis

644 705 670 744 δ
694 707 1070 778 interponatur
1098 709 1412 779 obstaculis,
1445 712 1515 766 ob
1544 711 1652 767 hoc
1695 712 1813 766 sine
1844 713 2110 783 principio
2144 714 2230 767 vel

643 799 749 853 line
776 799 1033 854 mundum
1058 801 1246 856 haberi
1273 802 1579 872 decipiaris.
1610 802 1821 857 Transit
1847 805 1986 857 enim
2019 805 2229 859 schema

642 891 756 959 ejus
783 886 838 959 (Ι
881 887 1001 943 Cor.
1031 906 1123 956 vn,
1169 890 1288 962 '51);
1333 899 1407 956 et,
1455 892 1635 946 caelum
1673 902 1906 965 terraque
1946 894 2231 964 prmteribit

644 977 858 1052 (Matth.
888 996 1032 1044 xm,
1058 980 1151 1050 51)
1195 999 1207 1033 :
1250 981 1564 1051 praedicatio
1601 990 1780 1038 autem
1816 992 2133 1039 cunctorum
2162 984 2229 1039 de

642 1074 1107 1128 consummatione
1135 1075 1315 1129 seculi
1344 1074 1750 1141 mandatorum,
1784 1085 1841 1130 et
1876 1076 1943 1131 de
1972 1076 2229 1131 reforma-

644 1164 791 1219 tione
816 1163 1020 1231 mundi,
1046 1165 1339 1241 secundum
1368 1167 1705 1222 notationem
1736 1167 2027 1236 magisterii
2066 1168 2229 1236 spiri-

642 1253 787 1319 talis,
821 1268 887 1307 ex
919 1253 1005 1308 his
1032 1270 1152 1324 quae
1193 1255 1247 1310 in
1290 1258 1576 1326 praasentia
1622 1258 1859 1312 breviter
1883 1258 2078 1313 tradita
2107 1267 2231 1313 sunt

641 1344 962 1400 declaratur.
999 1345 1065 1399 In
1102 1349 1360 1419 principio
1390 1351 1513 1421 fecit
1553 1349 1693 1403 Deus
1721 1350 1901 1404 caelum
1930 1360 1979 1405 et
2013 1362 2223 1405 terram.

642 1437 832 1493 Omnia
857 1454 976 1508 qua:
1010 1456 1077 1494 ex
1109 1436 1351 1510 tempore
1370 1452 1670 1511 coeperunt,
1708 1459 1926 1499 necesse
1967 1453 2049 1499 est
2095 1455 2229 1499 tem-

641 1546 774 1601 pore
821 1532 1120 1585 terminari.
1172 1530 1229 1586 Si
1278 1541 1360 1587 est
1406 1534 1615 1587 initium
1659 1534 1979 1602 temporale,
2011 1534 2078 1589 de
2123 1533 2229 1589 line

646 1632 668 1659 τ
699 1635 807 1674 non
839 1619 1073 1675 dubites.
1103 1620 1447 1677 Geometrica
1477 1631 1533 1694 et
1560 1623 1899 1678 arithmetica
1924 1623 2222 1693 disciplina,

642 1712 1133 1782 commentitiaaque
1173 1713 1484 1783 scripturae,
1525 1723 1581 1768 et
1621 1715 1860 1769 fabulosa
1911 1716 2222 1784 astrologia,

2334 538 2606 593 cineribus
2641 539 2978 595 tributurum.
3014 543 3112 608 Qui
3142 562 3241 601 nec
3284 546 3473 602 futurzu
3505 553 3921 611 examinatiouis

2329 631 2546 694 intuitu,
2590 645 2882 700 congruam
2920 636 3300 702 cogitationem
3341 640 3408 692 de
3457 655 3635 696 rerum
3679 648 3919 701 omnium

2332 721 2437 779 line
2474 730 2737 792 ceperunt
2769 741 2781 776 :
2815 726 3236 792 considerantes,
3259 730 3385 797 quia
3416 732 3672 787 niundnm
3703 751 3921 807 quoque

2330 815 2612 870 reformari
2642 814 2660 853 ί
2692 831 2910 873 necesse
2939 827 3043 887 est,
3072 820 3118 874 si
3144 820 3211 874 ad
3241 822 3382 875 aliud
3412 823 3533 877 vita:
3563 827 3777 882 schema
3803 829 3921 882 ani-

2332 921 2542 961 morum
2573 916 2743 961 status
2777 896 3187 977 transferendus,
3204 920 3305 967 est.
3338 913 3491 969 Sicut
3513 917 3654 971 enim
3685 934 3923 989 praesens

2332 999 2440 1053 vita
2462 1007 2743 1067 cognatam
2775 1002 2937 1056 habet
2965 1003 3148 1058 mundi
3189 1004 3346 1073 hujus
3387 1015 3635 1063 naturam
3680 1028 3694 1063 :
3740 1011 3815 1065 ita
3863 1023 3924 1067 et

2334 1088 2512 1144 futura
2543 1091 2845 1145 animorum
2874 1096 3218 1150 conversatio
3246 1095 3563 1154 familiarem
3586 1102 3783 1171 speciei
3804 1118 3922 1158 suae

2332 1191 2610 1252 sumptura
2641 1191 2724 1238 est
2764 1185 3024 1240 habitum.
3056 1185 3163 1241 Sed
3206 1195 3411 1243 tantum
3458 1190 3651 1249 absunt
3694 1194 3921 1249 credere

2332 1275 2476 1344 quod
2524 1277 2637 1331 haec
2667 1293 2793 1332 vera
2836 1278 2963 1343 sint,
3013 1287 3075 1333 ut
3114 1281 3312 1350 passim
3365 1281 3433 1337 de
3482 1284 3633 1340 nobis
3674 1286 3919 1354 rideant,

2332 1385 2454 1425 cum
2484 1371 2669 1425 mundi
2698 1371 2858 1439 hujus
2899 1360 3417 1429 consummationem
3460 1384 3514 1431 et
3569 1378 3919 1435 reformatio-

2332 1478 2454 1517 nem
2494 1464 2674 1518 sveculi
2711 1464 3082 1534 praedicamus.
3116 1465 3258 1521 Sane
3298 1469 3546 1535 quoniam
3592 1471 3921 1526 naturaliter

2333 1555 2570 1609 omnium
2601 1570 2781 1609 rerum
2811 1563 2936 1609 sunt
2963 1556 3132 1625 prima
3176 1557 3434 1627 principia
3462 1603 3476 1627 ,
3509 1559 3707 1615 idcirco
3746 1578 3914 1632 super

2332 1646 2415 1699 his
2456 1660 2573 1713 qua:
2624 1662 2690 1699 ex
2741 1653 2981 1716 tempore
3029 1657 3337 1717 cteperunt,
3376 1651 3609 1719 scriptor
3647 1651 3920 1711 disserens

2332 1735 2473 1790 hanc
2504 1739 2969 1806 voccmprzemisit
2998 1738 3225 1795 dicens’:
3262 1739 3327 1794 In
3349 1742 3605 1813 principio
3628 1745 3770 1814 fecit.

642 1806 696 1862 id
725 1816 809 1862 est
839 1807 1251 1877 occupatissima
1278 1807 1503 1862 vanitas.
1551 1807 1633 1862 Ad
1663 1808 1879 1878 qualem
1912 1809 2073 1877 igitur
2116 1818 2216 1864 ter-
2259 1812 2305 1871 B
2402 1827 2454 1882 5.
2499 1827 2627 1882 Εηη
2670 1830 2813 1884 enim
2841 1830 3104 1900 qumdam’
3132 1839 3192 1886 ιιι
3220 1806 3387 1898 vim,
3421 1806 3547 1888 and,
3587 1806 3729 1891 ιιίιηρ
3758 1852 3914 1893 mu“.

594 1954 598 1958 ,
643 1898 845 1952 minum
875 1896 1247 1953 concludenda
1270 1906 1374 1965 est,
1401 1913 1526 1952 cum
1557 1898 1591 1951 ii
1620 1899 1712 1967 qui
1741 1899 1881 1954 circa
1911 1907 2234 1953 memorata-

641 2006 763 2045 rum
790 2004 971 2045 rerum
1002 1990 1305 2058 indaginem
1336 1998 1689 2056 vacaverunt,
1718 1999 2045 2046 coaeternum
2072 2008 2228 2047 crea-
2284 1996 2287 2001 '

642 2083 749 2138 tori
778 2083 1016 2138 omnium
1047 2082 1189 2148 Deo,
1209 2083 1473 2138 visibilem
1503 2084 1646 2138 hunc
1674 2084 1931 2138 mundum
1956 2101 2074 2141 esse
2104 2101 2230 2155 pro-

641 2174 909 2239 nuntiant,
940 2174 1007 2229 ad
1037 2174 1180 2229 illius
1199 2174 1424 2243 gloriam
1445 2164 1743 2231 referentes
1766 2176 2229 2247 circumscriptum

640 2265 784 2320 hunc
810 2264 1018 2329 orbem,
1052 2280 1359 2334 corpusque
1385 2266 1679 2322 habentem
1700 2268 2078 2338 compositum,
2110 2284 2229 2339 qua:

640 2363 725 2411 est
757 2355 1315 2426 incomprehensibilis
1343 2357 1732 2428 invisibilisque
1762 2368 1952 2414 natura
1968 2362 2003 2414 ?r
2023 2358 2124 2427 Qui
2160 2376 2227 2415 ne

638 2446 744 2501 hoc
770 2445 987 2517 quidem
1010 2447 1316 2517 perspicere
1338 2456 1635 2518 potuerunt
1675 2469 1688 2503 :
1730 2450 1854 2519 quia
1900 2453 1986 2506 cui
2017 2450 2226 2520 singula

637 2535 880 2591 membra
904 2537 1163 2593 solutioni
1192 2540 1625 2610 corruptelteque
1653 2541 1892 2611 subjecta
1923 2546 2077 2608 sunt,
2111 2541 2227 2611 ejus

637 2628 802 2683 etiam
828 2629 1137 2685 universum
1172 2646 1369 2699 corpus
1394 2631 1583 2692 iisdem
1625 2632 1838 2689 casib.:s
1869 2634 2090 2688 interire
2127 2649 2225 2687 ne-

636 2736 786 2777 cesse
808 2730 908 2777 est.
939 2720 1047 2783 Sed
1069 2738 1238 2791 usque
1253 2722 1389 2777 adeo
1411 2723 1806 2795 cogitationibus
1821 2734 2154 2791 evanuerunt,
2175 2735 2225 2780 et

635 2821 948 2866 excaacatum
973 2821 1050 2867 est
1078 2812 1438 2867 irrationabile
1460 2831 1548 2868 cor
1568 2832 1762 2880 eorum,
1781 2818 1804 2852 α
1828 2818 2152 2889 dicentesque
2171 2835 2227 2872 se

635 2918 747 2958 esse
765 2906 1046 2976 sapientes,
1070 2907 1213 2960 stulti
1239 2923 1453 2977 prorsus
1468 2907 1641 2976 e/fecti
1664 2918 1785 2963 sunt
1806 2908 1982 2976 (Rom.
2026 2926 2119 2977 xn,
2146 2908 2220 2981 l),

638 3005 697 3050 ut
740 2998 900 3051 etiam
930 2998 1151 3067 quidam
1181 3014 1366 3055 eorum
1412 3002 1795 3071 sempiternum
1817 3018 1937 3058 esse
1962 3020 2083 3058 cum
2113 3003 2224 3059 Deo

636 3088 841 3158 polum,
867 3097 923 3143 et
950 3091 1066 3146 sine
1088 3092 1349 3162 principio
1369 3109 1433 3147 ac
1456 3090 1561 3148 fine
1582 3094 1788 3160 haberi,
1820 3111 2108 3165 rerumque
2129 3112 2226 3165 per

635 3186 820 3248 partes

637 3282 755 3324 esse
784 3268 1019 3323 audeant
1045 3270 1332 3327 allii-mare.

707 3361 760 3416 4.
802 3361 1027 3430 Quibus,
1073 3363 1186 3433 ubi,
1227 3365 1311 3419 vel
1350 3366 1570 3435 quando
1613 3369 1879 3439 sapientia
1925 3372 2216 3439 saecularis,

598 3455 975 3529 bl'ormidinem
1021 3455 1210 3511 futura:
1264 3456 1730 3516 condemnationis
1777 3461 1971 3529 initiet,
2003 3465 2091 3534 qui
2143 3466 2221 3522 sic

637 3555 792 3603 acute
820 3562 908 3602 res
930 3548 1242 3604 vanissimas
1264 3548 1552 3613 intuentes,
1571 3551 1637 3606 ad
1658 3554 2063 3624 concipiendam
2080 3559 2221 3614 veri-

636 3639 761 3693 tatis
790 3638 1151 3709 prudentiam,
1194 3650 1388 3710 sponte
1415 3644 1598 3699 caecati
1628 3654 1768 3700 sunt.
1816 3646 1917 3702 Alii
1946 3650 2219 3706 stellarum

635 3731 917 3786 intervalla
945 3731 1306 3801 dinumerant,
1331 3748 1624 3807 earumque
1662 3746 1876 3793 arctoas
1902 3756 2115 3812 semper
2142 3746 2219 3797 lu-

635 3826 821 3875 centes
849 3819 1176 3887 describunt,
1227 3832 1282 3878 et
1322 3834 1537 3893 quantm
1566 3818 1776 3883 illarum
1824 3846 1943 3900 quae
1990 3833 2090 3889 sub
2117 3850 2221 3891 axe

636 3921 920 3968 moventur
948 3915 1190 3982 australi,
1221 3930 1253 3969 a
1280 3918 1444 3972 certis
1471 3919 1686 3986 quidem
1726 3922 2089 3990 suspiciuntur
2122 3926 2221 3981 ho-

633 4003 888 4069 minibus,
914 4005 1069 4060 nobis
1097 4013 1276 4061 autem
1299 4007 1566 4062 habentur
1586 4010 1800 4077 ignotic.
1828 4011 1922 4067 Vcl
1946 4015 2221 4072 borealem

634 4092 990 4159 latitudinem,
1017 4110 1119 4150 nec
1144 4112 1253 4151 non
1282 4097 1592 4166 signiferum
1622 4102 1878 4158 circulum
1910 4107 2055 4162 mille
2092 4124 2218 4178 spa-

635 4183 722 4239 tiis
750 4184 1068 4251 dividentes,
1092 4195 1469 4259 astrorumque
1498 4191 1791 4259 discursus,
1823 4205 1877 4249 et
1906 4200 2219 4266 praeclusio-

632 4289 750 4342 nes,
777 4284 832 4330 et
861 4278 1098 4332 omnium
1129 4288 1309 4334 motus
1350 4283 1673 4353 principales
1716 4287 1985 4343 subtiliter
2030 4293 2217 4348 obser-

630 4375 841 4435 vantes,
870 4376 927 4421 et
949 4377 1070 4437 post
1089 4379 1347 4437 quantum
1373 4375 1651 4441 temporis,
1676 4390 2006 4448 unaquteque
2034 4383 2219 4452 plane-

631 4465 804 4510 tarum
836 4459 1109 4527 propriam
1159 4460 1532 4515 circuitionem
1574 4465 1714 4521 solet
1762 4470 1981 4539 explere
2015 4492 2026 4527 :
2058 4491 2217 4531 unam

562 4565 581 4613 τ
634 4548 872 4600 omnium
902 4548 1166 4607 rationem
1197 4552 1436 4620 reperire
1462 4556 1678 4613 minime
1708 4569 2016 4632 potuerunt,
2046 4577 2103 4623 ut
2131 4570 2215 4625 di-

2332 1919 2457 1973 dnm
2489 1929 2514 1967 8
2543 1920 2836 1974 substantia
2868 1921 3161 1977 intellectui
3207 1922 3422 1992 quidem
3453 1932 3640 1979 nostro
3669 1935 3915 1982 contem-

2331 2002 2563 2080 piabilis,
2590 2010 2684 2064 sed
2710 2011 2947 2065 inaudita
2988 2013 3172 2068 relicta
3201 2023 3284 2068 est
3316 2032 3327 2066 :
3360 2024 3648 2086 propterea
3675 2019 3818 2086 quod
3848 2020 3914 2074 ab

2330 2101 2414 2155 his
2452 2102 2542 2169 qui
2572 2101 2945 2156 imbuebantur
2972 2112 3194 2173 propter
3233 2118 3420 2159 sensus
3460 2106 3801 2175 parvitatem,
3834 2106 3915 2161 fa-

2330 2192 2433 2247 cile
2480 2194 2863 2263 comprehendi
2913 2210 3019 2249 non
3068 2203 3301 2265 poterat.
3361 2196 3488 2251 Erat
3542 2199 3915 2268 antiquissima

2329 2293 2589 2339 creaturae
2637 2283 2940 2352 ordinatio;
2988 2286 3092 2341 illis
3139 2296 3259 2355 qna:
3302 2295 3452 2342 extra
3482 2289 3739 2344 mundum
3767 2298 3912 2355 sunt,

2329 2384 2454 2446 apta
2498 2377 2807 2441 virtutibus,
2839 2387 2957 2432 orta
2995 2379 3108 2432 sine
3137 2387 3397 2449 tempore,
3427 2382 3755 2450 sempiterna
3785 2381 3915 2436 sibi-

2328 2483 2434 2537 que
2480 2470 2696 2539 propria
2746 2487 2757 2521 :
2810 2470 2863 2524 in
2892 2484 2995 2539 qua
3025 2470 3275 2544 conditor
3301 2472 3539 2526 omnium
3577 2473 3718 2529 Deus
3744 2489 3911 2544 opera

2329 2568 2522 2613 cuncta
2552 2560 2847 2625 constituit,
2883 2561 2931 2613 id
2961 2570 3061 2625 est,
3094 2540 3272 2616 lumen
3301 2562 3666 2618 intellectibile
3706 2540 3911 2619 conve-

2330 2651 2482 2705 niens
2518 2651 2832 2706 beatitudini
2860 2653 3151 2706 amantium
3185 2652 3485 2707 Dominum.
3518 2653 3908 2718 Rationabiles,

2329 2741 2728 2811 invisibilesque
2774 2741 2898 2798 dico
2938 2752 3177 2812 naturas,
3208 2752 3263 2798 et
3291 2745 3525 2800 omnium
3570 2746 3909 2802 intellectibi-

2329 2832 2456 2887 lium
2485 2832 2906 2898 decorationem,
2939 2850 3057 2904 qua:
3085 2836 3439 2905 capacitatem
3468 2845 3663 2892 nostrae
3707 2837 3910 2894 mentis

2327 2922 2608 2991 excedunt,
2639 2939 2867 2993 quorum
2913 2941 3015 2981 nec
3060 2927 3319 2983 vocabula
3368 2930 3605 2998 reperire
3656 2930 3914 3000 possibile

2328 3025 2428 3072 est.
2480 3017 2605 3073 Haec
2649 3018 3001 3074 substantiam
3051 3019 3330 3076 invisibilis
3382 3021 3564 3076 mundi
3616 3023 3912 3092 replevisse

2325 3108 2601 3164 sciendum
2631 3118 2733 3173 est,
2778 3109 2918 3165 sicut
2942 3109 3100 3165 docet
3141 3127 3240 3166 nos
3281 3110 3479 3168 Paulus
3511 3112 3700 3170 dicens
3731 3133 3745 3167 :
3776 3112 3912 3179 Quia

862 3192 883 3215 *ε
927 3181 1289 3236 institutarum
1330 3191 1604 3239 auctorem
1629 3227 1646 3253 ,
1691 3185 2225 3256 dispensatoremque
2251 3189 2294 3251 C
2327 3199 2382 3252 in
2410 3200 2523 3266 ipso
2554 3209 2731 3254 creata
2760 3210 2879 3255 sunt
2914 3201 3107 3266 omnia,
3137 3203 3242 3255 sive
3267 3202 3507 3267 visibitia,
3545 3207 3653 3260 sire
3677 3206 3910 3261 invisibi-

2322 3289 2417 3353 lia,
2457 3291 2562 3343 sive
2610 3291 2804 3356 throni,
2852 3292 2957 3346 sive
3001 3291 3396 3359 dominationes,
3428 3297 3534 3349 sive
3562 3297 3906 3367 principatus,

2321 3381 2427 3434 sive
2452 3390 2746 3451 potestates,
2777 3400 2866 3437 seu
2889 3386 3095 3438 virtutes
3119 3383 3252 3454 (Col.
3281 3385 3566 3457 I,16),sen
3596 3388 3909 3458 angelorum

2321 3474 2549 3543 militiae,
2569 3491 2665 3530 seu
2694 3478 3139 3546 archangelorum
3166 3488 3483 3536 conventus.
3504 3480 3640 3538 Cum
3671 3500 3801 3540 vero
3819 3500 3913 3542 ne-

2323 3582 2476 3621 cesse
2524 3574 2643 3621 erat
2686 3569 2973 3641 superduci
3012 3569 3176 3625 rebus
3222 3571 3367 3628 hunc
3394 3573 3674 3642 mundum,
3703 3576 3793 3646 qui
3822 3582 3912 3631 est

2322 3661 2594 3731 praecipue
2621 3662 2923 3731 castigatio,
2967 3672 3022 3719 et
3057 3664 3298 3720 doctrina
3332 3665 3354 3702 ιι
3389 3668 3739 3722 humanorum
3782 3670 3909 3725 ani-

2324 3770 2560 3823 morum,
2605 3754 2800 3810 deinde
2839 3756 3045 3811 cunctis
3085 3773 3220 3827 quae,
3254 3758 3495 3813 oriuntur
3534 3767 3590 3812 et
3622 3758 3903 3842 occidunt,

2323 3855 2685 3916 opportunum
2713 3847 3040 3903 domicilium
3075 3867 3088 3901 :
3122 3856 3248 3904 tunc
3284 3850 3436 3903 etiam
3466 3849 3710 3905 decursio
3752 3858 3905 3905 tem--

2322 3938 2490 4007 poris,
2518 3938 2675 3993 simul
2702 3948 2823 3994 cum
2854 3939 2971 4009 ipso
2992 3941 3214 4008 mundo,
3241 3948 3295 3996 et
3320 3936 3674 3997 animantibus
3702 3957 3824 4012 quze
3847 3944 3910 3999 in

2321 4045 2388 4085 eo
2415 4018 2564 4101 sunt,
2588 4041 2947 4102 congenerata
2976 4033 3341 4102 dignoscitur:
3372 4048 3541 4103 eaque
3569 4050 3787 4106 semper
3808 4053 3911 4115 nr-

2319 4129 2497 4190 getur,
2525 4131 2581 4177 et
2602 4119 2792 4188 efﬂuit,
2825 4121 3095 4194 ﬁnemque
3122 4140 3458 4195 nequaquam
3487 4126 3716 4196 percipit
3753 4143 3908 4183 com-

2322 4212 2559 4267 meandi.
2586 4212 2691 4271 Aut
2721 4229 2826 4269 non
2857 4214 3119 4284 ejusmodi
3150 4225 3362 4287 tempus
3391 4232 3513 4272 esse
3538 4217 3781 4282 dicimus,
3805 4234 3909 4272 cu-

2316 4298 2405 4368 jus
2432 4316 2557 4372 pars
2601 4319 2722 4375 quae
2757 4320 2975 4361 emensa
3012 4315 3096 4362 est
3140 4323 3245 4363 non
3293 4308 3524 4373 videtur,
3564 4322 3683 4377 qua:
3720 4316 3905 4362 autem

2320 4402 2550 4449 ventura
2571 4403 2654 4449 est
2679 4395 2907 4469 necdum
2937 4397 3124 4463 adfuit,
3157 4414 3276 4468 qua:
3302 4415 3433 4455 vero
3457 4407 3652 4469 praesto
3680 4410 3782 4465 est,
3807 4414 3911 4454 an-

2324 4490 2540 4554 tequam
2569 4464 2749 4543 sensui
2780 4497 2967 4545 nostro
2991 4464 3255 4556 notescat,
3287 4464 3550 4546 elabitur?
3577 4490 3721 4545 Talis
3740 4492 3908 4547 etiam

2246 4567 2295 4628 ο
2320 4587 2512 4634 natura
2559 4581 2892 4650 gignentium
2949 4591 3050 4650 est,
3104 4592 3197 4638 aut
3231 4599 3483 4639 crescens
3511 4583 3781 4648 videlicet,
3810 4592 3909 4639 aut

628 4643 813 4689 cerenl
840 4634 1010 4690 Deum
1038 4639 1222 4695 mundi
1270 4643 1432 4698 totius
1478 4661 1598 4704 esse
1616 4650 1916 4725 afactorem,
1957 4660 2214 4732 justeque
2312 4634 2646 4730 decrescens
2683 4692 2695 4727 :
2729 4676 2881 4744 cujus
2909 4634 3173 4732 stabilitas
3200 4685 3257 4730 et
3296 4673 3541 4730 fundatio
3581 4674 3715 4729 nihil
3742 4675 3910 4731 habet

700 4906 726 4934 ⁸
763 4895 917 4979 Cplb.
942 4901 1229 4979 secundus,
1249 4908 1696 4968 minus’alicunde.
1729 4913 1923 4973 Statim
1944 4919 2085 4976 idem
2114 4938 2212 4979 co-

624 4965 751 5056 deth,
770 4971 1018 5056 feruntur
1032 4973 1146 5056 ftwc
1174 4965 1311 5046 quae.

699 5038 726 5077 ι)
769 5038 907 5122 Editi
938 5045 1122 5099 etduo
1149 5038 1305 5122 nias"
1331 5050 1693 5122 interpolatur.
1732 5057 1803 5110 At
1823 5058 1978 5114 Colb.
2017 5077 2210 5118 secun-

622 5109 754 5201 εὶρεῦ
765 5111 1153 5201 interponatur;
1182 5125 1236 5171 et
1259 5109 1334 5201 ita
1367 5109 1646 5201 scripsisse
1683 5109 2203 5201 Eusta'tiiiitin-puvto,

622 5180 693 5261 ob
722 5181 849 5320 ἰιὲιιςι
890 5180 1073 5239 Basilii
1100 5180 1503 5261 diazoméptsvov'.
1555 5193 1681 5249 Mox

622 5265 735 5302 stne
795 5268 874 5305 ne.

620 5265 735 5302 stne
753 5265 874 5305 nne.

644 5387 657 5399 ο
698 5329 720 5356 ο
761 5320 929 5400 Εηᾷιί,Δ
944 5338 1062 5400 non
1076 5327 1381 5400 dubitemus.
1408 5332 1477 5386 At
1500 5347 1652 5400 mss.,
1684 5353 1790 5391 non
1813 5337 2031 5395 dubites.
2059 5342 2207 5397 Basi—

621 5388 894 5484 litt-5:13;}-
907 5394 1236 5484 aﬂtsam.
1274 5400 1484 5484 Ibidem.
1526 5388 1654 5484 mss}
1682 5388 2203 5484 (summa;

849 5474 894 5504 (2
951 5474 1142 5504 νηριιιει
1173 5484 1268 5504 nun
1288 5474 1434 5504 rlnnnl
1471 5474 1523 5504 δη
1557 5477 1756 5504 ...ειη-..ιζ

621 5466 894 5562 scriptura:
948 5466 1143 5520 Vocula
1165 5484 1268 5550 gae
1288 5470 1440 5527 deest
1471 5474 1525 5528 in
1557 5466 1805 5546 vulgatis.
2066 5466 2071 5467 ί
2112 5466 2131 5484 ⁷
2162 5466 2192 5468 ν-

661 5600 675 5612 .
753 5528 923 5614 ⁸Εηιιι,
964 5549 1024 5614 se
1063 5551 1338 5614 sumentes.
1382 5540 1535 5598 Colb.
1566 5547 1852 5614 secundus,
1881 5566 1938 5604 se
1974 5567 2083 5606 esse
2121 5570 2205 5608 sa-

620 5600 815 5669 pientes
839 5619 855 5655 :
885 5605 1026 5673 quod
1058 5608 1123 5658 ad
1141 5612 1369 5679 verbum
1388 5600 1701 5682 expressum
1721 5600 1863 5674 e'si'é
1884 5600 2098 5690 lineae,
2116 5600 2205 5699 ᾆξ-

623 5691 830 5744 σκονξις
859 5693 981 5744 sum
1023 5697 1184 5744 σοφοί.

694 5748 718 5777 ο
738 5739 897 5810 Editi,
919 5739 1270 5802 institutarum
1290 5760 1535 5809 actorem.
1559 5754 1744 5814 Codex
1768 5769 1954 5819 noster
1972 5770 2027 5819 et
2045 5761 2197 5822 Colb.

2315 4927 2583 5003 secundus
2611 4939 2873 4985 auctorem
2906 4949 2927 5003 εΔ
2948 4947 3111 5002 quam
3140 4933 3459 5003 scripturam
3490 4946 3670 4987 veram
3700 4947 3820 4987 ease
3851 4943 3915 4990 et

2314 4998 2764 5073 emendatamkex
2803 4998 3262 5073 eo_in_telligitur,‘
3291 5003 3436 5073 quod
3474 5004 3715 5071 legamus
3762 5007 3913 5073 apud

2315 5066 2589 5142 Basiliam,
2614 5068 2808 5142 γαῖτιον.
2855 5071 3004 5126 Haud
3047 5066 3203 5142 longe
3240 5066 3376 5128 editi
3407 5081 3464 5128 et
3489 5066 3661 5129 codex
3693 5066 3908 5139 nosier,

2314 5136 2382 5188 ad
2408 5141 2872 5215 concupiscendam
2901 5136 3515 5215 veritatis'prudentiam.
3549 5143 3618 5197 At
3639 5142 3797 5198 Colb.
3828 5136 3917 5199 se-

2310 5210 2653 5282 cunduspad
2675 5212 3083 5282 concipiendam,
3110 5210 3327 5268 rectius.

2388 5276 2420 5352 ‘_
2440 5279 2657 5352 Antiqui
2685 5281 2793 5334 duo
2822 5276 2977 5352 'libri,
3009 5300 3214 5338 necesse
3247 5292 3344 5339 est.
3374 5284 3509 5339 Illud
3551 5291 3629 5339 est
3657 5284 3712 5339 in
3742 5284 3917 5341 editis

2308 5345 2735 5404 desiderabatur.

2382 5426 2407 5463 ε
2442 5417 2637 5473 Vocem
2668 5419 2957 5476 substantia
2985 5424 3284 5479 addidimus
3327 5442 3409 5482 ex-
3434 5423 3589 5481 Colb.
3636 5424 3910 5482 secundo.

2309 5485 2523 5566 Eccita
2568 5490 2738 5543 multo
2781 5503 2902 5561 post
2946 5492 3439 5566 Colb._secundus,
3483 5511 3641 5566 opera
3690 5507 3908 5550 cuncta.

2308 5555 2468 5637 bidui,
2491 5568 2633 5637 certa
2661 5555 2821 5637 opera
2843 5578 3020 5637 aquo
3039 5566 3092 5618 in
3113 5564 3258 5637 libro
3287 5555 3633 5637 insuper'pro
3664 5568 3913 5637 intellec-

2308 5625 2452 5707 tibile
2492 5625 3066 5707 Ιθεξιιιιξέηρρμᾷᾦὺίιε.
3107 5633 3299 5689 Statim
3337 5625 3426 5692 hic
3458 5625 3575 5707 ipse
3611 5636 3813 5701 codex,
3853 5645 3911 5691 et

2308 5698 2553 5773 omnium
2570 5698 2989 5773 intelligioiliiim.
3156 5730 3165 5735 ε

2381 5766 2410 5806 ¹³
2441 5767 2594 5826 Colb.
2626 5766 2912 5843 secundus,
2942 5775 3287 5832 humanarum
3313 5778 3628 5835 animarum.

2268 5838 2311 5856 .s.’

3956 5814 3965 5839 \
