  <div class='ocr_page' id='page_1' title='image "/cluster/home/n/w/nwhite01/storage/ocr_20150623/53/hvd.32044073505232/442.png"; bbox 0 0 4192 6258; ppageno 0'>
   <div class='ocr_carea' id='block_1_1' title="bbox 289 360 395 418">
    <p class='ocr_par' dir='ltr' id='par_1_1' title="bbox 289 360 395 418">
     <span class='ocr_line' id='line_1_1' title="bbox 289 360 395 418; baseline -0.019 -1"><span class='ocrx_word' id='word_1_1' title='bbox 289 360 395 418; x_wconf 78' lang='grc'><strong>875</strong></span> 
     </span>
    </p>
   </div>
   <div class='ocr_carea' id='block_1_2' title="bbox 1314 353 2546 413">
    <p class='ocr_par' dir='ltr' id='par_1_2' title="bbox 1314 353 2546 413">
     <span class='ocr_line' id='line_1_2' title="bbox 1314 353 2546 413; baseline -0.003 -1"><span class='ocrx_word' id='word_1_2' title='bbox 1314 357 1704 413; x_wconf 79' lang='grc' dir='ltr'><strong>ΗΕΧΑΕΜΕΒΙ</strong></span> <span class='ocrx_word' id='word_1_3' title='bbox 1744 354 2223 411; x_wconf 81' lang='lat' dir='ltr'><strong>METAPIIRASIS</strong></span> <span class='ocrx_word' id='word_1_4' title='bbox 2266 353 2468 408; x_wconf 73' lang='lat' dir='ltr'><strong>LIBER</strong></span> <span class='ocrx_word' id='word_1_5' title='bbox 2508 354 2546 408; x_wconf 87' lang='lat' dir='ltr'><strong>i.</strong></span> 
     </span>
    </p>
   </div>
   <div class='ocr_carea' id='block_1_3' title="bbox 3444 366 3547 419">
    <p class='ocr_par' dir='ltr' id='par_1_3' title="bbox 3444 366 3547 419">
     <span class='ocr_line' id='line_1_3' title="bbox 3444 366 3547 419; baseline 0.019 -2"><span class='ocrx_word' id='word_1_6' title='bbox 3444 366 3547 419; x_wconf 68' lang='grc'><strong>874</strong></span> 
     </span>
    </p>
   </div>
   <div class='ocr_carea' id='block_1_4' title="bbox 285 471 3548 548">
    <p class='ocr_par' dir='ltr' id='par_1_4' title="bbox 285 471 3548 548">
     <span class='ocr_line' id='line_1_4' title="bbox 285 471 3548 548; baseline 0 -16"><span class='ocrx_word' id='word_1_7' title='bbox 285 477 440 532; x_wconf 98' lang='lat' dir='ltr'><strong>certi.</strong></span> <span class='ocrx_word' id='word_1_8' title='bbox 486 483 510 513; x_wconf 75' lang='grc' dir='ltr'>ι</span> <span class='ocrx_word' id='word_1_9' title='bbox 544 473 696 530; x_wconf 86' lang='lat' dir='ltr'><strong>Paria</strong></span> <span class='ocrx_word' id='word_1_10' title='bbox 725 475 937 530; x_wconf 90' lang='lat' dir='ltr'><strong>fuerunt</strong></span> <span class='ocrx_word' id='word_1_11' title='bbox 958 488 1086 543; x_wconf 88' lang='lat' dir='ltr'><strong>ergo</strong></span> <span class='ocrx_word' id='word_1_12' title='bbox 1115 476 1467 530; x_wconf 89' lang='lat' dir='ltr'><strong>animantium</strong></span> <span class='ocrx_word' id='word_1_13' title='bbox 1496 475 1868 529; x_wconf 89' lang='lat' dir='ltr'><strong>arbustorum-</strong></span> <span class='ocrx_word' id='word_1_14' title='bbox 1890 475 1937 532; x_wconf 82' lang='grc' dir='ltr'><strong>Α</strong></span> <span class='ocrx_word' id='word_1_15' title='bbox 1969 481 2106 535; x_wconf 83' lang='lat' dir='ltr'><strong>sunt,</strong></span> <span class='ocrx_word' id='word_1_16' title='bbox 2144 471 2402 524; x_wconf 80' lang='lat' dir='ltr'><strong>intellecta</strong></span> <span class='ocrx_word' id='word_1_17' title='bbox 2448 475 2830 536; x_wconf 83' lang='lat' dir='ltr'><strong>conspiciuntur</strong></span> <span class='ocrx_word' id='word_1_18' title='bbox 2859 476 3034 541; x_wconf 83' lang='lat' dir='ltr'><strong>(Rom.</strong></span> <span class='ocrx_word' id='word_1_19' title='bbox 3069 495 3104 540; x_wconf 84' lang='grc' dir='ltr'><strong>ι,</strong></span> <span class='ocrx_word' id='word_1_20' title='bbox 3140 477 3250 548; x_wconf 72' lang='grc'>20).</span> <span class='ocrx_word' id='word_1_21' title='bbox 3282 477 3548 537; x_wconf 75' lang='lat' dir='ltr'><strong>Fortassis</strong></span> 
     </span>
    </p>
   </div>
   <div class='ocr_carea' id='block_1_5' title="bbox 287 564 1865 636">
    <p class='ocr_par' dir='ltr' id='par_1_5' title="bbox 287 564 1865 636">
     <span class='ocr_line' id='line_1_5' title="bbox 287 564 1865 636; baseline -0.001 -18"><span class='ocrx_word' id='word_1_22' title='bbox 287 581 392 636; x_wconf 82' lang='lat' dir='ltr'><strong>que</strong></span> <span class='ocrx_word' id='word_1_23' title='bbox 419 581 668 636; x_wconf 89' lang='lat' dir='ltr'><strong>corpora.</strong></span> <span class='ocrx_word' id='word_1_24' title='bbox 700 573 951 635; x_wconf 77' lang='lat' dir='ltr'><strong>tanquam</strong></span> <span class='ocrx_word' id='word_1_25' title='bbox 995 567 1044 620; x_wconf 88' lang='lat' dir='ltr'><strong>vi</strong></span> <span class='ocrx_word' id='word_1_26' title='bbox 1074 566 1352 635; x_wconf 82' lang='lat' dir='ltr'><strong>cujusdam</strong></span> <span class='ocrx_word' id='word_1_27' title='bbox 1387 565 1643 621; x_wconf 76' lang='lat' dir='ltr'><strong>torrentis</strong></span> <span class='ocrx_word' id='word_1_28' title='bbox 1668 564 1734 618; x_wconf 91' lang='lat' dir='ltr'><strong>ad</strong></span> <span class='ocrx_word' id='word_1_29' title='bbox 1765 579 1865 617; x_wconf 88' lang='lat' dir='ltr'><strong>ne-</strong></span> 
     </span>
    </p>
   </div>
   <div class='ocr_carea' id='block_1_6' title="bbox 287 654 1866 725">
    <p class='ocr_par' dir='ltr' id='par_1_6' title="bbox 287 654 1866 725">
     <span class='ocr_line' id='line_1_6' title="bbox 287 654 1866 725; baseline -0.003 -14"><span class='ocrx_word' id='word_1_30' title='bbox 287 657 590 712; x_wconf 87' lang='lat' dir='ltr'><strong>cessitatem</strong></span> <span class='ocrx_word' id='word_1_31' title='bbox 613 656 822 710; x_wconf 90' lang='lat' dir='ltr'><strong>insitam</strong></span> <span class='ocrx_word' id='word_1_32' title='bbox 842 656 1098 725; x_wconf 90' lang='lat' dir='ltr'><strong>relegata,</strong></span> <span class='ocrx_word' id='word_1_33' title='bbox 1122 665 1177 710; x_wconf 89' lang='lat' dir='ltr'><strong>et</strong></span> <span class='ocrx_word' id='word_1_34' title='bbox 1200 656 1275 710; x_wconf 88' lang='lat' dir='ltr'><strong>illi</strong></span> <span class='ocrx_word' id='word_1_35' title='bbox 1297 656 1466 711; x_wconf 90' lang='lat' dir='ltr'><strong>motui</strong></span> <span class='ocrx_word' id='word_1_36' title='bbox 1488 655 1757 724; x_wconf 76' lang='lat' dir='ltr'><strong>subjecta,</strong></span> <span class='ocrx_word' id='word_1_37' title='bbox 1772 654 1866 724; x_wconf 89' lang='lat' dir='ltr'><strong>qui</strong></span> 
     </span>
    </p>
   </div>
   <div class='ocr_carea' id='block_1_7' title="bbox 289 743 1866 817">
    <p class='ocr_par' dir='ltr' id='par_1_7' title="bbox 289 743 1866 817">
     <span class='ocr_line' id='line_1_7' title="bbox 289 743 1866 817; baseline -0.004 -15"><span class='ocrx_word' id='word_1_38' title='bbox 289 747 358 802; x_wconf 89' lang='lat' dir='ltr'><strong>ad</strong></span> <span class='ocrx_word' id='word_1_39' title='bbox 385 756 535 802; x_wconf 90' lang='lat' dir='ltr'><strong>ortus</strong></span> <span class='ocrx_word' id='word_1_40' title='bbox 563 746 844 817; x_wconf 89' lang='lat' dir='ltr'><strong>obitusque</strong></span> <span class='ocrx_word' id='word_1_41' title='bbox 870 746 1131 816; x_wconf 78' lang='lat' dir='ltr'><strong>perducit,</strong></span> <span class='ocrx_word' id='word_1_42' title='bbox 1159 755 1214 801; x_wconf 92' lang='lat' dir='ltr'><strong>et</strong></span> <span class='ocrx_word' id='word_1_43' title='bbox 1259 761 1326 801; x_wconf 89' lang='lat' dir='ltr'><strong>ex</strong></span> <span class='ocrx_word' id='word_1_44' title='bbox 1361 754 1553 800; x_wconf 89' lang='lat' dir='ltr'><strong>natura</strong></span> <span class='ocrx_word' id='word_1_45' title='bbox 1607 743 1866 815; x_wconf 89' lang='lat' dir='ltr'><strong>temporis</strong></span> 
     </span>
    </p>
   </div>
   <div class='ocr_carea' id='block_1_8' title="bbox 289 835 1866 906">
    <p class='ocr_par' dir='ltr' id='par_1_8' title="bbox 289 835 1866 906">
     <span class='ocr_line' id='line_1_8' title="bbox 289 835 1866 906; baseline -0.002 -14"><span class='ocrx_word' id='word_1_46' title='bbox 289 837 612 901; x_wconf 80' lang='lat' dir='ltr'><strong>continetur,</strong></span> <span class='ocrx_word' id='word_1_47' title='bbox 636 845 916 904; x_wconf 79' lang='lat' dir='ltr'><strong>cognatam</strong></span> <span class='ocrx_word' id='word_1_48' title='bbox 941 837 1324 906; x_wconf 85' lang='lat' dir='ltr'><strong>pr0prietatem</strong></span> <span class='ocrx_word' id='word_1_49' title='bbox 1342 836 1502 890; x_wconf 88' lang='lat' dir='ltr'><strong>rebus</strong></span> <span class='ocrx_word' id='word_1_50' title='bbox 1520 835 1866 890; x_wconf 79' lang='lat' dir='ltr'><strong>mutabilibus</strong></span> 
     </span>
    </p>
   </div>
   <div class='ocr_carea' id='block_1_9' title="bbox 263 924 1863 997">
    <p class='ocr_par' dir='ltr' id='par_1_9' title="bbox 263 924 1863 997">
     <span class='ocr_line' id='line_1_9' title="bbox 263 924 1863 997; baseline -0.003 -16"><span class='ocrx_word' id='word_1_51' title='bbox 263 926 617 997; x_wconf 75' lang='lat' dir='ltr'><strong>~possidente.</strong></span> <span class='ocrx_word' id='word_1_52' title='bbox 663 924 797 980; x_wconf 88' lang='lat' dir='ltr'><strong>Hinc</strong></span> <span class='ocrx_word' id='word_1_53' title='bbox 824 933 1214 995; x_wconf 87' lang='lat' dir='ltr'><strong>consequenter</strong></span> <span class='ocrx_word' id='word_1_54' title='bbox 1256 925 1458 980; x_wconf 86' lang='lat' dir='ltr'><strong>relator</strong></span> <span class='ocrx_word' id='word_1_55' title='bbox 1495 939 1720 980; x_wconf 83' lang='lat' dir='ltr'><strong>exorsus</strong></span> <span class='ocrx_word' id='word_1_56' title='bbox 1759 933 1863 988; x_wconf 89' lang='lat' dir='ltr'><strong>est,</strong></span> 
     </span>
    </p>
   </div>
   <div class='ocr_carea' id='block_1_10' title="bbox 291 1011 1864 1080">
    <p class='ocr_par' dir='ltr' id='par_1_10' title="bbox 291 1011 1864 1080">
     <span class='ocr_line' id='line_1_10' title="bbox 291 1011 1864 1080; baseline -0.003 -10"><span class='ocrx_word' id='word_1_57' title='bbox 291 1015 573 1071; x_wconf 75' lang='lat' dir='ltr'><strong>manifeste</strong></span> <span class='ocrx_word' id='word_1_58' title='bbox 597 1015 666 1070; x_wconf 91' lang='lat' dir='ltr'><strong>de</strong></span> <span class='ocrx_word' id='word_1_59' title='bbox 707 1013 890 1069; x_wconf 90' lang='lat' dir='ltr'><strong>mundi</strong></span> <span class='ocrx_word' id='word_1_60' title='bbox 935 1013 1338 1070; x_wconf 90' lang='lat' dir='ltr'><strong>constructione</strong></span> <span class='ocrx_word' id='word_1_61' title='bbox 1381 1028 1480 1068; x_wconf 91' lang='lat' dir='ltr'><strong>nos</strong></span> <span class='ocrx_word' id='word_1_62' title='bbox 1525 1013 1781 1080; x_wconf 88' lang='lat' dir='ltr'><strong>edocens,</strong></span> <span class='ocrx_word' id='word_1_63' title='bbox 1809 1011 1864 1066; x_wconf 93' lang='lat' dir='ltr'><strong>in</strong></span> 
     </span>
    </p>
   </div>
   <div class='ocr_carea' id='block_1_11' title="bbox 290 1103 1864 1182">
    <p class='ocr_par' dir='ltr' id='par_1_11' title="bbox 290 1103 1864 1182">
     <span class='ocr_line' id='line_1_11' title="bbox 290 1103 1864 1182; baseline -0.003 -20"><span class='ocrx_word' id='word_1_64' title='bbox 290 1109 551 1182; x_wconf 86' lang='lat' dir='ltr'><strong>principio</strong></span> <span class='ocrx_word' id='word_1_65' title='bbox 579 1106 765 1162; x_wconf 78' lang='lat' dir='ltr'><strong>fecisse</strong></span> <span class='ocrx_word' id='word_1_66' title='bbox 790 1106 978 1162; x_wconf 91' lang='lat' dir='ltr'><strong>Deum.</strong></span> <span class='ocrx_word' id='word_1_67' title='bbox 1023 1105 1352 1175; x_wconf 91' lang='lat' dir='ltr'><strong>Principium</strong></span> <span class='ocrx_word' id='word_1_68' title='bbox 1390 1113 1570 1160; x_wconf 91' lang='lat' dir='ltr'><strong>autem</strong></span> <span class='ocrx_word' id='word_1_69' title='bbox 1601 1113 1683 1159; x_wconf 90' lang='lat' dir='ltr'><strong>est</strong></span> <span class='ocrx_word' id='word_1_70' title='bbox 1720 1103 1864 1173; x_wconf 91' lang='lat' dir='ltr'><strong>quod</strong></span> 
     </span>
    </p>
   </div>
   <div class='ocr_carea' id='block_1_12' title="bbox 290 1195 1866 1268">
    <p class='ocr_par' dir='ltr' id='par_1_12' title="bbox 290 1195 1866 1268">
     <span class='ocr_line' id='line_1_12' title="bbox 290 1195 1866 1268; baseline -0.003 -14"><span class='ocrx_word' id='word_1_71' title='bbox 290 1199 357 1254; x_wconf 73' lang='lat' dir='ltr'><strong>ad</strong></span> <span class='ocrx_word' id='word_1_72' title='bbox 387 1208 596 1268; x_wconf 86' lang='lat' dir='ltr'><strong>tempus</strong></span> <span class='ocrx_word' id='word_1_73' title='bbox 621 1198 874 1268; x_wconf 85' lang='lat' dir='ltr'><strong>pertinet,</strong></span> <span class='ocrx_word' id='word_1_74' title='bbox 908 1213 1015 1254; x_wconf 93' lang='lat' dir='ltr'><strong>non</strong></span> <span class='ocrx_word' id='word_1_75' title='bbox 1039 1196 1181 1266; x_wconf 89' lang='lat' dir='ltr'><strong>quod</strong></span> <span class='ocrx_word' id='word_1_76' title='bbox 1211 1196 1280 1250; x_wconf 91' lang='lat' dir='ltr'><strong>ad</strong></span> <span class='ocrx_word' id='word_1_77' title='bbox 1318 1195 1345 1233; x_wconf 70' lang='grc' dir='ltr'>ιι</span> <span class='ocrx_word' id='word_1_78' title='bbox 1375 1195 1751 1263; x_wconf 89' lang='lat' dir='ltr'><strong>antiquitatem</strong></span> <span class='ocrx_word' id='word_1_79' title='bbox 1776 1209 1866 1249; x_wconf 88' lang='lat' dir='ltr'><strong>re-</strong></span> 
     </span>
    </p>
   </div>
   <div class='ocr_carea' id='block_1_13' title="bbox 288 1283 1842 1358">
    <p class='ocr_par' dir='ltr' id='par_1_13' title="bbox 288 1283 1842 1358">
     <span class='ocr_line' id='line_1_13' title="bbox 288 1283 1842 1358; baseline -0.005 -14"><span class='ocrx_word' id='word_1_80' title='bbox 288 1289 465 1358; x_wconf 78' lang='lat' dir='ltr'><strong>spicit,</strong></span> <span class='ocrx_word' id='word_1_81' title='bbox 490 1302 607 1356; x_wconf 69' lang='lat' dir='ltr'><strong>qua:</strong></span> <span class='ocrx_word' id='word_1_82' title='bbox 634 1297 718 1344; x_wconf 89' lang='lat' dir='ltr'><strong>est</strong></span> <span class='ocrx_word' id='word_1_83' title='bbox 744 1287 993 1342; x_wconf 90' lang='lat' dir='ltr'><strong>omnibus</strong></span> <span class='ocrx_word' id='word_1_84' title='bbox 1015 1287 1178 1341; x_wconf 89' lang='lat' dir='ltr'><strong>rebus</strong></span> <span class='ocrx_word' id='word_1_85' title='bbox 1197 1285 1456 1340; x_wconf 91' lang='lat' dir='ltr'><strong>anterior.</strong></span> <span class='ocrx_word' id='word_1_86' title='bbox 1478 1283 1619 1351; x_wconf 86' lang='lat' dir='ltr'><strong>Ergo</strong></span> <span class='ocrx_word' id='word_1_87' title='bbox 1648 1298 1754 1338; x_wconf 91' lang='lat' dir='ltr'><strong>non</strong></span> <span class='ocrx_word' id='word_1_88' title='bbox 1781 1297 1842 1337; x_wconf 89' lang='lat' dir='ltr'><strong>se</strong></span> 
     </span>
    </p>
   </div>
   <div class='ocr_carea' id='block_1_14' title="bbox 287 1374 1867 1448">
    <p class='ocr_par' dir='ltr' id='par_1_14' title="bbox 287 1374 1867 1448">
     <span class='ocr_line' id='line_1_14' title="bbox 287 1374 1867 1448; baseline -0.004 -14"><span class='ocrx_word' id='word_1_89' title='bbox 287 1379 518 1434; x_wconf 88' lang='lat' dir='ltr'><strong>cundum</strong></span> <span class='ocrx_word' id='word_1_90' title='bbox 559 1394 680 1434; x_wconf 88' lang='lat' dir='ltr'><strong>eam</strong></span> <span class='ocrx_word' id='word_1_91' title='bbox 722 1379 858 1433; x_wconf 83' lang='lat' dir='ltr'><strong>dixit</strong></span> <span class='ocrx_word' id='word_1_92' title='bbox 906 1377 972 1432; x_wconf 87' lang='lat' dir='ltr'><strong>In</strong></span> <span class='ocrx_word' id='word_1_93' title='bbox 1001 1379 1256 1448; x_wconf 83' lang='lat' dir='ltr'><strong>principio</strong></span> <span class='ocrx_word' id='word_1_94' title='bbox 1284 1377 1405 1447; x_wconf 79' lang='lat' dir='ltr'><strong>fecit</strong></span> <span class='ocrx_word' id='word_1_95' title='bbox 1434 1374 1594 1441; x_wconf 85' lang='lat' dir='ltr'><strong>Deus,</strong></span> <span class='ocrx_word' id='word_1_96' title='bbox 1622 1375 1714 1430; x_wconf 87' lang='lat' dir='ltr'><strong>sed</strong></span> <span class='ocrx_word' id='word_1_97' title='bbox 1743 1383 1867 1445; x_wconf 87' lang='lat' dir='ltr'><strong>post</strong></span> 
     </span>
    </p>
   </div>
   <div class='ocr_carea' id='block_1_15' title="bbox 286 1466 1866 1532">
    <p class='ocr_par' dir='ltr' id='par_1_15' title="bbox 286 1466 1866 1532">
     <span class='ocr_line' id='line_1_15' title="bbox 286 1466 1866 1532; baseline -0.002 -8"><span class='ocrx_word' id='word_1_98' title='bbox 286 1469 373 1524; x_wconf 89' lang='lat' dir='ltr'><strong>illa</strong></span> <span class='ocrx_word' id='word_1_99' title='bbox 422 1469 711 1525; x_wconf 89' lang='lat' dir='ltr'><strong>invisibilia</strong></span> <span class='ocrx_word' id='word_1_100' title='bbox 752 1479 807 1524; x_wconf 90' lang='lat' dir='ltr'><strong>et</strong></span> <span class='ocrx_word' id='word_1_101' title='bbox 851 1467 1236 1525; x_wconf 89' lang='lat' dir='ltr'><strong>intellectibilia</strong></span> <span class='ocrx_word' id='word_1_102' title='bbox 1268 1467 1473 1521; x_wconf 91' lang='lat' dir='ltr'><strong>initium</strong></span> <span class='ocrx_word' id='word_1_103' title='bbox 1501 1466 1866 1532; x_wconf 75' lang='lat' dir='ltr'><strong>generationis</strong></span> 
     </span>
    </p>
   </div>
   <div class='ocr_carea' id='block_1_16' title="bbox 284 1556 1864 1630">
    <p class='ocr_par' dir='ltr' id='par_1_16' title="bbox 284 1556 1864 1630">
     <span class='ocr_line' id='line_1_16' title="bbox 284 1556 1864 1630; baseline -0.004 -14"><span class='ocrx_word' id='word_1_104' title='bbox 284 1577 475 1616; x_wconf 90' lang='lat' dir='ltr'><strong>eorum</strong></span> <span class='ocrx_word' id='word_1_105' title='bbox 513 1577 635 1630; x_wconf 76' lang='lat' dir='ltr'><strong>qua:</strong></span> <span class='ocrx_word' id='word_1_106' title='bbox 674 1569 986 1627; x_wconf 92' lang='lat' dir='ltr'><strong>cernuntur,</strong></span> <span class='ocrx_word' id='word_1_107' title='bbox 1017 1573 1288 1627; x_wconf 87' lang='lat' dir='ltr'><strong>sensuque</strong></span> <span class='ocrx_word' id='word_1_108' title='bbox 1315 1556 1864 1627; x_wconf 88' lang='lat' dir='ltr'><strong>comprehenduntur,</strong></span> 
     </span>
    </p>
   </div>
   <div class='ocr_carea' id='block_1_17' title="bbox 282 1644 1860 1719">
    <p class='ocr_par' dir='ltr' id='par_1_17' title="bbox 282 1644 1860 1719">
     <span class='ocr_line' id='line_1_17' title="bbox 282 1644 1860 1719; baseline -0.004 -16"><span class='ocrx_word' id='word_1_109' title='bbox 282 1659 526 1704; x_wconf 83' lang='lat' dir='ltr'><strong>enarrat.</strong></span> <span class='ocrx_word' id='word_1_110' title='bbox 558 1649 762 1705; x_wconf 88' lang='lat' dir='ltr'><strong>Dicitur</strong></span> <span class='ocrx_word' id='word_1_111' title='bbox 780 1648 996 1719; x_wconf 89' lang='lat' dir='ltr'><strong>quidem</strong></span> <span class='ocrx_word' id='word_1_112' title='bbox 1022 1647 1363 1718; x_wconf 87' lang='lat' dir='ltr'><strong>principium,</strong></span> <span class='ocrx_word' id='word_1_113' title='bbox 1383 1652 1440 1700; x_wconf 92' lang='lat' dir='ltr'><strong>et</strong></span> <span class='ocrx_word' id='word_1_114' title='bbox 1459 1644 1630 1714; x_wconf 89' lang='lat' dir='ltr'><strong>prima</strong></span> <span class='ocrx_word' id='word_1_115' title='bbox 1653 1646 1821 1699; x_wconf 86' lang='lat' dir='ltr'><strong>motio</strong></span> <span class='ocrx_word' id='word_1_116' title='bbox 1847 1662 1860 1696; x_wconf 88' lang='lat'><strong>:</strong></span> 
     </span>
    </p>
   </div>
   <div class='ocr_carea' id='block_1_18' title="bbox 282 1733 1860 1810">
    <p class='ocr_par' dir='ltr' id='par_1_18' title="bbox 282 1733 1860 1810">
     <span class='ocr_line' id='line_1_18' title="bbox 282 1733 1860 1810; baseline -0.004 -16"><span class='ocrx_word' id='word_1_117' title='bbox 282 1739 424 1794; x_wconf 87' lang='lat' dir='ltr'><strong>sicut</strong></span> <span class='ocrx_word' id='word_1_118' title='bbox 462 1740 775 1810; x_wconf 79' lang='lat' dir='ltr'><strong>principium</strong></span> <span class='ocrx_word' id='word_1_119' title='bbox 802 1740 925 1792; x_wconf 83' lang='lat' dir='ltr'><strong>recti</strong></span> <span class='ocrx_word' id='word_1_120' title='bbox 963 1736 1161 1791; x_wconf 83' lang='lat' dir='ltr'><strong>itineris</strong></span> <span class='ocrx_word' id='word_1_121' title='bbox 1197 1744 1274 1790; x_wconf 84' lang='lat' dir='ltr'><strong>est</strong></span> <span class='ocrx_word' id='word_1_122' title='bbox 1305 1737 1452 1806; x_wconf 77' lang='lat' dir='ltr'><strong>justo</strong></span> <span class='ocrx_word' id='word_1_123' title='bbox 1481 1737 1650 1804; x_wconf 76' lang='lat' dir='ltr'><strong>facere</strong></span> <span class='ocrx_word' id='word_1_124' title='bbox 1680 1733 1860 1803; x_wconf 83' lang='lat' dir='ltr'><strong>(Prov.</strong></span> 
     </span>
    </p>
   </div>
   <div class='ocr_carea' id='block_1_19' title="bbox 1972 565 3547 639">
    <p class='ocr_par' dir='ltr' id='par_1_19' title="bbox 1972 565 3547 639">
     <span class='ocr_line' id='line_1_19' title="bbox 1972 565 3547 639; baseline 0.004 -22"><span class='ocrx_word' id='word_1_125' title='bbox 1972 574 2152 618; x_wconf 89' lang='lat' dir='ltr'><strong>autem</strong></span> <span class='ocrx_word' id='word_1_126' title='bbox 2179 574 2403 634; x_wconf 92' lang='lat' dir='ltr'><strong>propter</strong></span> <span class='ocrx_word' id='word_1_127' title='bbox 2442 565 2770 620; x_wconf 91' lang='lat' dir='ltr'><strong>celeritatem</strong></span> <span class='ocrx_word' id='word_1_128' title='bbox 2813 579 3092 632; x_wconf 74' lang='lat' dir='ltr'><strong>creaturre,</strong></span> <span class='ocrx_word' id='word_1_129' title='bbox 3125 585 3244 639; x_wconf 70' lang='lat' dir='ltr'><strong>qua:</strong></span> <span class='ocrx_word' id='word_1_130' title='bbox 3281 571 3398 625; x_wconf 88' lang='lat' dir='ltr'><strong>sine</strong></span> <span class='ocrx_word' id='word_1_131' title='bbox 3439 572 3547 626; x_wconf 85' lang='lat' dir='ltr'><strong>ullo</strong></span> 
     </span>
    </p>
   </div>
   <div class='ocr_carea' id='block_1_20' title="bbox 1970 656 3548 724">
    <p class='ocr_par' dir='ltr' id='par_1_20' title="bbox 1970 656 3548 724">
     <span class='ocr_line' id='line_1_20' title="bbox 1970 656 3548 724; baseline 0.005 -16"><span class='ocrx_word' id='word_1_132' title='bbox 1970 664 2246 709; x_wconf 89' lang='lat' dir='ltr'><strong>momento</strong></span> <span class='ocrx_word' id='word_1_133' title='bbox 2291 656 2547 724; x_wconf 89' lang='lat' dir='ltr'><strong>temporis</strong></span> <span class='ocrx_word' id='word_1_134' title='bbox 2593 666 2675 710; x_wconf 86' lang='lat' dir='ltr'><strong>est</strong></span> <span class='ocrx_word' id='word_1_135' title='bbox 2721 667 3049 724; x_wconf 85' lang='lat' dir='ltr'><strong>constructa,</strong></span> <span class='ocrx_word' id='word_1_136' title='bbox 3089 660 3290 716; x_wconf 89' lang='lat' dir='ltr'><strong>dictum</strong></span> <span class='ocrx_word' id='word_1_137' title='bbox 3319 671 3401 716; x_wconf 91' lang='lat' dir='ltr'><strong>est</strong></span> <span class='ocrx_word' id='word_1_138' title='bbox 3434 681 3446 714; x_wconf 74' lang='grc' dir='ltr'>ε</span> <span class='ocrx_word' id='word_1_139' title='bbox 3481 661 3548 716; x_wconf 85' lang='grc' dir='ltr'><strong>1η</strong></span> 
     </span>
    </p>
   </div>
   <div class='ocr_carea' id='block_1_21' title="bbox 1968 747 3544 820">
    <p class='ocr_par' dir='ltr' id='par_1_21' title="bbox 1968 747 3544 820">
     <span class='ocr_line' id='line_1_21' title="bbox 1968 747 3544 820; baseline 0.004 -20"><span class='ocrx_word' id='word_1_140' title='bbox 1968 748 2226 817; x_wconf 83' lang='lat' dir='ltr'><strong>principio</strong></span> <span class='ocrx_word' id='word_1_141' title='bbox 2254 747 2410 818; x_wconf 75' lang='lat' dir='ltr'><strong>fecit;</strong></span> <span class='ocrx_word' id='word_1_142' title='bbox 2451 747 2705 815; x_wconf 89' lang='lat' dir='ltr'><strong>quoniam</strong></span> <span class='ocrx_word' id='word_1_143' title='bbox 2735 749 3007 803; x_wconf 90' lang='lat' dir='ltr'><strong>individua</strong></span> <span class='ocrx_word' id='word_1_144' title='bbox 3037 752 3277 820; x_wconf 63' lang='lat' dir='ltr'><strong>qumdam</strong></span> <span class='ocrx_word' id='word_1_145' title='bbox 3324 767 3413 806; x_wconf 89' lang='lat' dir='ltr'><strong>res</strong></span> <span class='ocrx_word' id='word_1_146' title='bbox 3441 748 3544 819; x_wconf 85' lang='lat' dir='ltr'><strong>est,</strong></span> 
     </span>
    </p>
   </div>
   <div class='ocr_carea' id='block_1_22' title="bbox 1968 825 3545 907">
    <p class='ocr_par' dir='ltr' id='par_1_22' title="bbox 1968 825 3545 907">
     <span class='ocr_line' id='line_1_22' title="bbox 1968 825 3545 907; baseline 0.01 -17"><span class='ocrx_word' id='word_1_147' title='bbox 1968 843 2025 890; x_wconf 90' lang='lat' dir='ltr'><strong>et</strong></span> <span class='ocrx_word' id='word_1_148' title='bbox 2066 836 2396 903; x_wconf 88' lang='lat' dir='ltr'><strong>indistincta,</strong></span> <span class='ocrx_word' id='word_1_149' title='bbox 2436 838 2776 907; x_wconf 85' lang='lat' dir='ltr'><strong>principium.</strong></span> <span class='ocrx_word' id='word_1_150' title='bbox 2819 839 2969 895; x_wconf 90' lang='lat' dir='ltr'><strong>Sicut</strong></span> <span class='ocrx_word' id='word_1_151' title='bbox 3011 825 3152 897; x_wconf 85' lang='lat' dir='ltr'><strong>enim</strong></span> <span class='ocrx_word' id='word_1_152' title='bbox 3201 847 3409 902; x_wconf 89' lang='lat' dir='ltr'><strong>initium</strong></span> <span class='ocrx_word' id='word_1_153' title='bbox 3448 852 3545 904; x_wconf 70' lang='lat' dir='ltr'><strong>vim</strong></span> 
     </span>
    </p>
   </div>
   <div class='ocr_carea' id='block_1_23' title="bbox 1969 925 3545 996">
    <p class='ocr_par' dir='ltr' id='par_1_23' title="bbox 1969 925 3545 996">
     <span class='ocr_line' id='line_1_23' title="bbox 1969 925 3545 996; baseline 0.009 -17"><span class='ocrx_word' id='word_1_154' title='bbox 1969 925 2196 980; x_wconf 84' lang='lat' dir='ltr'><strong>necdum</strong></span> <span class='ocrx_word' id='word_1_155' title='bbox 2226 927 2310 981; x_wconf 90' lang='lat' dir='ltr'><strong>via</strong></span> <span class='ocrx_word' id='word_1_156' title='bbox 2339 935 2440 989; x_wconf 91' lang='lat' dir='ltr'><strong>est,</strong></span> <span class='ocrx_word' id='word_1_157' title='bbox 2473 935 2528 980; x_wconf 91' lang='lat' dir='ltr'><strong>et</strong></span> <span class='ocrx_word' id='word_1_158' title='bbox 2572 928 2777 981; x_wconf 89' lang='lat' dir='ltr'><strong>initium</strong></span> <span class='ocrx_word' id='word_1_159' title='bbox 2823 928 3032 996; x_wconf 88' lang='lat' dir='ltr'><strong>domus,</strong></span> <span class='ocrx_word' id='word_1_160' title='bbox 3080 933 3307 988; x_wconf 89' lang='lat' dir='ltr'><strong>necdum</strong></span> <span class='ocrx_word' id='word_1_161' title='bbox 3355 937 3545 993; x_wconf 85' lang='lat' dir='ltr'><strong>domus</strong></span> 
     </span>
    </p>
   </div>
   <div class='ocr_carea' id='block_1_24' title="bbox 1967 1015 3546 1096">
    <p class='ocr_par' dir='ltr' id='par_1_24' title="bbox 1967 1015 3546 1096">
     <span class='ocr_line' id='line_1_24' title="bbox 1967 1015 3546 1096; baseline 0.007 -27"><span class='ocrx_word' id='word_1_162' title='bbox 1967 1023 2051 1069; x_wconf 84' lang='lat' dir='ltr'><strong>est</strong></span> <span class='ocrx_word' id='word_1_163' title='bbox 2077 1034 2090 1067; x_wconf 89' lang='lat'><strong>:</strong></span> <span class='ocrx_word' id='word_1_164' title='bbox 2114 1015 2194 1070; x_wconf 90' lang='lat' dir='ltr'><strong>sic</strong></span> <span class='ocrx_word' id='word_1_165' title='bbox 2221 1023 2276 1070; x_wconf 92' lang='lat' dir='ltr'><strong>et</strong></span> <span class='ocrx_word' id='word_1_166' title='bbox 2297 1016 2555 1086; x_wconf 86' lang='lat' dir='ltr'><strong>temporis</strong></span> <span class='ocrx_word' id='word_1_167' title='bbox 2583 1016 2825 1084; x_wconf 74' lang='lat' dir='ltr'><strong>initium,</strong></span> <span class='ocrx_word' id='word_1_168' title='bbox 2845 1019 3070 1074; x_wconf 89' lang='lat' dir='ltr'><strong>necdum</strong></span> <span class='ocrx_word' id='word_1_169' title='bbox 3092 1021 3306 1089; x_wconf 90' lang='lat' dir='ltr'><strong>plenum</strong></span> <span class='ocrx_word' id='word_1_170' title='bbox 3337 1033 3546 1096; x_wconf 83' lang='lat' dir='ltr'><strong>tempus</strong></span> 
     </span>
    </p>
   </div>
   <div class='ocr_carea' id='block_1_25' title="bbox 1967 1105 3546 1183">
    <p class='ocr_par' dir='ltr' id='par_1_25' title="bbox 1967 1105 3546 1183">
     <span class='ocr_line' id='line_1_25' title="bbox 1967 1105 3546 1183; baseline 0.006 -23"><span class='ocrx_word' id='word_1_171' title='bbox 1967 1112 2078 1171; x_wconf 90' lang='lat' dir='ltr'><strong>est;</strong></span> <span class='ocrx_word' id='word_1_172' title='bbox 2105 1105 2200 1160; x_wconf 86' lang='lat' dir='ltr'><strong>sed</strong></span> <span class='ocrx_word' id='word_1_173' title='bbox 2220 1121 2320 1160; x_wconf 92' lang='lat' dir='ltr'><strong>nec</strong></span> <span class='ocrx_word' id='word_1_174' title='bbox 2341 1106 2533 1174; x_wconf 82' lang='lat' dir='ltr'><strong>exigua</strong></span> <span class='ocrx_word' id='word_1_175' title='bbox 2555 1121 2680 1175; x_wconf 89' lang='lat' dir='ltr'><strong>pars</strong></span> <span class='ocrx_word' id='word_1_176' title='bbox 2701 1109 2976 1177; x_wconf 91' lang='lat' dir='ltr'><strong>temporis.</strong></span> <span class='ocrx_word' id='word_1_177' title='bbox 3002 1109 3154 1176; x_wconf 89' lang='lat' dir='ltr'><strong>Quod</strong></span> <span class='ocrx_word' id='word_1_178' title='bbox 3175 1113 3219 1165; x_wconf 90' lang='lat' dir='ltr'><strong>si</strong></span> <span class='ocrx_word' id='word_1_179' title='bbox 3241 1128 3546 1183; x_wconf 88' lang='lat' dir='ltr'><strong>repugnans</strong></span> 
     </span>
    </p>
   </div>
   <div class='ocr_carea' id='block_1_26' title="bbox 1965 1192 3546 1272">
    <p class='ocr_par' dir='ltr' id='par_1_26' title="bbox 1965 1192 3546 1272">
     <span class='ocr_line' id='line_1_26' title="bbox 1965 1192 3546 1272; baseline 0.007 -25"><span class='ocrx_word' id='word_1_180' title='bbox 1965 1192 2107 1248; x_wconf 86' lang='lat' dir='ltr'><strong>forte</strong></span> <span class='ocrx_word' id='word_1_181' title='bbox 2125 1193 2392 1265; x_wconf 82' lang='lat' dir='ltr'><strong>quispiam</strong></span> <span class='ocrx_word' id='word_1_182' title='bbox 2421 1195 2740 1264; x_wconf 89' lang='lat' dir='ltr'><strong>principium</strong></span> <span class='ocrx_word' id='word_1_183' title='bbox 2768 1195 2963 1252; x_wconf 83' lang='lat' dir='ltr'><strong>dixerit</strong></span> <span class='ocrx_word' id='word_1_184' title='bbox 2991 1213 3110 1253; x_wconf 87' lang='lat' dir='ltr'><strong>esse</strong></span> <span class='ocrx_word' id='word_1_185' title='bbox 3137 1208 3370 1272; x_wconf 85' lang='lat' dir='ltr'><strong>tempus,</strong></span> <span class='ocrx_word' id='word_1_186' title='bbox 3411 1206 3546 1260; x_wconf 86' lang='lat' dir='ltr'><strong>sciat</strong></span> 
     </span>
    </p>
   </div>
   <div class='ocr_carea' id='block_1_27' title="bbox 1966 1275 3541 1360">
    <p class='ocr_par' dir='ltr' id='par_1_27' title="bbox 1966 1275 3541 1360">
     <span class='ocr_line' id='line_1_27' title="bbox 1966 1275 3541 1360; baseline 0.007 -21"><span class='ocrx_word' id='word_1_187' title='bbox 1966 1285 2072 1340; x_wconf 87' lang='lat' dir='ltr'><strong>hoc</strong></span> <span class='ocrx_word' id='word_1_188' title='bbox 2098 1300 2217 1342; x_wconf 87' lang='lat' dir='ltr'><strong>esse</strong></span> <span class='ocrx_word' id='word_1_189' title='bbox 2243 1286 2536 1341; x_wconf 88' lang='lat' dir='ltr'><strong>divisurum</strong></span> <span class='ocrx_word' id='word_1_190' title='bbox 2566 1289 2618 1341; x_wconf 92' lang='lat' dir='ltr'><strong>in</strong></span> <span class='ocrx_word' id='word_1_191' title='bbox 2639 1275 3282 1360; x_wconf 59' lang='lat' dir='ltr'><strong>multiplices&#39;portiones,</strong></span> <span class='ocrx_word' id='word_1_192' title='bbox 3305 1295 3356 1348; x_wconf 90' lang='lat' dir='ltr'><strong>id</strong></span> <span class='ocrx_word' id='word_1_193' title='bbox 3386 1304 3468 1351; x_wconf 86' lang='lat' dir='ltr'><strong>est</strong></span> <span class='ocrx_word' id='word_1_194' title='bbox 3491 1299 3541 1350; x_wconf 89' lang='lat' dir='ltr'><strong>iu</strong></span> 
     </span>
    </p>
   </div>
   <div class='ocr_carea' id='block_1_28' title="bbox 1966 1368 3542 1452">
    <p class='ocr_par' dir='ltr' id='par_1_28' title="bbox 1966 1368 3542 1452">
     <span class='ocr_line' id='line_1_28' title="bbox 1966 1368 3542 1452; baseline 0.006 -23"><span class='ocrx_word' id='word_1_195' title='bbox 1966 1368 2216 1447; x_wconf 72' lang='lat' dir='ltr'><strong>primam,</strong></span> <span class='ocrx_word' id='word_1_196' title='bbox 2259 1377 2490 1432; x_wconf 90' lang='lat' dir='ltr'><strong>mediam</strong></span> <span class='ocrx_word' id='word_1_197' title='bbox 2533 1385 2589 1434; x_wconf 93' lang='lat' dir='ltr'><strong>et</strong></span> <span class='ocrx_word' id='word_1_198' title='bbox 2631 1390 2947 1434; x_wconf 89' lang='lat' dir='ltr'><strong>extremam.</strong></span> <span class='ocrx_word' id='word_1_199' title='bbox 2995 1379 3317 1452; x_wconf 88' lang='lat' dir='ltr'><strong>Principium</strong></span> <span class='ocrx_word' id='word_1_200' title='bbox 3364 1394 3542 1440; x_wconf 86' lang='lat' dir='ltr'><strong>autem</strong></span> 
     </span>
    </p>
   </div>
   <div class='ocr_carea' id='block_1_29' title="bbox 1966 1467 3545 1540">
    <p class='ocr_par' dir='ltr' id='par_1_29' title="bbox 1966 1467 3545 1540">
     <span class='ocr_line' id='line_1_29' title="bbox 1966 1467 3545 1540; baseline 0.002 -18"><span class='ocrx_word' id='word_1_201' title='bbox 1966 1467 2212 1539; x_wconf 88' lang='lat' dir='ltr'><strong>principii</strong></span> <span class='ocrx_word' id='word_1_202' title='bbox 2231 1482 2470 1538; x_wconf 64' lang='lat' dir='ltr'><strong>quaerere</strong></span> <span class='ocrx_word' id='word_1_203' title='bbox 2493 1468 2772 1524; x_wconf 89' lang='lat' dir='ltr'><strong>ridiculum</strong></span> <span class='ocrx_word' id='word_1_204' title='bbox 2792 1470 3004 1538; x_wconf 91' lang='lat' dir='ltr'><strong>penitus</strong></span> <span class='ocrx_word' id='word_1_205' title='bbox 3023 1479 3079 1524; x_wconf 90' lang='lat' dir='ltr'><strong>et</strong></span> <span class='ocrx_word' id='word_1_206' title='bbox 3098 1471 3334 1540; x_wconf 90' lang='lat' dir='ltr'><strong>ineptum</strong></span> <span class='ocrx_word' id='word_1_207' title='bbox 3355 1481 3458 1528; x_wconf 88' lang='lat' dir='ltr'><strong>est.</strong></span> <span class='ocrx_word' id='word_1_208' title='bbox 3477 1472 3545 1527; x_wconf 86' lang='lat' dir='ltr'><strong>Et</strong></span> 
     </span>
    </p>
   </div>
   <div class='ocr_carea' id='block_1_30' title="bbox 1966 1559 3543 1633">
    <p class='ocr_par' dir='ltr' id='par_1_30' title="bbox 1966 1559 3543 1633">
     <span class='ocr_line' id='line_1_30' title="bbox 1966 1559 3543 1633; baseline 0.003 -19"><span class='ocrx_word' id='word_1_209' title='bbox 1966 1561 2060 1628; x_wconf 90' lang='lat' dir='ltr'><strong>qui</strong></span> <span class='ocrx_word' id='word_1_210' title='bbox 2086 1559 2274 1615; x_wconf 90' lang='lat' dir='ltr'><strong>dividit</strong></span> <span class='ocrx_word' id='word_1_211' title='bbox 2297 1561 2636 1631; x_wconf 89' lang='lat' dir='ltr'><strong>principium,</strong></span> <span class='ocrx_word' id='word_1_212' title='bbox 2657 1561 2791 1616; x_wconf 91' lang='lat' dir='ltr'><strong>duas</strong></span> <span class='ocrx_word' id='word_1_213' title='bbox 2811 1562 3113 1618; x_wconf 87' lang='lat' dir='ltr'><strong>necessario</strong></span> <span class='ocrx_word' id='word_1_214' title='bbox 3140 1562 3300 1618; x_wconf 78' lang='lat' dir='ltr'><strong>faciet</strong></span> <span class='ocrx_word' id='word_1_215' title='bbox 3319 1580 3418 1633; x_wconf 91' lang='lat' dir='ltr'><strong>pro</strong></span> <span class='ocrx_word' id='word_1_216' title='bbox 3437 1579 3543 1618; x_wconf 88' lang='lat' dir='ltr'><strong>una</strong></span> 
     </span>
    </p>
   </div>
   <div class='ocr_carea' id='block_1_31' title="bbox 1965 1653 3544 1724">
    <p class='ocr_par' dir='ltr' id='par_1_31' title="bbox 1965 1653 3544 1724">
     <span class='ocr_line' id='line_1_31' title="bbox 1965 1653 3544 1724; baseline 0.001 -18"><span class='ocrx_word' id='word_1_217' title='bbox 1965 1660 2165 1723; x_wconf 89' lang='lat' dir='ltr'><strong>partes,</strong></span> <span class='ocrx_word' id='word_1_218' title='bbox 2179 1653 2263 1707; x_wconf 89' lang='lat' dir='ltr'><strong>vel</strong></span> <span class='ocrx_word' id='word_1_219' title='bbox 2280 1653 2698 1722; x_wconf 90' lang='lat' dir='ltr'><strong>potius,plures;</strong></span> <span class='ocrx_word' id='word_1_220' title='bbox 2717 1662 2739 1689; x_wconf 79' lang='grc' dir='ltr'>ε</span> <span class='ocrx_word' id='word_1_221' title='bbox 2753 1653 3004 1721; x_wconf 91' lang='lat' dir='ltr'><strong>quoniam</strong></span> <span class='ocrx_word' id='word_1_222' title='bbox 3025 1668 3234 1724; x_wconf 84' lang='lat' dir='ltr'><strong>semper</strong></span> <span class='ocrx_word' id='word_1_223' title='bbox 3254 1655 3380 1708; x_wconf 89' lang='lat' dir='ltr'><strong>illud</strong></span> <span class='ocrx_word' id='word_1_224' title='bbox 3401 1657 3544 1723; x_wconf 83' lang='lat' dir='ltr'><strong>quod</strong></span> 
     </span>
    </p>
   </div>
   <div class='ocr_carea' id='block_1_32' title="bbox 1966 1742 3544 1817">
    <p class='ocr_par' dir='ltr' id='par_1_32' title="bbox 1966 1742 3544 1817">
     <span class='ocr_line' id='line_1_32' title="bbox 1966 1742 3544 1817; baseline 0.003 -20"><span class='ocrx_word' id='word_1_225' title='bbox 1966 1743 2192 1798; x_wconf 86' lang='lat' dir='ltr'><strong>divisum</strong></span> <span class='ocrx_word' id='word_1_226' title='bbox 2241 1742 2418 1809; x_wconf 86' lang='lat' dir='ltr'><strong>fuerit,</strong></span> <span class='ocrx_word' id='word_1_227' title='bbox 2466 1745 2518 1797; x_wconf 93' lang='lat' dir='ltr'><strong>in</strong></span> <span class='ocrx_word' id='word_1_228' title='bbox 2556 1743 2687 1798; x_wconf 91' lang='lat' dir='ltr'><strong>duas</strong></span> <span class='ocrx_word' id='word_1_229' title='bbox 2727 1745 2842 1799; x_wconf 93' lang='lat' dir='ltr'><strong>sine</strong></span> <span class='ocrx_word' id='word_1_230' title='bbox 2869 1744 3029 1799; x_wconf 91' lang='lat' dir='ltr'><strong>dubio</strong></span> <span class='ocrx_word' id='word_1_231' title='bbox 3057 1746 3314 1801; x_wconf 85' lang='lat' dir='ltr'><strong>scinditur</strong></span> <span class='ocrx_word' id='word_1_232' title='bbox 3341 1749 3544 1817; x_wconf 89' lang='lat' dir='ltr'><strong>portio-</strong></span> 
     </span>
    </p>
   </div>
   <div class='ocr_carea' id='block_1_33' title="bbox 285 1820 3544 1902">
    <p class='ocr_par' dir='ltr' id='par_1_33' title="bbox 285 1820 3544 1902">
     <span class='ocr_line' id='line_1_33' title="bbox 285 1820 3544 1902; baseline 0 -18"><span class='ocrx_word' id='word_1_233' title='bbox 285 1847 393 1895; x_wconf 81' lang='lat' dir='ltr'><strong>xw,</strong></span> <span class='ocrx_word' id='word_1_234' title='bbox 419 1829 496 1900; x_wconf 84' lang='lat'><strong>5).</strong></span> <span class='ocrx_word' id='word_1_235' title='bbox 531 1829 608 1883; x_wconf 85' lang='lat' dir='ltr'><strong>Ex</strong></span> <span class='ocrx_word' id='word_1_236' title='bbox 641 1829 800 1898; x_wconf 89' lang='lat' dir='ltr'><strong>justis</strong></span> <span class='ocrx_word' id='word_1_237' title='bbox 845 1829 987 1883; x_wconf 92' lang='lat' dir='ltr'><strong>enim</strong></span> <span class='ocrx_word' id='word_1_238' title='bbox 1015 1826 1270 1898; x_wconf 85' lang='lat' dir='ltr'><strong>operibus</strong></span> <span class='ocrx_word' id='word_1_239' title='bbox 1298 1826 1583 1880; x_wconf 81' lang='lat' dir='ltr'><strong>incitantur</strong></span> <span class='ocrx_word' id='word_1_240' title='bbox 1611 1823 1678 1878; x_wconf 90' lang='lat' dir='ltr'><strong>ad</strong></span> <span class='ocrx_word' id='word_1_241' title='bbox 1705 1825 1865 1880; x_wconf 89' lang='lat' dir='ltr'><strong>beate</strong></span> <span class='ocrx_word' id='word_1_242' title='bbox 1892 1820 1941 1880; x_wconf 80' lang='grc' dir='ltr'><strong>Β</strong></span> <span class='ocrx_word' id='word_1_243' title='bbox 1967 1848 2083 1888; x_wconf 82' lang='lat' dir='ltr'><strong>nes.</strong></span> <span class='ocrx_word' id='word_1_244' title='bbox 2115 1832 2256 1902; x_wconf 75' lang='lat' dir='ltr'><strong>Ergo</strong></span> <span class='ocrx_word' id='word_1_245' title='bbox 2296 1842 2354 1887; x_wconf 84' lang='lat' dir='ltr'><strong>ut</strong></span> <span class='ocrx_word' id='word_1_246' title='bbox 2387 1833 2706 1888; x_wconf 82' lang='lat' dir='ltr'><strong>doceremur</strong></span> <span class='ocrx_word' id='word_1_247' title='bbox 2748 1834 2904 1888; x_wconf 87' lang='lat' dir='ltr'><strong>simul</strong></span> <span class='ocrx_word' id='word_1_248' title='bbox 2953 1849 3075 1889; x_wconf 89' lang='lat' dir='ltr'><strong>cum</strong></span> <span class='ocrx_word' id='word_1_249' title='bbox 3121 1835 3219 1890; x_wconf 87' lang='lat' dir='ltr'><strong>Dei</strong></span> <span class='ocrx_word' id='word_1_250' title='bbox 3266 1837 3544 1892; x_wconf 76' lang='lat' dir='ltr'><strong>voluntate</strong></span> 
     </span>
    </p>
   </div>
   <div class='ocr_carea' id='block_1_34' title="bbox 282 1915 1865 1990">
    <p class='ocr_par' dir='ltr' id='par_1_34' title="bbox 282 1915 1865 1990">
     <span class='ocr_line' id='line_1_34' title="bbox 282 1915 1865 1990; baseline -0.003 -14"><span class='ocrx_word' id='word_1_251' title='bbox 282 1923 591 1977; x_wconf 82' lang='lat' dir='ltr'><strong>vivendum.</strong></span> <span class='ocrx_word' id='word_1_252' title='bbox 625 1921 828 1976; x_wconf 91' lang='lat' dir='ltr'><strong>Dicitur</strong></span> <span class='ocrx_word' id='word_1_253' title='bbox 852 1921 1015 1974; x_wconf 90' lang='lat' dir='ltr'><strong>etiam</strong></span> <span class='ocrx_word' id='word_1_254' title='bbox 1035 1919 1361 1990; x_wconf 90' lang='lat' dir='ltr'><strong>principium</strong></span> <span class='ocrx_word' id='word_1_255' title='bbox 1389 1916 1508 1986; x_wconf 89' lang='lat' dir='ltr'><strong>ejus</strong></span> <span class='ocrx_word' id='word_1_256' title='bbox 1544 1915 1623 1971; x_wconf 90' lang='lat' dir='ltr'><strong>rei</strong></span> <span class='ocrx_word' id='word_1_257' title='bbox 1659 1931 1778 1985; x_wconf 71' lang='lat' dir='ltr'><strong>qua:</strong></span> <span class='ocrx_word' id='word_1_258' title='bbox 1805 1915 1865 1972; x_wconf 81' lang='lat' dir='ltr'><strong>fit</strong></span> 
     </span>
    </p>
   </div>
   <div class='ocr_carea' id='block_1_35' title="bbox 282 2005 1864 2082">
    <p class='ocr_par' dir='ltr' id='par_1_35' title="bbox 282 2005 1864 2082">
     <span class='ocr_line' id='line_1_35' title="bbox 282 2005 1864 2082; baseline -0.004 -14"><span class='ocrx_word' id='word_1_259' title='bbox 282 2029 352 2068; x_wconf 90' lang='lat' dir='ltr'><strong>ex</strong></span> <span class='ocrx_word' id='word_1_260' title='bbox 398 2014 579 2082; x_wconf 88' lang='lat' dir='ltr'><strong>aliqua</strong></span> <span class='ocrx_word' id='word_1_261' title='bbox 611 2023 631 2051; x_wconf 76' lang='grc' dir='ltr'><strong>ε</strong></span> <span class='ocrx_word' id='word_1_262' title='bbox 666 2013 988 2067; x_wconf 86' lang='lat' dir='ltr'><strong>subsistente</strong></span> <span class='ocrx_word' id='word_1_263' title='bbox 1036 2010 1280 2074; x_wconf 87' lang='lat' dir='ltr'><strong>materia,</strong></span> <span class='ocrx_word' id='word_1_264' title='bbox 1331 2009 1471 2063; x_wconf 88' lang='lat' dir='ltr'><strong>sicut</strong></span> <span class='ocrx_word' id='word_1_265' title='bbox 1515 2007 1569 2061; x_wconf 93' lang='lat' dir='ltr'><strong>in</strong></span> <span class='ocrx_word' id='word_1_266' title='bbox 1617 2005 1864 2063; x_wconf 84' lang='lat' dir='ltr'><strong>domibus</strong></span> 
     </span>
    </p>
   </div>
   <div class='ocr_carea' id='block_1_36' title="bbox 285 2098 1863 2168">
    <p class='ocr_par' dir='ltr' id='par_1_36' title="bbox 285 2098 1863 2168">
     <span class='ocr_line' id='line_1_36' title="bbox 285 2098 1863 2168; baseline -0.003 -9"><span class='ocrx_word' id='word_1_267' title='bbox 285 2104 710 2168; x_wconf 88' lang='lat' dir='ltr'><strong>fundamentum,</strong></span> <span class='ocrx_word' id='word_1_268' title='bbox 742 2103 795 2156; x_wconf 91' lang='lat' dir='ltr'><strong>in</strong></span> <span class='ocrx_word' id='word_1_269' title='bbox 825 2102 1047 2157; x_wconf 88' lang='lat' dir='ltr'><strong>navibus</strong></span> <span class='ocrx_word' id='word_1_270' title='bbox 1073 2101 1279 2165; x_wconf 84' lang='lat' dir='ltr'><strong>carina,</strong></span> <span class='ocrx_word' id='word_1_271' title='bbox 1307 2108 1363 2154; x_wconf 93' lang='lat' dir='ltr'><strong>et</strong></span> <span class='ocrx_word' id='word_1_272' title='bbox 1401 2098 1693 2154; x_wconf 89' lang='lat' dir='ltr'><strong>secundum</strong></span> <span class='ocrx_word' id='word_1_273' title='bbox 1718 2099 1863 2168; x_wconf 92' lang='lat' dir='ltr'><strong>quod</strong></span> 
     </span>
    </p>
   </div>
   <div class='ocr_carea' id='block_1_37' title="bbox 285 2187 1860 2264">
    <p class='ocr_par' dir='ltr' id='par_1_37' title="bbox 285 2187 1860 2264">
     <span class='ocr_line' id='line_1_37' title="bbox 285 2187 1860 2264; baseline -0.003 -15"><span class='ocrx_word' id='word_1_274' title='bbox 285 2196 490 2250; x_wconf 84' lang='lat' dir='ltr'><strong>dictum</strong></span> <span class='ocrx_word' id='word_1_275' title='bbox 529 2203 651 2248; x_wconf 91' lang='lat' dir='ltr'><strong>est:</strong></span> <span class='ocrx_word' id='word_1_276' title='bbox 695 2192 911 2248; x_wconf 77' lang='lat' dir='ltr'><strong>Initium</strong></span> <span class='ocrx_word' id='word_1_277' title='bbox 936 2194 1205 2264; x_wconf 74' lang='lat' dir='ltr'><strong>sapientia:</strong></span> <span class='ocrx_word' id='word_1_278' title='bbox 1245 2193 1396 2245; x_wconf 82' lang='lat' dir='ltr'><strong>timor</strong></span> <span class='ocrx_word' id='word_1_279' title='bbox 1437 2189 1650 2244; x_wconf 83' lang='lat' dir='ltr'><strong>Domini</strong></span> <span class='ocrx_word' id='word_1_280' title='bbox 1677 2187 1860 2260; x_wconf 83' lang='lat' dir='ltr'><strong>(Prov.</strong></span> 
     </span>
    </p>
   </div>
   <div class='ocr_carea' id='block_1_38' title="bbox 287 2282 1861 2357">
    <p class='ocr_par' dir='ltr' id='par_1_38' title="bbox 287 2282 1861 2357">
     <span class='ocr_line' id='line_1_38' title="bbox 287 2282 1861 2357; baseline -0.001 -17"><span class='ocrx_word' id='word_1_281' title='bbox 287 2303 327 2352; x_wconf 87' lang='grc' dir='ltr'><strong>ι,</strong></span> <span class='ocrx_word' id='word_1_282' title='bbox 351 2286 429 2357; x_wconf 87' lang='grc'><strong>7).</strong></span> <span class='ocrx_word' id='word_1_283' title='bbox 460 2284 671 2340; x_wconf 81' lang='lat' dir='ltr'><strong>Etenim</strong></span> <span class='ocrx_word' id='word_1_284' title='bbox 703 2293 955 2355; x_wconf 83' lang='lat' dir='ltr'><strong>tanquam</strong></span> <span class='ocrx_word' id='word_1_285' title='bbox 988 2285 1379 2338; x_wconf 90' lang='lat' dir='ltr'><strong>munimentum</strong></span> <span class='ocrx_word' id='word_1_286' title='bbox 1405 2290 1459 2337; x_wconf 92' lang='lat' dir='ltr'><strong>et</strong></span> <span class='ocrx_word' id='word_1_287' title='bbox 1496 2282 1861 2338; x_wconf 89' lang='lat' dir='ltr'><strong>fulcimentum</strong></span> 
     </span>
    </p>
   </div>
   <div class='ocr_carea' id='block_1_39' title="bbox 285 2374 1861 2446">
    <p class='ocr_par' dir='ltr' id='par_1_39' title="bbox 285 2374 1861 2446">
     <span class='ocr_line' id='line_1_39' title="bbox 285 2374 1861 2446; baseline -0.002 -15"><span class='ocrx_word' id='word_1_288' title='bbox 285 2376 557 2446; x_wconf 88' lang='lat' dir='ltr'><strong>quoddam</strong></span> <span class='ocrx_word' id='word_1_289' title='bbox 587 2377 653 2430; x_wconf 91' lang='lat' dir='ltr'><strong>ad</strong></span> <span class='ocrx_word' id='word_1_290' title='bbox 680 2375 803 2431; x_wconf 77' lang='lat' dir='ltr'><strong>fidei</strong></span> <span class='ocrx_word' id='word_1_291' title='bbox 833 2375 1156 2442; x_wconf 86' lang='lat' dir='ltr'><strong>ﬁrmitatem,</strong></span> <span class='ocrx_word' id='word_1_292' title='bbox 1188 2374 1470 2445; x_wconf 64' lang='lat' dir='ltr'><strong>praefertur</strong></span> <span class='ocrx_word' id='word_1_293' title='bbox 1493 2389 1704 2444; x_wconf 89' lang='lat' dir='ltr'><strong>semper</strong></span> <span class='ocrx_word' id='word_1_294' title='bbox 1740 2390 1861 2430; x_wconf 92' lang='lat' dir='ltr'><strong>cum</strong></span> 
     </span>
    </p>
   </div>
   <div class='ocr_carea' id='block_1_40' title="bbox 288 2463 1862 2534">
    <p class='ocr_par' dir='ltr' id='par_1_40' title="bbox 288 2463 1862 2534">
     <span class='ocr_line' id='line_1_40' title="bbox 288 2463 1862 2534; baseline -0.001 -14"><span class='ocrx_word' id='word_1_295' title='bbox 288 2468 486 2522; x_wconf 88' lang='lat' dir='ltr'><strong>timore</strong></span> <span class='ocrx_word' id='word_1_296' title='bbox 534 2466 742 2534; x_wconf 82' lang='lat' dir='ltr'><strong>religio.</strong></span> <span class='ocrx_word' id='word_1_297' title='bbox 775 2464 879 2520; x_wconf 91' lang='lat' dir='ltr'><strong>Sed</strong></span> <span class='ocrx_word' id='word_1_298' title='bbox 925 2474 980 2519; x_wconf 91' lang='lat' dir='ltr'><strong>et</strong></span> <span class='ocrx_word' id='word_1_299' title='bbox 1015 2465 1392 2520; x_wconf 90' lang='lat' dir='ltr'><strong>structibilium</strong></span> <span class='ocrx_word' id='word_1_300' title='bbox 1433 2475 1656 2533; x_wconf 89' lang='lat' dir='ltr'><strong>operum</strong></span> <span class='ocrx_word' id='word_1_301' title='bbox 1691 2463 1862 2533; x_wconf 91' lang='lat' dir='ltr'><strong>prima</strong></span> 
     </span>
    </p>
   </div>
   <div class='ocr_carea' id='block_1_41' title="bbox 287 2554 1861 2628">
    <p class='ocr_par' dir='ltr' id='par_1_41' title="bbox 287 2554 1861 2628">
     <span class='ocr_line' id='line_1_41' title="bbox 287 2554 1861 2628; baseline 0 -18"><span class='ocrx_word' id='word_1_302' title='bbox 287 2572 412 2628; x_wconf 89' lang='lat' dir='ltr'><strong>pars</strong></span> <span class='ocrx_word' id='word_1_303' title='bbox 441 2557 758 2628; x_wconf 88' lang='lat' dir='ltr'><strong>principium</strong></span> <span class='ocrx_word' id='word_1_304' title='bbox 787 2565 1125 2627; x_wconf 91' lang='lat' dir='ltr'><strong>nuncupatur</strong></span> <span class='ocrx_word' id='word_1_305' title='bbox 1156 2575 1168 2609; x_wconf 91' lang='lat'><strong>:</strong></span> <span class='ocrx_word' id='word_1_306' title='bbox 1193 2557 1333 2611; x_wconf 91' lang='lat' dir='ltr'><strong>sicut</strong></span> <span class='ocrx_word' id='word_1_307' title='bbox 1351 2555 1612 2624; x_wconf 86' lang='lat' dir='ltr'><strong>sapientia</strong></span> <span class='ocrx_word' id='word_1_308' title='bbox 1645 2554 1861 2611; x_wconf 89' lang='lat' dir='ltr'><strong>Besele-</strong></span> 
     </span>
    </p>
   </div>
   <div class='ocr_carea' id='block_1_42' title="bbox 286 2644 1863 2720">
    <p class='ocr_par' dir='ltr' id='par_1_42' title="bbox 286 2644 1863 2720">
     <span class='ocr_line' id='line_1_42' title="bbox 286 2644 1863 2720; baseline -0.003 -15"><span class='ocrx_word' id='word_1_309' title='bbox 286 2650 377 2705; x_wconf 78' lang='lat' dir='ltr'><strong>liet</strong></span> <span class='ocrx_word' id='word_1_310' title='bbox 401 2665 530 2720; x_wconf 86' lang='lat' dir='ltr'><strong>erga</strong></span> <span class='ocrx_word' id='word_1_311' title='bbox 562 2650 892 2704; x_wconf 88' lang='lat' dir='ltr'><strong>tabernaculi</strong></span> <span class='ocrx_word' id='word_1_312' title='bbox 933 2649 1115 2703; x_wconf 91' lang='lat' dir='ltr'><strong>decus.</strong></span> <span class='ocrx_word' id='word_1_313' title='bbox 1147 2647 1376 2703; x_wconf 82' lang='lat' dir='ltr'><strong>Actuum</strong></span> <span class='ocrx_word' id='word_1_314' title='bbox 1401 2661 1616 2717; x_wconf 90' lang='lat' dir='ltr'><strong>quoque</strong></span> <span class='ocrx_word' id='word_1_315' title='bbox 1664 2644 1724 2700; x_wconf 84' lang='lat' dir='ltr'><strong>fit</strong></span> <span class='ocrx_word' id='word_1_316' title='bbox 1749 2647 1863 2717; x_wconf 88' lang='lat' dir='ltr'><strong>ple-</strong></span> 
     </span>
    </p>
   </div>
   <div class='ocr_carea' id='block_1_43' title="bbox 286 2739 1866 2810">
    <p class='ocr_par' dir='ltr' id='par_1_43' title="bbox 286 2739 1866 2810">
     <span class='ocr_line' id='line_1_43' title="bbox 286 2739 1866 2810; baseline -0.001 -16"><span class='ocrx_word' id='word_1_317' title='bbox 286 2755 516 2809; x_wconf 91' lang='lat' dir='ltr'><strong>rumque</strong></span> <span class='ocrx_word' id='word_1_318' title='bbox 544 2739 862 2810; x_wconf 89' lang='lat' dir='ltr'><strong>principium</strong></span> <span class='ocrx_word' id='word_1_319' title='bbox 887 2740 1060 2794; x_wconf 90' lang='lat' dir='ltr'><strong>bonus</strong></span> <span class='ocrx_word' id='word_1_320' title='bbox 1088 2739 1264 2793; x_wconf 91' lang='lat' dir='ltr'><strong>exitus</strong></span> <span class='ocrx_word' id='word_1_321' title='bbox 1290 2739 1628 2808; x_wconf 90' lang='lat' dir='ltr'><strong>inceptorum</strong></span> <span class='ocrx_word' id='word_1_322' title='bbox 1674 2757 1686 2792; x_wconf 91' lang='lat'>:</span> <span class='ocrx_word' id='word_1_323' title='bbox 1726 2739 1866 2794; x_wconf 89' lang='lat' dir='ltr'><strong>sicut</strong></span> 
     </span>
    </p>
   </div>
   <div class='ocr_carea' id='block_1_44' title="bbox 285 2830 1865 2901">
    <p class='ocr_par' dir='ltr' id='par_1_44' title="bbox 285 2830 1865 2901">
     <span class='ocr_line' id='line_1_44' title="bbox 285 2830 1865 2901; baseline 0.001 -17"><span class='ocrx_word' id='word_1_324' title='bbox 285 2832 338 2886; x_wconf 92' lang='lat' dir='ltr'><strong>in</strong></span> <span class='ocrx_word' id='word_1_325' title='bbox 361 2832 609 2898; x_wconf 81' lang='lat' dir='ltr'><strong>largitate</strong></span> <span class='ocrx_word' id='word_1_326' title='bbox 628 2830 1024 2897; x_wconf 68' lang='lat' dir='ltr'><strong>misericordia),</strong></span> <span class='ocrx_word' id='word_1_327' title='bbox 1046 2831 1286 2898; x_wconf 88' lang='lat' dir='ltr'><strong>sequitur</strong></span> <span class='ocrx_word' id='word_1_328' title='bbox 1312 2831 1641 2901; x_wconf 89' lang='lat' dir='ltr'><strong>prosperitas</strong></span> <span class='ocrx_word' id='word_1_329' title='bbox 1670 2831 1785 2895; x_wconf 89' lang='lat' dir='ltr'><strong>Dei,</strong></span> <span class='ocrx_word' id='word_1_330' title='bbox 1809 2841 1865 2886; x_wconf 91' lang='lat' dir='ltr'><strong>et</strong></span> 
     </span>
    </p>
   </div>
   <div class='ocr_carea' id='block_1_45' title="bbox 284 2919 1861 2992">
    <p class='ocr_par' dir='ltr' id='par_1_45' title="bbox 284 2919 1861 2992">
     <span class='ocr_line' id='line_1_45' title="bbox 284 2919 1861 2992; baseline 0.001 -17"><span class='ocrx_word' id='word_1_331' title='bbox 284 2920 339 2975; x_wconf 88' lang='lat' dir='ltr'><strong>in</strong></span> <span class='ocrx_word' id='word_1_332' title='bbox 359 2921 677 2992; x_wconf 89' lang='lat' dir='ltr'><strong>operatione</strong></span> <span class='ocrx_word' id='word_1_333' title='bbox 699 2921 974 2987; x_wconf 87' lang='lat' dir='ltr'><strong>virtutum,</strong></span> <span class='ocrx_word' id='word_1_334' title='bbox 1005 2919 1122 2975; x_wconf 85' lang='lat' dir='ltr'><strong>finis</strong></span> <span class='ocrx_word' id='word_1_335' title='bbox 1151 2921 1238 2975; x_wconf 93' lang='lat' dir='ltr'><strong>ille</strong></span> <span class='ocrx_word' id='word_1_336' title='bbox 1266 2921 1510 2987; x_wconf 91' lang='lat' dir='ltr'><strong>habetur,</strong></span> <span class='ocrx_word' id='word_1_337' title='bbox 1535 2923 1626 2992; x_wconf 95' lang='lat' dir='ltr'><strong>qui</strong></span> <span class='ocrx_word' id='word_1_338' title='bbox 1651 2922 1702 2976; x_wconf 91' lang='lat' dir='ltr'><strong>in</strong></span> <span class='ocrx_word' id='word_1_339' title='bbox 1733 2938 1861 2992; x_wconf 92' lang='lat' dir='ltr'><strong>pro-</strong></span> 
     </span>
    </p>
   </div>
   <div class='ocr_carea' id='block_1_46' title="bbox 286 3011 981 3089">
    <p class='ocr_par' dir='ltr' id='par_1_46' title="bbox 286 3011 981 3089">
     <span class='ocr_line' id='line_1_46' title="bbox 286 3011 981 3089; baseline -0.003 -23"><span class='ocrx_word' id='word_1_340' title='bbox 286 3011 632 3089; x_wconf 85' lang='lat' dir='ltr'><strong>missionibus</strong></span> <span class='ocrx_word' id='word_1_341' title='bbox 651 3019 732 3066; x_wconf 87' lang='lat' dir='ltr'><strong>est</strong></span> <span class='ocrx_word' id='word_1_342' title='bbox 756 3011 981 3065; x_wconf 88' lang='lat' dir='ltr'><strong>iocatus.</strong></span> 
     </span>
    </p>
   </div>
   <div class='ocr_carea' id='block_1_47' title="bbox 357 3103 1859 3175">
    <p class='ocr_par' dir='ltr' id='par_1_47' title="bbox 357 3103 1859 3175">
     <span class='ocr_line' id='line_1_47' title="bbox 357 3103 1859 3175; baseline 0.001 -17"><span class='ocrx_word' id='word_1_343' title='bbox 357 3105 408 3158; x_wconf 81' lang='lat'><strong>6.</strong></span> <span class='ocrx_word' id='word_1_344' title='bbox 453 3103 638 3160; x_wconf 86' lang='lat' dir='ltr'><strong>Toties</strong></span> <span class='ocrx_word' id='word_1_345' title='bbox 665 3105 825 3173; x_wconf 79' lang='lat' dir='ltr'><strong>igitur</strong></span> <span class='ocrx_word' id='word_1_346' title='bbox 868 3104 1141 3160; x_wconf 92' lang='lat' dir='ltr'><strong>nominato</strong></span> <span class='ocrx_word' id='word_1_347' title='bbox 1181 3105 1467 3175; x_wconf 90' lang='lat' dir='ltr'><strong>principio,</strong></span> <span class='ocrx_word' id='word_1_348' title='bbox 1508 3105 1788 3161; x_wconf 87' lang='lat' dir='ltr'><strong>considera</strong></span> <span class='ocrx_word' id='word_1_349' title='bbox 1816 3107 1859 3160; x_wconf 91' lang='lat' dir='ltr'><strong>si</strong></span> 
     </span>
    </p>
   </div>
   <div class='ocr_carea' id='block_1_48' title="bbox 1965 1923 3546 1998">
    <p class='ocr_par' dir='ltr' id='par_1_48' title="bbox 1965 1923 3546 1998">
     <span class='ocr_line' id='line_1_48' title="bbox 1965 1923 3546 1998; baseline 0.002 -20"><span class='ocrx_word' id='word_1_350' title='bbox 1965 1923 2222 1982; x_wconf 86' lang='lat' dir='ltr'><strong>mundum</strong></span> <span class='ocrx_word' id='word_1_351' title='bbox 2250 1925 2365 1978; x_wconf 87' lang='lat' dir='ltr'><strong>sine</strong></span> <span class='ocrx_word' id='word_1_352' title='bbox 2405 1933 2647 1994; x_wconf 85' lang='lat' dir='ltr'><strong>tempore</strong></span> <span class='ocrx_word' id='word_1_353' title='bbox 2689 1923 3006 1986; x_wconf 84' lang='lat' dir='ltr'><strong>substitisse,</strong></span> <span class='ocrx_word' id='word_1_354' title='bbox 3039 1924 3171 1979; x_wconf 91' lang='lat' dir='ltr'><strong>dixit</strong></span> <span class='ocrx_word' id='word_1_355' title='bbox 3211 1943 3224 1978; x_wconf 92' lang='lat'><strong>:</strong></span> <span class='ocrx_word' id='word_1_356' title='bbox 3257 1924 3323 1980; x_wconf 86' lang='lat' dir='ltr'><strong>In</strong></span> <span class='ocrx_word' id='word_1_357' title='bbox 3350 1928 3546 1998; x_wconf 83' lang='lat' dir='ltr'><strong>princi-</strong></span> 
     </span>
    </p>
   </div>
   <div class='ocr_carea' id='block_1_49' title="bbox 1965 2013 3542 2089">
    <p class='ocr_par' dir='ltr' id='par_1_49' title="bbox 1965 2013 3542 2089">
     <span class='ocr_line' id='line_1_49' title="bbox 1965 2013 3542 2089; baseline 0.004 -21"><span class='ocrx_word' id='word_1_358' title='bbox 1965 2016 2051 2084; x_wconf 84' lang='lat' dir='ltr'><strong>pio</strong></span> <span class='ocrx_word' id='word_1_359' title='bbox 2095 2015 2238 2085; x_wconf 80' lang='lat' dir='ltr'><strong>fecit.</strong></span> <span class='ocrx_word' id='word_1_360' title='bbox 2270 2013 2440 2080; x_wconf 91' lang='lat' dir='ltr'><strong>Quam</strong></span> <span class='ocrx_word' id='word_1_361' title='bbox 2467 2029 2582 2068; x_wconf 89' lang='lat' dir='ltr'><strong>rem</strong></span> <span class='ocrx_word' id='word_1_362' title='bbox 2611 2015 2747 2069; x_wconf 88' lang='lat' dir='ltr'><strong>certi</strong></span> <span class='ocrx_word' id='word_1_363' title='bbox 2775 2015 3094 2086; x_wconf 90' lang='lat' dir='ltr'><strong>interpretes</strong></span> <span class='ocrx_word' id='word_1_364' title='bbox 3123 2017 3332 2087; x_wconf 91' lang='lat' dir='ltr'><strong>planius</strong></span> <span class='ocrx_word' id='word_1_365' title='bbox 3371 2033 3542 2089; x_wconf 88' lang='lat' dir='ltr'><strong>expo-</strong></span> 
     </span>
    </p>
   </div>
   <div class='ocr_carea' id='block_1_50' title="bbox 1966 2105 3544 2177">
    <p class='ocr_par' dir='ltr' id='par_1_50' title="bbox 1966 2105 3544 2177">
     <span class='ocr_line' id='line_1_50' title="bbox 1966 2105 3544 2177; baseline 0.003 -17"><span class='ocrx_word' id='word_1_366' title='bbox 1966 2113 2177 2167; x_wconf 86' lang='lat' dir='ltr'><strong>nentes,</strong></span> <span class='ocrx_word' id='word_1_367' title='bbox 2202 2105 2452 2160; x_wconf 90' lang='lat' dir='ltr'><strong>dixerunt</strong></span> <span class='ocrx_word' id='word_1_368' title='bbox 2483 2124 2496 2159; x_wconf 89' lang='lat'><strong>:</strong></span> <span class='ocrx_word' id='word_1_369' title='bbox 2529 2105 2839 2160; x_wconf 88' lang='lat' dir='ltr'><strong>Summatim</strong></span> <span class='ocrx_word' id='word_1_370' title='bbox 2868 2108 2988 2177; x_wconf 78' lang='lat' dir='ltr'><strong>fecit</strong></span> <span class='ocrx_word' id='word_1_371' title='bbox 3015 2106 3176 2170; x_wconf 79' lang='lat' dir='ltr'><strong>Deus,</strong></span> <span class='ocrx_word' id='word_1_372' title='bbox 3207 2108 3260 2162; x_wconf 88' lang='lat' dir='ltr'><strong>id</strong></span> <span class='ocrx_word' id='word_1_373' title='bbox 3285 2118 3367 2164; x_wconf 88' lang='lat' dir='ltr'><strong>est</strong></span> <span class='ocrx_word' id='word_1_374' title='bbox 3393 2111 3544 2165; x_wconf 87' lang='lat' dir='ltr'><strong>brevi</strong></span> 
     </span>
    </p>
   </div>
   <div class='ocr_carea' id='block_1_51' title="bbox 1966 2194 3543 2266">
    <p class='ocr_par' dir='ltr' id='par_1_51' title="bbox 1966 2194 3543 2266">
     <span class='ocr_line' id='line_1_51' title="bbox 1966 2194 3543 2266; baseline 0.003 -16"><span class='ocrx_word' id='word_1_375' title='bbox 1966 2194 2270 2265; x_wconf 86' lang='lat' dir='ltr'><strong>subitoque.</strong></span> <span class='ocrx_word' id='word_1_376' title='bbox 2304 2195 2468 2264; x_wconf 89' lang='lat' dir='ltr'><strong>Igitur</strong></span> <span class='ocrx_word' id='word_1_377' title='bbox 2503 2211 2666 2265; x_wconf 88' lang='lat' dir='ltr'><strong>super</strong></span> <span class='ocrx_word' id='word_1_378' title='bbox 2712 2195 2974 2266; x_wconf 90' lang='lat' dir='ltr'><strong>principio</strong></span> <span class='ocrx_word' id='word_1_379' title='bbox 3020 2211 3189 2266; x_wconf 89' lang='lat' dir='ltr'><strong>pauca</strong></span> <span class='ocrx_word' id='word_1_380' title='bbox 3243 2198 3311 2253; x_wconf 92' lang='lat' dir='ltr'><strong>de</strong></span> <span class='ocrx_word' id='word_1_381' title='bbox 3363 2201 3543 2255; x_wconf 91' lang='lat' dir='ltr'><strong>multis</strong></span> 
     </span>
    </p>
   </div>
   <div class='ocr_carea' id='block_1_52' title="bbox 1965 2284 2843 2343">
    <p class='ocr_par' dir='ltr' id='par_1_52' title="bbox 1965 2284 2843 2343">
     <span class='ocr_line' id='line_1_52' title="bbox 1965 2284 2843 2343; baseline -0.002 -4"><span class='ocrx_word' id='word_1_382' title='bbox 1965 2286 2226 2341; x_wconf 84' lang='lat' dir='ltr'><strong>hactenus</strong></span> <span class='ocrx_word' id='word_1_383' title='bbox 2254 2285 2567 2341; x_wconf 88' lang='lat' dir='ltr'><strong>disseruisse</strong></span> <span class='ocrx_word' id='word_1_384' title='bbox 2595 2284 2843 2343; x_wconf 73' lang='lat' dir='ltr'><strong>sufficiat.</strong></span> 
     </span>
    </p>
   </div>
   <div class='ocr_carea' id='block_1_53' title="bbox 2039 2365 3564 2448">
    <p class='ocr_par' dir='ltr' id='par_1_53' title="bbox 2039 2365 3564 2448">
     <span class='ocr_line' id='line_1_53' title="bbox 2039 2365 3564 2448; baseline 0.006 -19"><span class='ocrx_word' id='word_1_385' title='bbox 2039 2378 2090 2432; x_wconf 87' lang='lat'><strong>7.</strong></span> <span class='ocrx_word' id='word_1_386' title='bbox 2127 2376 2148 2416; x_wconf 71' lang='grc' dir='ltr'>ί</span> <span class='ocrx_word' id='word_1_387' title='bbox 2175 2377 2318 2434; x_wconf 90' lang='lat' dir='ltr'><strong>Sane</strong></span> <span class='ocrx_word' id='word_1_388' title='bbox 2345 2378 2617 2432; x_wconf 88' lang='lat' dir='ltr'><strong>sciendum</strong></span> <span class='ocrx_word' id='word_1_389' title='bbox 2646 2379 2900 2448; x_wconf 79' lang='lat' dir='ltr'><strong>quoniam</strong></span> <span class='ocrx_word' id='word_1_390' title='bbox 2928 2379 3120 2434; x_wconf 89' lang='lat' dir='ltr'><strong>artium</strong></span> <span class='ocrx_word' id='word_1_391' title='bbox 3142 2381 3398 2444; x_wconf 88' lang='lat' dir='ltr'><strong>omnium,</strong></span> <span class='ocrx_word' id='word_1_392' title='bbox 3425 2365 3564 2439; x_wconf 32' lang='lat' dir='ltr'><strong>aliae,</strong></span> 
     </span>
    </p>
   </div>
   <div class='ocr_carea' id='block_1_54' title="bbox 1962 2467 3539 2538">
    <p class='ocr_par' dir='ltr' id='par_1_54' title="bbox 1962 2467 3539 2538">
     <span class='ocr_line' id='line_1_54' title="bbox 1962 2467 3539 2538; baseline 0.002 -16"><span class='ocrx_word' id='word_1_393' title='bbox 1962 2468 2230 2532; x_wconf 88' lang='lat' dir='ltr'><strong>factriees,</strong></span> <span class='ocrx_word' id='word_1_394' title='bbox 2273 2468 2390 2522; x_wconf 70' lang='lat' dir='ltr'><strong>alia:</strong></span> <span class='ocrx_word' id='word_1_395' title='bbox 2438 2467 2732 2535; x_wconf 88' lang='lat' dir='ltr'><strong>negotiaies</strong></span> <span class='ocrx_word' id='word_1_396' title='bbox 2757 2468 3113 2538; x_wconf 87' lang='lat' dir='ltr'><strong>appellantur,</strong></span> <span class='ocrx_word' id='word_1_397' title='bbox 3143 2471 3258 2524; x_wconf 74' lang='lat' dir='ltr'><strong>alim</strong></span> <span class='ocrx_word' id='word_1_398' title='bbox 3298 2480 3539 2526; x_wconf 89' lang='lat' dir='ltr'><strong>eontem-</strong></span> 
     </span>
    </p>
   </div>
   <div class='ocr_carea' id='block_1_55' title="bbox 1964 2557 3539 2627">
    <p class='ocr_par' dir='ltr' id='par_1_55' title="bbox 1964 2557 3539 2627">
     <span class='ocr_line' id='line_1_55' title="bbox 1964 2557 3539 2627; baseline 0.003 -16"><span class='ocrx_word' id='word_1_399' title='bbox 1964 2557 2227 2627; x_wconf 81' lang='lat' dir='ltr'><strong>platoriae,</strong></span> <span class='ocrx_word' id='word_1_400' title='bbox 2250 2567 2305 2611; x_wconf 89' lang='lat' dir='ltr'><strong>et</strong></span> <span class='ocrx_word' id='word_1_401' title='bbox 2331 2557 2893 2626; x_wconf 89' lang='lat' dir='ltr'><strong>eontemplatoriarum</strong></span> <span class='ocrx_word' id='word_1_402' title='bbox 2921 2558 3134 2626; x_wconf 89' lang='lat' dir='ltr'><strong>quidem</strong></span> <span class='ocrx_word' id='word_1_403' title='bbox 3164 2557 3281 2613; x_wconf 88' lang='lat' dir='ltr'><strong>ﬁnis</strong></span> <span class='ocrx_word' id='word_1_404' title='bbox 3308 2569 3388 2614; x_wconf 88' lang='lat' dir='ltr'><strong>est</strong></span> <span class='ocrx_word' id='word_1_405' title='bbox 3426 2561 3539 2615; x_wconf 77' lang='lat' dir='ltr'><strong>sols</strong></span> 
     </span>
    </p>
   </div>
   <div class='ocr_carea' id='block_1_56' title="bbox 1965 2639 3540 2719">
    <p class='ocr_par' dir='ltr' id='par_1_56' title="bbox 1965 2639 3540 2719">
     <span class='ocr_line' id='line_1_56' title="bbox 1965 2639 3540 2719; baseline 0.002 -17"><span class='ocrx_word' id='word_1_406' title='bbox 1965 2649 2161 2703; x_wconf 90' lang='lat' dir='ltr'><strong>mentis</strong></span> <span class='ocrx_word' id='word_1_407' title='bbox 2199 2648 2444 2712; x_wconf 88' lang='lat' dir='ltr'><strong>intentio,</strong></span> <span class='ocrx_word' id='word_1_408' title='bbox 2477 2639 2821 2716; x_wconf 86' lang='lat' dir='ltr'><strong>negotialiqu</strong></span> <span class='ocrx_word' id='word_1_409' title='bbox 2865 2655 3043 2702; x_wconf 90' lang='lat' dir='ltr'><strong>autem</strong></span> <span class='ocrx_word' id='word_1_410' title='bbox 3073 2657 3249 2704; x_wconf 91' lang='lat' dir='ltr'><strong>motus</strong></span> <span class='ocrx_word' id='word_1_411' title='bbox 3277 2651 3390 2719; x_wconf 89' lang='lat' dir='ltr'><strong>ipse</strong></span> <span class='ocrx_word' id='word_1_412' title='bbox 3418 2666 3540 2705; x_wconf 87' lang='lat' dir='ltr'><strong>cor-</strong></span> 
     </span>
    </p>
   </div>
   <div class='ocr_carea' id='block_1_57' title="bbox 1965 2736 3538 2808">
    <p class='ocr_par' dir='ltr' id='par_1_57' title="bbox 1965 2736 3538 2808">
     <span class='ocr_line' id='line_1_57' title="bbox 1965 2736 3538 2808; baseline 0.001 -16"><span class='ocrx_word' id='word_1_413' title='bbox 1965 2738 2113 2807; x_wconf 89' lang='lat' dir='ltr'><strong>poris</strong></span> <span class='ocrx_word' id='word_1_414' title='bbox 2144 2756 2156 2790; x_wconf 88' lang='lat'><strong>:</strong></span> <span class='ocrx_word' id='word_1_415' title='bbox 2199 2738 2291 2808; x_wconf 91' lang='lat' dir='ltr'><strong>qui</strong></span> <span class='ocrx_word' id='word_1_416' title='bbox 2319 2753 2438 2792; x_wconf 91' lang='lat' dir='ltr'><strong>cum</strong></span> <span class='ocrx_word' id='word_1_417' title='bbox 2467 2736 2706 2804; x_wconf 90' lang='lat' dir='ltr'><strong>desierit,</strong></span> <span class='ocrx_word' id='word_1_418' title='bbox 2734 2737 2866 2791; x_wconf 87' lang='lat' dir='ltr'><strong>nihil</strong></span> <span class='ocrx_word' id='word_1_419' title='bbox 2896 2737 3084 2806; x_wconf 91' lang='lat' dir='ltr'><strong>reliqui</strong></span> <span class='ocrx_word' id='word_1_420' title='bbox 3113 2745 3222 2800; x_wconf 90' lang='lat' dir='ltr'><strong>est,</strong></span> <span class='ocrx_word' id='word_1_421' title='bbox 3254 2754 3355 2794; x_wconf 89' lang='lat' dir='ltr'><strong>nec</strong></span> <span class='ocrx_word' id='word_1_422' title='bbox 3403 2741 3538 2794; x_wconf 85' lang='lat' dir='ltr'><strong>ultra</strong></span> 
     </span>
    </p>
   </div>
   <div class='ocr_carea' id='block_1_58' title="bbox 1965 2830 3539 2886">
    <p class='ocr_par' dir='ltr' id='par_1_58' title="bbox 1965 2830 3539 2886">
     <span class='ocr_line' id='line_1_58' title="bbox 1965 2830 3539 2886; baseline 0 -1"><span class='ocrx_word' id='word_1_423' title='bbox 1965 2831 2268 2886; x_wconf 82' lang='lat' dir='ltr'><strong>videntibus</strong></span> <span class='ocrx_word' id='word_1_424' title='bbox 2294 2831 2707 2885; x_wconf 80' lang='lat' dir='ltr'><strong>demonstratur.</strong></span> <span class='ocrx_word' id='word_1_425' title='bbox 2738 2830 2870 2884; x_wconf 86' lang='lat' dir='ltr'><strong>Nam</strong></span> <span class='ocrx_word' id='word_1_426' title='bbox 2899 2831 3196 2886; x_wconf 90' lang='lat' dir='ltr'><strong>saltationis</strong></span> <span class='ocrx_word' id='word_1_427' title='bbox 3216 2838 3270 2886; x_wconf 92' lang='lat' dir='ltr'><strong>et</strong></span> <span class='ocrx_word' id='word_1_428' title='bbox 3289 2840 3539 2886; x_wconf 89' lang='lat' dir='ltr'><strong>cantuum</strong></span> 
     </span>
    </p>
   </div>
   <div class='ocr_carea' id='block_1_59' title="bbox 1964 2923 3537 2993">
    <p class='ocr_par' dir='ltr' id='par_1_59' title="bbox 1964 2923 3537 2993">
     <span class='ocr_line' id='line_1_59' title="bbox 1964 2923 3537 2993; baseline 0 -15"><span class='ocrx_word' id='word_1_429' title='bbox 1964 2925 2142 2979; x_wconf 90' lang='lat' dir='ltr'><strong>nullus</strong></span> <span class='ocrx_word' id='word_1_430' title='bbox 2185 2924 2360 2979; x_wconf 88' lang='lat' dir='ltr'><strong>exitus</strong></span> <span class='ocrx_word' id='word_1_431' title='bbox 2399 2931 2482 2978; x_wconf 89' lang='lat' dir='ltr'><strong>est</strong></span> <span class='ocrx_word' id='word_1_432' title='bbox 2516 2941 2527 2975; x_wconf 89' lang='lat'><strong>:</strong></span> <span class='ocrx_word' id='word_1_433' title='bbox 2561 2923 2652 2978; x_wconf 90' lang='lat' dir='ltr'><strong>sed</strong></span> <span class='ocrx_word' id='word_1_434' title='bbox 2683 2923 2736 2976; x_wconf 90' lang='lat' dir='ltr'><strong>in</strong></span> <span class='ocrx_word' id='word_1_435' title='bbox 2785 2923 3124 2993; x_wconf 81' lang='lat' dir='ltr'><strong>semetipsani</strong></span> <span class='ocrx_word' id='word_1_436' title='bbox 3153 2925 3396 2993; x_wconf 89' lang='lat' dir='ltr'><strong>operatio</strong></span> <span class='ocrx_word' id='word_1_437' title='bbox 3425 2933 3537 2978; x_wconf 92' lang='lat' dir='ltr'><strong>tota</strong></span> 
     </span>
    </p>
   </div>
   <div class='ocr_carea' id='block_1_60' title="bbox 1964 3013 3541 3080">
    <p class='ocr_par' dir='ltr' id='par_1_60' title="bbox 1964 3013 3541 3080">
     <span class='ocr_line' id='line_1_60' title="bbox 1964 3013 3541 3080; baseline -0.001 -11"><span class='ocrx_word' id='word_1_438' title='bbox 1964 3014 2317 3069; x_wconf 88' lang='lat' dir='ltr'><strong>consumitur.</strong></span> <span class='ocrx_word' id='word_1_439' title='bbox 2350 3013 2406 3068; x_wconf 94' lang='lat' dir='ltr'><strong>ln</strong></span> <span class='ocrx_word' id='word_1_440' title='bbox 2433 3013 2637 3068; x_wconf 85' lang='lat' dir='ltr'><strong>artibus</strong></span> <span class='ocrx_word' id='word_1_441' title='bbox 2660 3028 2786 3068; x_wconf 93' lang='lat' dir='ltr'><strong>vero</strong></span> <span class='ocrx_word' id='word_1_442' title='bbox 2807 3014 3128 3080; x_wconf 89' lang='lat' dir='ltr'><strong>factricibus,</strong></span> <span class='ocrx_word' id='word_1_443' title='bbox 3154 3015 3360 3070; x_wconf 75' lang='lat' dir='ltr'><strong>etiamsi</strong></span> <span class='ocrx_word' id='word_1_444' title='bbox 3391 3015 3541 3069; x_wconf 87' lang='lat' dir='ltr'><strong>labor</strong></span> 
     </span>
    </p>
   </div>
   <div class='ocr_carea' id='block_1_61' title="bbox 1965 3103 3539 3175">
    <p class='ocr_par' dir='ltr' id='par_1_61' title="bbox 1965 3103 3539 3175">
     <span class='ocr_line' id='line_1_61' title="bbox 1965 3103 3539 3175; baseline 0.001 -17"><span class='ocrx_word' id='word_1_445' title='bbox 1965 3112 2225 3173; x_wconf 90' lang='lat' dir='ltr'><strong>actusque</strong></span> <span class='ocrx_word' id='word_1_446' title='bbox 2252 3104 2561 3168; x_wconf 87' lang='lat' dir='ltr'><strong>cessaverit,</strong></span> <span class='ocrx_word' id='word_1_447' title='bbox 2593 3103 2933 3161; x_wconf 75' lang='lat' dir='ltr'><strong>manifestum</strong></span> <span class='ocrx_word' id='word_1_448' title='bbox 2961 3113 3139 3160; x_wconf 89' lang='lat' dir='ltr'><strong>tamen</strong></span> <span class='ocrx_word' id='word_1_449' title='bbox 3167 3112 3250 3160; x_wconf 90' lang='lat' dir='ltr'><strong>est</strong></span> <span class='ocrx_word' id='word_1_450' title='bbox 3283 3122 3417 3175; x_wconf 90' lang='lat' dir='ltr'><strong>opus</strong></span> <span class='ocrx_word' id='word_1_451' title='bbox 3450 3122 3539 3160; x_wconf 86' lang='lat' dir='ltr'><strong>ea-</strong></span> 
     </span>
    </p>
   </div>
   <div class='ocr_carea' id='block_1_62' title="bbox 282 3189 3540 3276">
    <p class='ocr_par' dir='ltr' id='par_1_62' title="bbox 282 3189 3540 3276">
     <span class='ocr_line' id='line_1_62' title="bbox 282 3189 3540 3276; baseline 0.001 -26"><span class='ocrx_word' id='word_1_452' title='bbox 282 3212 390 3251; x_wconf 92' lang='lat' dir='ltr'><strong>non</strong></span> <span class='ocrx_word' id='word_1_453' title='bbox 422 3211 659 3267; x_wconf 75' lang='lat' dir='ltr'><strong>praesens</strong></span> <span class='ocrx_word' id='word_1_454' title='bbox 703 3212 806 3252; x_wconf 87' lang='lat' dir='ltr'><strong>vox</strong></span> <span class='ocrx_word' id='word_1_455' title='bbox 855 3196 1102 3252; x_wconf 91' lang='lat' dir='ltr'><strong>omnibus</strong></span> <span class='ocrx_word' id='word_1_456' title='bbox 1154 3194 1460 3276; x_wconf 82' lang='lat' dir='ltr'><strong>significatis</strong></span> <span class='ocrx_word' id='word_1_457' title='bbox 1512 3196 1858 3253; x_wconf 88' lang='lat' dir='ltr'><strong>accommoda</strong></span> <span class='ocrx_word' id='word_1_458' title='bbox 1887 3189 1932 3252; x_wconf 91' lang='lat' dir='ltr'><strong>C</strong></span> <span class='ocrx_word' id='word_1_459' title='bbox 1964 3212 2102 3259; x_wconf 89' lang='lat' dir='ltr'><strong>rum,</strong></span> <span class='ocrx_word' id='word_1_460' title='bbox 2150 3196 2288 3251; x_wconf 88' lang='lat' dir='ltr'><strong>sicut</strong></span> <span class='ocrx_word' id='word_1_461' title='bbox 2314 3194 2637 3259; x_wconf 90' lang='lat' dir='ltr'><strong>fabrilitatis,</strong></span> <span class='ocrx_word' id='word_1_462' title='bbox 2671 3205 2725 3250; x_wconf 91' lang='lat' dir='ltr'><strong>et</strong></span> <span class='ocrx_word' id='word_1_463' title='bbox 2755 3206 2778 3243; x_wconf 75' lang='grc' dir='ltr'>ε</span> <span class='ocrx_word' id='word_1_464' title='bbox 2809 3197 3200 3260; x_wconf 65' lang='lat' dir='ltr'><strong>architecturae,</strong></span> <span class='ocrx_word' id='word_1_465' title='bbox 3232 3205 3288 3252; x_wconf 91' lang='lat' dir='ltr'><strong>et</strong></span> <span class='ocrx_word' id='word_1_466' title='bbox 3315 3205 3540 3254; x_wconf 69' lang='lat' dir='ltr'><strong>textura:</strong></span> 
     </span>
    </p>
   </div>
   <div class='ocr_carea' id='block_1_63' title="bbox 281 3286 1860 3360">
    <p class='ocr_par' dir='ltr' id='par_1_63' title="bbox 281 3286 1860 3360">
     <span class='ocr_line' id='line_1_63' title="bbox 281 3286 1860 3360; baseline -0.001 -17"><span class='ocrx_word' id='word_1_467' title='bbox 281 3297 382 3343; x_wconf 86' lang='lat' dir='ltr'><strong>est.</strong></span> <span class='ocrx_word' id='word_1_468' title='bbox 405 3286 622 3343; x_wconf 90' lang='lat' dir='ltr'><strong>Etenim</strong></span> <span class='ocrx_word' id='word_1_469' title='bbox 648 3302 715 3343; x_wconf 86' lang='lat' dir='ltr'><strong>ex</strong></span> <span class='ocrx_word' id='word_1_470' title='bbox 740 3303 806 3342; x_wconf 91' lang='lat' dir='ltr'><strong>eo</strong></span> <span class='ocrx_word' id='word_1_471' title='bbox 838 3296 1077 3358; x_wconf 91' lang='lat' dir='ltr'><strong>tempore</strong></span> <span class='ocrx_word' id='word_1_472' title='bbox 1105 3305 1212 3359; x_wconf 90' lang='lat' dir='ltr'><strong>quo</strong></span> <span class='ocrx_word' id='word_1_473' title='bbox 1243 3288 1424 3343; x_wconf 91' lang='lat' dir='ltr'><strong>mundi</strong></span> <span class='ocrx_word' id='word_1_474' title='bbox 1447 3290 1611 3360; x_wconf 66' lang='lat' dir='ltr'><strong>erepit</strong></span> <span class='ocrx_word' id='word_1_475' title='bbox 1646 3289 1860 3344; x_wconf 87' lang='lat' dir='ltr'><strong>institu-</strong></span> 
     </span>
    </p>
   </div>
   <div class='ocr_carea' id='block_1_64' title="bbox 280 3378 1863 3450">
    <p class='ocr_par' dir='ltr' id='par_1_64' title="bbox 280 3378 1863 3450">
     <span class='ocr_line' id='line_1_64' title="bbox 280 3378 1863 3450; baseline 0.001 -18"><span class='ocrx_word' id='word_1_476' title='bbox 280 3380 375 3444; x_wconf 89' lang='lat' dir='ltr'><strong>tio,</strong></span> <span class='ocrx_word' id='word_1_477' title='bbox 399 3378 656 3448; x_wconf 76' lang='lat' dir='ltr'><strong>possibile</strong></span> <span class='ocrx_word' id='word_1_478' title='bbox 678 3379 772 3432; x_wconf 87' lang='lat' dir='ltr'><strong>tibi</strong></span> <span class='ocrx_word' id='word_1_479' title='bbox 795 3387 879 3434; x_wconf 91' lang='lat' dir='ltr'><strong>est</strong></span> <span class='ocrx_word' id='word_1_480' title='bbox 899 3378 1096 3444; x_wconf 87' lang='lat' dir='ltr'><strong>dicere,</strong></span> <span class='ocrx_word' id='word_1_481' title='bbox 1118 3381 1163 3434; x_wconf 87' lang='lat' dir='ltr'><strong>si</strong></span> <span class='ocrx_word' id='word_1_482' title='bbox 1182 3381 1250 3436; x_wconf 92' lang='lat' dir='ltr'><strong>de</strong></span> <span class='ocrx_word' id='word_1_483' title='bbox 1270 3381 1622 3450; x_wconf 56' lang='lat' dir='ltr'><strong>prasentibus</strong></span> <span class='ocrx_word' id='word_1_484' title='bbox 1643 3380 1710 3434; x_wconf 92' lang='lat' dir='ltr'><strong>ad</strong></span> <span class='ocrx_word' id='word_1_485' title='bbox 1734 3397 1863 3450; x_wconf 73' lang='lat' dir='ltr'><strong>prm-</strong></span> 
     </span>
    </p>
   </div>
   <div class='ocr_carea' id='block_1_65' title="bbox 281 3469 1862 3542">
    <p class='ocr_par' dir='ltr' id='par_1_65' title="bbox 281 3469 1862 3542">
     <span class='ocr_line' id='line_1_65' title="bbox 281 3469 1862 3542; baseline 0.003 -18"><span class='ocrx_word' id='word_1_486' title='bbox 281 3473 433 3527; x_wconf 91' lang='lat' dir='ltr'><strong>tcrita</strong></span> <span class='ocrx_word' id='word_1_487' title='bbox 459 3469 486 3508; x_wconf 68' lang='grc' dir='ltr'>ἀ</span> <span class='ocrx_word' id='word_1_488' title='bbox 516 3471 844 3542; x_wconf 90' lang='lat' dir='ltr'><strong>repedando,</strong></span> <span class='ocrx_word' id='word_1_489' title='bbox 869 3472 1216 3541; x_wconf 90' lang='lat' dir='ltr'><strong>principalem</strong></span> <span class='ocrx_word' id='word_1_490' title='bbox 1245 3473 1387 3526; x_wconf 90' lang='lat' dir='ltr'><strong>diem</strong></span> <span class='ocrx_word' id='word_1_491' title='bbox 1409 3473 1692 3527; x_wconf 81' lang='lat' dir='ltr'><strong>mundana:</strong></span> <span class='ocrx_word' id='word_1_492' title='bbox 1718 3488 1862 3528; x_wconf 86' lang='lat' dir='ltr'><strong>crea-</strong></span> 
     </span>
    </p>
   </div>
   <div class='ocr_carea' id='block_1_66' title="bbox 280 3561 1862 3630">
    <p class='ocr_par' dir='ltr' id='par_1_66' title="bbox 280 3561 1862 3630">
     <span class='ocr_line' id='line_1_66' title="bbox 280 3561 1862 3630; baseline 0.002 -15"><span class='ocrx_word' id='word_1_493' title='bbox 280 3563 440 3617; x_wconf 88' lang='lat' dir='ltr'><strong>tionis</strong></span> <span class='ocrx_word' id='word_1_494' title='bbox 460 3562 700 3630; x_wconf 90' lang='lat' dir='ltr'><strong>inquiras</strong></span> <span class='ocrx_word' id='word_1_495' title='bbox 724 3579 736 3614; x_wconf 91' lang='lat'>:</span> <span class='ocrx_word' id='word_1_496' title='bbox 766 3561 906 3617; x_wconf 88' lang='lat' dir='ltr'><strong>unde</strong></span> <span class='ocrx_word' id='word_1_497' title='bbox 932 3561 1163 3630; x_wconf 87' lang='lat' dir='ltr'><strong>tempori</strong></span> <span class='ocrx_word' id='word_1_498' title='bbox 1191 3572 1370 3616; x_wconf 91' lang='lat' dir='ltr'><strong>motus</strong></span> <span class='ocrx_word' id='word_1_499' title='bbox 1397 3563 1602 3630; x_wconf 90' lang='lat' dir='ltr'><strong>primus</strong></span> <span class='ocrx_word' id='word_1_500' title='bbox 1629 3577 1862 3618; x_wconf 89' lang='lat' dir='ltr'><strong>accesse-</strong></span> 
     </span>
    </p>
   </div>
   <div class='ocr_carea' id='block_1_67' title="bbox 280 3653 1859 3724">
    <p class='ocr_par' dir='ltr' id='par_1_67' title="bbox 280 3653 1859 3724">
     <span class='ocr_line' id='line_1_67' title="bbox 280 3653 1859 3724; baseline 0 -15"><span class='ocrx_word' id='word_1_501' title='bbox 280 3655 366 3709; x_wconf 88' lang='lat' dir='ltr'><strong>rit.</strong></span> <span class='ocrx_word' id='word_1_502' title='bbox 419 3653 626 3709; x_wconf 86' lang='lat' dir='ltr'><strong>Deindc</strong></span> <span class='ocrx_word' id='word_1_503' title='bbox 670 3655 796 3722; x_wconf 85' lang='lat' dir='ltr'><strong>quia</strong></span> <span class='ocrx_word' id='word_1_504' title='bbox 824 3655 971 3708; x_wconf 90' lang='lat' dir='ltr'><strong>velut</strong></span> <span class='ocrx_word' id='word_1_505' title='bbox 1006 3653 1163 3709; x_wconf 90' lang='lat' dir='ltr'><strong>sedes</strong></span> <span class='ocrx_word' id='word_1_506' title='bbox 1206 3661 1262 3708; x_wconf 92' lang='lat' dir='ltr'><strong>et</strong></span> <span class='ocrx_word' id='word_1_507' title='bbox 1287 3655 1541 3724; x_wconf 86' lang='lat' dir='ltr'><strong>repagula</strong></span> <span class='ocrx_word' id='word_1_508' title='bbox 1583 3655 1859 3724; x_wconf 63' lang='lat' dir='ltr'><strong>quaedam,</strong></span> 
     </span>
    </p>
   </div>
   <div class='ocr_carea' id='block_1_68' title="bbox 280 3747 1860 3817">
    <p class='ocr_par' dir='ltr' id='par_1_68' title="bbox 280 3747 1860 3817">
     <span class='ocr_line' id='line_1_68' title="bbox 280 3747 1860 3817; baseline 0.002 -16"><span class='ocrx_word' id='word_1_509' title='bbox 280 3747 473 3802; x_wconf 59' lang='lat' dir='ltr'><strong>caelum</strong></span> <span class='ocrx_word' id='word_1_510' title='bbox 525 3753 773 3816; x_wconf 86' lang='lat' dir='ltr'><strong>terraque</strong></span> <span class='ocrx_word' id='word_1_511' title='bbox 820 3747 1036 3802; x_wconf 89' lang='lat' dir='ltr'><strong>fundata</strong></span> <span class='ocrx_word' id='word_1_512' title='bbox 1079 3755 1249 3811; x_wconf 90' lang='lat' dir='ltr'><strong>sunt;</strong></span> <span class='ocrx_word' id='word_1_513' title='bbox 1293 3755 1349 3801; x_wconf 89' lang='lat' dir='ltr'><strong>et</strong></span> <span class='ocrx_word' id='word_1_514' title='bbox 1391 3748 1514 3817; x_wconf 90' lang='lat' dir='ltr'><strong>quia</strong></span> <span class='ocrx_word' id='word_1_515' title='bbox 1550 3755 1632 3802; x_wconf 88' lang='lat' dir='ltr'><strong>est</strong></span> <span class='ocrx_word' id='word_1_516' title='bbox 1670 3748 1860 3804; x_wconf 84' lang='lat' dir='ltr'><strong>artifex</strong></span> 
     </span>
    </p>
   </div>
   <div class='ocr_carea' id='block_1_69' title="bbox 280 3837 1862 3907">
    <p class='ocr_par' dir='ltr' id='par_1_69' title="bbox 280 3837 1862 3907">
     <span class='ocr_line' id='line_1_69' title="bbox 280 3837 1862 3907; baseline 0.003 -17"><span class='ocrx_word' id='word_1_517' title='bbox 280 3837 540 3903; x_wconf 81' lang='lat' dir='ltr'><strong>Verbum,</strong></span> <span class='ocrx_word' id='word_1_518' title='bbox 572 3838 715 3907; x_wconf 90' lang='lat' dir='ltr'><strong>quod</strong></span> <span class='ocrx_word' id='word_1_519' title='bbox 743 3839 1142 3894; x_wconf 88' lang='lat' dir='ltr'><strong>decorationem</strong></span> <span class='ocrx_word' id='word_1_520' title='bbox 1182 3839 1420 3893; x_wconf 89' lang='lat' dir='ltr'><strong>omnium</strong></span> <span class='ocrx_word' id='word_1_521' title='bbox 1466 3853 1584 3907; x_wconf 63' lang='lat' dir='ltr'><strong>quae</strong></span> <span class='ocrx_word' id='word_1_522' title='bbox 1611 3838 1862 3895; x_wconf 93' lang='lat' dir='ltr'><strong>videntur</strong></span> 
     </span>
    </p>
   </div>
   <div class='ocr_carea' id='block_1_70' title="bbox 279 3928 1858 4014">
    <p class='ocr_par' dir='ltr' id='par_1_70' title="bbox 279 3928 1858 4014">
     <span class='ocr_line' id='line_1_70' title="bbox 279 3928 1858 4014; baseline 0.002 -30"><span class='ocrx_word' id='word_1_523' title='bbox 279 3928 479 3993; x_wconf 73' lang='lat' dir='ltr'><strong>effecit,</strong></span> <span class='ocrx_word' id='word_1_524' title='bbox 511 3929 651 3983; x_wconf 89' lang='lat' dir='ltr'><strong>sicut</strong></span> <span class='ocrx_word' id='word_1_525' title='bbox 676 3946 782 3984; x_wconf 88' lang='lat' dir='ltr'><strong>vox</strong></span> <span class='ocrx_word' id='word_1_526' title='bbox 806 3931 964 3984; x_wconf 89' lang='lat' dir='ltr'><strong>relati</strong></span> <span class='ocrx_word' id='word_1_527' title='bbox 993 3937 1260 4014; x_wconf 53' lang='lat' dir='ltr'><strong>monsgrat</strong></span> <span class='ocrx_word' id='word_1_528' title='bbox 1289 3931 1427 3984; x_wconf 92' lang='lat' dir='ltr'><strong>initii</strong></span> <span class='ocrx_word' id='word_1_529' title='bbox 1459 3949 1470 3982; x_wconf 90' lang='lat'><strong>:</strong></span> <span class='ocrx_word' id='word_1_530' title='bbox 1505 3937 1560 3986; x_wconf 91' lang='lat' dir='ltr'><strong>et</strong></span> <span class='ocrx_word' id='word_1_531' title='bbox 1587 3933 1710 4002; x_wconf 87' lang='lat' dir='ltr'><strong>quia</strong></span> <span class='ocrx_word' id='word_1_532' title='bbox 1751 3948 1858 3987; x_wconf 93' lang='lat' dir='ltr'><strong>non</strong></span> 
     </span>
    </p>
   </div>
   <div class='ocr_carea' id='block_1_71' title="bbox 278 4019 1861 4093">
    <p class='ocr_par' dir='ltr' id='par_1_71' title="bbox 278 4019 1861 4093">
     <span class='ocr_line' id='line_1_71' title="bbox 278 4019 1861 4093; baseline 0.001 -19"><span class='ocrx_word' id='word_1_533' title='bbox 278 4021 397 4074; x_wconf 88' lang='lat' dir='ltr'><strong>sine</strong></span> <span class='ocrx_word' id='word_1_534' title='bbox 418 4019 647 4083; x_wconf 89' lang='lat' dir='ltr'><strong>ratione,</strong></span> <span class='ocrx_word' id='word_1_535' title='bbox 670 4019 756 4073; x_wconf 91' lang='lat' dir='ltr'><strong>vel</strong></span> <span class='ocrx_word' id='word_1_536' title='bbox 779 4019 971 4074; x_wconf 88' lang='lat' dir='ltr'><strong>frustra</strong></span> <span class='ocrx_word' id='word_1_537' title='bbox 990 4020 1250 4076; x_wconf 88' lang='lat' dir='ltr'><strong>formatus</strong></span> <span class='ocrx_word' id='word_1_538' title='bbox 1272 4029 1354 4075; x_wconf 89' lang='lat' dir='ltr'><strong>est</strong></span> <span class='ocrx_word' id='word_1_539' title='bbox 1379 4021 1626 4076; x_wconf 90' lang='lat' dir='ltr'><strong>mundus.</strong></span> <span class='ocrx_word' id='word_1_540' title='bbox 1652 4021 1861 4093; x_wconf 89' lang='lat' dir='ltr'><strong>Quippe</strong></span> 
     </span>
    </p>
   </div>
   <div class='ocr_carea' id='block_1_72' title="bbox 280 4106 1858 4183">
    <p class='ocr_par' dir='ltr' id='par_1_72' title="bbox 280 4106 1858 4183">
     <span class='ocr_line' id='line_1_72' title="bbox 280 4106 1858 4183; baseline 0.004 -23"><span class='ocrx_word' id='word_1_541' title='bbox 280 4107 374 4176; x_wconf 87' lang='lat' dir='ltr'><strong>qui</strong></span> <span class='ocrx_word' id='word_1_542' title='bbox 403 4106 590 4161; x_wconf 90' lang='lat' dir='ltr'><strong>utilem</strong></span> <span class='ocrx_word' id='word_1_543' title='bbox 619 4110 1082 4179; x_wconf 87' lang='lat' dir='ltr'><strong>necessariumque</strong></span> <span class='ocrx_word' id='word_1_544' title='bbox 1125 4111 1285 4165; x_wconf 90' lang='lat' dir='ltr'><strong>rebus</strong></span> <span class='ocrx_word' id='word_1_545' title='bbox 1316 4121 1458 4166; x_wconf 89' lang='lat' dir='ltr'><strong>esset</strong></span> <span class='ocrx_word' id='word_1_546' title='bbox 1483 4112 1687 4166; x_wconf 87' lang='lat' dir='ltr'><strong>exitum</strong></span> <span class='ocrx_word' id='word_1_547' title='bbox 1715 4128 1858 4183; x_wconf 77' lang='lat' dir='ltr'><strong>pra:-</strong></span> 
     </span>
    </p>
   </div>
   <div class='ocr_carea' id='block_1_73' title="bbox 278 4197 1860 4270">
    <p class='ocr_par' dir='ltr' id='par_1_73' title="bbox 278 4197 1860 4270">
     <span class='ocr_line' id='line_1_73' title="bbox 278 4197 1860 4270; baseline 0.004 -17"><span class='ocrx_word' id='word_1_548' title='bbox 278 4199 512 4264; x_wconf 87' lang='lat' dir='ltr'><strong>biturus,</strong></span> <span class='ocrx_word' id='word_1_549' title='bbox 542 4197 587 4252; x_wconf 91' lang='lat' dir='ltr'><strong>si</strong></span> <span class='ocrx_word' id='word_1_550' title='bbox 613 4213 799 4254; x_wconf 90' lang='lat' dir='ltr'><strong>revera</strong></span> <span class='ocrx_word' id='word_1_551' title='bbox 828 4201 1122 4256; x_wconf 89' lang='lat' dir='ltr'><strong>animorum</strong></span> <span class='ocrx_word' id='word_1_552' title='bbox 1163 4203 1581 4270; x_wconf 89' lang='lat' dir='ltr'><strong>rationabilium,</strong></span> <span class='ocrx_word' id='word_1_553' title='bbox 1611 4206 1751 4260; x_wconf 91' lang='lat' dir='ltr'><strong>sicut</strong></span> <span class='ocrx_word' id='word_1_554' title='bbox 1777 4206 1860 4260; x_wconf 86' lang='lat' dir='ltr'><strong>di-</strong></span> 
     </span>
    </p>
   </div>
   <div class='ocr_carea' id='block_1_74' title="bbox 279 4288 1854 4362">
    <p class='ocr_par' dir='ltr' id='par_1_74' title="bbox 279 4288 1854 4362">
     <span class='ocr_line' id='line_1_74' title="bbox 279 4288 1854 4362; baseline 0.006 -21"><span class='ocrx_word' id='word_1_555' title='bbox 279 4288 477 4355; x_wconf 91' lang='lat' dir='ltr'><strong>ximus,</strong></span> <span class='ocrx_word' id='word_1_556' title='bbox 507 4288 892 4357; x_wconf 88' lang='lat' dir='ltr'><strong>magisterium,</strong></span> <span class='ocrx_word' id='word_1_557' title='bbox 917 4299 971 4344; x_wconf 89' lang='lat' dir='ltr'><strong>et</strong></span> <span class='ocrx_word' id='word_1_558' title='bbox 990 4291 1181 4347; x_wconf 62' lang='lat' dir='ltr'><strong>divinae</strong></span> <span class='ocrx_word' id='word_1_559' title='bbox 1211 4294 1448 4349; x_wconf 91' lang='lat' dir='ltr'><strong>notionis</strong></span> <span class='ocrx_word' id='word_1_560' title='bbox 1476 4295 1854 4362; x_wconf 90' lang='lat' dir='ltr'><strong>eruditionem,</strong></span> 
     </span>
    </p>
   </div>
   <div class='ocr_carea' id='block_1_75' title="bbox 278 4379 1857 4449">
    <p class='ocr_par' dir='ltr' id='par_1_75' title="bbox 278 4379 1857 4449">
     <span class='ocr_line' id='line_1_75' title="bbox 278 4379 1857 4449; baseline 0.006 -16"><span class='ocrx_word' id='word_1_561' title='bbox 278 4395 378 4449; x_wconf 90' lang='lat' dir='ltr'><strong>per</strong></span> <span class='ocrx_word' id='word_1_562' title='bbox 420 4379 646 4435; x_wconf 91' lang='lat' dir='ltr'><strong>visibilia</strong></span> <span class='ocrx_word' id='word_1_563' title='bbox 679 4379 789 4434; x_wconf 79' lang='lat' dir='ltr'><strong>hzec</strong></span> <span class='ocrx_word' id='word_1_564' title='bbox 817 4388 871 4435; x_wconf 89' lang='lat' dir='ltr'><strong>et</strong></span> <span class='ocrx_word' id='word_1_565' title='bbox 898 4383 1163 4437; x_wconf 90' lang='lat' dir='ltr'><strong>sensibilia</strong></span> <span class='ocrx_word' id='word_1_566' title='bbox 1211 4384 1397 4438; x_wconf 80' lang='lat' dir='ltr'><strong>tribuit</strong></span> <span class='ocrx_word' id='word_1_567' title='bbox 1443 4387 1610 4440; x_wconf 90' lang='lat' dir='ltr'><strong>menti</strong></span> <span class='ocrx_word' id='word_1_568' title='bbox 1660 4396 1857 4446; x_wconf 66' lang='lat' dir='ltr'><strong>nostra:</strong></span> 
     </span>
    </p>
   </div>
   <div class='ocr_carea' id='block_1_76' title="bbox 279 4471 1850 4546">
    <p class='ocr_par' dir='ltr' id='par_1_76' title="bbox 279 4471 1850 4546">
     <span class='ocr_line' id='line_1_76' title="bbox 279 4471 1850 4546; baseline 0.006 -22"><span class='ocrx_word' id='word_1_569' title='bbox 279 4485 474 4538; x_wconf 88' lang='lat' dir='ltr'><strong>regens</strong></span> <span class='ocrx_word' id='word_1_570' title='bbox 501 4487 618 4536; x_wconf 90' lang='lat' dir='ltr'><strong>nos,</strong></span> <span class='ocrx_word' id='word_1_571' title='bbox 651 4479 708 4526; x_wconf 92' lang='lat' dir='ltr'><strong>ut</strong></span> <span class='ocrx_word' id='word_1_572' title='bbox 736 4471 808 4526; x_wconf 91' lang='lat' dir='ltr'><strong>ita</strong></span> <span class='ocrx_word' id='word_1_573' title='bbox 834 4472 1078 4540; x_wconf 85' lang='lat' dir='ltr'><strong>dixerim,</strong></span> <span class='ocrx_word' id='word_1_574' title='bbox 1128 4491 1307 4540; x_wconf 89' lang='lat' dir='ltr'><strong>manu,</strong></span> <span class='ocrx_word' id='word_1_575' title='bbox 1333 4493 1442 4546; x_wconf 90' lang='lat' dir='ltr'><strong>quo</strong></span> <span class='ocrx_word' id='word_1_576' title='bbox 1479 4479 1686 4534; x_wconf 85' lang='lat' dir='ltr'><strong>facilius</strong></span> <span class='ocrx_word' id='word_1_577' title='bbox 1713 4481 1850 4535; x_wconf 91' lang='lat' dir='ltr'><strong>invi-</strong></span> 
     </span>
    </p>
   </div>
   <div class='ocr_carea' id='block_1_77' title="bbox 1963 3279 3539 3358">
    <p class='ocr_par' dir='ltr' id='par_1_77' title="bbox 1963 3279 3539 3358">
     <span class='ocr_line' id='line_1_77' title="bbox 1963 3279 3539 3358; baseline 0.003 -16"><span class='ocrx_word' id='word_1_578' title='bbox 1963 3295 2020 3342; x_wconf 92' lang='lat' dir='ltr'><strong>et</strong></span> <span class='ocrx_word' id='word_1_579' title='bbox 2045 3287 2128 3342; x_wconf 90' lang='lat' dir='ltr'><strong>bis</strong></span> <span class='ocrx_word' id='word_1_580' title='bbox 2155 3286 2429 3352; x_wconf 75' lang='lat' dir='ltr'><strong>Similium,</strong></span> <span class='ocrx_word' id='word_1_581' title='bbox 2449 3301 2674 3354; x_wconf 91' lang='lat' dir='ltr'><strong>quarum</strong></span> <span class='ocrx_word' id='word_1_582' title='bbox 2703 3287 2828 3342; x_wconf 90' lang='lat' dir='ltr'><strong>licet</strong></span> <span class='ocrx_word' id='word_1_583' title='bbox 2854 3287 3046 3343; x_wconf 86' lang='lat' dir='ltr'><strong>artifex</strong></span> <span class='ocrx_word' id='word_1_584' title='bbox 3067 3279 3262 3358; x_wconf 67' lang='lat' dir='ltr'><strong>prmsto</strong></span> <span class='ocrx_word' id='word_1_585' title='bbox 3296 3307 3401 3345; x_wconf 92' lang='lat' dir='ltr'><strong>non</strong></span> <span class='ocrx_word' id='word_1_586' title='bbox 3429 3290 3539 3346; x_wconf 88' lang='lat' dir='ltr'><strong>fuc-</strong></span> 
     </span>
    </p>
   </div>
   <div class='ocr_carea' id='block_1_78' title="bbox 1963 3381 3539 3452">
    <p class='ocr_par' dir='ltr' id='par_1_78' title="bbox 1963 3381 3539 3452">
     <span class='ocr_line' id='line_1_78' title="bbox 1963 3381 3539 3452; baseline -0.001 -15"><span class='ocrx_word' id='word_1_587' title='bbox 1963 3383 2050 3446; x_wconf 91' lang='lat' dir='ltr'><strong>rit,</strong></span> <span class='ocrx_word' id='word_1_588' title='bbox 2084 3383 2224 3436; x_wconf 89' lang='lat' dir='ltr'><strong>ratio</strong></span> <span class='ocrx_word' id='word_1_589' title='bbox 2253 3390 2432 3435; x_wconf 89' lang='lat' dir='ltr'><strong>tamen</strong></span> <span class='ocrx_word' id='word_1_590' title='bbox 2474 3381 2604 3435; x_wconf 90' lang='lat' dir='ltr'><strong>artis</strong></span> <span class='ocrx_word' id='word_1_591' title='bbox 2653 3381 2821 3450; x_wconf 89' lang='lat' dir='ltr'><strong>ipsius</strong></span> <span class='ocrx_word' id='word_1_592' title='bbox 2864 3390 3108 3452; x_wconf 87' lang='lat' dir='ltr'><strong>apparet,</strong></span> <span class='ocrx_word' id='word_1_593' title='bbox 3155 3398 3539 3452; x_wconf 83' lang='lat' dir='ltr'><strong>possumusquc</strong></span> 
     </span>
    </p>
   </div>
   <div class='ocr_carea' id='block_1_79' title="bbox 1963 3472 3537 3544">
    <p class='ocr_par' dir='ltr' id='par_1_79' title="bbox 1963 3472 3537 3544">
     <span class='ocr_line' id='line_1_79' title="bbox 1963 3472 3537 3544; baseline -0.001 -15"><span class='ocrx_word' id='word_1_594' title='bbox 1963 3474 2032 3529; x_wconf 91' lang='lat' dir='ltr'><strong>de</strong></span> <span class='ocrx_word' id='word_1_595' title='bbox 2059 3488 2225 3544; x_wconf 90' lang='lat' dir='ltr'><strong>opere</strong></span> <span class='ocrx_word' id='word_1_596' title='bbox 2244 3480 2539 3542; x_wconf 90' lang='lat' dir='ltr'><strong>conspecto</strong></span> <span class='ocrx_word' id='word_1_597' title='bbox 2567 3473 2814 3541; x_wconf 87' lang='lat' dir='ltr'><strong>peritiam</strong></span> <span class='ocrx_word' id='word_1_598' title='bbox 2844 3472 3100 3540; x_wconf 89' lang='lat' dir='ltr'><strong>cujusque</strong></span> <span class='ocrx_word' id='word_1_599' title='bbox 3128 3472 3345 3528; x_wconf 77' lang='lat' dir='ltr'><strong>artificis</strong></span> <span class='ocrx_word' id='word_1_600' title='bbox 3371 3476 3537 3529; x_wconf 86' lang='lat' dir='ltr'><strong>admi-</strong></span> 
     </span>
    </p>
   </div>
   <div class='ocr_carea' id='block_1_80' title="bbox 1962 3563 3536 3635">
    <p class='ocr_par' dir='ltr' id='par_1_80' title="bbox 1962 3563 3536 3635">
     <span class='ocr_line' id='line_1_80' title="bbox 1962 3563 3536 3635; baseline 0 -13"><span class='ocrx_word' id='word_1_601' title='bbox 1962 3567 2089 3622; x_wconf 91' lang='lat' dir='ltr'><strong>rari.</strong></span> <span class='ocrx_word' id='word_1_602' title='bbox 2125 3565 2266 3634; x_wconf 86' lang='lat' dir='ltr'><strong>Ergo</strong></span> <span class='ocrx_word' id='word_1_603' title='bbox 2285 3573 2344 3620; x_wconf 91' lang='lat' dir='ltr'><strong>ut</strong></span> <span class='ocrx_word' id='word_1_604' title='bbox 2372 3572 2580 3619; x_wconf 92' lang='lat' dir='ltr'><strong>certum</strong></span> <span class='ocrx_word' id='word_1_605' title='bbox 2613 3563 2766 3617; x_wconf 81' lang='lat' dir='ltr'><strong>fieret</strong></span> <span class='ocrx_word' id='word_1_606' title='bbox 2793 3564 2915 3632; x_wconf 88' lang='lat' dir='ltr'><strong>quia</strong></span> <span class='ocrx_word' id='word_1_607' title='bbox 2956 3564 3182 3618; x_wconf 88' lang='lat' dir='ltr'><strong>mundus</strong></span> <span class='ocrx_word' id='word_1_608' title='bbox 3215 3574 3331 3620; x_wconf 90' lang='lat' dir='ltr'><strong>arte</strong></span> <span class='ocrx_word' id='word_1_609' title='bbox 3358 3569 3536 3635; x_wconf 84' lang='lat' dir='ltr'><strong>perfe-</strong></span> 
     </span>
    </p>
   </div>
   <div class='ocr_carea' id='block_1_81' title="bbox 1963 3655 3534 3727">
    <p class='ocr_par' dir='ltr' id='par_1_81' title="bbox 1963 3655 3534 3727">
     <span class='ocr_line' id='line_1_81' title="bbox 1963 3655 3534 3727; baseline -0.001 -13"><span class='ocrx_word' id='word_1_610' title='bbox 1963 3669 2082 3715; x_wconf 88' lang='lat' dir='ltr'><strong>ctus</strong></span> <span class='ocrx_word' id='word_1_611' title='bbox 2111 3667 2212 3721; x_wconf 88' lang='lat' dir='ltr'><strong>est,</strong></span> <span class='ocrx_word' id='word_1_612' title='bbox 2244 3659 2337 3727; x_wconf 91' lang='lat' dir='ltr'><strong>qui</strong></span> <span class='ocrx_word' id='word_1_613' title='bbox 2383 3663 2695 3711; x_wconf 87' lang='lat' dir='ltr'><strong>cuuetormu</strong></span> <span class='ocrx_word' id='word_1_614' title='bbox 2726 3655 2923 3709; x_wconf 89' lang='lat' dir='ltr'><strong>visibus</strong></span> <span class='ocrx_word' id='word_1_615' title='bbox 2966 3655 3190 3709; x_wconf 87' lang='lat' dir='ltr'><strong>habetur</strong></span> <span class='ocrx_word' id='word_1_616' title='bbox 3236 3659 3534 3725; x_wconf 74' lang='lat' dir='ltr'><strong>expositus,</strong></span> 
     </span>
    </p>
   </div>
   <div class='ocr_carea' id='block_1_82' title="bbox 1963 3743 3534 3818">
    <p class='ocr_par' dir='ltr' id='par_1_82' title="bbox 1963 3743 3534 3818">
     <span class='ocr_line' id='line_1_82' title="bbox 1963 3743 3534 3818; baseline -0.001 -14"><span class='ocrx_word' id='word_1_617' title='bbox 1963 3757 2228 3818; x_wconf 90' lang='lat' dir='ltr'><strong>quatenus</strong></span> <span class='ocrx_word' id='word_1_618' title='bbox 2253 3762 2351 3818; x_wconf 89' lang='lat' dir='ltr'><strong>per</strong></span> <span class='ocrx_word' id='word_1_619' title='bbox 2377 3761 2499 3801; x_wconf 82' lang='lat' dir='ltr'><strong>eum</strong></span> <span class='ocrx_word' id='word_1_620' title='bbox 2529 3743 2864 3798; x_wconf 88' lang='lat' dir='ltr'><strong>fabricatoris</strong></span> <span class='ocrx_word' id='word_1_621' title='bbox 2891 3744 2972 3798; x_wconf 89' lang='lat' dir='ltr'><strong>sui</strong></span> <span class='ocrx_word' id='word_1_622' title='bbox 3000 3745 3261 3814; x_wconf 88' lang='lat' dir='ltr'><strong>sapientia</strong></span> <span class='ocrx_word' id='word_1_623' title='bbox 3291 3763 3534 3804; x_wconf 90' lang='lat' dir='ltr'><strong>noscere-</strong></span> 
     </span>
    </p>
   </div>
   <div class='ocr_carea' id='block_1_83' title="bbox 1964 3835 3598 3910">
    <p class='ocr_par' dir='ltr' id='par_1_83' title="bbox 1964 3835 3598 3910">
     <span class='ocr_line' id='line_1_83' title="bbox 1964 3835 3598 3910; baseline 0 -16"><span class='ocrx_word' id='word_1_624' title='bbox 1964 3848 2053 3895; x_wconf 84' lang='lat' dir='ltr'><strong>tur</strong></span> <span class='ocrx_word' id='word_1_625' title='bbox 2086 3858 2098 3892; x_wconf 89' lang='lat'><strong>:</strong></span> <span class='ocrx_word' id='word_1_626' title='bbox 2147 3855 2254 3894; x_wconf 91' lang='lat' dir='ltr'><strong>non</strong></span> <span class='ocrx_word' id='word_1_627' title='bbox 2284 3839 2386 3892; x_wconf 91' lang='lat' dir='ltr'><strong>alia</strong></span> <span class='ocrx_word' id='word_1_628' title='bbox 2418 3851 2548 3890; x_wconf 90' lang='lat' dir='ltr'><strong>voce</strong></span> <span class='ocrx_word' id='word_1_629' title='bbox 2578 3835 2788 3906; x_wconf 80' lang='lat' dir='ltr'><strong>Moyses</strong></span> <span class='ocrx_word' id='word_1_630' title='bbox 2814 3851 2939 3890; x_wconf 90' lang='lat' dir='ltr'><strong>usus</strong></span> <span class='ocrx_word' id='word_1_631' title='bbox 2968 3845 3068 3902; x_wconf 90' lang='lat' dir='ltr'><strong>est,</strong></span> <span class='ocrx_word' id='word_1_632' title='bbox 3117 3839 3212 3892; x_wconf 87' lang='lat' dir='ltr'><strong>sed</strong></span> <span class='ocrx_word' id='word_1_633' title='bbox 3259 3840 3393 3894; x_wconf 89' lang='lat' dir='ltr'><strong>dixit</strong></span> <span class='ocrx_word' id='word_1_634' title='bbox 3423 3859 3434 3893; x_wconf 94' lang='lat'>:</span> <span class='ocrx_word' id='word_1_635' title='bbox 3470 3841 3536 3895; x_wconf 89' lang='lat' dir='ltr'><strong>In</strong></span> <span class='ocrx_word' id='word_1_636' title='bbox 3588 3901 3598 3910; x_wconf 52' lang='grc'><em>,</em></span> 
     </span>
    </p>
   </div>
   <div class='ocr_carea' id='block_1_84' title="bbox 1962 3925 3534 4001">
    <p class='ocr_par' dir='ltr' id='par_1_84' title="bbox 1962 3925 3534 4001">
     <span class='ocr_line' id='line_1_84' title="bbox 1962 3925 3534 4001; baseline 0.001 -17"><span class='ocrx_word' id='word_1_637' title='bbox 1962 3932 2215 4001; x_wconf 85' lang='lat' dir='ltr'><strong>principio</strong></span> <span class='ocrx_word' id='word_1_638' title='bbox 2256 3931 2374 4001; x_wconf 76' lang='lat' dir='ltr'><strong>fecit</strong></span> <span class='ocrx_word' id='word_1_639' title='bbox 2415 3926 2573 3980; x_wconf 86' lang='lat' dir='ltr'><strong>Deus.</strong></span> <span class='ocrx_word' id='word_1_640' title='bbox 2605 3925 2722 3979; x_wconf 86' lang='lat' dir='ltr'><strong>Non</strong></span> <span class='ocrx_word' id='word_1_641' title='bbox 2750 3927 3050 3980; x_wconf 88' lang='lat' dir='ltr'><strong>construxit</strong></span> <span class='ocrx_word' id='word_1_642' title='bbox 3086 3936 3178 3982; x_wconf 89' lang='lat' dir='ltr'><strong>aut</strong></span> <span class='ocrx_word' id='word_1_643' title='bbox 3214 3933 3534 4000; x_wconf 90' lang='lat' dir='ltr'><strong>composuit,</strong></span> 
     </span>
    </p>
   </div>
   <div class='ocr_carea' id='block_1_85' title="bbox 1962 4015 3536 4090">
    <p class='ocr_par' dir='ltr' id='par_1_85' title="bbox 1962 4015 3536 4090">
     <span class='ocr_line' id='line_1_85' title="bbox 1962 4015 3536 4090; baseline 0.002 -16"><span class='ocrx_word' id='word_1_644' title='bbox 1962 4020 2056 4074; x_wconf 90' lang='lat' dir='ltr'><strong>sed</strong></span> <span class='ocrx_word' id='word_1_645' title='bbox 2073 4021 2213 4090; x_wconf 74' lang='lat' dir='ltr'><strong>fecit.</strong></span> <span class='ocrx_word' id='word_1_646' title='bbox 2238 4017 2491 4084; x_wconf 84' lang='lat' dir='ltr'><strong>Quamvis</strong></span> <span class='ocrx_word' id='word_1_647' title='bbox 2513 4015 2754 4070; x_wconf 90' lang='lat' dir='ltr'><strong>nonnulli</strong></span> <span class='ocrx_word' id='word_1_648' title='bbox 2789 4031 2974 4070; x_wconf 89' lang='lat' dir='ltr'><strong>eorum</strong></span> <span class='ocrx_word' id='word_1_649' title='bbox 3003 4017 3095 4086; x_wconf 91' lang='lat' dir='ltr'><strong>qui</strong></span> <span class='ocrx_word' id='word_1_650' title='bbox 3116 4033 3251 4072; x_wconf 89' lang='lat' dir='ltr'><strong>vana</strong></span> <span class='ocrx_word' id='word_1_651' title='bbox 3282 4021 3536 4088; x_wconf 88' lang='lat' dir='ltr'><strong>opinione</strong></span> 
     </span>
    </p>
   </div>
   <div class='ocr_carea' id='block_1_86' title="bbox 1961 4106 3536 4182">
    <p class='ocr_par' dir='ltr' id='par_1_86' title="bbox 1961 4106 3536 4182">
     <span class='ocr_line' id='line_1_86' title="bbox 1961 4106 3536 4182; baseline 0.001 -17"><span class='ocrx_word' id='word_1_652' title='bbox 1961 4109 2220 4182; x_wconf 64' lang='lat' dir='ltr'><strong>praeventi</strong></span> <span class='ocrx_word' id='word_1_653' title='bbox 2249 4116 2393 4172; x_wconf 89' lang='lat' dir='ltr'><strong>sunt,</strong></span> <span class='ocrx_word' id='word_1_654' title='bbox 2425 4108 2808 4174; x_wconf 89' lang='lat' dir='ltr'><strong>sempiternum</strong></span> <span class='ocrx_word' id='word_1_655' title='bbox 2837 4106 3091 4161; x_wconf 90' lang='lat' dir='ltr'><strong>mundum</strong></span> <span class='ocrx_word' id='word_1_656' title='bbox 3119 4123 3239 4163; x_wconf 91' lang='lat' dir='ltr'><strong>cum</strong></span> <span class='ocrx_word' id='word_1_657' title='bbox 3269 4108 3380 4165; x_wconf 90' lang='lat' dir='ltr'><strong>Deo</strong></span> <span class='ocrx_word' id='word_1_658' title='bbox 3419 4126 3536 4166; x_wconf 82' lang='lat' dir='ltr'><strong>esse</strong></span> 
     </span>
    </p>
   </div>
   <div class='ocr_carea' id='block_1_87' title="bbox 1961 4198 3532 4267">
    <p class='ocr_par' dir='ltr' id='par_1_87' title="bbox 1961 4198 3532 4267">
     <span class='ocr_line' id='line_1_87' title="bbox 1961 4198 3532 4267; baseline 0 -9"><span class='ocrx_word' id='word_1_659' title='bbox 1961 4203 2221 4266; x_wconf 89' lang='lat' dir='ltr'><strong>dicentes,</strong></span> <span class='ocrx_word' id='word_1_660' title='bbox 2251 4199 2398 4254; x_wconf 91' lang='lat' dir='ltr'><strong>nullo</strong></span> <span class='ocrx_word' id='word_1_661' title='bbox 2427 4198 2586 4253; x_wconf 92' lang='lat' dir='ltr'><strong>modo</strong></span> <span class='ocrx_word' id='word_1_662' title='bbox 2631 4199 2698 4252; x_wconf 91' lang='lat' dir='ltr'><strong>ab</strong></span> <span class='ocrx_word' id='word_1_663' title='bbox 2744 4198 2862 4267; x_wconf 91' lang='lat' dir='ltr'><strong>ipso</strong></span> <span class='ocrx_word' id='word_1_664' title='bbox 2909 4198 3105 4254; x_wconf 91' lang='lat' dir='ltr'><strong>factum</strong></span> <span class='ocrx_word' id='word_1_665' title='bbox 3133 4213 3532 4264; x_wconf 85' lang='lat' dir='ltr'><strong>concesserunt,</strong></span> 
     </span>
    </p>
   </div>
   <div class='ocr_carea' id='block_1_88' title="bbox 1960 4290 3535 4362">
    <p class='ocr_par' dir='ltr' id='par_1_88' title="bbox 1960 4290 3535 4362">
     <span class='ocr_line' id='line_1_88' title="bbox 1960 4290 3535 4362; baseline 0.003 -13"><span class='ocrx_word' id='word_1_666' title='bbox 1960 4295 2054 4350; x_wconf 92' lang='lat' dir='ltr'><strong>sed</strong></span> <span class='ocrx_word' id='word_1_667' title='bbox 2095 4304 2348 4362; x_wconf 89' lang='lat' dir='ltr'><strong>tanquam</strong></span> <span class='ocrx_word' id='word_1_668' title='bbox 2377 4290 2840 4346; x_wconf 90' lang='lat' dir='ltr'><strong>obumbrationem</strong></span> <span class='ocrx_word' id='word_1_669' title='bbox 2868 4292 3150 4360; x_wconf 90' lang='lat' dir='ltr'><strong>quamdam</strong></span> <span class='ocrx_word' id='word_1_670' title='bbox 3179 4295 3389 4350; x_wconf 91' lang='lat' dir='ltr'><strong>virtutis</strong></span> <span class='ocrx_word' id='word_1_671' title='bbox 3417 4313 3535 4353; x_wconf 88' lang='lat' dir='ltr'><strong>esse</strong></span> 
     </span>
    </p>
   </div>
   <div class='ocr_carea' id='block_1_89' title="bbox 1958 4382 3536 4454">
    <p class='ocr_par' dir='ltr' id='par_1_89' title="bbox 1958 4382 3536 4454">
     <span class='ocr_line' id='line_1_89' title="bbox 1958 4382 3536 4454; baseline 0.004 -16"><span class='ocrx_word' id='word_1_672' title='bbox 1958 4385 2172 4440; x_wconf 70' lang='lat' dir='ltr'><strong>divin-.2.</strong></span> <span class='ocrx_word' id='word_1_673' title='bbox 2204 4384 2227 4420; x_wconf 73' lang='grc' dir='ltr'>ιι</span> <span class='ocrx_word' id='word_1_674' title='bbox 2258 4384 2460 4438; x_wconf 85' lang='lat' dir='ltr'><strong>Ferunt</strong></span> <span class='ocrx_word' id='word_1_675' title='bbox 2505 4382 2645 4437; x_wconf 88' lang='lat' dir='ltr'><strong>enim</strong></span> <span class='ocrx_word' id='word_1_676' title='bbox 2675 4397 2796 4436; x_wconf 90' lang='lat' dir='ltr'><strong>eum</strong></span> <span class='ocrx_word' id='word_1_677' title='bbox 2836 4391 3029 4452; x_wconf 90' lang='lat' dir='ltr'><strong>sponte</strong></span> <span class='ocrx_word' id='word_1_678' title='bbox 3076 4387 3450 4454; x_wconf 91' lang='lat' dir='ltr'><strong>compositum,</strong></span> <span class='ocrx_word' id='word_1_679' title='bbox 3483 4399 3536 4444; x_wconf 89' lang='lat' dir='ltr'><strong>et</strong></span> 
     </span>
    </p>
   </div>
   <div class='ocr_carea' id='block_1_90' title="bbox 1959 4473 3536 4546">
    <p class='ocr_par' dir='ltr' id='par_1_90' title="bbox 1959 4473 3536 4546">
     <span class='ocr_line' id='line_1_90' title="bbox 1959 4473 3536 4546; baseline 0.003 -16"><span class='ocrx_word' id='word_1_680' title='bbox 1959 4477 2202 4546; x_wconf 92' lang='lat' dir='ltr'><strong>quamvis</strong></span> <span class='ocrx_word' id='word_1_681' title='bbox 2237 4475 2404 4530; x_wconf 87' lang='lat' dir='ltr'><strong>Deum</strong></span> <span class='ocrx_word' id='word_1_682' title='bbox 2448 4474 2564 4543; x_wconf 90' lang='lat' dir='ltr'><strong>ejus</strong></span> <span class='ocrx_word' id='word_1_683' title='bbox 2606 4473 2789 4528; x_wconf 90' lang='lat' dir='ltr'><strong>haberi</strong></span> <span class='ocrx_word' id='word_1_684' title='bbox 2828 4473 3094 4529; x_wconf 86' lang='lat' dir='ltr'><strong>fateantur</strong></span> <span class='ocrx_word' id='word_1_685' title='bbox 3121 4487 3430 4544; x_wconf 87' lang='lat' dir='ltr'><strong>auctorem;</strong></span> <span class='ocrx_word' id='word_1_686' title='bbox 3465 4482 3536 4535; x_wconf 89' lang='lat' dir='ltr'><strong>ita</strong></span> 
     </span>
    </p>
   </div>
   <div class='ocr_carea' id='block_1_91' title="bbox 279 4553 3536 4638">
    <p class='ocr_par' dir='ltr' id='par_1_91' title="bbox 279 4553 3536 4638">
     <span class='ocr_line' id='line_1_91' title="bbox 279 4553 3536 4638; baseline 0.004 -26"><span class='ocrx_word' id='word_1_687' title='bbox 279 4563 453 4617; x_wconf 82' lang='lat' dir='ltr'><strong>sibilia</strong></span> <span class='ocrx_word' id='word_1_688' title='bbox 485 4564 924 4633; x_wconf 78' lang='lat' dir='ltr'><strong>contemplemur,</strong></span> <span class='ocrx_word' id='word_1_689' title='bbox 955 4567 1093 4621; x_wconf 64' lang='lat' dir='ltr'><strong>sicut</strong></span> <span class='ocrx_word' id='word_1_690' title='bbox 1116 4567 1244 4622; x_wconf 66' lang='lat' dir='ltr'><strong>dicit</strong></span> <span class='ocrx_word' id='word_1_691' title='bbox 1272 4569 1590 4638; x_wconf 66' lang='grc' dir='ltr'><strong>Αροειοιυεοε</strong></span> <span class='ocrx_word' id='word_1_692' title='bbox 1610 4570 1747 4635; x_wconf 67' lang='lat' dir='ltr'><strong>Quia</strong></span> <span class='ocrx_word' id='word_1_693' title='bbox 1767 4573 1851 4626; x_wconf 76' lang='grc' dir='ltr'><strong>ίη-</strong></span> <span class='ocrx_word' id='word_1_694' title='bbox 1880 4553 1934 4613; x_wconf 87' lang='lat' dir='ltr'><strong>D</strong></span> <span class='ocrx_word' id='word_1_695' title='bbox 1962 4574 2141 4619; x_wconf 91' lang='lat' dir='ltr'><strong>tamen</strong></span> <span class='ocrx_word' id='word_1_696' title='bbox 2183 4565 2440 4627; x_wconf 89' lang='lat' dir='ltr'><strong>fatentur,</strong></span> <span class='ocrx_word' id='word_1_697' title='bbox 2472 4572 2532 4618; x_wconf 94' lang='lat' dir='ltr'><strong>ut</strong></span> <span class='ocrx_word' id='word_1_698' title='bbox 2558 4564 2672 4618; x_wconf 91' lang='lat' dir='ltr'><strong>sine</strong></span> <span class='ocrx_word' id='word_1_699' title='bbox 2701 4565 2974 4620; x_wconf 89' lang='lat' dir='ltr'><strong>voluntate</strong></span> <span class='ocrx_word' id='word_1_700' title='bbox 3013 4566 3178 4636; x_wconf 90' lang='lat' dir='ltr'><strong>ipsius</strong></span> <span class='ocrx_word' id='word_1_701' title='bbox 3216 4572 3536 4637; x_wconf 82' lang='lat' dir='ltr'><strong>processisse</strong></span> 
     </span>
    </p>
   </div>
   <div class='ocr_carea' id='block_1_92' title="bbox 277 4654 1854 4733">
    <p class='ocr_par' dir='ltr' id='par_1_92' title="bbox 277 4654 1854 4733">
     <span class='ocr_line' id='line_1_92' title="bbox 277 4654 1854 4733; baseline 0.007 -26"><span class='ocrx_word' id='word_1_702' title='bbox 277 4654 494 4708; x_wconf 80' lang='lat' dir='ltr'><strong>visibilia</strong></span> <span class='ocrx_word' id='word_1_703' title='bbox 531 4654 664 4726; x_wconf 83' lang='lat' dir='ltr'><strong>ejus,</strong></span> <span class='ocrx_word' id='word_1_704' title='bbox 691 4672 722 4708; x_wconf 92' lang='lat' dir='ltr'><strong>a</strong></span> <span class='ocrx_word' id='word_1_705' title='bbox 750 4657 925 4709; x_wconf 86' lang='lat' dir='ltr'><strong>mundi</strong></span> <span class='ocrx_word' id='word_1_706' title='bbox 954 4659 1320 4724; x_wconf 86' lang='lat' dir='ltr'><strong>compositione</strong></span> <span class='ocrx_word' id='word_1_707' title='bbox 1348 4676 1441 4728; x_wconf 89' lang='lat' dir='ltr'><strong>per</strong></span> <span class='ocrx_word' id='word_1_708' title='bbox 1481 4677 1542 4712; x_wconf 87' lang='lat' dir='ltr'><strong>ea</strong></span> <span class='ocrx_word' id='word_1_709' title='bbox 1571 4678 1686 4730; x_wconf 70' lang='lat' dir='ltr'><strong>qua:</strong></span> <span class='ocrx_word' id='word_1_710' title='bbox 1715 4665 1854 4733; x_wconf 82' lang='lat' dir='ltr'><strong>facta</strong></span> 
     </span>
    </p>
   </div>
   <div class='ocr_carea' id='block_1_93' title="bbox 348 4791 1850 4876">
    <p class='ocr_par' dir='ltr' id='par_1_93' title="bbox 348 4791 1850 4876">
     <span class='ocr_line' id='line_1_93' title="bbox 348 4791 1850 4876; baseline 0.019 -47"><span class='ocrx_word' id='word_1_711' title='bbox 348 4803 372 4829; x_wconf 75' lang='grc' dir='ltr'><strong><em>η</em></strong></span> <span class='ocrx_word' id='word_1_712' title='bbox 394 4791 766 4876; x_wconf 60' lang='lat' dir='ltr'><strong>godexColb.,</strong></span> <span class='ocrx_word' id='word_1_713' title='bbox 790 4795 939 4864; x_wconf 87' lang='lat' dir='ltr'><strong>paria</strong></span> <span class='ocrx_word' id='word_1_714' title='bbox 960 4795 1182 4864; x_wconf 76' lang='lat' dir='ltr'><strong>fuerunt.</strong></span> <span class='ocrx_word' id='word_1_715' title='bbox 1210 4791 1352 4846; x_wconf 87' lang='lat' dir='ltr'><strong>Editi</strong></span> <span class='ocrx_word' id='word_1_716' title='bbox 1377 4801 1432 4847; x_wconf 81' lang='lat' dir='ltr'><strong>et</strong></span> <span class='ocrx_word' id='word_1_717' title='bbox 1453 4794 1542 4847; x_wconf 92' lang='lat' dir='ltr'><strong>alii</strong></span> <span class='ocrx_word' id='word_1_718' title='bbox 1563 4793 1670 4850; x_wconf 87' lang='lat' dir='ltr'><strong>duo</strong></span> <span class='ocrx_word' id='word_1_719' title='bbox 1697 4815 1850 4866; x_wconf 89' lang='lat' dir='ltr'><strong>mss.,</strong></span> 
     </span>
    </p>
   </div>
   <div class='ocr_carea' id='block_1_94' title="bbox 276 4873 1853 5015">
    <p class='ocr_par' dir='ltr' id='par_1_94' title="bbox 276 4873 1853 5015">
     <span class='ocr_line' id='line_1_94' title="bbox 276 4873 1853 5015; baseline 0.003 -3"><span class='ocrx_word' id='word_1_720' title='bbox 276 4879 371 4969; x_wconf 51' lang='lat' dir='ltr'><strong>pa;</strong></span> <span class='ocrx_word' id='word_1_721' title='bbox 593 4932 662 5015; x_wconf 58' lang='lat' dir='ltr'><strong>ea!</strong></span> <span class='ocrx_word' id='word_1_722' title='bbox 709 4934 1066 5015; x_wconf 56' lang='grc' dir='ltr'><strong>ειηιζφεέιαιεηι</strong></span> <span class='ocrx_word' id='word_1_723' title='bbox 1113 4933 1399 5015; x_wconf 48' lang='lat' dir='ltr'><strong>respicit.</strong></span> <span class='ocrx_word' id='word_1_724' title='bbox 1431 4933 1853 5015; x_wconf 50' lang='lat' dir='ltr'><strong>Ultrixstctes</strong></span> 
     </span>
    </p>
   </div>
   <div class='ocr_carea' id='block_1_95' title="bbox 276 4952 1856 5121">
    <p class='ocr_par' dir='ltr' id='par_1_95' title="bbox 276 4952 1856 5121">
     <span class='ocr_line' id='line_1_95' title="bbox 347 4952 1853 5006; baseline 0.005 -19"><span class='ocrx_word' id='word_1_725' title='bbox 347 4952 371 4969; x_wconf 84' lang='lat'>”</span> <span class='ocrx_word' id='word_1_726' title='bbox 402 4952 563 4997; x_wconf 67' lang='lat' dir='ltr'><strong>bal“,</strong></span> <span class='ocrx_word' id='word_1_727' title='bbox 593 4952 661 4986; x_wconf 85' lang='lat' dir='ltr'><strong>aa</strong></span> <span class='ocrx_word' id='word_1_728' title='bbox 709 4952 815 4988; x_wconf 83' lang='lat' dir='ltr'><strong>anu</strong></span> <span class='ocrx_word' id='word_1_729' title='bbox 855 4952 1066 4988; x_wconf 81' lang='lat' dir='ltr'><strong>uuatem</strong></span> <span class='ocrx_word' id='word_1_730' title='bbox 1113 4952 1376 5002; x_wconf 85' lang='lat' dir='ltr'><strong>persptcu.</strong></span> <span class='ocrx_word' id='word_1_731' title='bbox 1431 4952 1575 4988; x_wconf 80' lang='lat' dir='ltr'><strong>LIDI&#39;I</strong></span> <span class='ocrx_word' id='word_1_732' title='bbox 1621 4952 1853 5006; x_wconf 84' lang='lat' dir='ltr'><strong>veteres,</strong></span> 
     </span>
     <span class='ocr_line' id='line_1_96' title="bbox 276 4952 1856 5121; baseline 0.004 -66"><span class='ocrx_word' id='word_1_733' title='bbox 276 5004 500 5121; x_wconf 42' lang='lat' dir='ltr'><strong>manu.</strong></span> <span class='ocrx_word' id='word_1_734' title='bbox 530 5001 766 5058; x_wconf 89' lang='lat' dir='ltr'><strong>Subinde</strong></span> <span class='ocrx_word' id='word_1_735' title='bbox 795 4952 949 5059; x_wconf 46' lang='grc' dir='ltr'><strong>(ἔθη).</strong></span> <span class='ocrx_word' id='word_1_736' title='bbox 980 5003 1263 5066; x_wconf 88' lang='lat' dir='ltr'><strong>secundus,</strong></span> <span class='ocrx_word' id='word_1_737' title='bbox 1295 5009 1344 5055; x_wconf 87' lang='lat' dir='ltr'><strong>et</strong></span> <span class='ocrx_word' id='word_1_738' title='bbox 1382 5003 1729 5074; x_wconf 80' lang='lat' dir='ltr'><strong>intelligibilia</strong></span> <span class='ocrx_word' id='word_1_739' title='bbox 1757 5009 1856 5062; x_wconf 88' lang='lat' dir='ltr'><strong>ini-</strong></span> 
     </span>
    </p>
   </div>
   <div class='ocr_carea' id='block_1_96' title="bbox 297 5088 422 5125">
    <p class='ocr_par' dir='ltr' id='par_1_96' title="bbox 297 5088 422 5125">
     <span class='ocr_line' id='line_1_97' title="bbox 297 5088 422 5125; baseline 0.024 -3"><span class='ocrx_word' id='word_1_740' title='bbox 297 5088 422 5125; x_wconf 80' lang='lat' dir='ltr'><strong>tum.</strong></span> 
     </span>
    </p>
   </div>
   <div class='ocr_carea' id='block_1_97' title="bbox 348 5141 1848 5212">
    <p class='ocr_par' dir='ltr' id='par_1_97' title="bbox 348 5141 1848 5212">
     <span class='ocr_line' id='line_1_98' title="bbox 348 5141 1848 5212; baseline 0.003 -16"><span class='ocrx_word' id='word_1_741' title='bbox 348 5151 368 5178; x_wconf 71' lang='grc' dir='ltr'>ε</span> <span class='ocrx_word' id='word_1_742' title='bbox 393 5141 548 5212; x_wconf 67' lang='lat' dir='ltr'><strong>Colb.</strong></span> <span class='ocrx_word' id='word_1_743' title='bbox 591 5142 877 5206; x_wconf 88' lang='lat' dir='ltr'><strong>secundus,</strong></span> <span class='ocrx_word' id='word_1_744' title='bbox 906 5159 971 5196; x_wconf 73' lang='lat' dir='ltr'><strong>ea:</strong></span> <span class='ocrx_word' id='word_1_745' title='bbox 997 5142 1171 5212; x_wconf 80' lang='lat' dir='ltr'><strong>aliqua</strong></span> <span class='ocrx_word' id='word_1_746' title='bbox 1203 5142 1553 5198; x_wconf 85' lang='lat' dir='ltr'><strong>substentante</strong></span> <span class='ocrx_word' id='word_1_747' title='bbox 1580 5148 1799 5200; x_wconf 84' lang='lat' dir='ltr'><strong>materia</strong></span> <span class='ocrx_word' id='word_1_748' title='bbox 1830 5164 1848 5201; x_wconf 92' lang='lat'><strong><em>:</em></strong></span> 
     </span>
    </p>
   </div>
   <div class='ocr_carea' id='block_1_98' title="bbox 276 5209 1849 5282">
    <p class='ocr_par' dir='ltr' id='par_1_98' title="bbox 276 5209 1849 5282">
     <span class='ocr_line' id='line_1_99' title="bbox 276 5209 1849 5282; baseline 0.004 -18"><span class='ocrx_word' id='word_1_749' title='bbox 276 5210 418 5282; x_wconf 74' lang='lat' dir='ltr'><strong>quod</strong></span> <span class='ocrx_word' id='word_1_750' title='bbox 441 5209 703 5282; x_wconf 67' lang='lat' dir='ltr'><strong>fortassis</strong></span> <span class='ocrx_word' id='word_1_751' title='bbox 748 5213 976 5282; x_wconf 90' lang='lat' dir='ltr'><strong>cuipiam</strong></span> <span class='ocrx_word' id='word_1_752' title='bbox 1017 5209 1208 5282; x_wconf 76' lang='lat' dir='ltr'><strong>melius</strong></span> <span class='ocrx_word' id='word_1_753' title='bbox 1232 5213 1399 5267; x_wconf 89' lang='lat' dir='ltr'><strong>videri</strong></span> <span class='ocrx_word' id='word_1_754' title='bbox 1445 5216 1646 5282; x_wconf 88' lang='lat' dir='ltr'><strong>poterit</strong></span> <span class='ocrx_word' id='word_1_755' title='bbox 1681 5223 1737 5270; x_wconf 87' lang='lat' dir='ltr'><strong>et</strong></span> <span class='ocrx_word' id='word_1_756' title='bbox 1779 5217 1849 5271; x_wconf 88' lang='lat' dir='ltr'><strong>ad</strong></span> 
     </span>
    </p>
   </div>
   <div class='ocr_carea' id='block_1_99' title="bbox 276 5277 1848 5353">
    <p class='ocr_par' dir='ltr' id='par_1_99' title="bbox 276 5277 1848 5353">
     <span class='ocr_line' id='line_1_100' title="bbox 276 5277 1848 5353; baseline 0.006 -23"><span class='ocrx_word' id='word_1_757' title='bbox 276 5277 415 5353; x_wconf 85' lang='lat' dir='ltr'><strong>hunc</strong></span> <span class='ocrx_word' id='word_1_758' title='bbox 441 5279 619 5353; x_wconf 88' lang='lat' dir='ltr'><strong>locum</strong></span> <span class='ocrx_word' id='word_1_759' title='bbox 644 5277 1117 5353; x_wconf 78' lang='lat' dir='ltr'><strong>accommodatius.</strong></span> <span class='ocrx_word' id='word_1_760' title='bbox 1133 5279 1247 5353; x_wconf 72' lang='lat' dir='ltr'><strong>Nec</strong></span> <span class='ocrx_word' id='word_1_761' title='bbox 1267 5277 1530 5353; x_wconf 75' lang='lat' dir='ltr'><strong>itamuito</strong></span> <span class='ocrx_word' id='word_1_762' title='bbox 1553 5293 1675 5353; x_wconf 89' lang='lat' dir='ltr'><strong>post</strong></span> <span class='ocrx_word' id='word_1_763' title='bbox 1696 5285 1848 5353; x_wconf 89' lang='lat' dir='ltr'><strong>editi,</strong></span> 
     </span>
    </p>
   </div>
   <div class='ocr_carea' id='block_1_100' title="bbox 275 5348 1848 5420">
    <p class='ocr_par' dir='ltr' id='par_1_100' title="bbox 275 5348 1848 5420">
     <span class='ocr_line' id='line_1_101' title="bbox 275 5348 1848 5420; baseline 0.006 -21"><span class='ocrx_word' id='word_1_764' title='bbox 275 5348 365 5420; x_wconf 66' lang='lat' dir='ltr'><strong>sed</strong></span> <span class='ocrx_word' id='word_1_765' title='bbox 391 5359 440 5402; x_wconf 82' lang='lat' dir='ltr'><strong>et</strong></span> <span class='ocrx_word' id='word_1_766' title='bbox 468 5349 902 5420; x_wconf 81' lang='lat' dir='ltr'><strong>instructibilium.</strong></span> <span class='ocrx_word' id='word_1_767' title='bbox 930 5351 1147 5420; x_wconf 86' lang='lat' dir='ltr'><strong>Antiqui</strong></span> <span class='ocrx_word' id='word_1_768' title='bbox 1172 5351 1278 5420; x_wconf 85' lang='lat' dir='ltr'><strong>duo</strong></span> <span class='ocrx_word' id='word_1_769' title='bbox 1304 5351 1441 5416; x_wconf 90' lang='lat' dir='ltr'><strong>libri,</strong></span> <span class='ocrx_word' id='word_1_770' title='bbox 1463 5348 1848 5409; x_wconf 71' lang='lat' dir='ltr'><strong>structibilium.</strong></span> 
     </span>
    </p>
   </div>
   <div class='ocr_carea' id='block_1_101' title="bbox 278 5415 1855 5495">
    <p class='ocr_par' dir='ltr' id='par_1_101' title="bbox 278 5415 1855 5495">
     <span class='ocr_line' id='line_1_102' title="bbox 278 5415 1855 5495; baseline 0.006 -26"><span class='ocrx_word' id='word_1_771' title='bbox 278 5415 441 5495; x_wconf 47' lang='lat' dir='ltr'><strong>filius,</strong></span> <span class='ocrx_word' id='word_1_772' title='bbox 473 5419 913 5495; x_wconf 76' lang='lat' dir='ltr'><strong>exstructibitium.</strong></span> <span class='ocrx_word' id='word_1_773' title='bbox 947 5415 1184 5476; x_wconf 79' lang='lat' dir='ltr'><strong>Subinde</strong></span> <span class='ocrx_word' id='word_1_774' title='bbox 1204 5419 1354 5476; x_wconf 90' lang='lat' dir='ltr'><strong>Colb.</strong></span> <span class='ocrx_word' id='word_1_775' title='bbox 1378 5415 1664 5488; x_wconf 80' lang='lat' dir='ltr'><strong>sccundus,</strong></span> <span class='ocrx_word' id='word_1_776' title='bbox 1696 5425 1855 5495; x_wconf 82' lang='lat' dir='ltr'><strong>signi-</strong></span> 
     </span>
    </p>
   </div>
   <div class='ocr_carea' id='block_1_102' title="bbox 279 5487 1001 5554">
    <p class='ocr_par' dir='ltr' id='par_1_102' title="bbox 279 5487 1001 5554">
     <span class='ocr_line' id='line_1_103' title="bbox 279 5487 1001 5554; baseline 0.011 -16"><span class='ocrx_word' id='word_1_777' title='bbox 279 5487 442 5553; x_wconf 80' lang='lat' dir='ltr'><strong>ﬁcatis</strong></span> <span class='ocrx_word' id='word_1_778' title='bbox 467 5490 870 5554; x_wconf 75' lang='lat' dir='ltr'><strong>accommodata,</strong></span> <span class='ocrx_word' id='word_1_779' title='bbox 897 5499 1001 5546; x_wconf 91' lang='lat' dir='ltr'><strong>etc.</strong></span> 
     </span>
    </p>
   </div>
   <div class='ocr_carea' id='block_1_103' title="bbox 349 5555 1850 5632">
    <p class='ocr_par' dir='ltr' id='par_1_103' title="bbox 349 5555 1850 5632">
     <span class='ocr_line' id='line_1_104' title="bbox 349 5555 1850 5632; baseline 0.004 -20"><span class='ocrx_word' id='word_1_780' title='bbox 349 5555 558 5632; x_wconf 74' lang='lat' dir='ltr'><strong>d_Colb.</strong></span> <span class='ocrx_word' id='word_1_781' title='bbox 606 5560 889 5632; x_wconf 76' lang='lat' dir='ltr'><strong>secundus,</strong></span> <span class='ocrx_word' id='word_1_782' title='bbox 937 5561 1006 5614; x_wconf 82' lang='lat' dir='ltr'><strong>ad</strong></span> <span class='ocrx_word' id='word_1_783' title='bbox 1051 5563 1316 5632; x_wconf 64' lang='lat' dir='ltr'><strong>prasterita</strong></span> <span class='ocrx_word' id='word_1_784' title='bbox 1364 5564 1658 5632; x_wconf 83' lang='lat' dir='ltr'><strong>repetendo,</strong></span> <span class='ocrx_word' id='word_1_785' title='bbox 1707 5562 1850 5618; x_wconf 89' lang='lat' dir='ltr'><strong>haud</strong></span> 
     </span>
    </p>
   </div>
   <div class='ocr_carea' id='block_1_104' title="bbox 278 5627 1850 5702">
    <p class='ocr_par' dir='ltr' id='par_1_104' title="bbox 278 5627 1850 5702">
     <span class='ocr_line' id='line_1_105' title="bbox 278 5627 1850 5702; baseline 0.003 -20"><span class='ocrx_word' id='word_1_786' title='bbox 278 5628 515 5702; x_wconf 76' lang='lat' dir='ltr'><strong>dissimili</strong></span> <span class='ocrx_word' id='word_1_787' title='bbox 549 5644 746 5702; x_wconf 78' lang='lat' dir='ltr'><strong>sensu._</strong></span> <span class='ocrx_word' id='word_1_788' title='bbox 761 5627 1062 5702; x_wconf 54' lang='lat' dir='ltr'><strong>aliquanto</strong></span> <span class='ocrx_word' id='word_1_789' title='bbox 1075 5639 1196 5700; x_wconf 90' lang='lat' dir='ltr'><strong>post</strong></span> <span class='ocrx_word' id='word_1_790' title='bbox 1224 5632 1363 5687; x_wconf 89' lang='lat' dir='ltr'><strong>idem</strong></span> <span class='ocrx_word' id='word_1_791' title='bbox 1392 5627 1587 5702; x_wconf 85' lang='lat' dir='ltr'><strong>codex,</strong></span> <span class='ocrx_word' id='word_1_792' title='bbox 1610 5642 1658 5687; x_wconf 86' lang='lat' dir='ltr'><strong>et</strong></span> <span class='ocrx_word' id='word_1_793' title='bbox 1685 5634 1850 5686; x_wconf 81' lang='lat' dir='ltr'><strong>sensi—</strong></span> 
     </span>
    </p>
   </div>
   <div class='ocr_carea' id='block_1_105' title="bbox 280 5695 1846 5778">
    <p class='ocr_par' dir='ltr' id='par_1_105' title="bbox 280 5695 1846 5778">
     <span class='ocr_line' id='line_1_106' title="bbox 280 5695 1846 5778; baseline 0.002 -27"><span class='ocrx_word' id='word_1_794' title='bbox 280 5695 401 5778; x_wconf 55' lang='lat' dir='ltr'><strong>bilia</strong></span> <span class='ocrx_word' id='word_1_795' title='bbox 427 5698 630 5752; x_wconf 84' lang='lat' dir='ltr'><strong>tribuat.</strong></span> <span class='ocrx_word' id='word_1_796' title='bbox 657 5695 891 5752; x_wconf 80' lang='lat' dir='ltr'><strong>Subinde</strong></span> <span class='ocrx_word' id='word_1_797' title='bbox 922 5701 1008 5755; x_wconf 93' lang='lat' dir='ltr'><strong>ille</strong></span> <span class='ocrx_word' id='word_1_798' title='bbox 1037 5695 1149 5770; x_wconf 79' lang='lat' dir='ltr'><strong>ipse</strong></span> <span class='ocrx_word' id='word_1_799' title='bbox 1168 5703 1355 5764; x_wconf 87' lang='lat' dir='ltr'><strong>codex,</strong></span> <span class='ocrx_word' id='word_1_800' title='bbox 1383 5721 1413 5755; x_wconf 91' lang='lat' dir='ltr'><strong>a</strong></span> <span class='ocrx_word' id='word_1_801' title='bbox 1446 5695 1623 5756; x_wconf 70' lang='lat' dir='ltr'><strong>muniti</strong></span> <span class='ocrx_word' id='word_1_802' title='bbox 1650 5703 1846 5755; x_wconf 81' lang='lat' dir='ltr'><strong>consti-</strong></span> 
     </span>
    </p>
   </div>
   <div class='ocr_carea' id='block_1_106' title="bbox 281 5775 490 5822">
    <p class='ocr_par' dir='ltr' id='par_1_106' title="bbox 281 5775 490 5822">
     <span class='ocr_line' id='line_1_107' title="bbox 281 5775 490 5822; baseline 0.014 -4"><span class='ocrx_word' id='word_1_803' title='bbox 281 5775 490 5822; x_wconf 78' lang='lat' dir='ltr'><strong>latione.</strong></span> 
     </span>
    </p>
   </div>
   <div class='ocr_carea' id='block_1_107' title="bbox 566 5863 1038 5932">
    <p class='ocr_par' dir='ltr' id='par_1_107' title="bbox 566 5863 1038 5932">
     <span class='ocr_line' id='line_1_108' title="bbox 566 5863 1038 5932; baseline -0.008 -6"><span class='ocrx_word' id='word_1_804' title='bbox 566 5866 838 5932; x_wconf 54' lang='lat' dir='ltr'><strong>Piraum.</strong></span> <span class='ocrx_word' id='word_1_805' title='bbox 882 5863 1038 5931; x_wconf 84' lang='lat' dir='ltr'><strong>Lili.</strong></span> 
     </span>
    </p>
   </div>
   <div class='ocr_carea' id='block_1_108' title="bbox 1967 4655 3538 4725">
    <p class='ocr_par' dir='ltr' id='par_1_108' title="bbox 1967 4655 3538 4725">
     <span class='ocr_line' id='line_1_109' title="bbox 1967 4655 3538 4725; baseline 0.001 -12"><span class='ocrx_word' id='word_1_806' title='bbox 1967 4659 2303 4720; x_wconf 80' lang='lat' dir='ltr'><strong>confirment,</strong></span> <span class='ocrx_word' id='word_1_807' title='bbox 2334 4655 2472 4709; x_wconf 88' lang='lat' dir='ltr'><strong>sicut</strong></span> <span class='ocrx_word' id='word_1_808' title='bbox 2517 4670 2585 4708; x_wconf 90' lang='lat' dir='ltr'><strong>ex</strong></span> <span class='ocrx_word' id='word_1_809' title='bbox 2635 4671 2862 4725; x_wconf 89' lang='lat' dir='ltr'><strong>corpore</strong></span> <span class='ocrx_word' id='word_1_810' title='bbox 2909 4657 3170 4722; x_wconf 85' lang='lat' dir='ltr'><strong>umbram,</strong></span> <span class='ocrx_word' id='word_1_811' title='bbox 3215 4659 3298 4714; x_wconf 90' lang='lat' dir='ltr'><strong>vel</strong></span> <span class='ocrx_word' id='word_1_812' title='bbox 3327 4675 3390 4713; x_wconf 87' lang='lat' dir='ltr'><strong>ex</strong></span> <span class='ocrx_word' id='word_1_813' title='bbox 3423 4661 3538 4715; x_wconf 87' lang='lat' dir='ltr'><strong>luce</strong></span> 
     </span>
    </p>
   </div>
   <div class='ocr_carea' id='block_1_109' title="bbox 2036 4786 3534 4858">
    <p class='ocr_par' dir='ltr' id='par_1_109' title="bbox 2036 4786 3534 4858">
     <span class='ocr_line' id='line_1_110' title="bbox 2036 4786 3534 4858; baseline -0.003 -8"><span class='ocrx_word' id='word_1_814' title='bbox 2036 4809 2059 4837; x_wconf 74' lang='grc' dir='ltr'><strong>ο</strong></span> <span class='ocrx_word' id='word_1_815' title='bbox 2090 4794 2252 4858; x_wconf 88' lang='lat' dir='ltr'><strong>Editi,</strong></span> <span class='ocrx_word' id='word_1_816' title='bbox 2285 4808 2399 4845; x_wconf 86' lang='lat' dir='ltr'><strong>cum</strong></span> <span class='ocrx_word' id='word_1_817' title='bbox 2439 4788 2586 4844; x_wconf 83' lang='lat' dir='ltr'><strong>illud.</strong></span> <span class='ocrx_word' id='word_1_818' title='bbox 2629 4786 2811 4842; x_wconf 88' lang='lat' dir='ltr'><strong>Codex</strong></span> <span class='ocrx_word' id='word_1_819' title='bbox 2859 4790 3343 4858; x_wconf 13' lang='lat' dir='ltr'><strong>noster,rquoniam</strong></span> <span class='ocrx_word' id='word_1_820' title='bbox 3387 4792 3534 4846; x_wconf 84' lang='lat' dir='ltr'><strong>illud.</strong></span> 
     </span>
    </p>
   </div>
   <div class='ocr_carea' id='block_1_110' title="bbox 1960 4857 3582 4933">
    <p class='ocr_par' dir='ltr' id='par_1_110' title="bbox 1960 4857 3582 4933">
     <span class='ocr_line' id='line_1_111' title="bbox 1960 4857 3582 4933; baseline -0.011 -9"><span class='ocrx_word' id='word_1_821' title='bbox 1960 4869 2114 4924; x_wconf 88' lang='lat' dir='ltr'><strong>Colb.</strong></span> <span class='ocrx_word' id='word_1_822' title='bbox 2146 4857 2428 4924; x_wconf 88' lang='lat' dir='ltr'><strong>secundus,</strong></span> <span class='ocrx_word' id='word_1_823' title='bbox 2461 4859 2701 4930; x_wconf 86' lang='lat' dir='ltr'><strong>quoniam</strong></span> <span class='ocrx_word' id='word_1_824' title='bbox 2730 4873 2946 4933; x_wconf 81' lang='lat' dir='ltr'><strong>semper.</strong></span> <span class='ocrx_word' id='word_1_825' title='bbox 2975 4857 3220 4924; x_wconf 88' lang='lat' dir='ltr'><strong>Basilius,</strong></span> <span class='ocrx_word' id='word_1_826' title='bbox 3243 4866 3334 4913; x_wconf 81' lang='grc' dir='ltr'><strong>τοῦ</strong></span> <span class='ocrx_word' id='word_1_827' title='bbox 3355 4859 3536 4933; x_wconf 78' lang='grc' dir='ltr'><strong>διαιρι-</strong></span> <span class='ocrx_word' id='word_1_828' title='bbox 3577 4903 3582 4906; x_wconf 87' lang='grc'>,</span> 
     </span>
    </p>
   </div>
   <div class='ocr_carea' id='block_1_111' title="bbox 1961 4931 2848 5003">
    <p class='ocr_par' dir='ltr' id='par_1_111' title="bbox 1961 4931 2848 5003">
     <span class='ocr_line' id='line_1_112' title="bbox 1961 4931 2848 5003; baseline -0.015 -11"><span class='ocrx_word' id='word_1_829' title='bbox 1961 4943 2126 4997; x_wconf 78' lang='grc' dir='ltr'><strong>θέντος</strong></span> <span class='ocrx_word' id='word_1_830' title='bbox 2151 4939 2227 4990; x_wconf 82' lang='grc' dir='ltr'><strong>ἀεὶ</strong></span> <span class='ocrx_word' id='word_1_831' title='bbox 2259 4935 2326 5003; x_wconf 76' lang='grc' dir='ltr'><strong>εἰς</strong></span> <span class='ocrx_word' id='word_1_832' title='bbox 2352 4934 2504 5003; x_wconf 79' lang='grc' dir='ltr'><strong>ἕτερα</strong></span> <span class='ocrx_word' id='word_1_833' title='bbox 2532 4931 2848 5003; x_wconf 54' lang='grc' dir='ltr'><strong>τεμνομένου.</strong></span> 
     </span>
    </p>
   </div>
   <div class='ocr_carea' id='block_1_112' title="bbox 2039 4995 3539 5065">
    <p class='ocr_par' dir='ltr' id='par_1_112' title="bbox 2039 4995 3539 5065">
     <span class='ocr_line' id='line_1_113' title="bbox 2039 4995 3539 5065; baseline -0.007 -5"><span class='ocrx_word' id='word_1_834' title='bbox 2039 5007 2055 5045; x_wconf 73' lang='grc' dir='ltr'>ί</span> <span class='ocrx_word' id='word_1_835' title='bbox 2087 4995 2178 5060; x_wconf 86' lang='lat' dir='ltr'><strong>Sic</strong></span> <span class='ocrx_word' id='word_1_836' title='bbox 2205 5002 2356 5057; x_wconf 90' lang='lat' dir='ltr'><strong>Colb.</strong></span> <span class='ocrx_word' id='word_1_837' title='bbox 2391 4995 2690 5055; x_wconf 46' lang='lat' dir='ltr'><strong>sécund&#39;us.‘</strong></span> <span class='ocrx_word' id='word_1_838' title='bbox 2707 4995 2823 5050; x_wconf 88' lang='lat' dir='ltr'><strong>Vox</strong></span> <span class='ocrx_word' id='word_1_839' title='bbox 2846 4995 3105 5065; x_wconf 84' lang='lat' dir='ltr'><strong>sciendum</strong></span> <span class='ocrx_word' id='word_1_840' title='bbox 3125 4995 3275 5048; x_wconf 86' lang='lat' dir='ltr'><strong>abest</strong></span> <span class='ocrx_word' id='word_1_841' title='bbox 3299 5009 3330 5046; x_wconf 89' lang='lat' dir='ltr'><strong>a</strong></span> <span class='ocrx_word' id='word_1_842' title='bbox 3352 4995 3539 5065; x_wconf 79' lang='lat' dir='ltr'><strong>vulga—</strong></span> 
     </span>
    </p>
   </div>
   <div class='ocr_carea' id='block_1_113' title="bbox 1963 5063 3534 5134">
    <p class='ocr_par' dir='ltr' id='par_1_113' title="bbox 1963 5063 3534 5134">
     <span class='ocr_line' id='line_1_114' title="bbox 1963 5063 3534 5134; baseline -0.007 -2"><span class='ocrx_word' id='word_1_843' title='bbox 1963 5080 2052 5134; x_wconf 91' lang='lat' dir='ltr'><strong>tis.</strong></span> <span class='ocrx_word' id='word_1_844' title='bbox 2076 5075 2200 5129; x_wconf 85' lang='lat' dir='ltr'><strong>Mox</strong></span> <span class='ocrx_word' id='word_1_845' title='bbox 2227 5071 2378 5126; x_wconf 89' lang='lat' dir='ltr'><strong>Colb.</strong></span> <span class='ocrx_word' id='word_1_846' title='bbox 2411 5067 2699 5128; x_wconf 89' lang='lat' dir='ltr'><strong>secundus,</strong></span> <span class='ocrx_word' id='word_1_847' title='bbox 2732 5065 3014 5119; x_wconf 82' lang='lat' dir='ltr'><strong>videntibus</strong></span> <span class='ocrx_word' id='word_1_848' title='bbox 3035 5063 3534 5134; x_wconf 49' lang='lat' dir='ltr'><strong>demonstraturfet</strong></span> 
     </span>
    </p>
   </div>
   <div class='ocr_carea' id='block_1_114' title="bbox 1962 5131 3534 5214">
    <p class='ocr_par' dir='ltr' id='par_1_114' title="bbox 1962 5131 3534 5214">
     <span class='ocr_line' id='line_1_115' title="bbox 1962 5131 3534 5214; baseline -0.009 -12"><span class='ocrx_word' id='word_1_849' title='bbox 1962 5131 2035 5202; x_wconf 80' lang='lat' dir='ltr'><strong>ita</strong></span> <span class='ocrx_word' id='word_1_850' title='bbox 2057 5157 2273 5214; x_wconf 88' lang='lat' dir='ltr'><strong>quoque</strong></span> <span class='ocrx_word' id='word_1_851' title='bbox 2306 5140 2561 5214; x_wconf 86' lang='lat' dir='ltr'><strong>scriptum</strong></span> <span class='ocrx_word' id='word_1_852' title='bbox 2595 5135 2895 5214; x_wconf 54' lang='lat' dir='ltr'><strong>invertimus</strong></span> <span class='ocrx_word' id='word_1_853' title='bbox 2920 5134 2972 5213; x_wconf 79' lang='lat' dir='ltr'><strong>in</strong></span> <span class='ocrx_word' id='word_1_854' title='bbox 3002 5141 3183 5214; x_wconf 67' lang='lat' dir='ltr'><strong>nostro</strong></span> <span class='ocrx_word' id='word_1_855' title='bbox 3213 5131 3417 5214; x_wconf 74' lang='lat' dir='ltr'><strong>codice,</strong></span> <span class='ocrx_word' id='word_1_856' title='bbox 3435 5137 3534 5214; x_wconf 83' lang='lat' dir='ltr'><strong>sed</strong></span> 
     </span>
    </p>
   </div>
   <div class='ocr_carea' id='block_1_115' title="bbox 1960 5201 3534 5272">
    <p class='ocr_par' dir='ltr' id='par_1_115' title="bbox 1960 5201 3534 5272">
     <span class='ocr_line' id='line_1_116' title="bbox 1960 5201 3534 5272; baseline -0.016 0"><span class='ocrx_word' id='word_1_857' title='bbox 1960 5201 2380 5272; x_wconf 51' lang='lat' dir='ltr'><strong>secunda&#39;lnanu</strong></span> <span class='ocrx_word' id='word_1_858' title='bbox 2407 5201 2684 5263; x_wconf 85' lang='lat' dir='ltr'><strong>duntaxat.</strong></span> <span class='ocrx_word' id='word_1_859' title='bbox 2719 5202 2878 5266; x_wconf 85' lang='lat' dir='ltr'><strong>Editi,</strong></span> <span class='ocrx_word' id='word_1_860' title='bbox 2908 5201 3181 5255; x_wconf 74' lang='lat' dir='ltr'><strong>visentibus</strong></span> <span class='ocrx_word' id='word_1_861' title='bbox 3211 5201 3534 5257; x_wconf 78' lang='lat' dir='ltr'><strong>demonstra-</strong></span> 
     </span>
    </p>
   </div>
   <div class='ocr_carea' id='block_1_116' title="bbox 1961 5296 2061 5339">
    <p class='ocr_par' dir='ltr' id='par_1_116' title="bbox 1961 5296 2061 5339">
     <span class='ocr_line' id='line_1_117' title="bbox 1961 5296 2061 5339; baseline 0.01 -1"><span class='ocrx_word' id='word_1_862' title='bbox 1961 5296 2061 5339; x_wconf 89' lang='lat' dir='ltr'><strong>tur.</strong></span> 
     </span>
    </p>
   </div>
   <div class='ocr_carea' id='block_1_117' title="bbox 2033 5337 3534 5419">
    <p class='ocr_par' dir='ltr' id='par_1_117' title="bbox 2033 5337 3534 5419">
     <span class='ocr_line' id='line_1_118' title="bbox 2033 5337 3534 5419; baseline -0.015 -11"><span class='ocrx_word' id='word_1_863' title='bbox 2033 5337 2058 5401; x_wconf 66' lang='grc' dir='ltr'><em>ἐ</em></span> <span class='ocrx_word' id='word_1_864' title='bbox 2089 5351 2260 5415; x_wconf 89' lang='lat' dir='ltr'><strong>Editi,</strong></span> <span class='ocrx_word' id='word_1_865' title='bbox 2291 5349 2644 5403; x_wconf 72' lang='lat' dir='ltr'><strong>architectum</strong></span> <span class='ocrx_word' id='word_1_866' title='bbox 2671 5352 2720 5396; x_wconf 88' lang='lat' dir='ltr'><strong>et</strong></span> <span class='ocrx_word' id='word_1_867' title='bbox 2759 5343 2841 5394; x_wconf 85' lang='lat' dir='ltr'><strong>his</strong></span> <span class='ocrx_word' id='word_1_868' title='bbox 2868 5339 3130 5419; x_wconf 57' lang='lat' dir='ltr'><strong>similium.</strong></span> <span class='ocrx_word' id='word_1_869' title='bbox 3161 5337 3311 5395; x_wconf 89' lang='lat' dir='ltr'><strong>Colb.</strong></span> <span class='ocrx_word' id='word_1_870' title='bbox 3345 5356 3534 5419; x_wconf 70' lang='lat' dir='ltr'><strong>secuu-</strong></span> 
     </span>
    </p>
   </div>
   <div class='ocr_carea' id='block_1_118' title="bbox 1960 5409 3534 5486">
    <p class='ocr_par' dir='ltr' id='par_1_118' title="bbox 1960 5409 3534 5486">
     <span class='ocr_line' id='line_1_119' title="bbox 1960 5409 3534 5486; baseline -0.015 -8"><span class='ocrx_word' id='word_1_871' title='bbox 1960 5423 2080 5486; x_wconf 90' lang='lat' dir='ltr'><strong>dus,</strong></span> <span class='ocrx_word' id='word_1_872' title='bbox 2103 5409 2458 5475; x_wconf 75' lang='lat' dir='ltr'><strong>architectum</strong></span> <span class='ocrx_word' id='word_1_873' title='bbox 2478 5427 2526 5486; x_wconf 86' lang='lat' dir='ltr'><strong>et</strong></span> <span class='ocrx_word' id='word_1_874' title='bbox 2555 5425 2769 5486; x_wconf 54' lang='lat' dir='ltr'><strong>tracturae</strong></span> <span class='ocrx_word' id='word_1_875' title='bbox 2794 5419 2844 5486; x_wconf 72' lang='lat' dir='ltr'><strong>et</strong></span> <span class='ocrx_word' id='word_1_876' title='bbox 2873 5411 2936 5463; x_wconf 85' lang='lat' dir='ltr'><strong>iis</strong></span> <span class='ocrx_word' id='word_1_877' title='bbox 2964 5409 3235 5464; x_wconf 79' lang='lat' dir='ltr'><strong>similium:</strong></span> <span class='ocrx_word' id='word_1_878' title='bbox 3266 5415 3534 5486; x_wconf 44' lang='lat' dir='ltr'><strong>quassari-</strong></span> 
     </span>
    </p>
   </div>
   <div class='ocr_carea' id='block_1_119' title="bbox 1960 5481 3530 5563">
    <p class='ocr_par' dir='ltr' id='par_1_119' title="bbox 1960 5481 3530 5563">
     <span class='ocr_line' id='line_1_120' title="bbox 1960 5481 3530 5563; baseline -0.015 -16"><span class='ocrx_word' id='word_1_879' title='bbox 1960 5481 2118 5563; x_wconf 81' lang='lat' dir='ltr'><strong>ptura</strong></span> <span class='ocrx_word' id='word_1_880' title='bbox 2155 5491 2436 5563; x_wconf 79' lang='lat' dir='ltr'><strong>quin_ver_a</strong></span> <span class='ocrx_word' id='word_1_881' title='bbox 2482 5485 2551 5539; x_wconf 92' lang='lat' dir='ltr'><strong>sit</strong></span> <span class='ocrx_word' id='word_1_882' title='bbox 2587 5481 2816 5563; x_wconf 78' lang='lat' dir='ltr'><strong>dubitari</strong></span> <span class='ocrx_word' id='word_1_883' title='bbox 2847 5494 2953 5563; x_wconf 84' lang='lat' dir='ltr'><strong>no_n</strong></span> <span class='ocrx_word' id='word_1_884' title='bbox 2983 5486 3197 5547; x_wconf 89' lang='lat' dir='ltr'><strong>potest,</strong></span> <span class='ocrx_word' id='word_1_885' title='bbox 3230 5481 3352 5536; x_wconf 89' lang='lat' dir='ltr'><strong>cum</strong></span> <span class='ocrx_word' id='word_1_886' title='bbox 3382 5483 3530 5551; x_wconf 76' lang='lat' dir='ltr'><strong>lega-</strong></span> 
     </span>
    </p>
   </div>
   <div class='ocr_carea' id='block_1_120' title="bbox 1964 5554 2970 5630">
    <p class='ocr_par' dir='ltr' id='par_1_120' title="bbox 1964 5554 2970 5630">
     <span class='ocr_line' id='line_1_121' title="bbox 1964 5554 2970 5630; baseline -0.015 -13"><span class='ocrx_word' id='word_1_887' title='bbox 1964 5554 2082 5630; x_wconf 82' lang='lat' dir='ltr'><strong>inus</strong></span> <span class='ocrx_word' id='word_1_888' title='bbox 2093 5554 2242 5630; x_wconf 56' lang='lat' dir='ltr'><strong>gpild</strong></span> <span class='ocrx_word' id='word_1_889' title='bbox 2273 5557 2558 5630; x_wconf 63' lang='lat' dir='ltr'><strong>Basilium,</strong></span> <span class='ocrx_word' id='word_1_890' title='bbox 2572 5554 2970 5630; x_wconf 53' lang='lat' dir='ltr'><strong>xainupowttxﬁc.</strong></span> 
     </span>
    </p>
   </div>
   <div class='ocr_carea' id='block_1_121' title="bbox 2032 5617 3531 5695">
    <p class='ocr_par' dir='ltr' id='par_1_121' title="bbox 2032 5617 3531 5695">
     <span class='ocr_line' id='line_1_122' title="bbox 2032 5617 3531 5695; baseline -0.005 -14"><span class='ocrx_word' id='word_1_891' title='bbox 2032 5628 2056 5666; x_wconf 79' lang='grc' dir='ltr'><strong>¹ι</strong></span> <span class='ocrx_word' id='word_1_892' title='bbox 2088 5617 2248 5690; x_wconf 69' lang='grc' dir='ltr'><strong>Εξιίιί,</strong></span> <span class='ocrx_word' id='word_1_893' title='bbox 2283 5630 2444 5695; x_wconf 77' lang='lat' dir='ltr'><strong>fertur</strong></span> <span class='ocrx_word' id='word_1_894' title='bbox 2477 5623 2631 5676; x_wconf 86' lang='lat' dir='ltr'><strong>enim.</strong></span> <span class='ocrx_word' id='word_1_895' title='bbox 2657 5617 3053 5695; x_wconf 65' lang='lat' dir='ltr'><strong>Co&#39;dexnoster</strong></span> <span class='ocrx_word' id='word_1_896' title='bbox 3077 5626 3136 5695; x_wconf 87' lang='lat' dir='ltr'><strong>et_</strong></span> <span class='ocrx_word' id='word_1_897' title='bbox 3156 5617 3531 5695; x_wconf 43' lang='lat' dir='ltr'><strong>Colb.-secun—</strong></span> 
     </span>
    </p>
   </div>
   <div class='ocr_carea' id='block_1_122' title="bbox 1958 5687 3532 5768">
    <p class='ocr_par' dir='ltr' id='par_1_122' title="bbox 1958 5687 3532 5768">
     <span class='ocr_line' id='line_1_123' title="bbox 1958 5687 3532 5768; baseline -0.005 -18"><span class='ocrx_word' id='word_1_898' title='bbox 1958 5699 2078 5762; x_wconf 89' lang='lat' dir='ltr'><strong>dus,</strong></span> <span class='ocrx_word' id='word_1_899' title='bbox 2105 5687 2292 5768; x_wconf 57' lang='lat' dir='ltr'><strong>forant:</strong></span> <span class='ocrx_word' id='word_1_900' title='bbox 2323 5694 2602 5759; x_wconf 73' lang='lat' dir='ltr'><strong>Aliquanto</strong></span> <span class='ocrx_word' id='word_1_901' title='bbox 2625 5698 2744 5759; x_wconf 85' lang='lat' dir='ltr'><strong>post</strong></span> <span class='ocrx_word' id='word_1_902' title='bbox 2764 5690 2913 5744; x_wconf 77' lang='lat' dir='ltr'><strong>Colb.</strong></span> <span class='ocrx_word' id='word_1_903' title='bbox 2941 5687 3224 5748; x_wconf 80' lang='lat' dir='ltr'><strong>secundus,</strong></span> <span class='ocrx_word' id='word_1_904' title='bbox 3249 5687 3324 5739; x_wconf 79' lang='lat' dir='ltr'><strong>vel</strong></span> <span class='ocrx_word' id='word_1_905' title='bbox 3340 5705 3402 5741; x_wconf 73' lang='lat' dir='ltr'><strong>ex</strong></span> <span class='ocrx_word' id='word_1_906' title='bbox 3424 5691 3532 5742; x_wconf 85' lang='lat' dir='ltr'><strong>luce</strong></span> 
     </span>
    </p>
   </div>
   <div class='ocr_carea' id='block_1_123' title="bbox 1963 5767 2296 5838">
    <p class='ocr_par' dir='ltr' id='par_1_123' title="bbox 1963 5767 2296 5838">
     <span class='ocr_line' id='line_1_124' title="bbox 1963 5767 2296 5838; baseline -0.018 -20"><span class='ocrx_word' id='word_1_907' title='bbox 1963 5767 2296 5838; x_wconf 54' lang='lat' dir='ltr'><strong>“plauderent.</strong></span> 
     </span>
    </p>
   </div>
   <div class='ocr_carea' id='block_1_124' title="bbox 3173 5845 3251 5905">
    <p class='ocr_par' dir='ltr' id='par_1_124' title="bbox 3173 5845 3251 5905">
     <span class='ocr_line' id='line_1_125' title="bbox 3173 5845 3251 5905; baseline 0 0"><span class='ocrx_word' id='word_1_908' title='bbox 3173 5845 3251 5905; x_wconf 80' lang='lat'><strong>28</strong></span> 
     </span>
    </p>
   </div>
  </div>
