4192 6258
2086 388 2450 448 EUSTATHII

3826 388 3947 449 8'16

640 518 925 590 fulgorem.
949 512 1151 568 Volens
1173 510 1352 579 itaque
1381 503 1683 576 hujusmodi
1710 519 1948 558 errorem
1971 500 2235 573 propheta
2262 501 2311 561 Α
2339 499 2431 580 qui
2454 497 2671 553 minime
2692 496 2883 551 fortem
2909 511 3254 567 crassamque
3276 506 3521 552 naturam
3554 499 3607 552 in
3634 500 3763 554 coeli
3786 516 3947 555 com-

640 610 942 679 corrigere,
973 606 1075 660 hac
1113 602 1400 657 verborum
1438 598 1733 654 subtilitate
1776 597 1958 668 potius
1997 612 2124 649 usus
2151 599 2234 649 est

643 702 831 758 dicens
864 718 878 753 :
913 694 980 753 In
1007 695 1262 768 principio
1307 695 1427 766 fecit
1476 690 1637 755 Deus,
1671 689 1722 744 id
1767 697 1848 744 est
1879 705 1985 743 non
2016 702 2235 741 causam

642 791 890 865 prmstitit
909 796 969 846 ut
990 795 1135 845 esset
1155 786 1348 850 solum,
1380 783 1475 840 sed
1505 784 1623 855 fecit
1657 790 1714 836 ut
1741 783 1915 836 bonus
1943 779 2148 842 utilem,
2174 785 2233 831 ut

638 885 854 956 sapiens
882 881 1176 954 optimum,
1223 885 1278 932 ut
1324 884 1517 947 potens
1563 874 1874 928 maximum.
1905 868 2040 926 Cum
2086 869 2231 923 enim

639 976 808 1031 dicit:
842 970 979 1040 Quia
1008 969 1153 1033 fecit,
1184 967 1469 1038 quemdam
1500 965 1616 1020 sine
1637 963 1800 1019 dubio
1830 962 2069 1017 declarat
2098 959 2230 1013 arti-

640 1063 819 1133 ﬁcem,
844 1063 935 1133 qui
960 1059 1289 1130 singulorum
1312 1055 1706 1127 compositione
1728 1052 2114 1113 membrorum,
2134 1065 2231 1120 per

639 1154 821 1211 omnia
849 1151 1261 1207 convenientem
1308 1147 1523 1202 sibimet
1552 1155 1608 1200 et
1634 1157 1930 1213 congruum
1979 1140 2231 1197 formavit

636 1244 913 1299 mundum.
952 1240 1015 1295 In
1045 1241 1299 1312 principio
1338 1238 1459 1310 fecit
1507 1236 1646 1290 Deus
1692 1235 1873 1289 cwlum
1921 1244 1969 1287 et
2016 1241 2227 1286 terram.

636 1331 717 1387 Ex
764 1332 975 1387 duobus
1022 1330 1183 1401 igitur
1230 1327 1585 1384 summatibus
1634 1325 1937 1392 elementis,
1988 1323 2228 1397 omnium

636 1424 993 1481 substantiam
1049 1422 1293 1490 designat
1342 1431 1365 1455 ει
1408 1426 1737 1475 exstructam
1777 1416 1957 1471 :emlo
2011 1412 2226 1484 quidem

635 1515 913 1588 privilegia
944 1512 1190 1581 digniora
1222 1510 1588 1572 COllll‘lbUCllS,
1623 1517 1825 1562 terram
1868 1521 1994 1560 vero
2039 1504 2090 1559 in
2136 1520 2226 1558 se-

634 1605 810 1662 cundo
832 1612 1203 1660 creaturarum
1234 1602 1356 1656 loco
1386 1600 1721 1656 constituens
1746 1616 1759 1663 ;
1793 1606 1847 1652 et
1869 1598 1912 1653 si
1935 1597 2062 1671 quid
2091 1596 2227 1650 alius

632 1703 715 1751 est
742 1694 999 1769 medium,
1029 1708 1150 1748 cum
1194 1691 1576 1762 principalibus
1620 1690 1734 1769 istis
1780 1705 1885 1744 una
1927 1687 2226 1769 perfectum

632 1796 735 1842 est.
762 1785 839 1840 Ita
867 1767 1111 1854 quamvis
1139 1782 1271 1837 nihil
1300 1782 1367 1837 de
1395 1798 1539 1846 aere,
1573 1780 1657 1835 vel
1689 1764 1830 1850 igne,
1861 1776 1947 1834 vel
1975 1764 2113 1847 aqua
2139 1777 2223 1831 di-

2337 588 2606 657 positione
2629 587 2922 653 substituit.
2954 585 3031 642 De
3060 588 3332 643 schemate
3354 589 3517 642 etiam
3542 587 3663 657 ejus
3703 592 3836 644 satis
3870 592 3945 645 ab

2336 694 2402 734 eo
2430 680 2635 734 dictum
2664 686 2768 745 est,
2804 695 2925 734 eum
2956 676 3348 747 gloriﬁcatione
3379 679 3492 734 Dei.
3523 677 3654 743 Quis
3687 681 3945 736 stabiliri!

2334 770 2534 835 caelum,
2575 779 2632 824 ut
2673 786 2933 824 cameram
2969 767 3125 839 (Isai.
3159 786 3248 835 XL,
3280 768 3412 841 22)?
3440 767 3641 825 Eadem
3655 773 3844 827 °etinm
3873 773 3948 827 de

2335 868 2483 917 terra
2506 862 2693 917 sentiri
2723 861 3009 917 suademus
3043 879 3055 914 :
3104 860 3325 916 minime
3353 862 3610 917 videlicet
3632 863 3947 919 discutien-

2336 962 2419 1009 tes
2446 952 2620 1025 qualis
2657 952 2728 1008 sit
2759 952 2874 1022 ejus
2901 953 3199 1008 substantia
3220 992 3234 1015 ,
3261 967 3359 1008 nec
3380 952 3654 1029 conficere
3683 971 3702 989 ι·
3729 973 3834 1010 nos
3855 937 3950 1011 eo;

2333 1044 2680 1116 gitationibus
2734 1051 3137 1115 perscrutantes
3183 1042 3313 1113 quid
3368 1043 3419 1097 ei
3466 1044 3783 1115 subjaeeat,
3841 1064 3949 1103 nec

2332 1138 2561 1193 scrutari
2590 1145 2838 1193 naturam
2866 1135 3216 1206 qualitatibus
3244 1152 3468 1190 vacuam
3511 1144 3565 1190 et
3608 1138 3901 1193 informem
3927 1181 3948 1205 ,

2332 1227 2425 1283 sed
2458 1237 2663 1283 tantum
2693 1228 2833 1284 scire
2863 1243 2962 1283 nos
2990 1226 3264 1291 convenit,
3297 1227 3423 1297 quia
3447 1228 3628 1282 omnia
3650 1244 3773 1299 qua:
3801 1246 3943 1298 erg]

2334 1328 2530 1375 terram
2574 1320 2833 1383 videmus,
2885 1319 2953 1374 ad
2990 1319 3094 1375 hoc
3129 1319 3303 1373 solum
3347 1328 3407 1374 ut
3446 1330 3623 1375 essent
3671 1321 3948 1376 ordinata

2332 1419 2475 1475 sunt,
2502 1411 2697 1481 quibus
2718 1412 2877 1466 rebus
2905 1409 3208 1466 substantia
3236 1409 3621 1480 eompleretur.
3640 1410 3837 1481 Itaque
3864 1412 3948 1468 ad

2331 1504 2538 1559 nullum
2570 1502 2852 1575 pervenies
2882 1504 3190 1569 terminum,
3220 1503 3265 1557 si
3294 1502 3531 1572 singulas
3560 1502 3673 1572 ejus
3698 1504 3943 1573 qualita-

2329 1603 2412 1651 tes
2441 1595 2691 1668 persequi
2720 1610 2970 1663 sermone
3006 1593 3318 1649 tentaveris.
3356 1592 3409 1647 Si
3435 1592 3583 1648 enim
3604 1593 3942 1651 disereveris

2330 1688 2447 1757 ejus
2477 1688 2765 1757 nigrorem,
2797 1685 2816 1724 τ
2851 1685 3213 1755 frigiditatem,
3237 1685 3651 1754 gravitudinem,
3684 1686 3938 1741 densita-

2331 1787 2460 1848 tem,
2483 1786 2539 1833 et
2567 1793 2661 1837 eas
2682 1778 2968 1848 qualitates
2987 1792 3105 1847 quis
3134 1793 3329 1848 sapore
3357 1785 3543 1846 gustus
3566 1764 3936 1847 comprehenc

632 1888 779 1935 etum
802 1879 871 1931 sit
902 1897 916 1929 ;
947 1886 1001 1931 te
1030 1884 1212 1929 tamen
1241 1873 1525 1951 prudentia
1555 1872 1773 1943 propria
1795 1886 2017 1926 necesse
2047 1876 2128 1924 est
2150 1869 2225 1922 in-
2256 1878 2301 1939 Β
2326 1871 2508 1929 sibiles
2536 1871 2822 1934 habentur,
2856 1869 2986 1924 nihil
3017 1870 3119 1924 erit
3149 1870 3363 1940 penitus
3397 1869 3544 1940 quod
3576 1869 3757 1924 telluri
3804 1872 3935 1925 sub-

629 1969 891 2037 telligere.
926 1965 1107 2021 Primo
1127 1965 1366 2043 quidem,
1390 1964 1515 2034 quia
1538 1962 1717 2017 omnia
1749 1961 1802 2016 in
1832 1961 2080 2017 omnibus
2100 1971 2225 2015 sunt

629 2062 917 2133 permixta.
950 2059 1228 2128 Siquidem
1259 2072 1472 2129 aquam,
1506 2064 1559 2111 et
1585 2071 1788 2123 aerem,
1811 2064 1864 2110 et
1904 2055 2079 2122 ignem
2110 2063 2221 2107 ter-

627 2168 702 2208 ra:
725 2152 996 2207 cobmrere
1026 2150 1384 2206 certissimum
1414 2156 1498 2202 est
1523 2166 1534 2200 :
1574 2162 1698 2200 nam
1721 2153 1774 2201 et
1803 2162 1869 2201 ex
1899 2145 2041 2200 ferro
2071 2152 2125 2199 et
2155 2160 2223 2197 ex

630 2243 896 2312 lapidibus
924 2242 1060 2309 ignis
1100 2255 1199 2310 per
1228 2238 1252 2276 δ
1298 2237 1636 2294 fricationem
1666 2238 1803 2292 solet
1844 2238 2020 2291 excuti
2059 2256 2070 2289 :
2103 2252 2222 2306 quae

627 2336 818 2404 utique
845 2334 914 2389 de
944 2332 1135 2387 tellure
1159 2339 1469 2386 nascuntur.
1504 2328 1572 2382 Et
1599 2339 1683 2384 est
1711 2329 1904 2383 mirum
1949 2327 2221 2397 quomodo

626 2426 756 2480 dum
799 2425 852 2478 in
882 2423 1193 2479 memoratis
1242 2422 1486 2477 abstrusa
1525 2427 1608 2475 est
1644 2419 1876 2481 flamina,
1906 2419 2224 2488 corporibus

626 2516 857 2571 habetur
886 2514 1124 2580 innoxia,
1157 2528 1279 2568 cum
1309 2528 1439 2567 vero
1469 2510 1628 2567 fuerit
1656 2510 1991 2565 extrinsecus
2020 2509 2216 2574 elicita,

625 2606 852 2662 devorat
880 2621 999 2660 eam
1028 2604 1311 2660 materiam
1333 2604 1387 2659 in
1411 2618 1517 2673 qua
1539 2602 1713 2657 fuerat
1734 2601 2021 2655 custodita.
2048 2599 2221 2668 Aqua-

622 2716 746 2756 rum
788 2714 1007 2771 qnoque
1054 2707 1302 2754 naturaet
1349 2698 1500 2753 venis
1542 2697 1764 2753 subesse
1811 2704 2074 2751 terrarum
2106 2695 2217 2750 fos-

624 2808 776 2849 sores
803 2792 1042 2848 indicant
1070 2799 1359 2862 puteorum
1393 2809 1405 2844 :
1436 2790 1630 2860 quibus
1680 2788 1845 2845 etiam
1888 2803 2066 2843 aerem
2098 2801 2218 2853 esse

622 2885 949 2956 permixtum
989 2898 1056 2937 ex
1098 2898 1163 2939 eo
1205 2896 1534 2952 cognoscere
1586 2895 1893 2952 possumus,
1924 2878 2066 2949 quod
2096 2893 2216 2933 cum

620 2973 784 3030 fuerit
810 2976 1119 3039 humectata
1149 2971 1326 3038 tellus,
1354 2981 1409 3027 et
1430 2973 1746 3043 temperiem
1768 2971 1896 3025 solis
1924 2970 2213 3040 acceperit,

620 3079 750 3119 mox
769 3080 999 3136 vapores
1023 3064 1242 3118 exhalat
1272 3063 1620 3133 largissimus.
1648 3060 1852 3116 Deinde
1880 3061 1924 3117 si
1953 3059 2213 3114 naturali-

622 3163 708 3210 ter
734 3155 917 3210 sedem
938 3154 1274 3223 superiorem
1304 3153 1501 3208 cmlum
1521 3154 1768 3207 sortitum
1791 3160 1891 3216 est,
1920 3159 2064 3206 terra
2084 3166 2214 3205 vero

2322 1962 2522 2033 jaceat.
2547 1962 2673 2018 Haec
2704 1962 2861 2031 igitur
2888 1962 3229 2029 omittentes,
3248 1978 3346 2017 nec
3375 1962 3503 2016 illud
3534 1962 3822 2016 hortamur
3846 1964 3933 2017 in-

2329 2055 2492 2124 quiri,
2516 2070 2678 2125 super
2709 2054 2839 2126 quid
2867 2054 2937 2108 sit
2967 2062 3108 2109 terra
3142 2053 3367 2108 lirmata.
3397 2052 3763 2123 Torquebitur
3785 2057 3932 2113 enim

2327 2162 2479 2203 mens
2506 2147 2577 2202 ad
2604 2147 2805 2202 nullum
2834 2154 3041 2202 certum
3077 2146 3280 2201 exitum
3313 2146 3668 2216 perveniente
3714 2147 3929 2202 discur-

2325 2239 2490 2293 sionis
2518 2238 2784 2307 indagine.
2807 2237 2932 2293 Sive
2958 2239 3103 2293 enim
3127 2254 3307 2293 aerem
3331 2239 3533 2293 dixeris
3562 2239 3683 2307 ejus
3703 2242 3931 2298 subesse

2323 2331 2620 2386 fundamini
2658 2349 2669 2384 :
2700 2330 2942 2401 profecto
2973 2329 3193 2387 deficies
3222 2332 3533 2401 cogitando,
3563 2335 3931 2405 quemadmo-

2323 2421 2449 2479 dum
2478 2422 2679 2494 liquida
2707 2430 2760 2477 et
2784 2421 2975 2477 dillusa
2997 2431 3208 2488 natura,
3244 2430 3397 2477 tanto
3427 2423 3668 2493 pondere
3695 2425 3929 2497 depres-

2322 2528 2382 2568 sa
2436 2513 2673 2569 substitit
2718 2529 2780 2568 ac
2829 2529 2939 2568 non
2990 2514 3170 2589 potius
3221 2513 3465 2569 labitur:
3500 2514 3735 2585 undique
3766 2525 3927 2572 terno

2320 2606 2604 2674 dillugiens
2652 2605 2996 2667 densitatem,
3048 2621 3115 2662 ac
3162 2618 3378 2676 semper
3424 2608 3750 2662 eminentior
3797 2624 3927 2685 c.qu

2321 2706 2599 2769 premente
2627 2696 2951 2761 consistens.
2976 2696 3132 2771 Quod
3166 2696 3211 2752 si
3240 2711 3438 2766 aquam
3467 2698 3707 2767 posueris
3738 2707 3920 2755 terre-

2321 2804 2403 2843 nae
2422 2787 2703 2844 stabilitati
2722 2803 2842 2844 esse
2863 2786 3157 2852 subditam,
3200 2787 3549 2842 nihilominus
3572 2790 3918 2857 percunctari

2326 2895 2549 2936 necesse
2578 2888 2683 2944 est,
2708 2879 2984 2953 quomodo
3033 2881 3205 2936 moles
3250 2888 3358 2935 tam
3397 2872 3571 2950 gravis
3615 2889 3672 2935 et
3712 2881 3918 2952 spissa.

2322 2972 2543 3026 minime
2572 2972 2671 3026 sub
2702 2987 2838 3040 aqua
2879 2971 3230 3040 demergitur,
3261 2971 3357 3027 sed
3398 2971 3465 3026 ab
3494 2971 3789 3029 inﬁrmiore
3817 2990 3920 3031 na-

2321 3072 2460 3133 tura,
2500 3064 2826 3136 superjectio
2869 3065 3006 3120 tanti
3036 3064 3292 3134 ponderis
3319 3073 3673 3123 sustentatur.
3717 3066 3777 3121 Si
3799 3069 3918 3137 qui-

2320 3154 2441 3213 dem
2470 3156 2637 3226 ipsius
2664 3156 2826 3211 etiam
2855 3170 3006 3228 aqua}
3048 3154 3395 3225 fundamenta
3423 3157 3717 3226 quaerenda
3765 3166 3912 3225 sunt,

622 3244 849 3300 habetur
879 3244 1132 3309 inferior;
1162 3245 1234 3299 ob
1278 3245 1384 3299 hoc
1407 3246 1532 3314 quia
1561 3260 1681 3313 qua:
1724 3244 1927 3299 leviora
1968 3253 2095 3298 sunt
2133 3244 2214 3297 fe-
2242 3243 2288 3304 C
2322 3255 2377 3302 et
2431 3248 2627 3302 iterum
2675 3246 3029 3303 deiiciendum
3076 3256 3161 3303 est
3211 3264 3334 3321 eum
3393 3248 3635 3304 invenire
3681 3249 3919 3307 volueris

618 3344 812 3392 runtur
834 3335 907 3390 ad
931 3334 1146 3399 cmlum,
1171 3348 1291 3403 quze
1321 3340 1502 3388 autem
1528 3345 1547 3371 ο
1581 3333 1763 3402 gravia
1793 3340 1918 3387 sunt
1936 3332 2214 3387 devehun-

620 3438 710 3483 tur
735 3427 806 3482 ad
844 3435 1062 3483 terram.
1108 3423 1395 3479 Contraria
1425 3430 1609 3479 autem
1638 3404 1748 3478 sibi,
1769 3430 1893 3477 sunt
1922 3421 2130 3476 inferna
2160 3431 2215 3477 et

618 3536 870 3592 superna.
917 3517 1056 3585 Quid
1102 3515 1390 3579 dicendum
1431 3524 1532 3582 est,
1567 3515 1668 3572 nisi
1716 3515 1841 3585 quia
1879 3515 1967 3585 ille
1996 3514 2088 3586 qui
2127 3530 2214 3568 res

617 3611 1063 3682 disjunctissimas
1109 3611 1363 3682 praecepti
1411 3611 1671 3666 societate
1699 3610 1998 3680 conjunxit,
2050 3610 2214 3665 etiam

618 3720 685 3761 ea
707 3690 826 3775 qua:
849 3702 1057 3759 medius
1078 3702 1357 3772 utriusque
1390 3701 1641 3756 elementi
1672 3701 1821 3756 locus
1849 3700 2209 3769 amplectitur,

617 3810 718 3853 suo
766 3793 1094 3866 dispensavit
1140 3791 1399 3846 arbitrio?
1439 3790 1557 3845 Non
1586 3805 1715 3860 ergo
1744 3806 1955 3860 qumras
1992 3790 2060 3845 de
2101 3792 2211 3844 sin-

595 3886 756 3957 gulis
800 3886 1086 3950 rationem,
1134 3883 1232 3941 sed
1274 3883 1363 3938 illa
1406 3896 1622 3953 quoque
1651 3897 1772 3950 qua:
1809 3882 2021 3937 silentio
2068 3880 2213 3936 Scri-

614 3988 772 4052 ptura
796 3978 1076 4051 praeteriit,
1098 3991 1167 4032 ex
1185 3976 1269 4030 his
1292 3990 1413 4044 qua:
1443 3974 1615 4029 relata
1642 3981 1768 4028 sunt
1787 3972 2008 4028 debebis
2029 3972 2211 4027 adver-

615 4080 755 4129 tere.

686 4165 740 4221 8.
783 4164 853 4221 In
879 4165 1134 4235 principio
1165 4163 1283 4235 fecit
1312 4160 1455 4216 Deus
1484 4160 1666 4214 caelum
1710 4169 1761 4214 et
1796 4168 2008 4213 terram.
2041 4158 2206 4228 Igitur

612 4263 831 4313 terrena
858 4254 1177 4321 substantia,
1210 4260 1266 4309 et
1294 4252 1571 4327 inquisitio
1600 4250 1931 4318 singulorum
1961 4264 2079 4318 quze
2108 4266 2204 4304 no-

611 4348 742 4406 stris
768 4347 1014 4403 sensibus
1034 4346 1275 4416 exposita
1291 4350 1437 4408 sunt,
1462 4351 1575 4397 tam
1595 4342 1811 4409 longum
1836 4341 1989 4396 nobis
2006 4341 2210 4397 faciunt

613 4437 941 4495 narrationis
960 4434 1204 4499 allatum,
1236 4442 1295 4489 ut
1322 4432 1494 4487 multo
1521 4431 1705 4501 plures
1725 4445 2003 4487 sermones
2030 4433 2083 4487 in
2113 4434 2208 4488 hu-

611 4527 847 4598 iusmodi
887 4524 1289 4583 examinatione
1316 4522 1615 4579 disserendi
1658 4523 1783 4588 sint,
1814 4538 1973 4593 quam
2006 4525 2061 4580 in
2101 4542 2204 4581 eae-

2316 3353 2427 3407 quo
2457 3338 2731 3394 fulcimine
2766 3340 3056 3394 resistente
3102 3337 3298 3395 fundus
3336 3339 3556 3394 ultimus
3583 3340 3915 3399 continetur.

2387 3428 2441 3485 9.
2473 3429 2567 3485 Sin
2593 3438 2774 3486 autem
2817 3429 2960 3485 aliud
2990 3428 3261 3500 quoddam
3304 3429 3531 3485 validius
3565 3445 3688 3487 esse
3715 3446 3917 3502 corpus

2316 3522 2591 3579 induxeris
2614 3564 2631 3590 ,
2675 3522 2820 3593 quod
2849 3530 3051 3578 terram
3095 3522 3385 3594 prohibeat
3425 3522 3493 3576 ad
3529 3522 3638 3577 ima
3681 3522 3915 3581 descenv

2314 3616 2442 3671 dere
2488 3634 2499 3668 :
2546 3616 2783 3684 cogitare
2828 3613 3049 3670 debebis
3090 3612 3221 3667 illud
3262 3628 3477 3683 quoque
3524 3614 3703 3683 ipsum
3753 3617 3916 3672 simili

2316 3703 2593 3761 fundatum
2622 3703 2901 3775 repagulo,
2931 3702 3078 3774 quod
3106 3719 3212 3758 non
3249 3703 3391 3759 sinat
3411 3702 3635 3759 inferius
3660 3704 3916 3762 decidero

2314 3810 2433 3864 quae
2453 3804 2756 3867 portantur.
2785 3794 2919 3849 Huic
2940 3808 3157 3864 quoque
3179 3793 3300 3864 ipsi,
3324 3794 3370 3847 si
3390 3793 3519 3863 quid
3540 3793 3911 3864 contingentes

2314 3888 2652 3957 potuerimus
2698 3900 2975 3957 opponere
3000 3885 3243 3953 ,ldenuo
3277 3884 3423 3939 aliud
3471 3888 3686 3942 subesse
3727 3887 3907 3942 muni‘

2314 3992 2436 4032 men
2473 3995 2484 4030 :
2522 3976 2829 4054 necessario
2858 3976 3160 4032 discut'sura
3188 3983 3272 4030 est
3298 3990 3479 4044 mens,
3509 3984 3566 4031 et
3593 3977 3665 4032 ita
3694 3978 3747 4031 in
3777 3977 3906 4030 infi-

2230 4088 2233 4093 '
2313 4072 2485 4126 nitqu
2530 4070 2857 4140 cogitatione
2886 4070 3183 4139 ducemur,
3212 4084 3429 4140 semper
3475 4070 3559 4126 his
3599 4086 3721 4140 qua:
3759 4071 3911 4127 inve.

2312 4162 2533 4216 niuntur
2563 4161 2932 4227 tirmamentis,
2964 4161 3067 4215 alia
3100 4175 3240 4216 nova
3259 4169 3580 4231 qumrentes.
3613 4160 3681 4214 Et
3700 4173 3913 4231 quanto

2312 4252 2522 4319 longius
2549 4267 2801 4307 sermone
2832 4251 3229 4323 progredimur,
3260 4260 3413 4306 tanto
3446 4251 3617 4319 magis
3646 4253 3912 4311 virtutem

2309 4344 2742 4401 sustentatricem
2768 4355 2925 4401 terra:
2946 4344 3307 4414 superducere
3327 4344 3703 4415 eompellemur
3731 4363 3746 4397 :
3772 4360 3909 4414 qua:

2309 4438 2472 4494 simul
2508 4439 2689 4495 omnia
2737 4453 2857 4508 qua:
2893 4437 3200 4508 superiecta
3239 4444 3362 4493 sunt
3387 4435 3559 4490 valeat
3601 4446 3624 4483 ε
3676 4444 3911 4493 susten-

2309 4537 2443 4586 tare.
2496 4528 2792 4599 Pr0pterea
2830 4526 3193 4597 disquisitioni
3241 4537 3413 4582 metas
3456 4525 3681 4582 debebis
3730 4527 3910 4600 impo-

611 4617 747 4673 teris
791 4616 1041 4671 omnibus
1079 4628 1199 4685 qua:
1226 4613 1484 4683 explicari
1512 4615 1764 4684 possibile
1792 4624 1892 4670 est.
1917 4616 1994 4670 De
2014 4631 2120 4685 qua
2148 4632 2209 4671 re
2235 4605 2286 4666 Ῑ)
2313 4638 2441 4678 nere
2468 4641 2479 4675 ε
2501 4638 2568 4678 ne
2588 4620 2909 4693 quandoque
2924 4620 3223 4678 curiositati
3254 4631 3381 4687 tum,
3407 4619 3568 4675 nimis
3590 4619 3907 4692 incompre-

609 4709 759 4766 nulla
775 4708 987 4780 penitus
1011 4705 1365 4762 cummoditas
1385 4703 1710 4760 :cdiiieandze
1733 4707 2005 4761 confertur
2015 4707 2203 4763 Eccle-

608 4803 719 4867 siae,
752 4801 849 4857 sed
878 4814 1040 4869 super
1060 4798 1182 4854 cceli
1202 4797 1418 4867 quidem
1450 4806 1636 4853 natura
1663 4799 1901 4855 contenti
1930 4800 2097 4855 simus
2117 4802 2201 4856 his

606 4910 727 4964 qua:
772 4893 956 4949 retulit
982 4891 1170 4959 Isaias,
1214 4891 1304 4960 qui
1334 4890 1510 4945 verbis
1537 4907 1665 4946 usus
1690 4891 2021 4960 simplicibus
2046 4892 2199 4947 sufﬁ-

607 4985 843 5040 cientem
883 4984 1041 5039 nobis
1083 4982 1154 5037 de
1193 4997 1262 5036 eo
1288 4981 1561 5051 perhibuit
1590 4981 1920 5037 intellectum
1966 4982 2151 5039 dicens
2185 5003 2195 5036 :

608 5074 710 5139 Qui
740 5069 968 5145 ﬁrmavit
995 5074 1175 5128 cazlum
1205 5069 1231 5108 ἀ
1261 5073 1394 5127 sicut
1416 5072 1613 5143 fumum
1643 5071 1797 5143 (Isai.
1821 5088 1899 5137 LI,
1925 5074 2025 5143 6),
2050 5074 2098 5128 id
2120 5086 2203 5131 est

678 5218 706 5247 ι
736 5207 897 5272 Editi,
917 5208 1611 5280 giesignat__exstructuram.
1657 5207 1873 5277 Antiqui
1915 5211 2056 5277 libri,
2104 5231 2200 5268 ea:-

607 5287 879 5331 structam.
910 5276 1104 5333 Statim
1132 5278 1283 5343 editi,
1325 5288 1515 5331 terram
1552 5295 1667 5331 vero
1706 5276 1927 5334 secundo
1959 5282 2013 5343 iu
2046 5276 2200 5339 erea-

611 5356 729 5399 tura
753 5346 885 5400 loco.
916 5345 1071 5401 Colb.
1096 5349 1363 5403 secundus
1391 5356 1448 5401 ut
1476 5348 1529 5401 in
1554 5355 1831 5403 contextu.

683 5415 713 5498 ξ
739 5414 901 5481 Editi,
922 5432 1014 5485 per
1033 5418 1346 5488 frictionem.
1372 5418 1443 5472 At
1463 5417 1633 5473 nostri
1661 5426 1771 5473 tres
1798 5433 1952 5485 mss.,
1984 5439 2078 5491 per
2097 5426 2197 5493 [ri-.-

608 5494 865 5540 sationem
872 5524 885 5538 .

684 5569 706 5633 σέ
738 5555 884 5633 [κίρτῇ
914 5563 1144 5633 veteres,
1175 5561 1373 5631 grauia.
1405 5558 1567 5627 Editi,
1608 5562 1867 5633 graviora.

680 5627 707 5665 δ
735 5626 876 5700 Editi
908 5634 962 5681 et
989 5626 1102 5700 duo,
1126 5626 1275 5688 mss.,
1302 5644 1455 5700 super
1483 5626 1700 5700 furnum,
1732 5632 1888 5687 male.
1924 5635 1991 5685 At
2028 5632 2184 5691 Colb.

608 5698 893 5761 secundus,
921 5700 1050 5750 sicut
1080 5699 1294 5768 fumum,
1323 5698 1491 5754 bene.
1513 5701 1568 5755 In
1594 5699 1802 5766 Gneco,
1834 5706 1954 5758 ὡσεὶ
1980 5708 2182 5760 καπνόν.

685 5779 707 5806 θ
730 5768 882 5822 Colb.
915 5768 1333 5843 secundus,__nec.
1346 5771 1615 5843 confidere
1635 5789 1726 5826 uos
1752 5773 2146 5843 cogitationibus
2170 5793 2185 5829 :

612 5851 720 5897 quo
758 5837 1037 5902 exemplo,
1074 5848 1131 5890 ut
1162 5838 1276 5890 aliis
1308 5837 1504 5904 multis,
1534 5842 1710 5906 palam
1739 5837 2016 5898 est'totam
2048 5861 2187 5909 saepe

2310 4712 2591 4768 hensibilia
2624 4709 3025 4781 pertractancti,
3066 4711 3289 4764 verbum
3335 4708 3440 4765 Job
3467 4709 3719 4764 videatur
3760 4712 3904 4766 obsi-

2310 4814 2475 4868 stere,
2498 4812 2555 4860 et
2581 4803 2929 4870 interrogeris
2950 4819 3102 4872 super
3125 4802 3247 4874 quid
3267 4802 3457 4856 circuli
3467 4802 3582 4872 ejus
3609 4803 3767 4873 inﬁxi
3785 4814 3907 4857 sunt

2311 4896 2449 4968 (Job.
2486 4911 2708 4960 xxxviii,
2741 4895 2816 4963 6).
2859 4893 2965 4949 Sed
2992 4902 3045 4949 et
3074 4895 3118 4949 si
3145 4910 3381 4965 unquam
3404 4894 3461 4949 in
3486 4895 3699 4964 psalmo
3729 4897 3909 4950 audio.

2310 4990 2431 5044 ris:
2478 4986 2594 5058 Ego
2631 4986 2939 5055 conﬁrmari
2986 4986 3252 5040 columnas
3300 4985 3410 5055 ejus
3461 4983 3638 5055 (Psal.
3682 5002 3788 5048 LIV,
3827 4986 3908 5053 4),

2313 5077 2752 5149 compositoriam
2783 5074 3027 5145 profecto
3057 5075 3310 5130 virtutem
3342 5076 3479 5143 ejus,
3514 5077 3795 5131 columnas
3827 5078 3911 5132 in~

2312 5217 2416 5273 loci
2462 5216 2691 5284 alicujus
2734 5215 3058 5271 sententiam
3099 5214 3403 5271 mutatione
3448 5216 3609 5271 unius
3650 5216 3909 5273 litterulas

2306 5284 2875 5361 corrumpi_._Basiliu_s,
2902 5285 3027 5356 μηδέ
3042 5288 3455 5361 λξεατατρίϐεσθας
3475 5295 3584 5348 τοῖς
3606 5289 3819 5361 ᾏογισμγ
3836 5298 3906 5347 ῖς.

2304 5356 2712 5431 Subindeidem
2741 5358 2931 5431 codex,
2966 5356 3148 5431 quibus
3175 5356 3344 5431 rerum
3370 5356 3683 5431 substantia;

2382 5425 2415 5497 ‘_
2435 5426 2595 5490 Editi,
2636 5425 2992 5496 (rigiditatem,
3025 5428 3453 5497 magnitudinem.
3484 5426 3673 5481 Codex
3715 5435 3919 5482 noster

2300 5505 2358 5569 et
2384 5495 2538 5569 Colb.
2583 5495 3287 5569 secundus,_[rigiditotemL
3315 5498 3719 5569 gratentdinem,
3765 5497 3906 5569 bene

2302 5566 2556 5641 Basilius,
2585 5568 2669 5641 es
2690 5565 3032 5641 βᾳρύριξτιῄᾲ
3061 5568 3220 5641 longe
3247 5565 3405 5641 Colb.
3438 5567 3713 5622 secundus
3734 5611 3750 5635 ,
3793 5568 3904 5621 dis-

2298 5637 2551 5692 cussiom's
2578 5636 2845 5708 indagine.
2889 5637 3130 5693 Subinde
3159 5638 3326 5692 nostri
3370 5645 3479 5692 tres
3510 5653 3666 5703 mss.,
3705 5655 3905 5709 propo-

2297 5709 2462 5762 sueris
2492 5715 2723 5761 terrente.

2374 5788 2396 5826 s
2428 5777 2578 5832 Colb.
2614 5776 2911 5845 secundus,
2944 5778 3109 5833 ualeat
3147 5777 3473 5844 subvectare,
3504 5785 3785 5848 propterea
3811 5780 3918 5832 ino-

2295 5850 2424 5909 quisi
2432 5848 2555 5904 (iani
2584 5856 2766 5901 metas.
