4244 6254
336 423 433 479 8Ἰῖ

1332 420 1726 477 HEXAEMERI
1766 422 2250 481 METAPHRASIS
2290 423 2494 479 LIBER
2527 425 2568 481 l.

3512 428 3617 485 878

339 536 537 604 tellige.
566 534 719 601 Quod
758 504 937 589 autem
984 534 1185 588 dictum
1227 541 1353 587 est:
1394 531 1514 603 Ipse
1555 548 1709 602 super
1756 534 1924 586 maria
1955 538 2000 593 Α
2032 536 2307 589 miracula.
2374 532 2559 603 Neque
2613 534 2757 588 enim
2819 534 3092 590 minuetur
3148 549 3331 589 rerum
3386 533 3619 609 dignitas

340 627 573 699 fundauit
611 644 723 680 eam
756 625 928 698 (Psal.
964 641 1114 683 χχιιι,
1150 624 1234 696 2),
1275 623 1404 693 quid
1432 622 1576 677 aliud
1615 623 1821 679 scilicet
1849 626 1925 678 si-

337 717 579 786 gniﬁcat,
608 732 767 786 quam
799 716 923 785 quia
965 716 1198 784 undique
1228 714 1414 768 orbem
1447 723 1631 778 terrae,
1664 730 1918 783 aquarum

340 817 535 862 natura
555 807 871 862 circumfusa
902 805 1315 875 complectitur?
1344 803 1625 870 Quomodo
1649 817 1776 871 ergo
1803 821 1922 857 cum

340 900 413 954 sit
440 915 579 969 aqua
609 900 762 953 “Uitta
782 940 796 963 ,
827 912 1146 970 semperque
1175 914 1239 952 ac
1268 897 1558 951 decliviora
1596 896 1928 951 contendere

341 989 535 1055 soleat,
564 988 793 1057 pendula
831 995 914 1041 est
936 1029 950 1052 ,
995 995 1048 1041 et
1079 987 1133 1041 in
1176 996 1427 1042 neutram
1461 987 1775 1041 ditlunditur
1805 1003 1927 1057 par-

310 1103 314 1107 ’
343 1082 496 1135 tem?
525 1079 660 1135 Illud
689 1095 902 1149 quoque
939 1095 1048 1155 non
1076 1087 1314 1149 reputas,
1344 1080 1468 1147 quia
1501 1094 1607 1132 non
1638 1079 1925 1146 minorem,

338 1171 435 1226 sed
475 1170 639 1225 etiam
684 1170 948 1247 majorem
988 1169 1358 1223 ditticultatem
1410 1167 1566 1222 nobis
1611 1167 1724 1237 ipsa
1764 1156 1928 1222 tellus

341 1261 615 1331 importat,
648 1276 769 1339 cum
800 1268 952 1315 tauto
981 1261 1064 1315 sui
1092 1260 1329 1332 pondere
1365 1260 1557 1315 librata
1594 1268 1841 1315 teneatur
1872 1261 1937 1339 in‘

340 1364 487 1405 aere.
517 1347 621 1404 Sed
649 1338 871 1406 necesse
898 1359 981 1405 est
1004 1392 1021 1417 ,
1069 1351 1181 1413 sive
1210 1340 1373 1419 super
1400 1365 1458 1404 se
1488 1350 1656 1419 ipsam
1696 1349 1927 1404 locatam

342 1458 460 1499 esse
485 1445 835 1507 concesseris,
879 1444 993 1499 sive
1021 1429 1185 1513 super
1211 1458 1378 1512 aquas
1408 1458 1527 1497 eam
1558 1440 1684 1496 ferri
1724 1432 1936 1497 dixeri-‘

345 1550 463 1591 mus
493 1553 508 1591 :
558 1552 822 1606 nusquam
851 1552 949 1590 nos
978 1551 1009 1589 a
1038 1536 1256 1605 pietatis
1296 1535 1625 1601 cogitatione
1651 1535 1929 1590 discedere

343 1626 662 1689 conveniet,
696 1625 790 1679 sed
819 1625 1083 1681 contineri
1112 1626 1311 1680 virtute
1348 1626 1609 1680 creatoris
1638 1625 1817 1679 omnia
1849 1623 1928 1678 fa-

344 1724 571 1770 teamur.
605 1714 729 1770 Haec
758 1716 936 1784 itaque
967 1731 1066 1770 nos
1095 1724 1330 1785 oportet,
1369 1723 1424 1769 et
1453 1716 1610 1771 nobis
1646 1716 1775 1784 ipsis
1803 1729 1928 1771 sua-

343 1806 491 1869 dere,
522 1814 577 1860 et
605 1806 1003 1860 sciscitantibus
1048 1808 1136 1861 ubi
1166 1808 1235 1861 sit
1264 1808 1469 1877 ampla,
1507 1814 1561 1861 et
1604 1807 1929 1861 insustenta-

2034 622 2411 687 maximarum,
2443 624 2490 677 si
2518 639 2636 693 qua:
2665 624 2734 679 sit
2755 639 2942 680 earum
2970 624 3497 699 ratio,detegamus,
3526 636 3621 701 aut

2030 714 2075 766 si
2106 702 2265 772 secus
2290 713 2548 779 evenerit,
2579 714 2978 783 simplicitatem
3016 713 3142 768 ﬁdei
3160 713 3429 769 notiorem
3456 722 3618 771 caete-

2033 806 2108 859 ris
2135 805 2249 859 tieri
2277 806 2479 880 suadeo
2508 805 2868 879 documentis).

2057 905 2082 959 ς
2107 894 2194 949 tt.
2242 894 2319 950 De
2348 892 2485 951 cmlo
2533 911 2746 966 quoque
2781 898 2828 953 si
2872 884 3063 953 eadem
3104 897 3305 954 dixeris
3334 914 3443 954 non
3491 915 3622 970 pec.

2032 986 2213 1052 cabis,
2246 987 2371 1042 licet
2413 988 2859 1058 philosophorum
2916 989 3276 1060 multiloquax
3329 990 3622 1062 disputatio

2037 1089 2062 1115 ε
2124 1078 2411 1147 plurimum
2469 1093 2631 1148 super
2678 1079 2802 1135 coeli
2848 1087 3036 1135 natura
3090 1080 3424 1137 disseruerit.
3485 1081 3626 1148 Quos

2037 1182 2158 1227 rum
2186 1167 2277 1221 alii
2306 1169 2663 1238 compositum
2688 1184 2756 1223 ex
2783 1176 3015 1241 quatuor
3042 1178 3290 1226 asserunt
3318 1171 3619 1238 elementis,

2038 1256 2321 1327 ipsumque
2360 1272 2478 1312 esse
2508 1258 2846 1323 invisibilem,
2879 1266 3195 1329 partemque
3223 1260 3426 1316 habere
3469 1261 3624 1317 tellu-

2035 1350 2129 1409 ris,
2155 1358 2377 1419 propter
2402 1351 2614 1403 insitam
2643 1351 2746 1405 sibi
2772 1350 3047 1419 duritiem,
3073 1351 3274 1406 habere
3303 1352 3464 1406 etiam
3488 1353 3624 1421 ignis

2034 1440 2352 1495 societatem
2378 1482 2391 1506 ,
2437 1456 2505 1495 ex
2533 1457 2641 1509 quo
2669 1442 2823 1510 quasi
2850 1442 3194 1511 perspicuum
3222 1452 3443 1512 putatur
3471 1459 3589 1499 esse
3606 1484 3625 1510 ,

2037 1531 2385 1586 nihilominus
2414 1533 2577 1585 etiam
2606 1527 2944 1601 reliquarum.
2971 1535 3279 1603 portionum
3308 1535 3629 1604 permixtio-

2036 1637 2134 1675 nes
2162 1622 2521 1695 amplectitur.
2548 1622 2800 1676 Nonnulli
2821 1631 3020 1689 autem,
3048 1623 3355 1693 hujusmodi
3371 1625 3628 1696 opinione

2024 1713 2638 1793 .contempta,'quintam
2661 1713 2945 1781 quamdam
2969 1721 3237 1780 naturam,
3262 1714 3458 1770 in'cmli
3484 1730 3629 1770 com-

2039 1802 2305 1873 positione
2336 1804 2558 1873 proprio
2588 1804 2881 1858 commenti
2910 1803 3153 1870 arbitrio,
3185 1804 3576 1873 subjunxerunt
3607 1822 3625 1859 :

343 1896 464 1951 bilis
485 1904 643 1950 teme
672 1897 956 1963 gravitudo
994 1895 1225 1963 ﬁrmata,
1258 1898 1609 1968 respondere,
1635 1897 1878 1953 dicentes
1910 1917 1924 1950 :
1961 1898 2012 1959 Β
2036 1894 2230 1962 qubus
2253 1892 2465 1973 videtur
2486 1892 2511 1930 ά
2543 1908 2736 1963 corpus
2761 1894 3200 1962 aethereum,non
3223 1909 3317 1949 aer
3346 1910 3484 1961 esse,
3514 1911 3628 1952 non

344 1988 479 2053 Quia
508 1998 660 2044 teme
699 1991 832 2059 fines
870 1992 924 2044 in
961 2007 1120 2045 manu
1150 1999 1271 2044 sunt
1298 1990 1401 2045 Dei
1435 1989 1607 2061 (Psal.
1640 2005 1818 2053 xcxtv,
1849 1989 1928 2060 4).

345 2082 459 2137 Hoc
504 2082 882 2144 nihilominus,
916 2082 1002 2136 vel
1032 2082 1188 2137 nobis
1231 2082 1297 2136 ad
1332 2081 1661 2140 credendum
1690 2098 1934 2137 commo—

342 2173 483 2238 dius,
515 2173 599 2227 vel
628 2173 1055 2229 auscultantibus
1081 2175 1265 2230 utilius
1289 2174 1490 2244 poterit
1514 2172 1789 2229 inveniri.‘

417 2263 505 2319 lt).
530 2263 681 2319 Licet
697 2264 916 2332 quidam
946 2264 1014 2319 de
1034 2265 1266 2337 physicis
1286 2265 1621 2335 philosophis
1640 2276 1665 2302 ει
1683 2266 1777 2320 tali
1799 2282 1934 2336 qua-

345 2355 469 2410 dam
507 2354 863 2424 dispositione
901 2363 1331 2411 commententur
1369 2364 1567 2411 terram
1604 2357 1935 2413 immobilem

346 2459 681 2514 permanere.
724 2444 926 2500 Ferunt
952 2446 1095 2500 enim
1124 2445 1273 2515 quod
1301 2447 1354 2501 in
1397 2445 1601 2500 mundo
1629 2447 1732 2500 sita
1760 2447 1850 2514 sit,
1879 2454 1937 2501 et

347 2538 563 2606 paribus
599 2536 834 2605 undique
861 2537 1088 2592 collecta
1117 2538 1328 2607 spatiis,
1358 2537 1426 2592 ad
1453 2538 1817 2591 summitatem
1842 2554 1935 2592 us-

346 2645 454 2698 que
494 2645 601 2684 non
630 2629 830 2684 habere
853 2668 868 2692 ,
901 2645 1011 2699 quo
1052 2630 1221 2698 magis
1248 2629 1427 2683 valeat
1476 2628 1751 2694 inclinari,
1783 2636 1837 2683 et
1864 2629 1937 2683 ob

349 2720 452 2775 hoc
478 2734 694 2790 semper
741 2719 795 2772 in
835 2719 1124 2787 semetipsa
1170 2719 1456 2786 consistit,
1498 2719 1939 2788 impossibileque

347 2812 467 2865 esse
491 2848 511 2875 ,
551 2818 610 2863 ut
638 2823 759 2864 eam
787 2809 1022 2878 patiatur
1056 2809 1336 2877 aequalitas
1367 2808 1736 2873 circumdata,
1770 2808 1939 2863 ullum

348 2900 594 2955 invenire
636 2906 966 2953 momentum
993 2939 1008 2965 ,
1059 2898 1117 2951 in
1156 2898 1318 2952 alium
1360 2896 1610 2953 ﬂectendi
1650 2912 1706 2952 se
1736 2896 1931 2951 locum.

348 2989 581 3044 Mediam
610 2997 790 3042 autem
834 2965 1139 3056 regionem,
1180 3002 1289 3042 non
1326 2984 1544 3041 fortuito
1583 2987 1669 3042 vel
1698 2993 1932 3055 Sponte:

349 3095 449 3136 nec
477 3079 655 3149 aliqua
685 3087 833 3135 sorte
861 3077 1139 3146 quaesitam
1171 3085 1354 3132 tenere
1383 3078 1627 3132 tellurem
1659 3096 1674 3131 :
1706 3079 1796 3131 sed
1828 3092 1933 3131 na-

350 3171 599 3247 turaliter
626 3171 1036 3238 necessarieque
1060 3169 1182 3224 situi
1204 3169 1321 3237 ejus
1346 3184 1465 3225 esse
1493 3170 1785 3227 decretam.
1815 3169 1941 3225 Cm-

2047 1992 2191 2039 terra
2211 2025 2226 2049 ,
2271 1999 2380 2044 non
2408 1999 2579 2053 aqua,
2607 2000 2715 2039 non
2743 1984 2881 2052 ignis
2919 2000 3021 2040 nec
3048 1985 3192 2041 aliud
3237 1986 3452 2055 penitus
3476 1989 3629 2059 quod

2038 2075 2273 2146 simplex
2301 2090 2424 2130 esse
2455 2075 2729 2143 credatur,
2760 2075 2831 2131 ob
2879 2074 2984 2131 hoc
3014 2075 3285 2145 videlicet,
3314 2076 3462 2147 quod
3491 2079 3626 2133 sim-

2041 2165 2269 2235 plicibus
2297 2166 2560 2220 familiare
2608 2174 2720 2230 est,
2755 2173 2961 2219 motum
2998 2180 3211 2235 semper
3250 2165 3451 2222 habere
3479 2165 3625 2235 dire-

2037 2265 2205 2321 ctum,
2231 2271 2460 2325 quorum
2481 2256 2683 2310 leviora
2709 2270 2921 2310 sursum
2941 2270 3155 2326 semper
3174 2255 3476 2323 intendunt,
3497 2270 3623 2327 gra-

2038 2349 2191 2402 viora
2222 2363 2350 2403 vero
2378 2348 2633 2402 deorsum
2664 2348 2933 2402 labuntur.
2964 2346 3075 2403 Sed
3111 2363 3213 2402 nec
3249 2349 3497 2417 superior
3526 2356 3625 2404 aut

2040 2438 2265 2494 inferior
2292 2454 2419 2509 pars
2449 2439 2671 2504 telluris,
2708 2450 2731 2475 ε
2761 2435 2996 2493 vertibili
3033 2448 3202 2504 motu,
3233 2439 3376 2494 idem
3404 2440 3626 2495 omnino

2041 2536 2128 2589 vel
2158 2535 2407 2589 directur.
2453 2549 2579 2602 erga
2622 2536 2813 2590 circuli
2853 2537 3235 2592 rotunditatem
3274 2540 3516 2594 continet
3542 2540 3626 2595 in-

2042 2618 2342 2679 tervallum.
2390 2623 2634 2696 Quorum.
2659 2634 2840 2681 autem
2887 2628 3159 2683 naturales
3198 2637 3384 2686 motus
3425 2632 3625 2687 mutari

2039 2718 2236 2779 solent,
2267 2732 2455 2772 eorum
2495 2718 2660 2772 etiam
2693 2719 2982 2788 qualitates
3009 2722 3153 2790 ipsas
3180 2723 3466 2781 mutabiles
3505 2738 3627 2780 esse

2042 2822 2262 2861 necesse
2287 2814 2388 2861 est.
2434 2805 2587 2861 Licet
2612 2824 2715 2862 nec
2742 2807 2809 2863 de
2843 2808 2948 2864 illis
2968 2810 3353 2880 principalibus
3380 2814 3627 2883 corpori-

2026 2898 2161 2963 bus,
2192 2914 2311 2967 qua:
2326 2908 2588 2953 vocantur
2616 2899 2905 2968 elementa,
2937 2901 3188 2971 possibile
3218 2902 3371 2958 uobis
3398 2911 3482 2959 est
3507 2918 3628 2960 cre-

2042 2987 2172 3042 dere
2217 2989 2409 3043 coelum
2450 2988 2612 3043 fuisse
2653 2991 3008 3059 compositum
3048 3009 3059 3042 :
3092 2992 3346 3061 quoniam
3396 3008 3460 3048 ea
3505 3008 3627 3062 quae

2042 3093 2113 3132 ex
2143 3077 2357 3133 diversa
2399 3079 2624 3132 materia
2652 3088 3055 3146 construuntur,
3104 3082 3324 3136 minime
3352 3068 3463 3137 sibi.
3491 3099 3627 3139 con-

2043 3168 2302 3233 veniunt,
2356 3183 2456 3222 nec
2485 3175 2711 3238 possunt
2738 3170 2853 3224 sine
2894 3171 2945 3225 vi
2973 3171 3149 3241 aliqua
3193 3179 3400 3227 motum
3440 3181 3630 3229 tenere

350 3263 470 3319 lesti
501 3262 644 3316 enim
672 3276 920 3331 corpore,
954 3261 1264 3316 ulteriorem
1294 3261 1350 3314 in
1378 3261 1747 3330 superioribus
1778 3268 1936 3315 nacto
2043 3258 2372 3315 concordem
2396 3299 2409 3321 ,
2437 3266 2493 3312 ut
2524 3267 2650 3329 pote
2692 3259 2915 3328 singulis
2942 3261 3183 3330 partibus
3210 3304 3226 3328 ,
3265 3261 3427 3316 alium
3469 3271 3631 3331 atque

349 3354 564 3418 sedem;
593 3368 927 3422 quaecunque
949 3394 964 3417 ,
1014 3354 1287 3421 inquiunt,
1335 3354 1660 3407 arbitramur
1696 3355 1936 3422 pondera

352 3444 420 3498 de
452 3444 583 3497 locis
608 3443 989 3499 summioribus
1010 3441 1078 3496 ad
1102 3442 1209 3497 ima
1237 3441 1585 3507 descendere,
1616 3443 1669 3495 in
1697 3442 1937 3497 medium

351 3541 743 3601 congregantur
790 3533 999 3597 locum;
1033 3538 1087 3586 et
1125 3532 1178 3585 in
1207 3547 1299 3586 eas
1342 3532 1603 3587 stationes
1638 3540 1808 3586 totum
1837 3533 1934 3587 de-

352 3621 475 3677 duci
501 3638 720 3678 necesse
751 3631 837 3677 est
862 3621 1140 3691 corpus'iu
1168 3637 1303 3690 quas
1331 3622 1552 3689 singula:
1586 3630 1768 3693 partes
1792 3622 1938 3675 coie-

352 3713 478 3768 rint.
525 3712 683 3780 Quod
725 3715 773 3767 si
802 3713 1004 3783 lapides
1033 3720 1089 3765 et
1135 3712 1277 3779 ligna
1303 3751 1319 3776 ,
1362 3719 1659 3781 cunctaque
1688 3720 1899 3787 terrena
1918 3752 1935 3778 ,

350 3819 565 3874 semper
593 3804 660 3877 ad
699 3803 953 3858 inferiora
999 3803 1272 3874 pelluntur
1304 3821 1316 3854 :
1351 3802 1422 3856 ibi
1471 3803 1575 3855 erit
1619 3802 1734 3856 sine
1774 3801 1937 3858 dubio

351 3895 571 3965 propria
601 3896 1033 3963 conveniensque
1063 3905 1219 3948 terra:
1246 3894 1462 3963 positio.
1492 3894 1546 3948 Si
1580 3908 1707 3948 vero
1734 3893 1939 3963 aliquid

351 3986 421 4040 de
464 3985 753 4040 levioribus
782 4002 848 4040 ex
890 3985 1064 4039 media
1104 3985 1324 4053 regione
1365 3986 1685 4047 movebitur,
1722 3984 1747 4022 ι)
1782 3984 1836 4038 id
1866 3984 1938 4038 ad

350 4091 587 4146 superna
636 4076 760 4130 ferri
802 4077 1154 4132 certissimqu
1198 4084 1281 4132 est
1327 4060 1630 4148 :quoniam'
1673 4078 1937 4155 familiare

350 4175 433 4223 est
473 4168 634 4222 rebus
662 4167 987 4241 gravissimis
1026 4168 1131 4221 ima
1153 4172 1376 4238 semper
1403 4176 1679 4237 appetere.
1710 4169 1819 4222 lma
1849 4184 1940 4223 au-

352 4268 460 4315 tem
488 4258 735 4325 dicimus,
763 4260 998 4314 medium
1030 4259 1193 4337 totius
1214 4258 1397 4312 mundi
1430 4259 1624 4313 locum.
1660 4259 1774 4313 Non
1805 4273 1935 4327 ergo

349 4352 584 4419 mireris,
631 4352 678 4407 si
708 4348 967 4422 nusquam
997 4366 1056 4408 se
1084 4351 1243 4406 tellus
1282 4351 1523 4417 inclinat,
1563 4359 1619 4403 ut
1654 4359 1781 4418 pote
1821 4366 1936 4405 me-

346 4440 492 4495 diam
521 4441 760 4495 omnium
804 4440 995 4495 sortita
1040 4440 1261 4504 sedem,
1315 4441 1367 4494 in
1397 4455 1501 4508 qua
1546 4455 1665 4495 eam
1709 4454 1931 4495 necesse

347 4539 436 4586 est
461 4546 674 4601 semper
698 4538 845 4588 stare
864 4573 880 4600 ,
909 4531 1322 4600 nullatenusque
1351 4539 1537 4585 contra
1568 4538 1837 4599 naturam,
1867 4530 1936 4586 de

344 4620 579 4691 propriis
629 4619 822 4676 ﬁnibus
854 4621 1197 4676 submoveri.
1244 4619 1447 4675 Horum
1496 4620 1657 4687 igitur
1713 4620 1758 4673 si
1808 4620 1933 4689 quid

345 4709 441 4763 tibi
463 4709 741 4781 probabile
770 4710 1043 4775 videatur,
1080 4709 1147 4763 ad
1172 4702 1490 4778 sapientiam
1522 4710 1811 4776 creatoris,
1842 4710 1936 4779 qui

344 4799 461 4855 haec
490 4800 566 4855 ita
614 4799 911 4870 disposuit,
956 4807 1174 4869 oportet
1210 4807 1267 4854 te
1300 4797 1605 4866 huiusmodi
1649 4798 1936 4855 transferre

420 4941 445 4969 ει
485 4930 652 4994 Editi,
705 4931 797 4984 tali
842 4930 1069 4999 quadam
1115 4929 1450 4996 dispositione
1499 4913 1928 4999 commententur.

346 5001 564 5055 Terram
587 4998 897 5055 immobilem
925 5015 1231 5067 permanere
1260 5002 1454 5069 ferunt,
1483 4998 1630 5069 quod
1652 5000 1703 5069 in
1742 5001 1933 5057 mundo

341 5071 447 5123 sita
477 5072 560 5123 sit.
596 5071 664 5123 At
692 5069 844 5123 Colb.
876 5066 1143 5123 secundus
1168 5068 1239 5120 ita
1260 5066 1328 5120 ἰιι
1362 5066 1642 5122 edidimus.
1678 5067 1958 5136 Basilius,,

342 5140 430 5213 διός
460 5142 517 5213 re
534 5146 628 5213 31}?
659 5143 818 5213 μέσην
843 5146 934 5194 τοῦ
962 5141 1147 5213 πάγτος
1178 5139 1420 5213 allapsum
1451 5141 1654 5213 xo'ipav.

418 5208 442 5246 δ
476 5207 637 5277 Editi,
659 5204 810 5280 id_ad
832 5224 993 5280 supra
1022 5208 1166 5280 ferri.
1201 5204 1348 5280 Libr_i
1378 5204 1623 5280 veteres,
1666 5207 1722 5280 id
1751 5208 1820 5261 ad
1848 5226 1935 5262 su-

344 5295 509 5350 perna
539 5274 682 5350 ferri.
716 5277 825 5350 Nec
853 5274 935 5350 ita
956 5274 1124 5350 multo
1152 5285 1275 5350 post
1302 5274 1469 5350 _Co_lb.
1491 5276 1774 5350 secundus,
1804 5294 1933 5350 nus-

343 5345 502 5417 quam
516 5345 568 5417 se
590 5348 755 5403 tellus.
773 5346 970 5401 Vocula
988 5363 1041 5401 se
1054 5347 1104 5401 in
1116 5345 1344 5415 vulgatis
1359 5345 1781 5417 desiderabatur,
1799 5345 1938 5402 Sub-

346 5414 471 5472 inde
503 5416 655 5472 Colb.
687 5417 971 5477 secundus,
989 5433 1165 5470 earum
1191 5414 1340 5469 ratio.
1374 5414 1747 5479 Editi,eorum,
1777 5421 1933 5471 male.

298 5501 307 5508 '
425 5500 447 5524 ε
477 5485 650 5556 Editi,
677 5488 993 5559 plurimam.
1028 5486 1287 5539 disseruit.
1319 5484 1472 5540 Colb.
1507 5485 1769 5539 secundus
1799 5495 1857 5539 ut
1884 5487 1936 5540 in

347 5562 627 5613 ccutexlu.

421 5627 448 5664 ά
478 5627 651 5694 Editi,
681 5643 865 5695 corpus
909 5635 1176 5689 wternum,
1217 5625 1467 5693 pessime.
1503 5625 1686 5695 Codex
1730 5634 1931 5689 noster,

348 5690 647 5753 (Etherium.
679 5690 781 5749 Alii
810 5696 936 5757 duo,
970 5690 1518 5762 wthereun't,‘0ptime.
1547 5694 1603 5747 ln
1634 5694 1843 5758 Graeco,
1876 5697 1932 5749 τό

349 5770 567 5839 «etiam;
599 5780 766 5839 sane.
789 5834 817 5839 __
943 5835 952 5839 _
1320 5834 1347 5839 η
1679 5833 1688 5839 ,
1731 5779 1738 5785 ’
1858 5809 1881 5839 ,-

430 5832 616 5890 θἘιΙίιί
634 5832 687 5889 et
706 5834 860 5889 Colb.
875 5835 1097 5903 primus,
1120 5832 1347 5888 vestibuli
1364 5840 1523 5898 motu,
1546 5833 1691 5900 gravi
1714 5832 1930 5885 mendo.

2042 3339 2207 3403 alium
2249 3349 2506 3417 impetum
2535 3348 2856 3405 habentibus
2897 3365 2962 3404 ex
2992 3359 3204 3420 natura,
3245 3353 3519 3423 nimioque
3547 3353 3630 3409 la-
3681 3389 3683 3391 ι

2041 3439 2175 3494 bore
2202 3454 2321 3507 qua:
2350 3438 2649 3508 composita
2676 3447 2823 3505 sunt,
2859 3439 2912 3492 in
2943 3448 3093 3493 motu
3121 3440 3465 3495 continentur
3491 3443 3629 3497 assi-

2041 3532 2170 3587 duo.
2204 3530 2388 3599 Neque
2433 3528 2575 3584 enim
2626 3537 2805 3598 potest
2860 3546 2965 3585 una
3011 3539 3172 3601 atque
3218 3530 3410 3586 eadem
3455 3533 3626 3598 ratio,

2048 3620 2069 3657 ί
2102 3620 2432 3676 rebusmter
2469 3633 2528 3672 se
2558 3617 2906 3673 dissimilibus
2949 3634 3013 3674 ac
3048 3620 3469 3688 repugnantibus
3495 3637 3628 3676 con-

2043 3725 2241 3767 sonare
2272 3727 2284 3761 :
2317 3723 2438 3762 cum
2479 3723 2544 3762 ea
2569 3723 2688 3776 quae
2725 3708 3015 3763 levioribus
3038 3718 3162 3764 sunt
3190 3710 3385 3773 amica,
3412 3711 3628 3779 gravio-

2044 3800 2191 3855 ribus
2231 3798 2503 3854 contraria
2528 3797 2854 3866 judicentur.
2886 3798 3021 3853 Nam
3054 3815 3175 3854 cum
3205 3800 3273 3855 ad
3310 3803 3542 3871 superna
3570 3810 3629 3857 et

2045 3890 2279 3945 cmlestia
2317 3904 2690 3958 properamus,
2723 3887 2963 3959 pondere
2994 3897 3209 3945 terreno
3250 3890 3624 3961 deprimimur.

2042 3982 2177 4037 Cum
2207 3993 2385 4036 autem
2414 3982 2480 4037 ad
2527 3982 2633 4037 ima
2659 3982 3041 4051 demergimur,
3100 3984 3207 4037 vim
3238 3984 3461 4041 facimus
3490 3986 3623 4054 igni,

2042 4085 2232 4129 contra
2284 4082 2528 4129 naturam
2577 4091 2729 4129 suam
2785 4090 2907 4130 eum
2961 4076 3334 4145 pertrahentes
3380 4077 3623 4135 inferius.

2044 4165 2444 4222 Elementorum
2481 4177 2660 4221 autem
2698 4167 2974 4222 distractio
3017 4169 3072 4222 in
3109 4176 3291 4239 partes
3332 4170 3491 4228 ducta
3543 4172 3626 4226 di-

2042 4276 2224 4314 versas
2273 4261 2440 4315 ruina:
2484 4273 2677 4314 causas
2717 4266 2771 4313 et
2817 4258 3101 4313 solutionis
3146 4260 3420 4330 importat.
3470 4261 3627 4329 Q’uod

2041 4350 2184 4403 enim
2236 4351 2498 4406 violenter
2525 4357 2717 4404 natura
2755 4358 3041 4404 recusante
3079 4357 3338 4415 tentatur,
3377 4352 3627 4407 celeriter

2039 4441 2330 4510 dissipatur
2361 4460 2374 4495 :
2420 4450 2477 4495 ut
2497 4450 2623 4510 pete
2654 4441 2877 4511 singulis
2906 4441 3145 4510 partibus
3172 4455 3270 4511 per
3291 4456 3425 4511 quas
3452 4442 3626 4498 moles

2041 4538 2353 4586 constructa
2378 4531 2659 4594 subsistit,
2703 4530 2773 4585 ad
2801 4548 2956 4587 suum
2987 4532 3306 4604 principium
3348 4534 3628 4589 redeunti-

2043 4621 2161 4675 bus.
2206 4618 2437 4690 Propter
2478 4620 2665 4672 harum
2709 4618 2868 4688 igitur
2896 4621 3209 4690 opinionum
3240 4625 3627 4691 necessitates,
3709 4632 3715 4638 ’

2007 4743 2022 4755 ρ
2048 4721 2072 4758 s
2102 4718 2248 4765 secta
2292 4709 2531 4782 priorum
2557 4708 3000 4781 philosophorum
3019 4751 3033 4775 ,
3068 4711 3122 4763 bi
3160 4712 3251 4779 qui
3294 4722 3481 4781 postea
3511 4730 3627 4775 suc-

2044 4815 2260 4857 cessere
2302 4798 2557 4863 rescissa,
2603 4801 2852 4870 proprias
2892 4799 3217 4853 assertiones
3245 4801 3509 4869 subjicere
3543 4800 3623 4855 fc-

2038 4933 2139 4987 Alii
2169 4934 2277 4989 duo
2307 4949 2436 4991 mss.
2457 4973 2473 4999 ,
2518 4932 2741 4989 vertibili
2768 4943 2906 4991 motu
2931 4950 2952 4990 :
2979 4948 3100 5003 qua:
3125 4933 3408 5002 scriptura,
3446 4947 3619 5002 quan-

2078 5020 2199 5057 uam
2231 5004 2564 5060 tolerabilior
2584 5015 2688 5074 est,
2717 5005 2825 5060 vim
2856 5002 3035 5058 tamen
3060 5018 3163 5055 non
3193 5002 3449 5070 exprimit
3478 5005 3627 5057 vocis

2038 5018 2256 5127 ἓνωεεῐξ.
2289 5083 2350 5127 τῆ
2389 5075 2585 5127 κυκλικῆ
2614 5072 2943 5127 πειικινήσεί.
2970 5080 3108 5125 motu
3130 5070 3454 5125 orbiculatim
3485 5080 3621 5125 aclo.

2089 5083 2350 5150 t‘;_l)ij,_rfz
2614 5070 2705 5148 πέρ
2717 5072 2943 5150 ικιήσ.εἰ,
2970 5080 3108 5150 "tota
3130 5070 3621 5150 orbiculatimuaeto.

2120 5141 2138 5179 ί
2182 5136 2335 5198 Editi'
2367 5151 2421 5197 et
2460 5136 2570 5199 duo
2598 5136 2756 5207 mss.,
2808 5141 2957 5195 rebus
2992 5142 3239 5193 interesse
3267 5138 3626 5195 dissimilibus.

2042 5211 2197 5266 Colb.
2240 5212 2534 5278 secundus,
2567 5215 2717 5268 rebus
2758 5213 2893 5278 inter
2931 5226 2986 5263 se
3020 5209 3374 5265 dissimilibus.
3425 5209 3627 5265 Ibidem

2042 5276 2589 5363 etlitil‘pugnantibus.
2609 5280 2840 5363 _Antiqui
2869 5276 2986 5363 libri
3006 5318 3020 5341 ,
3054 5279 3479 5363 repugnantibus.

2118 5360 2140 5396 Β
2172 5348 2311 5422 Editi
2335 5393 2349 5416 ,
2395 5362 2513 5406 acta
2539 5348 2818 5422 priorum}
2846 5349 2989 5419 quod
3019 5348 3149 5418 quid
3188 5348 3296 5403 ’sibi
3321 5350 3453 5404 velit
3495 5351 3629 5406 satis

2043 5432 2150 5474 non
2171 5421 2512 5492 intelligitur.
2540 5420 2623 5474 ‘At
2651 5420 2821 5492 nostri
2852 5427 2962 5473 tres
2989 5428 3313 5492 mss.,_secta
3347 5422 3575 5488 priorum
3607 5437 3625 5473 :

2042 5490 2184 5557 quod
2206 5488 2416 5545 nemini
2448 5507 2552 5544 non
2581 5488 2930 5559 probabitur,
2962 5488 3007 5559 si
3041 5488 3200 5543 modo
3231 5502 3333 5543 vox
3362 5491 3585 5559 rescissa
3608 5531 3623 5554 ,

2039 5571 2157 5624 quae
2188 5561 2367 5612 statim
2396 5558 2655 5627 sequitur,
2687 5567 2969 5615 moveatur
2996 5558 3117 5614 loco
3144 5574 3244 5613 suo
3263 5596 3277 5621 ,
3311 5566 3449 5610 secta
3476 5558 3625 5625 prio-

2041 5643 2152 5679 rum
2194 5629 2612 5699 philosophorum
2639 5630 2859 5699 rescissa
2882 5670 2896 5694 ,
2940 5629 3018 5699 lii,
3039 5630 3127 5699 qui
3160 5634 3337 5699 postea
3373 5640 3627 5678 successe-

2038 5704 2178 5767 runt,
2212 5697 2469 5767 proprias,
2500 5705 2604 5751 etc.
2638 5697 2788 5752 Colb.
2825 5696 3109 5759 secundus,
3155 5696 3423 5767 propriam
3442 5709 3641 5767 μησεν-ι

2042 5762 2246 5836 nonem,
2282 5762 2490 5836 Nec_ita
2523 5767 2692 5821 multo
2719 5776 2841 5836 post
2866 5768 3018 5823 Colb.
3054 5762 3341 5832 secundus,
3368 5762 3627 5818 siderum-

2037 5850 2131 5903 que
2157 5831 2464 5887 substantia.
2721 5831 2737 5836 ’
2794 5866 2799 5867 ί
2908 5866 2915 5871 -
2972 5866 2977 5869 λ
