4244 6254
1408 248 1454 284 ς

1304 283 1309 288 ,
1381 279 1388 286 .
1413 259 1454 287 ἳὲ
1558 259 1591 285 ,4-

606 316 609 319 .
1292 301 1311 318 Ἰ
1362 296 1451 303 ’-Ην
1550 308 1554 312 ·

1231 312 1256 335 .l
1284 319 1328 335 θλ.
1367 319 1433 335 ’μ’

602 316 728 410 ιω
1155 362 1159 367 ι
1212 312 1267 410 ξ’
1284 312 1330 397 iiii
1358 319 1507 396 .‘giss
1542 366 1632 419 ,ἢ

2085 350 2450 411 EUSTATHB

2792 238 2823 249 ο
2840 241 2845 245 -
2930 238 2982 251 α’

3812 354 3921 413 880

618 465 892 533 stiuarunt
921 479 936 517 :
979 444 1543 551 quinumﬁquamdam
1572 450 1819 522 naturam
1859 465 2121 537 corporis,
2154 474 2215 522 ut
2234 473 2289 531 ,Α
2317 483 2460 523 mur.
2485 465 2556 521 Et
2574 458 2652 522 ei
2664 459 3040 535 magnitudine
3067 449 3358 535 corporum
3383 435 3915 537 circumscriptonnn

621 559 856 616 diximus
878 598 895 624 ,
938 556 993 612 in
1033 556 1157 614 coeli
1205 556 1549 629 siderumque
1595 559 1970 615 substantiam
1988 560 2211 616 subesse

619 650 919 705 firmantes.
964 647 1342 705 Alius~autem
1369 648 1588 720 quidam
1630 649 1698 706 de
1729 650 2029 706 acrioribus
2048 690 2066 721 ι
2097 649 2229 709 haec

619 739 841 823 quidem
869 728 991 811 qua:
1017 740 1355 798 narravimus
1377 748 1569 798 cuncta
1598 740 1898 808 destruxit,
1929 741 2212 813 proprium

616 847 753 887 vero
781 832 978 905 dogma
1006 832 1153 890 visus
1180 840 1264 889 est
1293 832 1699 894 commendare.
1726 833 1803 888 De
1831 833 2026 903 quibus
2053 832 2099 886 si
2120 846 2210 889 re-

617 926 764 982 ferre
787 925 998 996 singula
1026 926 1396 992 maluerimus,
1436 926 1665 982 similem
1696 922 1801 983 illis
1828 926 2099 996 patiemur
2125 909 2214 981 er;

616 1032 822 1073 rorem.
856 1015 963 1072 Sed
983 1032 1080 1073 eos
1102 1032 1135 1071 a
1156 1017 1463 1088 semetipsis
1487 1017 1722 1073 vicissim
1751 1016 1911 1087 dejici
1940 1016 2216 1086 relinqua-

616 1117 761 1177 mus,
783 1119 841 1167 ct
867 1112 1016 1166 omni
1048 1112 1261 1168 illorum
1284 1112 1634 1169 contentione
1661 1112 1991 1183 postposita,
2021 1126 2215 1183 sequa-

617 1216 741 1258 mur
761 1201 981 1274 Moysen
1002 1201 1273 1259 dicentem
1304 1221 1316 1255 :
1352 1202 1418 1257 In
1438 1204 1696 1277 principio
1722 1205 1843 1275 fecit
1871 1201 2013 1258 Deus
2033 1204 2216 1258 cretum

615 1307 668 1350 et
697 1306 910 1364 terram,
943 1296 1401 1370 Conditoremque
1431 1296 1692 1368 optimum
1722 1292 1904 1356 reruni
1932 1296 2218 1369 sapientis-

617 1388 755 1443 sime
785 1388 1139 1445 formata’rum
1178 1389 1561 1460 glorificemus,
1594 1399 1651 1445 et
1677 1405 1743 1444 ex
1774 1390 2063 1444 visibilium
2091 1389 2207 1459 pul-

617 1480 924 1535 chritudine
948 1522 963 1546 ,
1015 1481 1165 1536 illum
1192 1482 1283 1556 qui
1314 1482 1473 1536 nimis
1500 1483 1739 1552 optimus
1773 1489 1858 1537 est
1882 1481 2216 1554 contemple-

616 1618 2196 1644 W

2318 559 2608 615 metiamur
2627 556 2783 614 illum
2813 559 3077 614 inﬁnitum
3097 600 3114 625 ,
3144 564 3200 612 et
3227 556 3543 621 maximum,
3588 573 3918 635 omnemque

2319 654 2707 725 cogitationem
2733 653 2910 710 cordis
2937 652 3157 707 humani
3186 667 3298 707 sure
3324 650 3539 706 virtutis
3562 653 3927 722 amplitudire

2319 745 2826 815 transgredientem.
2880 742 3013 799 Nam
3055 743 3180 799 licet
3217 750 3480 798 creatura:
3528 751 3774 799 naturam
3816 748 3917 801 m‘~

2319 837 2466 893 nime
2493 819 3045 909 comprehendamus,
3078 845 3258 891 tamen
3288 835 3525 907 idipsum
3565 838 3711 905 quod
3740 841 3916 895 tenui-

2321 936 2406 985 ter
2444 937 2632 984 nostro
2655 928 2938 999 subjicitur
2958 927 3277 990 intellectui,
3308 934 3521 982 tantum
3551 928 3718 984 habet
3745 930 3917 986 admi-

2268 1008 2275 1013 ’
2318 1021 2570 1090 rationis,
2598 1029 2661 1077 ut
2685 1021 2850 1076 etiam
2870 1021 3213 1076 velocissima
3241 1035 3394 1076 mens
3423 1019 3651 1076 inferior
3669 1022 3917 1079 videatur
3978 1068 3986 1075 .

2321 1114 2407 1171 his
2431 1115 2594 1171 rebus
2618 1129 2739 1185 qua:
2766 1115 2820 1169 iu
2850 1114 2956 1169 hoc
2981 1112 3184 1169 mundo
3212 1113 3484 1170 habentur
3506 1115 3731 1184 exiguaz,
3762 1117 3916 1172 debi—

2325 1216 2546 1277 tamque
2585 1207 3025 1280 super’omnibus
3068 1205 3283 1262 laudem
3302 1205 3585 1263 Conditori
3615 1209 3915 1266 referamus

2320 1300 2615 1371 impensius
2660 1318 2671 1353 :
2702 1299 2789 1355 cui
2818 1298 2991 1369 gloria
3018 1307 3076 1354 et
3102 1299 3298 1364 honor,
3341 1316 3485 1357 nunc
3511 1308 3564 1356 et
3594 1317 3829 1376 semper,
3857 1313 3917 1361 ct

2322 1396 2375 1453 in
2405 1395 2598 1452 szecula
2629 1394 2968 1452 saeculorum.
3004 1392 3196 1449 Amen.

1521 1710 2004 1833 LIBER
2086 1724 2736 1834 SECUM)
2755 1728 2977 1838 US.
3060 1720 3071 1731 ‘

691 1916 743 1970 i.
778 1912 1004 1969 Medicis
1030 1925 1190 1967 mane
1211 1907 1454 1965 decursis
1480 1907 1845 1974 sermonibus,
1876 1920 2050 1983 usque
2077 1905 2216 1961 adeo
2247 1913 2295 1974 Β
2320 1908 2457 1964 dixit
2484 1909 2555 1964 ob
2581 1909 2716 1967 duas
2738 1924 2946 1976 causas,
2975 1917 3069 1966 aut
3088 1910 3215 1982 quia
3242 1911 3471 1968 necdum
3498 1920 3778 1983 spectator
3796 1912 3913 1981 ejus

616 2007 856 2064 abditam
897 2002 1233 2059 altitudinem
1272 2000 1578 2057 intellectus
1610 1999 1947 2065 invenimus,
1978 2005 2038 2052 ut
2075 1988 2212 2052 libeé

612 2109 699 2157 ret
720 2100 944 2153 ornnino
968 2095 1037 2152 de
1067 2093 1419 2166 sequentibus
1457 2091 1750 2162 desperare
1783 2108 1796 2143 :
1837 2090 1884 2146 si
1913 2089 2059 2145 enim
2089 2104 2214 2144 san-

613 2183 839 2250 ctnrtnn'
881 2189 1005 2244 talis
1042 2187 1297 2243 introitus
1336 2192 1440 2252 est,
1470 2194 1526 2240 ct
1570 2182 1889 2239 vestibulum
1921 2181 2106 2251 templi
2136 2181 2216 2237 sic

617 2283 879 2339 decorum
906 2289 964 2336 et
1003 2278 1363 2350 splendidum,
1392 2286 1453 2332 ut
1478 2275 1743 2345 elegantia
1772 2290 1884 2330 suae
1913 2273 2214 2344 pulchritu-

611 2375 756 2431 dinis
785 2374 976 2431 oculos
1006 2381 1205 2428 nostra:
1235 2366 1433 2426 mentis
1455 2368 1699 2434 irradiet,
1731 2367 1909 2438 qualia
1944 2366 2210 2422 censenda

609 2476 737 2524 sum
764 2475 952 2523 sancta
991 2464 1347 2520 sanctorum?
1384 2461 1517 2528 Quis
1545 2473 1677 2529 ergo
1704 2460 1776 2514 sit
1803 2473 1968 2514 ausus
2007 2457 2211 2528 impos-

608 2559 786 2615 sibilia
817 2566 1195 2621 contrectare;
1238 2559 1332 2609 aut
1373 2553 1496 2625 quis
1545 2551 1842 2607 intuebitur
1889 2549 2205 2610 ineffabilia,

581 2641 585 2645 ’
609 2666 840 2723 quorum
865 2661 921 2705 ct
947 2650 1092 2706 visus
1116 2656 1199 2703 est
1227 2645 1637 2713 inaccessibilis,
1667 2654 1723 2699 ct
1744 2644 1883 2699 ratio
1906 2642 2210 2697 intellectus

580 2742 934 2802 ~inell'abilis?
961 2740 1164 2798 Tamen
1195 2743 1452 2812 quoniam
1479 2739 1622 2812 apud
1645 2738 1847 2808 justum
1870 2735 2122 2808 judicem,
2152 2742 2209 2789 et

612 2854 716 2910 pro
761 2839 881 2895 solo
911 2837 1089 2893 studio
1120 2836 1434 2902 meliorum,
1479 2851 1580 2891 nos
1618 2832 2038 2903 contemptibilis
2066 2846 2208 2885 mer-

608 2947 703 2989 ces
748 2939 831 2984 cst
875 2929 1132 3000 deputata
1185 2945 1198 2980 :
1244 2927 1463 2981 minimc
1512 2941 1611 2981 nos
1657 2924 1841 2995 pigeat
1888 2923 2201 2993 explorare.

574 3018 742 3095 ’Nam
781 3019 1029 3089 quamvis
1077 3014 1303 3072 nndtmn
1348 3017 1613 3086 dignitate
1657 3013 1965 3085 hujnsmodi
2015 3014 2205 3067 abesse

570 3112 929 3176 ‘credamur,
980 3120 1157 3165 tamen
1195 3110 1240 3165 si
1289 3110 1622 3164 voluntatem
1669 3106 1965 3177 Scriptura:
2005 3114 2202 3175 Sequa-

602 3198 750 3263 mur,
781 3198 1109 3267 sullragante
1136 3207 1327 3253 sancto
1351 3197 1579 3267 Spiritu,
1611 3213 1709 3251 nec
1746 3210 1845 3251 nos
1875 3192 2204 3265 improbabi-

2317 2008 2662 2070 processerat
2690 2002 2873 2067 homo,
2924 2009 3021 2056 aut
3044 2002 3172 2072 quia
3200 2002 3302 2058 sub
3331 2004 3518 2072 aquis,
3549 2019 3672 2073 qum
3702 2014 3831 2059 tunc
3858 2004 3908 2059 ei

2316 2100 2655 2161 supererant,
2687 2092 2879 2157 latens,
2908 2093 3057 2148 nullo
3081 2092 3244 2148 modo
3271 2094 3618 2149 cernebatur.
3664 2094 3908 2150 Nondum

2316 2185 2458 2239 enim
2476 2180 2479 2183 ’
2500 2194 2654 2255 ίιίιιιτο
2693 2193 3033 2255 congregata:
3073 2185 3292 2240 fuerant
3318 2186 3373 2240 in
3403 2187 3639 2257 prapriis
3661 2186 3686 2224 δ
3711 2203 3910 2243 conce-

2314 2275 2581 2344 piaculis,
2631 2289 2768 2343 quas
2818 2276 2874 2330 in
2924 2291 3088 2330 unum
3134 2285 3327 2346 postea
3366 2277 3623 2333 collectas
3650 2277 3910 2335 Dominus

2313 2366 2481 2420 maria
2524 2360 2880 2436 'n'uncupa'vit.
2917 2366 3187 2422 invisibile
3227 2367 3411 2438 itaque
3458 2377 3579 2433 est,
3628 2369 3715 2424 vel
3763 2369 3908 2439 quod

2312 2455 2486 2511 oculis
2503 2473 2611 2512 non
2633 2465 2815 2527 potest
2836 2457 3144 2512 carnalibus
3159 2458 3567 2528 comprehendi,
3586 2460 3729 2514 sicut
3756 2474 3908 2515 mens

2312 2557 2498 2602 nostra
2525 2588 2539 2611 ,
2570 2548 2657 2601 Vel
2688 2548 2817 2603 illud
2846 2549 2992 2617 quod
3023 2557 3215 2603 natura
3245 2548 3464 2620 quidem
3511 2550 3658 2605 cerni
3701 2558 3900 2621 potest,

2311 2639 2406 2693 sed
2437 2639 2660 2709 propter
2687 2638 2980 2694 obductum
3009 2639 3112 2694 sibi
3142 2636 3503 2695 velamentum
3528 2641 3774 2710 corporis
3803 2641 3905 2696 ali-

2311 2728 2466 2799 cujus
2513 2729 2882 2796 abseonditur,
2931 2730 3073 2786 sicut
3120 2728 3320 2786 ferrum
3367 2730 3511 2800 quod
3553 2731 3601 2784 in
3631 2729 3901 2800 profundo

2307 2821 2468 2890 jacet.
2510 2820 2624 2877 Hac
2672 2821 2855 2890 itaque
2885 2820 3115 2875 ratione
3161 2836 3304 2876 nunc
3346 2820 3664 2875 invisibilem
3697 2828 3901 2876 terram

2250 2931 2255 2937 ι
2310 2914 2509 2968 dictam
2558 2918 2679 2967 ess'e
2707 2912 3005 2983 putandum
3043 2920 3154 2978 est,
3187 2922 3210 2949 ε
3235 2920 3296 2966 ut
3321 2917 3454 2995 pote
3491 2926 3613 2981 qua.
3639 2926 3902 2981 aquarum

2309 3005 2595 3079 superficie
2619 3007 2918 3076 tegebatur.
2968 3006 3177 3061 Deinde
3203 3002 3330 3076 q'uia
3364 3005 3595 3062 necdum
3625 3007 3745 3063 luce
3771 3024 3905 3063 cond

2306 3099 2492 3154 stituta
2510 3137 2527 3163 ,
2556 3098 2749 3152 mirum
2779 3112 2889 3152 non
2912 3104 2996 3151 est
3021 3096 3068 3152 si
3090 3096 3382 3152 haberetur
3409 3096 3692 3152 invisibilis
3729 3116 3742 3151 :
3782 3113 3902 3153 cum

2308 3206 2404 3246 aer
2428 3190 2543 3261 ipse
2570 3188 2857 3260 splendore
2882 3203 3072 3244 carens
3098 3195 3243 3243 esset
3262 3188 3551 3244 obscurus:

606 3289 686 3345 les
712 3287 1094 3357 judicabinmr,
1123 3295 1180 3340 ct
1217 3296 1347 3339 nutu
1389 3286 1575 3353 gratia:
1616 3285 1854 3341 cmlcstis
1895 3283 2272 3359 :cdiiicatic-‘C
2371 3283 2426 3336 Ξ.
2467 3281 2575 3338 Sed
2603 3282 2995 3338 obtrectatores
3021 3280 3284 3345 veritatis,
3315 3294 3480 3337 sensu
3506 3281 3724 3351 proprio
3752 3279 3901 3335 Scri-

571 3386 731 3436 ‘ncm
763 3377 995 3447 aliquam
1024 3374 1368 3432 conferemus
1395 3375 1670 3431 Ecclesizc.
1705 3375 1867 3430 Terra
1894 3385 2087 3443 autem,
2119 3377 2201 3431 in-

554 3482 559 3485 ‘
606 3471 751 3541 quit,
795 3477 913 3534 erat
937 3466 1206 3523 invisibilis
1246 3477 1295 3520 et
1322 3467 1684 3538 incomposita.
1718 3464 2007 3534 Quomodo
2043 3468 2202 3536 igitur

605 3560 848 3629 utrisque
889 3558 1169 3614 clementis
1193 3599 1208 3625 ,
1254 3557 1305 3612 id
1357 3565 1441 3612 est
1486 3557 1624 3613 coelo
1664 3563 1720 3612 et
1737 3565 1927 3622 terra,
1957 3558 2070 3629 pari
2103 3558 2201 3613 ho-

574 3656 741 3705 ‘norc
769 3647 1126 3714 constructis,
1157 3646 1356 3702 caelum
1383 3645 1599 3717 quidem
1640 3645 1943 3716 perfectum
1974 3646 2151 3703 fuerat
2180 3686 2196 3711 ,

558 3740 571 3743 “
604 3740 926 3797 tcilus'vero
955 3738 1131 3795 adhuc
1160 3738 1515 3809 incomposita
1537 3740 1661 3793 est?
1687 3738 1794 3795 Aut
1821 3740 1947 3808 quid
1978 3741 2201 3795 omnino

606 3846 784 3888 causa:
813 3829 913 3886 fuit
936 3871 951 3897 ,
995 3845 1106 3900 quo
1135 3830 1314 3886 minus
1343 3829 1724 3900 perficeretur,
1753 3839 1808 3885 et
1840 3830 2065 3885 visibilis
2091 3847 2198 3886 non

604 3926 786 3981 esset?
813 3923 981 3993 Igitur
1016 3933 1173 3979 terra:
1209 3924 1369 3994 plena
1399 3923 1722 3993 compositio
1751 3930 1834 3977 est
1876 3925 2095 3993 propria
2123 3923 2200 3978 fe-

552 4018 555 4019 ⁷
605 4017 877 4086 cunditas,
918 4017 969 4072 id
998 4025 1081 4073 est
1109 4014 1485 4073 universarum
1517 4016 1842 4085 geminatio
1864 4017 2190 4085 plantarum,

569 4118 573 4123 ’
605 4121 662 4168 et
701 4112 955 4167 arborum
1001 4108 1401 4166 fructiferarum
1431 4109 1517 4164 vel
1549 4120 1574 4145 ἰ
1615 4107 2069 4163 infructiferarum
2100 4124 2197 4163 co-

603 4205 692 4276 pia
712 4242 726 4266 ,
778 4218 879 4259 nec
919 4218 1029 4257 non
1060 4202 1273 4258 colores
1300 4201 1603 4270 odoresque
1632 4199 1814 4263 florei,
1848 4207 1903 4253 et
1947 4199 2050 4253 alia
2078 4213 2198 4267 qua:

604 4296 770 4368 paulo
798 4304 923 4366 post
955 4294 1141 4350 divino
1165 4293 1317 4363 jussu
1344 4292 1648 4363 progenita.
1680 4290 2006 4345 decoravere
2034 4290 2196 4346 tellu-

605 4405 742 4445 rem.
786 4387 1026 4454 Quorum
1054 4388 1181 4455 quia
1219 4382 1458 4439 nondum
1486 4380 1703 4453 aliquid
1745 4381 2047 4450 exstiterat,
2081 4396 2198 4436 me-

606 4481 716 4534 rito
743 4493 863 4533 eam
905 4492 1085 4531 sermo
1115 4474 1408 4546 Scripturze
1438 4473 1849 4544 incompositam
1880 4475 2193 4529 nominavit.

605 4566 736 4622 llaec
766 4576 946 4621 autem
987 4564 1152 4619 etiam
1189 4565 1258 4621 de
1285 4563 1425 4621 caelo
1454 4562 1770 4635 imperfecto
1800 4564 1905 4621 rite
1931 4565 2191 4631 dicemus,

604 4658 635 4698 ιι·
663 4659 917 4729 quoniam
945 4673 1044 4714 nec
1072 4657 1248 4729 ipsum
1273 4657 1551 4730 proprium
1571 4657 1890 4727 sumpsisset
1917 4667 2191 4726 ornatum,

526 4738 557 4810 .“
603 4752 803 4825 quippe
840 4751 984 4821 quod
1013 4751 1234 4808 minime
1264 4751 1395 4808 solis
1423 4749 1599 4807 adhuc
1626 4759 1681 4807 et
1719 4751 1860 4808 lunae
1888 4752 2062 4808 fuerat
2090 4753 2193 4807 ful-

601 4860 734 4916 gore
762 4846 1048 4901 lustratum
1073 4887 1088 4914 ,
1129 4861 1232 4917 nec
1258 4845 1439 4901 choris
1482 4844 1717 4900 siderum
1745 4853 2084 4901 coronatum.
2115 4844 2193 4901 lta

532 4946 533 4949 ‘
602 4955 715 4996 non
741 4938 1012 4996 videberis
1043 4952 1076 4992 a
1101 4937 1336 4993 veritate
1359 4936 1653 4993 deﬂectere
1675 4975 1691 5001 ,
1719 4937 1765 4992 si
1803 4937 1968 4993 etiam
1996 4937 2193 4993 coelum

601 5033 1025 5107 incompositum
1052 5030 1274 5088 dixeris.
1324 5029 1547 5086 Terram
1577 5036 1761 5085 autem
1803 5040 1827 5070 ι
1872 5029 2193 5086 invisibilem

676 5268 702 5297 ⁸
731 5259 887 5331 Illud,
912 5259 990 5331 uel
1015 5256 1485 5331 infructiferarum,
1505 5250 1810 5331 addidimus
1828 5266 1897 5308 ex
1916 5248 2071 5307 Colb.
2100 5265 2190 5308 se-

532 5374 543 5380 -
601 5331 804 5408 “962.
830 5325 1086 5408 Basilius,
1113 5325 1382 5408 καθ-τξῇξρν
1413 5346 1469 5381 τι
1499 5327 1581 5379 καὶ
1600 5325 1864 5408 ἆκὰρὲφγ.

677 5400 705 5440 δ
734 5398 825 5455 Sic
851 5414 979 5455 mss.
1023 5389 1150 5461 duo.
1180 5389 1326 5452 Editi
1347 5432 1365 5460 ,
1405 5411 1522 5450 cum
1560 5410 1672 5448 nec.
1699 5389 1921 5450 'lbidem
1950 5392 2005 5449 in
2032 5389 2189 5449 Colb.

602 5470 849 5540 secundo
873 5484 971 5540 pro
998 5467 1097 5540 rite
1124 5467 1322 5540 legitur
1352 5472 1510 5540 recte.
1570 5537 1581 5540 _
1657 5536 1669 5540 _
1977 5532 1989 5540 ,
2034 5525 2041 5530 ,

659 5552 702 5597 ,ε
733 5531 980 5610 Λιιιὶίῇιιί⁸
998 5538 1127 5610 (ιιιοῄ
1302 5542 1358 5610 et
1384 5534 1533 5610 editi,
1553 5531 1912 5610 ‘inuisilgilentn
1937 5532 2018 5610 ob_
2040 5532 2191 5590 duas.

599 5612 760 5671 Colb.
782 5601 1070 5671 secundus,
1110 5604 1416 5662 invisibilem
1456 5605 1587 5659 dixit
1615 5606 1677 5659 ob
1708 5604 1860 5658 duas.
1893 5601 1949 5657 In
1977 5602 2189 5669 Graeco,

558 5724 565 5729 -
601 5687 821 5754 ἀόρατον
849 5680 902 5739 δὲ
933 5684 1023 5738 τήν
1050 5684 1142 5747 γῆν
1166 5682 1439 5752 προσεῖπε.
2172 5682 2179 5689 ‘

675 5750 703 5789 ἀ
743 5749 960 5828 Editiet
981 5747 1091 5828 duo
1120 5760 1274 5828 mss?
1299 5746 1692 5828 conceptacula.
1725 5745 1878 5828 C_oll_).
1905 5744 2191 5828 secundus,

608 5817 958 5881 receptaculis.
981 5814 1088 5869 Sed
1109 5815 1222 5869 sive
1242 5816 1368 5870 hoc.
1397 5816 1510 5868 sive
1534 5815 1624 5867 illo
1652 5815 1810 5871 modo
1832 5816 2061 5887 legatur,
2089 5829 2194 5885 vox

2304 3385 2492 3447 pturas
2520 3375 2740 3431 minime
2767 3382 3184 3443 consequentes,
3213 3372 3303 3429 ad
3328 3387 3598 3443 suumque
3624 3373 3901 3429 arbitrium

2306 3465 2810 3536 interpretationem
2858 3465 3136 3521 trahentes
3164 3479 3372 3532 earum,
3403 3465 3681 3519 materiam
3719 3479 3903 3519 rerum

2305 3558 2495 3613 dicunt
2534 3573 2632 3627 per
2670 3555 3041 3625 hujuscemodi
3070 3548 3231 3612 verba
3256 3555 3561 3618 monstrari,
3593 3563 3715 3624 qua:
3742 3555 3903 3625 quasi

2304 3659 2497 3709 natura
2526 3650 2808 3706 invisibilis
2829 3658 2885 3705 et
2912 3645 3270 3720 incomposita
3300 3632 3463 3718 atque
3492 3645 3735 3701 infamis
3757 3654 3901 3713 erat,

2303 3756 2360 3803 et
2396 3747 2545 3801 omni
2572 3746 2751 3816 specie
2798 3742 3182 3814 schemateque
3215 3728 3446 3813 privata,
3478 3756 3639 3810 quam
3684 3755 3897 3794 assum-

2302 3847 2449 3910 ptam
2475 3837 2666 3893 artifex
2686 3852 2786 3908 pro
2813 3852 2908 3891 sua
2936 3835 3199 3907 sapientia
3228 3833 3605 3901 conformavit,
3635 3840 3793 3902 atque
3819 3832 3900 3888 ita

2301 3945 2401 4001 per
2426 3945 2545 3984 eam
2576 3928 2755 3983 omnia
2780 3943 2900 3998 qua:
2926 3927 3176 3983 videntur
3196 3924 3386 3982 effecit.
3415 3922 3586 3990 Quam
3612 3924 3661 3978 si
3690 3923 3899 3979 dixeri-

2301 4036 2422 4075 mus
2472 4019 2785 4087 ingenitam,
2827 4019 2945 4074 sine
2973 4018 3137 4073 dubio
3168 4019 3186 4056 ι
3219 4016 3483 4085 εοωίιιιπί
3523 4013 3637 4070 Deo
3685 4030 3812 4071 cum
3844 4016 3904 4071 in

2300 4113 2675 4184 promerendis
2702 4112 3001 4167 aestimatur
3027 4110 3345 4193 honoribus,
3386 4118 3447 4164 et
3472 4107 3675 4164 iisdem.
3700 4107 3903 4178 quibus

2303 4205 2396 4260 ille
2426 4205 2718 4277 privilegiis
2747 4204 2909 4273 digna
2948 4205 3274 4261 censebitur.
3306 4201 3425 4271 Quo
3453 4201 3581 4274 quid
3608 4201 3680 4255 sit
3708 4200 3904 4256 nefan-

2299 4299 2421 4356 dius
2445 4315 2510 4355 ac
2538 4298 2875 4365 sceleratius,
2903 4313 3066 4367 quam
3107 4305 3166 4352 ut
3205 4311 3292 4352 res
3321 4295 3542 4363 confusa
3579 4295 3905 4365 penitusque

2299 4390 2576 4457 deformis,
2599 4391 2714 4461 pari
2740 4390 2999 4460 dignitate
3019 4377 3242 4460 praedita
3257 4388 3529 4457 judicetnr
3554 4401 3657 4455 qua
3677 4384 3906 4454 sapiens

2299 4491 2357 4538 et
2401 4490 2594 4553 potens
2642 4481 2975 4550 nimiumque
3017 4479 3193 4535 bonus
3248 4489 3305 4534 et
3362 4476 3600 4533 omnium
3646 4473 3910 4530 conditor

2300 4571 2484 4629 Deus?
2512 4570 2713 4627 Deinde
2752 4570 2797 4626 si
2827 4577 2973 4625 tanta
3004 4575 3087 4625 est
3115 4576 3174 4624 ut
3201 4583 3418 4623 onmem
3446 4566 3685 4622 divinam
3728 4564 3907 4635 possit

2220 4660 2272 4721 1)
2297 4679 2493 4735 capere
2537 4662 2892 4733 disciplinam,
2935 4660 3286 4722 nihilominus
3320 4668 3346 4705 ε
3382 4656 3497 4727 ejus
3537 4656 3902 4711 substantiam

2301 4755 2396 4811 Dei
2442 4754 2770 4809 videbuntur
2808 4752 3065 4823 potentiae
3092 4744 3399 4820 coaequare,
3441 4749 3488 4804 si
3535 4756 3714 4803 tamen
3752 4745 3904 4801 valet

2301 4847 2460 4903 tellus
2482 4854 2733 4902 cunctam
2756 4859 2856 4916 per
2881 4859 2942 4899 se
2969 4843 3064 4898 Dei
3084 4842 3407 4914 sapientiam
3445 4838 3644 4895 metiri.
3676 4835 3770 4892 Sin
3798 4852 3907 4892 au-

2301 4947 2415 4995 tem
2441 4940 2619 4993 minor
2657 4943 2743 4992 est
2781 4935 3007 4991 materia
3051 4933 3248 4989 divinae
3294 4930 3547 5004 potentia:
3574 4968 3592 4997 ,
3636 4938 3693 4984 et
3737 4928 3814 4983 sic
3846 4927 3907 4985 in

2305 5028 2631 5085 atrociorem
2695 5024 3086 5098 blasphemiam
3140 5035 3327 5078 eorum
3381 5034 3562 5076 sermo
3619 5017 3855 5073 ducetur
3897 5035 3913 5077 ;

2298 5250 2488 5308 Grzeca
2517 5249 2665 5308 haud
2692 5250 2920 5308 feliciter
2938 5262 3193 5324 expressa
3212 5255 3316 5304 est.
3339 5243 3541 5322 Malim,
3569 5242 3626 5296 in
3654 5242 3911 5314 proprias

2299 5324 2745 5404 congregatim“,
2768 5327 2848 5399 sic;
2871 5328 2934 5379 τὰ
2955 5326 3113 5378 οἰκεῖα
3134 5325 3470 5401 euestigata.

2374 5404 2397 5431 ε
2437 5391 2585 5447 Libri
2608 5403 2840 5457 veteres,
2866 5402 3045 5457 utpote
3064 5406 3197 5457 quae.
3229 5387 3395 5457 Editi,
3423 5392 3598 5457 utpote
3624 5383 3785 5456 quod.

2377 5408 2397 5431 ε
2437 5408 2585 5447 LlDl'l
2608 5408 2840 5459 veteres,
2866 5408 3045 5465 utpore
3064 5408 3197 5463 qua.
3229 5408 3395 5452 ωιιι,
3423 5408 3598 5457 lupata
3624 5408 3785 5456 quoa.

2377 5464 2395 5501 ί
2437 5461 2592 5535 9011).
2624 5463 2912 5535 secundus,
2940 5462 3343 5535 coniquericum
3366 5456 3498 5535 Deo.
3554 5527 3567 5535 _
3642 5522 3679 5535 ﬁ
3720 5524 3732 5535 _
3792 5521 3804 5532 ο
3834 5521 3848 5535 ⁸
3956 5512 3969 5522 ο

2371 5543 2395 5581 8
2436 5531 2641 5590 Rursus
2668 5532 2823 5605 Colb.
2855 5521 3141 5605 secundus,
3170 5530 3282 5602 ejus
3310 5527 3602 5605 substantia
3633 5522 3732 5605 Dei
3758 5521 3912 5605 ride-

2298 5601 2435 5675 bitur
2479 5606 2722 5672 potentia:
2759 5594 3035 5675 cowquari,
3080 5594 3137 5675 si
3156 5594 3326 5675 tamen
3366 5597 3555 5675 valeret
3585 5594 3759 5656 tellus,
3790 5600 3911 5675 etc.

2300 5662 2554 5798 Alia'n'on
2578 5681 2659 5730 est
2686 5662 2972 5730 sententia.
2999 5662 3200 5746 Statim
3224 5668 3362 5726 idem
3386 5666 3580 5734 codex,
3608 5680 3784 5719 sermo
3803 5662 3911 5716 du-

2300 5761 2412 5799 cere
2435 5759 2515 5797 ur.
