4244 6254
357 371 360 373 ‘
393 355 490 412 881

1433 345 1834 402 HEXAEMERI
1877 341 2363 399 METAPHHASIS
2401 344 2603 402 LIBER
2640 347 2702 402 ΙΙ.

3576 331 3694 406 889

395 473 592 542 quippe
630 468 720 537 qui
745 468 966 538 propter
992 460 1228 534 inopiam
1277 461 1533 525 materne,
1561 458 1888 513 ineliicacem
1936 464 1996 509 et
2020 460 2065 517 Α
2097 456 2380 526 figmentis,
2409 475 2472 515 ac
2502 458 2792 514 miserabili
2813 461 3028 511 suarum
3058 449 3442 524 cogitationum
3473 453 3490 492 ε
3521 428 3687 513 sensu
3734 480 3738 482 -

396 563 627 618 otiosum
649 561 703 614 in
724 559 834 613 suis
853 555 1106 627 operibus
1117 542 1286 609 Deum
1299 560 1565 607 conantur
1577 565 1841 614 asserere,
1853 561 1991 617 quos

397 653 611 724 quidem
659 652 911 706 humanae
938 654 1144 710 natura:
1191 645 1316 700 talia
1365 645 1566 699 sentire
1604 641 1817 711 decepit
1851 638 1991 694 indi—

396 746 595 816 gentia.
627 743 770 799 Sane
786 752 810 779 τι
832 740 1086 812 quoniam
1109 737 1249 809 apud
1272 753 1372 792 nos
1393 751 1481 792 ars
1502 748 1837 804 unaquaeque
1863 745 1990 800 erga

397 837 631 906 aliquam
661 832 954 889 adhibitam
993 828 1275 884 materiam
1315 835 1624 894 exercetur,
1657 826 1798 881 sicut
1822 824 1990 880 fabri-

397 930 520 986 litas
548 930 689 985 circa
721 925 940 991 ferrum,
964 924 1301 995 carpentaria
1330 924 1473 979 circa
1497 923 1718 991 lignum,
1751 921 1878 976 etin
1908 920 1992 976 his

398 1023 540 1078 aliud
570 1028 652 1076 est
696 1019 841 1090 quod
876 1017 1146 1087 subjacet,
1191 1015 1335 1072 aliud
1373 1014 1584 1086 species
1607 1056 1622 1082 ,
1655 1013 1798 1069 aliud
1844 1013 1992 1085 quod

329 1165 332 1167 ,
398 1116 662 1170 formatur
681 1128 749 1167 ex
775 1110 954 1181 specie
983 1127 995 1162 :
1025 1124 1149 1164 nam
1185 1108 1410 1163 materia
1452 1115 1536 1163 est
1561 1123 1680 1177 quae
1724 1107 1994 1162 extrinse-

397 1210 490 1262 ωε
519 1205 826 1268 assumitur,
867 1202 1076 1273 species
1103 1216 1222 1271 quae
1251 1217 1319 1256 ex
1348 1209 1466 1256 arte
1497 1199 1823 1270 producitur,
1863 1213 1991 1268 per-

396 1300 555 1354 fectio
589 1305 772 1351 autem
801 1303 884 1350 est
912 1309 1031 1364 qua:
1059 1309 1126 1348 ex
1156 1301 1386 1363 utraque
1411 1292 1773 1362 componitur,
1814 1289 1866 1343 id
1907 1297 1994 1344 est

396 1391 461 1446 de
485 1390 666 1460 specie
695 1396 860 1458 atque
905 1387 1131 1442 materia
1165 1405 1178 1439 :
1210 1387 1288 1441 sic
1317 1387 1607 1456 opinantur
1631 1391 1686 1439 et
1713 1382 1780 1437 de
1809 1381 1992 1436 divina

362 1481 370 1484 ’
397 1483 732 1554 Operatione,
761 1483 982 1540 schema
1009 1479 1226 1550 quidem
1254 1477 1455 1533 mundo
1477 1477 1544 1531 de
1572 1475 1834 1546 sapientia
1851 1491 1993 1550 con-

397 1576 584 1632 ditoris
613 1575 642 1616 δ
685 1577 927 1644 allatum,
969 1575 1250 1629 materiam
1296 1587 1427 1627 vero
1457 1572 1792 1626 extrinsecus
1839 1584 1993 1624 crea-

398 1669 503 1722 tori
534 1667 698 1724 fuisse
727 1668 1022 1738 subjectam
1049 1685 1061 1720 :
1092 1676 1254 1734 atque
1295 1665 1367 1718 ita
1395 1664 1702 1718 universum
1734 1660 1992 1716 mundum

399 1777 520 1817 esse
548 1751 935 1828 constructum,
986 1761 1076 1831 qui
1105 1760 1461 1815 substantiam
1506 1758 1722 1827 quidem
1755 1756 1996 1828 possidet

398 1853 611 1908 aliunde
635 1855 934 1924 quaesitam,
981 1853 1199 1908 schema
1237 1867 1370 1907 vero
1412 1859 1478 1916 et.
1507 1849 1750 1918 figuram,
1801 1864 1868 1904 ex
1897 1848 1994 1903 Dei

397 1945 594 2000 virtute
618 1953 950 2015 perceptam.
981 1954 1004 1982 ο
1034 1932 1171 1998 Hinc
1192 1943 1296 1998 illis
1323 1942 1482 1996 datur
1507 1941 1718 1997 occasio
1741 1939 1992 2008 negandi,

398 2037 575 2093 causis
625 2036 793 2091 Deum
843 2051 1074 2106 prmesse
1103 2034 1408 2102 mundanis,
1438 2043 1494 2090 et
1540 2043 1800 2104 tanquam
1834 2031 1861 2070 ά
1893 2034 1993 2088 sti-

398 2129 483 2199 pis
512 2127 737 2196 alicujus
759 2143 940 2182 rerum
968 2127 1229 2194 genitum
1256 2127 1559 2197 portionem
1582 2126 1829 2194 exiguam
1858 2140 1990 2180 con-

400 2219 619 2276 tulisse:
645 2221 863 2276 minime
882 2220 1139 2286 valentes,
1165 2228 1385 2290 propter
1405 2218 1709 2273 intellectus
1732 2218 1992 2288 inopiam,

399 2313 466 2366 ad
494 2313 708 2368 culmen
729 2313 1001 2384 reSpiccre
1022 2310 1282 2366 veritatis.
1307 2309 1417 2365 Nec
1437 2308 1850 2364 considerarunt
1869 2310 1994 2378 quia

399 2403 488 2459 hic
515 2402 732 2472 quidem
768 2419 857 2458 ars
894 2410 1021 2473 post
1050 2401 1332 2457 materiam
1361 2401 1602 2456 noscitur
1629 2399 1883 2466 adhibita,
1909 2399 1994 2454 vi-

400 2503 469 2550 ta:
496 2496 669 2564 gratia
715 2494 1108 2566 dispensandae.
1140 2492 1273 2548 Nam
1311 2492 1432 2547 lana
1469 2490 1684 2560 quidem
1712 2490 1810 2545 fuit
1837 2497 1993 2546 ante-

399 2589 529 2655 rior,
560 2587 776 2643 texendi
806 2597 986 2643 autem
1015 2601 1143 2642 usus
1188 2594 1377 2657 postea
1423 2590 1672 2652 repertus
1709 2590 1810 2646 est,
1843 2589 1901 2636 ut
1941 2581 1996 2636 id

400 2679 545 2749 quod
571 2696 669 2750 per
696 2688 945 2735 naturam
967 2680 1147 2734 minus
1174 2678 1348 2734 fuerat
1374 2677 1716 2754 suppleretur
1735 2690 1803 2730 ex
1837 2683 1953 2732 arte
1976 2693 1990 2742 ;

400 2773 602 2843 lignum
630 2788 847 2843 quoque
867 2773 1016 2842 prius
1040 2771 1328 2842 fuit,‘quod
1356 2786 1446 2826 ars
1473 2768 1740 2825 dolatoria
1760 2777 1996 2838 postmo-

401 2866 532 2921 dum
579 2867 914 2937 percipiens,
974 2867 1027 2920 in
1070 2880 1300 2936 ususque
1352 2863 1686 2920 necessarios
1732 2861 1990 2925 formans,

402 2958 839 3013 commoditatem
869 2958 1024 3014 nobis
1074 2975 1182 3013 non
1209 2972 1431 3028 parvam
1477 2956 1723 3012 contulit.
1775 2953 1907 3008 Nam
1938 2961 1994 3008 et

403 3066 610 3105 remum
641 3051 838 3119 nautis,
867 3059 921 3105 et
948 3049 1359 3119 agricultoribus
1386 3049 1763 3113 ventilabrum,
1794 3056 1849 3103 et
1873 3047 1993 3102 bel-

402 3142 662 3198 latoribus
699 3143 907 3198 hastam
935 3143 1114 3205 fdedit.
1151 3142 1290 3197 Deus
1319 3151 1518 3209 autem,
1549 3143 1862 3212 priusquam
1892 3140 1991 3196 lie-

375 3244 524 3313 ‘rent
549 3249 668 3304 qua:
697 3234 963 3301 videntur,
997 3235 1383 3294 omniamente
1410 3233 1747 3302 complexus,
1775 3232 1993 3287 volens-

401 3342 508 3397 que
555 3327 609 3381 in
638 3335 661 3362 ε
684 3326 1020 3382 nativitatem
1048 3323 1352 3397 producere
1375 3339 1494 3393 quae
1525 3339 1631 3378 non
1660 3331 1834 3389 erant,
1865 3338 1996 3378 con-

377 3418 658 3492 _sideravit
683 3419 859 3489 qualis
896 3417 1127 3473 mundus
1173 3433 1292 3472 esse
1338 3416 1580 3482 deberet,
1613 3415 1834 3485 ejusque
1869 3431 1994 3486 spe-

403 3508 504 3564 ciei
533 3523 827 3578 congruam
865 3508 1148 3563 materiam
1176 3509 1577 3575 congeneravit.
1607 3506 1674 3560 Et
1701 3508 1838 3562 cmlo
1873 3507 1995 3576 qui-

403 3599 526 3654 dem
555 3599 833 3670 deputavit
859 3598 1143 3654 decentem
1163 3598 1266 3653 sibi
1287 3605 1553 3662 naturam,
1578 3605 1843 3652 terrarum
1865 3612 1995 3652 vero

405 3691 662 3747 schemati
710 3690 1029 3746 familiarem
1074 3690 1418 3760 debitamque
1444 3689 1798 3745 substantiam
1843 3704 1996 3744 com-

411 3781 668 3838 modavit.
701 3782 886 3851 ignem
925 3797 1078 3848 vero,
1122 3766 1178 3837 et
1206 3795 1418 3850 aquam,
1451 3789 1508 3836 et
1546 3793 1726 3836 aerem
1755 3779 2000 3847 distinxit

407 3885 466 3930 ut
504 3875 670 3930 voluit
703 3895 716 3928 :
759 3887 816 3930 et
854 3876 908 3930 in
937 3860 1181 3930 ordinem
1227 3873 1449 3929 deduxit
1476 3889 1638 3944 quem
1667 3873 1998 3942 singulorum

403 3968 544 4022 ratio
565 3967 856 4036 liagitabat.
882 3966 1076 4022 Totum
1105 3973 1284 4020 autem
1309 3965 1584 4035 mundum,
1604 3981 1723 4020 cum
1747 3972 1892 4021 esset
1913 3965 1996 4020 sui

407 4058 700 4126 dissimilis,
741 4068 795 4114 et
829 4073 896 4114 ex
941 4058 1254 4114 diversitate
1282 4058 1635 4128 compositus,
1668 4057 1996 4112 inviolabili-

379 4223 384 4228 _
408 4150 510 4206 bus
537 4150 811 4219 cujusdam
838 4149 1148 4206 concordiae.
1169 4149 1394 4205 vinculis
1429 4157 1715 4215 arctatum,
1748 4150 1802 4203 in
1832 4165 1993 4204 unam

405 4243 723 4297 societatem
754 4240 1392 4311 compaginationemque
1421 4240 1693 4306 devinxit,
1734 4251 1793 4296 ut
1831 4242 1995 4296 etiam

409 4334 495 4388 illa
521 4348 640 4402 qua:
662 4333 886 4387 multum
909 4348 938 4387 a
955 4347 1016 4387 se
1036 4332 1307 4403 positione
1328 4331 1622 4397 distabant,
1641 4334 1998 4401 permixtione

409 4433 592 4478 mutua
640 4424 891 4498 copulata
939 4423 1245 4479 credantur.
1289 4422 1513 4478 Cessent
1559 4436 1688 4492 ergo
1742 4421 2000 4481 fabulosis

482 4570 510 4600 ι
548 4559 697 4616 Colb.
750 4563 1017 4616 secundus
1067 4570 1122 4615 et
1168 4561 1322 4623 alter,
1365 4574 1493 4614 sane

406 4649 534 4702 sane
566 4632 851 4702 ,quomodo.
895 4630 1097 4702 ibidem
1140 4627 1294 4702 Colb.
1353 4627 1639 4702 secundus,
1677 4627 1994 4688 adhibitam.

407 4699 568 4774 Editi,
592 4699 846 4755 adhibita.
891 4700 1098 4774 Rursus
1145 4699 1299 4755 Colb.
1330 4699 1616 4766 secundus,
1651 4716 1716 4753 ex
1762 4709 1996 4774 utraque.

379 4785 383 4788 '
410 4773 510 4826 Alii
533 4773 638 4826 duo
667 4788 796 4827 mss.
829 4781 882 4826 et
902 4773 1053 4838 editi,
1079 4787 1144 4826 ea:
1165 4779 1396 4840 utroque.

482 4855 504 4882 ε
546 4841 687 4897 Editi
731 4851 786 4897 et
813 4841 968 4898 Colb.
1001 4843 1225 4907 primus,
1269 4839 1518 4894 ablatum.
1565 4839 1668 4894 Alii
1698 4839 1805 4896 duo
1840 4857 1970 4898 mss.

409 4915 649 4984 allatum,
679 4913 837 4968 bene.
869 4913 1119 4977 Basilius,
1151 4914 1398 4984 inﬁxam.

485 4988 507 5016 ⁸
548 4982 712 5050 Editi,
743 4983 867 5036 data
906 4984 1176 5037 occasione
1203 4981 1408 5052 grandi,
1439 4983 1630 5049 causis,
1662 4989 1789 5047 etc.,
1832 4983 1993 5038 male.

409 5053 564 5110 Colb.
607 5054 831 5124 primus,
861 5053 1019 5124 datur
1057 5055 1328 5107 occasione
1358 5053 1582 5124 grandi,
1623 5054 1816 5124 causis,
1863 5060 1995 5124 etc.,

413 5125 580 5180 nihilo
603 5121 828 5185 inelius._
846 5123 1028 5179 Codex
1060 5130 1245 5178 noster
1263 5132 1319 5177 et
1344 5121 1499 5177 Colb.
1531 5121 1818 5185 secundus,
1843 5123 2000 5177 datur

411 5176 790 5266 Habinnam}
798 5176 871 5262 di,
885 5176 1562 5266 causis,etc.,optime._Est
1581 5201 1728 5247 certe
1739 5176 2002 5266 ejusmodi

413 5269 526 5322 hrcc
557 5261 739 5335 lectio,
770 5274 828 5320 ut
855 5261 1404 5320 eonlirinationenon
1454 5264 1688 5335 indigeat
1721 5281 1732 5315 :
1765 5261 1875 5335 sed
1900 5271 2001 5335 _t_a_-

384 5346 386 5348 ’
413 5354 537 5394 ineu
567 5338 613 5393 si
637 5331 798 5406 quam
822 5337 942 5407 quis
969 5335 1232 5404 requirat,
1275 5335 1442 5403 possit
1469 5333 1775 5390 conﬁrmari
1802 5349 1870 5387 ex
1899 5331 2003 5387 illis

415 5409 717 5475 Basilianis,
748 5411 802 5463 ἐκ
828 5410 880 5463 δέ
910 5412 1098 5462 τούτου
1127 5408 1305 5468 αὐτοῖς
1333 5407 1564 5474 ὑπάρχει
1587 5407 1866 5475 ἀρνεῖσθαι.

486 5479 511 5518 ἀ
543 5480 705 5544 Editi,
732 5488 781 5532 et
812 5487 1058 5548 tanquam
1075 5478 1270 5546 stirpis,
1296 5483 1568 5548 corrupte.
1599 5475 1789 5548 Codex
1820 5482 2005 5548 noster

413 5562 471 5607 et
494 5551 648 5608 Colb.
693 5543 982 5616 secundus,
1011 5556 1060 5600 et
1101 5543 1346 5619 tanquam
1390 5543 1560 5619 stipis,
1601 5545 1904 5602 emendate.
1945 5543 2004 5597 in

414 5621 622 5685 Graeco,
641 5620 740 5696 oio»
762 5621 815 5696 δέ
835 5615 1011 5696 ξράνρν
1036 5620 1171 5696 τινὸς
1185 5615 1475 5691 mpera».
1493 5615 1810 5686 Quanquam
1826 5621 2006 5696 autem

416 5709 524 5751 vox
543 5695 693 5766 stipis
722 5687 1032 5766 mihiivaide
1057 5687 1333 5766 probatur,
1363 5702 1469 5766 _no_n
1517 5697 1801 5766 propterea
1828 5693 2008 5766 tamen

419 5756 656 5835 putanda
701 5773 782 5819 est
824 5756 1216 5833 placere—mihi
1260 5756 1525 5827 periodus
1547 5756 1660 5813 tota
1694 5777 1706 5811 :
1737 5759 1849 5813 imo
1878 5757 2036 5835 mihi

418 5829 883 5912 persuasissimum
904 5840 990 5895 est
1015 5844 1138 5894 eam
1162 5842 1412 5920 mancam
1449 5842 1590 5896 esse,
1619 5843 1722 5888 nec
1762 5829 2012 5888 omnibus

1987 5984 2046 5998 VJ-
2051 5987 2058 5998 ι

1565 4574 1796 4612 uomam.
1832 4558 1996 4628 Editi,
2025 4567 2080 4628 Β

2095 554 2348 615 virtutem
2376 561 2558 608 mente
2588 549 3184 621 incomprehensibilem
3215 557 3267 603 et
3295 548 3543 604 humanis
3571 562 3687 605 ser-

2097 645 2345 700 monibus
2376 643 2701 700 inell‘abilem
2726 650 3086 698 contrectare.

2166 738 2218 791 5.
2255 737 2403 791 Fecit
2423 735 2565 792 Deus
2586 736 2768 792 caelum
2799 745 2849 790 et
2893 745 3108 800 terram,
3139 749 3245 789 non
3271 733 3478 802 Singula
3504 749 3571 790 ex
3599 733 3686 791 di-

2095 830 2256 886 midia
2294 838 2470 902 parte,
2516 829 2612 885 sed
2639 830 2907 899 integrum
2935 827 3129 885 omium
3175 837 3231 884 et
3285 828 3545 897 integram
3573 840 3685 885 ter-

2094 938 2228 987 ram,
2261 921 2314 976 id
2347 929 2432 977 est
2467 921 2637 993 ipsam
2679 920 3034 977 substantiam
3063 934 3185 991 cum
3215 919 3395 988 specie
3434 934 3686 990 compre-

2094 1011 2336 1067 hensam.
2364 1009 2483 1066 Non
2504 1011 2646 1066 enim
2667 1011 3000 1067 schematum
3025 1017 3273 1088 repertor
3294 1015 3378 1064 est
3397 1007 3561 1076 Deus,
3591 1009 3688 1065 sed

2097 1107 2260 1161 totius
2287 1114 2492 1162 naturae
2517 1113 2750 1162 creator.
2799 1103 2932 1161 Nam
2961 1103 3326 1174 respondeant
3363 1101 3517 1158 nobis
3545 1117 3688 1170 quo-

2085 1199 2258 1259 modo
2287 1199 2390 1254 sibi
2417 1199 2747 1255 conveniunt
2775 1198 3050 1275 operatrix
3079 1197 3175 1252 Dei
3202 1197 3374 1254 virtus
3413 1203 3467 1250 et
3508 1193 3686 1266 passi-

2096 1293 2218 1349 bilis
2255 1301 2447 1348 natura
2475 1293 2737 1359 materiae,
2785 1307 3012 1362 quarum
3041 1307 3166 1356 una,
3212 1289 3357 1360 quod
3383 1288 3688 1358 subjectum

2096 1392 2198 1449 est,
2227 1384 2566 1440 solummodo
2593 1385 2708 1440 sine
2738 1384 2904 1452 ligura
2928 1382 3214 1454 pnestitit;
3246 1381 3414 1436 altera
3436 1380 3688 1436 schema-

2097 1485 2212 1531 tum
2241 1477 2489 1547 peritiam
2529 1477 2831 1547 possidens,
2860 1474 3128 1530 ordinavit
3155 1473 3355 1537 oblata,
3389 1480 3448 1526 ut
3475 1472 3690 1540 utrique

2094 1567 2241 1637 quod
2271 1567 2458 1622 deerat
2484 1568 2814 1637 praeberetur
2834 1581 2902 1620 ex
2927 1565 3120 1630 altero,
3142 1562 3422 1619 Conditori
3447 1560 3689 1632 quidem,

2097 1666 2158 1714 ut
2177 1659 2400 1714 haberet
2421 1660 2474 1714 in
2502 1673 2610 1727 quo
2638 1665 2823 1728 posset
2850 1656 2985 1712 artis
3007 1665 3032 1702 ε
3053 1654 3339 1714 ostendere
3365 1652 3644 1708 scientiam
3671 1670 3686 1704 :
3769 1680 3778 1687 ς

2098 1751 2338 1806 materiae
2357 1766 2487 1806 vero
2525 1759 2586 1805 ut
2613 1740 2944 1808 informitate
2972 1748 3237 1819 deposita,
3261 1745 3465 1802 vultum
3504 1759 3690 1806 sume-

2025 1831 2073 1891 Β
2099 1849 2184 1897 ret
2213 1843 2538 1912 speciosum.
2571 1840 2681 1895 Sed
2707 1856 2870 1912 super
2901 1838 2982 1893 his
3008 1839 3270 1896 hactenus
3295 1853 3310 1903 ;
3342 1835 3410 1891 ad
3440 1835 3528 1890 illa
3556 1850 3690 1889 vero

2098 1947 2218 2003 quae
2247 1931 2624 2002 proposuimus
2649 1939 2985 1988 revertamur
3017 1948 3030 1983 :
3066 1927 3228 1988 Terra
3256 1938 3427 1982 autem
3466 1936 3578 1986 erat
3605 1929 3690 1980 in-

2096 2023 2309 2078 visibilis
2329 2030 2378 2076 et
2398 2022 2756 2092 incomposito.
2789 2020 2924 2076 Cum
2951 2019 3153 2081 diceret
3196 2037 3209 2072 :
3238 2016 3304 2072 In
3335 2018 3591 2090 principio
3613 2018 3692 2088 [e-

2098 2115 2167 2168 cit
2187 2113 2327 2168 Deus
2347 2113 2529 2169 cretum
2549 2121 2597 2167 et
2619 2120 2833 2180 terram,
2857 2111 3008 2182 plura
3034 2109 3268 2176 reticuit,
3290 2109 3343 2162 id
3369 2116 3469 2174 est,
3489 2108 3688 2188 ignem,

2097 2219 2315 2275 aquam,
2337 2219 2540 2271 aerem,
2557 2217 2676 2273 quae
2700 2202 2885 2272 utique
2912 2199 3192 2271 passiones
3219 2198 3466 2269 quaedam
3490 2195 3558 2251 de
3589 2196 3692 2252 illis

2097 2295 2482 2368 principalibus
2525 2302 2823 2366 procreata:
2869 2299 3022 2358 sunt,
3074 2306 3194 2368 qua:
3232 2289 3443 2355 omnia,
3477 2297 3534 2349 ut
3564 2295 3692 2358 pote

2098 2387 2282 2444 mundi
2317 2385 2795 2451 consummatoria,
2824 2383 2982 2440 simul
3028 2383 3145 2442 sine
3192 2381 3358 2436 dubio
3406 2394 3690 2450 processe-

2096 2487 2242 2533 runt.
2293 2477 2399 2533 Sed
2436 2477 2727 2534 historicus
2754 2477 2868 2531 haec
2895 2473 3143 2534 consulto
3171 2471 3449 2544 praeteriit,
3496 2478 3554 2532 ut
3591 2484 3692 2526 no-

2095 2577 2266 2626 strum
2295 2585 2392 2625 cor
2419 2577 2640 2625 acueret
2659 2567 2732 2625 ad
2759 2567 3074 2623 industriam
3101 2582 3169 2622 ex
3191 2565 3376 2636 paucis
3399 2563 3702 2626 occasioni-'

2097 2663 2197 2718 bus
2219 2655 2536 2732 capiendam
2553 2703 2568 2725 ,
2599 2676 2719 2730 quae
2749 2659 2878 2715 facit
2904 2674 3006 2714 nos
3033 2658 3336 2728 cogitantes
3364 2656 3692 2724 investigare

2078 2751 2215 2823 "quae
2239 2751 2456 2808 desunt.
2476 2749 2503 2788 ιι
2533 2749 2675 2820 Ergo
2703 2750 2956 2822 quoniam
2985 2747 3208 2804 minime
3233 2746 3301 2802 de
3322 2760 3460 2817 aqua
3487 2744 3694 2804 dictum

2094 2844 2268 2898 fuerat
2293 2842 2419 2914 quia
2461 2840 2587 2896 fecit
2622 2855 2762 2906 eam,
2795 2839 2933 2894 dixit
2960 2845 3141 2896 autem
3169 2835 3314 2908 quod
3336 2847 3477 2892 terra
3503 2836 3691 2914 invisi-

2093 2937 2214 2992 bilis
2241 2933 2558 2999 habebatur,
2605 2940 2662 2987 tu
2693 2939 2870 2988 tecum
2897 2938 3152 3002 reputare
3189 2929 3413 2986 debebis
3437 2946 3547 3001 quo
3575 2938 3692 2998 teg-

2093 3028 2240 3085 mine
2264 3037 2408 3082 terra
2449 3025 2626 3080 velata
2677 3039 2784 3094 non
2834 3023 3147 3096 apparebat,
3197 3039 3358 3094 quam
3404 3037 3504 3078 nec
3549 3023 3690 3090 ignis

2095 3119 2430 3177 abscondere
2492 3124 2748 3188 poterat,
2809 3115 2902 3187 qui
2973 3115 3158 3187 utique
3235 3114 3443 3170 lucidus
3509 3115 3694 3188 potius

2021 3198 2069 3264 C
2098 3227 2261 3284 quam
2295 3197 2626 3266 tenebrosus
2671 3217 2784 3274 est,
2835 3221 2936 3263 nec
2973 3221 3068 3262 aer
3094 3204 3308 3277 operire
3325 3249 3340 3274 ,
3395 3205 3547 3276 cujus
3582 3219 3695 3260 cer-

2100 3316 2153 3362 te
2205 3307 2398 3360 natura
2439 3301 2723 3374 perspicua
2771 3309 2856 3356 est
2903 3318 2915 3352 :
2965 3298 3166 3374 quippe
3192 3297 3286 3368 qui
3314 3297 3554 3366 omnium
3603 3312 3696 3353 re-

2097 3412 2217 3453 rum
2238 3397 2446 3468 species
2465 3394 2670 3466 liquido
2695 3393 2712 3432 ι
2737 3391 3036 3450 visentibus
3053 3390 3381 3456 manifestat.
3395 3390 3700 3462 Reliquum

2080 3485 2180 3547 est
2227 3490 2389 3561 igitur
2433 3497 2494 3543 ut
2541 3487 2902 3556 intelligamus
2947 3499 3144 3555 aquam
3190 3482 3356 3539 fuisse
3400 3484 3699 3548 summitati

2101 3581 2307 3636 telluris
2352 3579 2684 3642 obductam;
2718 3573 2958 3633 nondum
2997 3576 3143 3634 enim
3189 3573 3245 3628 in
3272 3588 3370 3628 sua
3399 3582 3695 3644 concepta-

2103 3673 2224 3730 cula
2245 3670 2488 3742 humoris
2513 3677 2706 3724 natura
2735 3666 3052 3724 defluxerat.
3082 3663 3163 3724 0b
3190 3665 3298 3722 hoc
3314 3679 3446 3736 ergo
3475 3680 3582 3720 non
3611 3681 3700 3723 so-
3745 3736 3750 3744 ι

2106 3767 2216 3821 lum
2245 3761 2525 3819 invisibilis
2554 3768 2716 3824 terra,
2749 3757 2844 3814 sed
2870 3757 3034 3812 etiam
3065 3755 3425 3826 incomposita
3449 3756 3700 3816 nomina-

2106 3868 2212 3914 tur.
2246 3855 2399 3912 Licet
2433 3853 2598 3909 etiam
2642 3865 2785 3906 nunc
2812 3863 3072 3919 aquarum
3111 3845 3437 3912 abundantia
3465 3845 3696 3917 impedi-

2104 3961 2290 4010 mento
2317 3958 2401 4007 est
2422 3956 2600 4013 terrae,
2626 3943 2912 4015 quominus
2940 3941 3207 4004 fructuum
3234 3941 3391 4012 copia
3418 3940 3696 4006 ministra-

2107 4055 2212 4101 tur.
2235 4043 2364 4100 llaec
2389 4054 2518 4110 ergo
2533 4051 2706 4115 causa
2733 4034 2958 4102 exstitit,
2991 4039 3050 4088 ut
3077 4048 3178 4093 nec
3201 4031 3566 4103 Videripossit
3590 4032 3700 4088 ari.

2099 4141 2168 4197 da
2193 4181 2208 4207 ,
2239 4147 2295 4194 et
2316 4136 2615 4208 haberetur
2640 4127 3018 4199 incomposita.
3050 4125 3108 4182 Si
3136 4124 3356 4204 quidem
3377 4133 3535 4182 terra:
3553 4140 3698 4181 com-

2099 4236 2298 4310 positio
2347 4239 2433 4289 est
2475 4244 2624 4294 suus,
2677 4234 2738 4282 ut
2763 4224 3035 4290 diximus,»
3061 4221 3322 4290 naturalis
3369 4229 3615 4288 ornatus,
3640 4219 3698 4276 id

2101 4339 2204 4398 est,
2228 4335 2440 4397 segetes
2469 4324 2522 4379 in
2549 4319 2773 4392 planitie
2799 4315 3140 4398 ﬂuctuantes,
3170 4327 3273 4380 nec
3301 4327 3410 4386 non
3434 4320 3592 4383 prata
3617 4311 3700 4365 vis

2100 4397 2300 4487 rentia,
2347 4417 2609 4484 varioque
2659 4405 2871 4467 liorum'
2899 4406 3086 4464 colore
3105 4397 3487 4476 splendentia,
3531 4401 3703 4459 colles

2103 4562 2216 4617 suis
2245 4570 2484 4612 numeris
2505 4549 2828 4605 absolutam.
2860 4544 3133 4617 Scriptum
3162 4550 3495 4617 oportuerat,
3529 4545 3703 4616 [αιιη.

2104 4614 2189 4689 tur
2206 4639 2374 4682 tamen
2397 4623 2565 4677 Deum
2587 4629 2832 4689 tanquam
2851 4614 3154 4689 collatorem
3172 4614 3321 4687 stipis
3333 4614 3573 4689 alicujus,
3591 4623 3700 4689 etc.

2106 4684 2260 4757 Colb.
2290 4695 2495 4764 primus
2541 4684 2713 4764 prima
2755 4701 2952 4764 manu,
2980 4686 3150 4755 stipis,
3194 4684 3454 4764 secunda,
3467 4684 3473 4685 ⁷
3498 4685 3700 4754 stirpis.

2104 4754 2217 4826 Nec
2242 4754 2332 4822 hic
2373 4754 2568 4823 solum,
2599 4755 2697 4812 sed
2724 4765 2780 4811 et
2797 4754 2954 4812 “alibi
2991 4754 3156 4824 saepe,
3192 4755 3286 4823 qui
3313 4755 3586 4826 con-igere
3614 4761 3720 4808 νὼ.

2104 4821 2254 4904 lunt,
2298 4834 2467 4902 magis
2513 4821 2676 4886 etiam
2697 4821 3089 4894 corrumpunt
3122 4821 3242 4894 qua:
3269 4821 3563 4889 emendare
3605 4837 3704 4877 vo-

2105 4910 2351 4967 luissem.
2934 4966 2942 4967 ί
3335 4959 3368 4967 _
3409 4958 3443 4967 -_
3561 4959 3564 4963 η
3667 4915 3672 4928 τ

2183 4990 2206 5018 ο
2246 4974 2408 5040 Editi,
2433 4974 2489 5027 in
2517 4971 2807 5041 nativitate.

2103 5051 2312 5118 dus,jn
2341 5044 2681 5118 nativitatem:

2180 5111 2617 5179 {Editi,sensui.
2649 5111 2794 5166 Libri
2825 5115 3056 5179 veteres,
3093 5118 3267 5179 sensu.

2180 5201 2204 5238 ε
2233 5169 2409 5253 Editi,-
2433 5169 2720 5240 irosten'tare
2744 5176 3155 5253 _conscientiam.
3196 5169 3354 5253 Colb.
3391 5169 3702 5253 secundus,

2103 5261 2374 5317 ostendere
2396 5248 2693 5312 scientiam.
2733 5248 2917 5305 Codex
2961 5253 3182 5312 noster,
3229 5251 3491 5298 ostentare
3533 5248 3704 5297 scien-

2096 5344 2382 5456 “al’lnLibri
2404 5393 2675 5469 impressi,
2701 5389 2842 5464 Ergo
2868 5405 3004 5445 cum.
3029 5379 3250 5460 Antiqui
3263 5386 3373 5444 duo
3394 5384 3538 5451 libri,
3564 5381 3706 5454 Ergo

2109 5489 2400 5599 qugnCagl'b.
2435 5536 2722 5597 secundus,
2764 5531 2962 5606 liquido
2996 5529 3303 5606 videntibus.
3332 5527 3535 5584 ibidem
3557 5525 3707 5606 idem

2834 4966 3021 5026 Codex
3041 4970 3226 5020 noster
3251 4969 3309 5022 et
3327 4925 3705 5027 ϐουλεύειιῶ

2111 5594 2486 5684 codexraqua
2504 5608 2663 5681 fuisse
2691 5594 3194 5684 summitatem._oAlii
3223 5601 3334 5657 duo
3353 5604 3573 5684 tussiet
3598 5594 3706 5684 edi:
3793 5637 3800 5642 .

2113 5663 2399 5759 ἶίῖ“ἆ‹ῑιίαἷνῗ
2410 5663 2572 5759 Wire
2589 5675 2900 5759 ιιινηεειίιαείν
2925 5663 3708 5759 ηο.η.ε¹ίῖεέτξὲξ⁴ἒ9ἒεξὲἒὲἐῖἷ⁰

2114 5739 2422 5826 ἰίξιξῖηιιιιό
2444 5743 2602 5818 intra,
2620 5745 2776 5804 Colb.
2803 5739 3098 5810 secundus,
3129 5739 3225 5802 sed
3251 5754 3415 5798 vacua
3440 5739 3708 5806 incompo-

2116 5835 2321 5896 sitaque
2350 5829 2706 5894 nuncupatur.

2067 5985 2121 5998 -..
2179 5979 2208 5993 ss
2243 5979 2316 5993 ους
2470 5978 2496 5986 ’-
