4192 6258
589 283 694 354 883

2069 280 2435 343 EUSTATHII

3783 291 3896 345 884

588 403 876 470 uberrimi,
937 404 1304 472 montimnque
1349 405 1580 460 vertices
1620 404 1904 460 arboribus
1947 401 2258 460 excelsisA
2285 397 2596 467 disputant,
2640 412 2736 450 nec
2789 397 3132 452 tenebrarum
3197 398 3550 478 principalem
3601 401 3901 469 quamdam

589 495 764 566 opaci,
800 511 1028 564 quorum
1055 495 1184 548 nihil
1211 495 1446 551 habebat
1473 505 1636 560 terra,
1661 495 1966 566 parturiens
1995 493 2176 549 adhuc

585 587 919 641 nativitatem
966 593 1278 640 cunctorum
1346 595 1570 658 propter
1623 587 1836 642 insitam
1885 587 2096 642 sibimet
2146 599 2176 638 a

535 737 542 745 ,
583 683 830 734 creatore
859 675 1110 731 virtutem
1143 696 1154 730 :
1187 677 1280 732 sed
1312 689 1522 749 tempus
1549 677 1921 748 exspectabat,
1949 684 2007 730 ut
2035 692 2174 746 pra:-

583 767 832 838 ceptio‘ne
859 767 1037 822 divina
1067 778 1360 840 conceptus
1387 785 1515 823 suos
1543 767 1812 839 proferret
1845 766 1911 820 ad
1941 768 2135 822 lucem.

653 861 707 915 4.
740 858 809 914 Et
837 869 1006 925 erant,
1040 861 1234 932 inquit,
1268 859 1488 916 tenebrat:
1533 879 1684 932 super
1711 859 1974 932 abyssum.
2031 857 2174 911 Rur-

580 969 780 1024 susque
809 952 927 1007 alim
956 949 1256 1007 fabularum
1274 953 1606 1015 occasiones,
1627 959 1681 1006 et
1710 950 2048 1006 inl'andorum
2081 946 2176 1019 [ig-

582 1052 891 1098 mentorum
936 1043 1134 1098 dantur
1163 1044 1244 1099 his
1284 1045 1374 1113 qui
1405 1044 1471 1098 ad
1501 1044 1777 1098 arbitrium
1807 1059 1960 1097 suum
1991 1042 2175 1098 detor-

583 1145 751 1206 quent
780 1135 942 1191 verba
972 1134 1282 1206 Scripturzc.
1311 1133 1584 1190 Tenebras
1613 1134 1754 1207 e‘nim
1787 1149 1891 1188 non
1921 1149 1987 1190 eo
2013 1131 2176 1188 modo

583 1208 692 1298 quo
715 1239 738 1262 ἰ
773 1237 912 1282 nata:
941 1236 1065 1281 sunt
1099 1225 1542 1296 interpretantur,
1589 1223 1642 1279 id
1669 1233 1750 1278 est
1776 1239 1955 1278 aerem
1984 1239 2178 1292 quem-

565 1312 705 1374 dam
735 1319 1044 1386 obscurum,
1071 1318 1156 1373 vel
1183 1317 1360 1373 locum
1392 1315 1767 1385 interjectione
1796 1314 2024 1383 alicujus
2052 1330 2176 1368 cor-

581 1411 732 1483 poris
747 1407 1234 1473 obscuratum;sed
1265 1409 1516 1463 virtutem
1547 1407 1731 1461 dicunt
1757 1405 2064 1475 malignam,
2094 1406 2178 1459 vel

582 1502 762 1571 potius
793 1502 963 1571 ipsam
993 1499 1252 1554 malitiam
1281 1498 1568 1553 habentem
1613 1514 1680 1553 ex
1709 1499 1998 1568 semetipsa
2026 1497 2177 1568 prin-

581 1592 822 1661 icipium,
855 1591 1216 1660 adversariam
1241 1588 1473 1645 bonitati
1503 1589 1620 1658 Dei,
1667 1599 1723 1644 et
1757 1589 1896 1645 hanc
1934 1599 2183 1645 asserunt

545 1740 547 1742 _
587 1683 932 1736 tenebrarum
956 1695 1076 1736 esse
1103 1687 1372 1734 naturam.
1410 1678 1472 1750 Si
1501 1677 1644 1734 enim
1677 1679 1816 1734 Deus
1855 1679 2034 1734 lumen
2075 1689 2178 1746 est,

2283 488 2682 558 malignamque
2713 488 3090 554 substantiam,
3125 489 3464 560 bonitatique
3494 501 3900 562 repugnantem

2282 595 2403 636 esse
2431 580 2675 636 dicimus.
2705 580 2822 636 Duo
2851 581 2994 635 enim
3028 583 3308 654 proposita
3337 583 3442 638 sibi
3469 599 3569 653 per
3587 585 3905 639 contrarie—

2281 681 2469 740 tatem,
2504 689 2724 730 necesse
2754 682 2838 728 est
2865 663 3087 729 alterna:
3131 673 3250 730 fore
3295 675 3608 744 perniciosa
3634 676 3906 730 substan-

2255 765 2688 841 .tite,jurgiaque
2715 765 2818 820 sibi
2843 765 3174 836 sempiterna
3205 766 3506 836 patientia;
3529 774 3591 821 ut
3608 777 3745 838 pote
3777 783 3904 822 mu-

2281 857 2389 911 tuis
2418 857 2558 910 inter
2586 872 2648 910 se
2674 856 2945 930 pugnandi
2974 858 3418 914 contentionibus
3449 858 3717 928 obligata.
3750 861 3911 925 Quo-

2280 964 2400 1003 rum
2439 949 2482 1003 si
2528 965 2690 1003 unum
2717 951 3076 1021 superaverit,
3121 951 3430 1008 sine'dubio
3459 954 3740 1007 contraria
3771 969 3912 1024 pars

2280 1038 2492 1094 devicta
2519 1041 2874 1094 consumitur.
2905 1040 3063 1108 Quod
3087 1029 3140 1098 Si
3162 1058 3379 1113 semper
3406 1043 3752 1114 aequiparare
3781 1062 3912 1097 ina-

2282 1129 2452 1184 litiam
2492 1129 2724 1186 bonitati
2754 1132 3022 1187 voluerint
3047 1149 3062 1198 ;
3103 1132 3128 1169 d
3161 1133 3536 1188 incessabilem
3561 1133 3730 1188 rebus
3759 1147 3910 1188 coir-

2283 1220 2486 1275 llictum
2519 1221 2992 1292 corruptelamque
3020 1222 3340 1292 subjicient,
3371 1223 3536 1278 modo
3574 1224 3909 1292 superanti-

2281 1307 2382 1363 bus
2403 1309 2632 1364 invicem
2658 1325 2716 1364 se
2737 1311 3000 1382 partibus,
3019 1311 3181 1367 modo
3208 1312 3312 1367 sibi
3333 1311 3672 1368 cedentibus.
3689 1312 3906 1367 Verum

2283 1399 2328 1453 si
2357 1400 2616 1454 malitiam
2647 1400 2950 1461 abonitate
2970 1403 3214 1473 superari
3252 1405 3626 1473 pronuntient,
3661 1421 3784 1476 qum
3806 1423 3906 1460 ra-

2265 1485 2362 1545 tio
2391 1499 2474 1545 est
2504 1499 2562 1544 ut
2590 1498 2781 1546 natura
2807 1493 3026 1548 malitia:
3053 1510 3164 1550 non
3194 1493 3438 1550 videatur
3461 1494 3708 1552 funditus
3725 1497 3906 1552 inter-

2285 1577 2456 1634 iisse?
2505 1578 2598 1634 Sin
2626 1591 2648 1618 ε
2698 1592 2902 1648 autem,
2955 1581 3103 1652 quod
3149 1583 3330 1639 dicere
3376 1585 3528 1642 nefas
3573 1595 3682 1652 est,
3725 1589 3899 1643 miror

2264 1669 2558 1738 quomodo
2583 1687 2690 1726 non
2721 1671 2950 1742 fugiunt,
2985 1683 3094 1729 tam
3133 1675 3455 1744 sacrilegam
3490 1675 3900 1748 blaSphemiam

601 1773 833 1843 nquiunt
853 1813 868 1838 ,
908 1771 1024 1827 sine
1065 1771 1228 1826 dubio
1273 1784 1577 1842 repugnans
1605 1773 1655 1826 ei
1683 1773 1850 1827 virtus
1879 1773 2180 1828 obscuritas
2209 1774 2255 1833 Β
2283 1761 2640 1834 profer-entes.
2673 1763 2780 1820 Sed
2809 1781 2906 1822 nos
2935 1765 3194 1822 malitiam
3225 1767 3476 1824 nascendi
3498 1769 3832 1840 principium
3858 1787 3898 1824 ει

585 1877 670 1922 est
689 1866 984 1921 secundum
1019 1865 1283 1919 rationem
1323 1879 1534 1929 sensus,
1567 1881 1676 1918 non
1712 1881 1780 1920 ex
1809 1865 1915 1920 alio
1943 1863 2176 1936 quodam

585 1964 830 2013 mutuata
857 1956 1229 2020 substantiam,
1258 1953 1355 2008 sed
1381 1962 1464 2008 est
1485 1955 1686 2008 malitia
1715 1955 1797 2008 sui
1825 1955 2076 2023 genitrix,
2098 1955 2200 2036 ιιι-ι

585 2049 685 2104 bes
725 2049 1046 2115 animarum,
1077 2046 1267 2100 mortis
1303 2045 1564 2107 ellectrix,
1590 2045 1844 2116 probitati
1889 2048 2182 2116 contraria,

586 2154 749 2208 quam
776 2145 833 2192 et
859 2137 1174 2203 subsistere,
1206 2145 1260 2190 et
1289 2151 1318 2189 a
1365 2133 1476 2190 Deo
1497 2133 1524 2173 ι’
1555 2134 1751 2190 factam
1795 2151 1914 2190 esse
1959 2146 2183 2192 conten-

587 2231 738 2284 dunt.
773 2227 848 2282 Ex
877 2227 983 2283 hoc
1011 2227 1172 2296 igitur
1199 2225 1346 2296 quod
1375 2242 1484 2281 non
1526 2227 1747 2297 impium
1797 2235 1851 2282 et
1901 2226 2182 2298 profanum

587 2320 778 2388 dogma
810 2317 1084 2386 tingatur?
1120 2315 1220 2383 Qui
1251 2333 1361 2371 non
1402 2317 1514 2388 lupi
1558 2326 1824 2388 raptores,
1865 2316 2187 2374 dilaniantes

587 2423 805 2480 gregem
859 2407 1088 2472 Domini,
1122 2424 1192 2463 ex
1240 2408 1340 2464 hac
1389 2423 1519 2463 voce
1563 2417 1838 2464 sumentes
1881 2408 2182 2475 exordium,

556 2563 568 2574 ,
589 2501 922 2572 simplicibus
963 2499 1245 2556 animabus
1291 2501 1564 2571 obripiant
1589 2503 1614 2556 ?
1643 2501 1780 2557 [line
1805 2501 2092 2558 Marcionis
2131 2511 2186 2558 et

588 2591 889 2658 Valentini,
911 2601 966 2647 et
994 2591 1340 2648 exsecrabilis
1367 2590 1786 2648 Manichaeorum
1825 2600 1971 2648 secta
2001 2609 2186 2648 mana-

589 2687 707 2741 vit:
753 2701 915 2756 quam
962 2683 1303 2754 putredinem
1349 2685 1470 2754 quis
1499 2677 1860 2740 Ecclesiarum
1901 2686 2188 2742 nominans

591 2791 700 2832 non
730 2775 1007 2848 peccabit?
1036 2775 1172 2845 Quid
1202 2775 1412 2844 longius
1440 2793 1470 2830 a
1503 2777 1728 2832 veritate
1765 2777 1988 2846 secedis,
2021 2794 2054 2833 ο
2082 2779 2187 2834 ho--

592 2883 704 2936 Ino,
737 2884 926 2924 causas
976 2867 1091 2938 ipse
1121 2867 1216 2922 tibi
1257 2867 1577 2939 perditionis
1615 2869 1922 2938 exquirens,
1969 2886 2093 2926 cum
2118 2871 2188 2926 sit

592 2975 772 3014 sermo
819 2957 1048 3028 simplex
1094 2963 1149 3013 et
1195 2959 1446 3014 omnibus
1492 2959 1730 3031 planus?
1774 2959 2182 3030 Inviaibilis,in-

577 3051 730 3118 ‘quit,
775 3059 887 3104 erat
917 3057 1076 3103 terra.
1120 3049 1278 3104 Cur?
1307 3051 1433 3120 quia
1479 3051 1733 3108 videlicet
1777 3053 2080 3125 superjecta
2112 3054 2186 3108 illi

2285 1851 2398 1910 Deo
2427 1869 2533 1910 non
2565 1856 2838 1926 accepisse
2866 1859 2968 1914 hac
2996 1859 3208 1916 ratione
3251 1859 3548 1928 ﬁrmamus,
3599 1862 3730 1933 quia
3762 1861 3898 1918 nihil

2287 1963 2474 2003 eorum
2495 1964 2615 2018 quae
2655 1949 2756 2004 sibi
2802 1951 3075 2006 contraria
3105 1961 3250 2021 sunt,
3295 1961 3474 2023 potest
3500 1955 3585 2008 sui
3613 1953 3894 2025 quidpiam

2286 2052 2548 2108 generare
2577 2039 2596 2078 τ
2631 2040 2909 2098 dissimile.
2941 2041 3130 2114 Neque
3159 2044 3301 2100 enim
3332 2044 3415 2100 vel
3447 2061 3516 2100 ex
3557 2047 3670 2100 vita
3703 2048 3897 2102 mortis

2287 2131 2440 2201 origo
2469 2133 2760 2202 processit,
2790 2133 2877 2188 vel
2907 2135 3159 2190 tenebras
3203 2144 3418 2192 constat
3470 2153 3502 2191 a
3532 2137 3654 2194 luce
3701 2137 3900 2193 forma-

2287 2231 2392 2288 tas,
2419 2223 2504 2278 vel
2535 2240 2602 2279 ex
2627 2213 2950 2294 azgritudine
2987 2228 3318 2296 sanitatem;
3367 2229 3461 2285 sed
3498 2229 3551 2284 in
3598 2229 3896 2286 all'ectuum

2287 2314 2680 2369 mutationibus
2705 2331 2920 2386 semper
2943 2305 3010 2372 ex
3040 2319 3326 2374 contrariis
3347 2317 3414 2374 ad
3431 2319 3710 2374 contraria
3726 2331 3899 2377 trans—

2285 2408 2521 2463 lationes
2593 2407 2919 2465 efﬁciuntur.
2969 2411 3054 2486 In~
3081 2411 3454 2468 nativitatibus
3499 2430 3630 2469 vero
3675 2431 3784 2470 non
3827 2431 3895 2470 ex

2290 2499 2596 2565 contrariis,
2628 2500 2725 2556 sed
2745 2516 2812 2555 ex
2839 2501 3104 2558 similibus
3134 2519 3221 2558 res
3265 2519 3603 2575 unaquteque
3629 2503 3893 2560 succedit.

2289 2587 2452 2660 Ergo,
2501 2591 2766 2662 inquiunt,
2811 2594 2856 2648 si
2905 2609 3080 2663 neque
3132 2595 3397 2664 genitales
3445 2604 3575 2650 sunt
3625 2596 3886 2661 tenebra-1

2291 2695 2470 2750 neque
2501 2697 2568 2736 ex
2597 2680 2710 2738 Deo
2741 2681 2916 2748 factm,
2955 2684 3100 2749 unde
3127 2685 3232 2741 illis
3258 2687 3411 2756 origo
3440 2695 3526 2742 est
3554 2689 3578 2741 ?
3606 2687 3731 2742 Nam
3760 2689 3887 2756 quia

2293 2771 2402 2825 sint
2423 2780 2448 2820 ε
2478 2772 2654 2839 malae,
2707 2773 2881 2830 nullus
2915 2771 3071 2829 audet
3111 2789 3414 2845 repugnare
3459 2777 3719 2832 vivorum.
3747 2775 3889 2842 Quid

2293 2879 2424 2934 ergo
2453 2882 2553 2921 nos
2591 2864 2862 2922 dicimus?
2897 2867 3036 2935 Quia
3065 2868 3263 2924 malum
3305 2879 3389 2925 est
3415 2877 3526 2926 non
3555 2872 3734 2942 aliqua
3768 2871 3895 2928 viva

2295 2965 2350 3012 et
2379 2958 2616 3013 animata
2667 2958 2986 3025 substantia,
3035 2959 3130 3014 sed
3173 2959 3398 3017 affectus
3445 2959 3662 3032 quidam
3715 2963 3898 3042 virtuti

2295 3050 2630 3119 contrarius,
2659 3057 2714 3105 et
2738 3067 2767 3105 a
2797 3051 3040 3106 bonitate
3068 3050 3310 3122 dejectus
3333 3095 3349 3118 ,
3380 3062 3436 3108 et
3464 3053 3518 3108 in
3547 3055 3900 3124 pravissimo—

595 3141 770 3196 fuerat
797 3141 1038 3212 abyssus.
1064 3140 1256 3212 Abyssi
1277 3150 1455 3196 autem
1476 3143 1566 3210 qui
1590 3151 1673 3198 est
1700 3143 2019 3212 intellectus,
2053 3161 2191 3216 aqua
2212 3142 2268 3206 C
2299 3157 2420 3196 rum
2442 3142 2711 3198 mentibus
2730 3141 3042 3198 collocatus.

596 3231 762 3284 nimia
793 3229 1055 3288 inlinitum
1085 3230 1288 3284 habens
1316 3229 1658 3306 profundum.
1693 3231 1799 3286 Sed
1837 3234 2053 3301 scimus,
2107 3236 2192 3289 in-

579 3315 809 3396 quiunt,
844 3319 1010 3376 multa
1046 3337 1275 3390 corpora
1325 3322 1488 3376 etiam
1547 3339 1645 3392 per
1684 3339 1878 3396 aquam
1909 3339 1928 3363 ο
1959 3325 2191 3382 lucidam

579 3413 917 3487 plerumque
959 3411 1210 3482 spectari.
1239 3409 1522 3477 Quomodo
1551 3427 1681 3481 ergo
1726 3421 1854 3469 tunc
1893 3415 2036 3470 nulla
2067 3434 2192 3488 pars

575 3515 755 3562 terra:
785 3521 882 3576 per
909 3519 1077 3574 aquas
1124 3501 1554 3559 ostendebatur?
1580 3503 1836 3574 quon'ia'm
1868 3508 2068 3564 lumine
2095 3493 2188 3566 ca-

595 3596 770 3661 rebat,
801 3603 856 3650 et
877 3594 1196 3650 obscuratus
1223 3601 1340 3667 erat
1360 3593 1535 3650 adhuc
1559 3593 1874 3664 superfusus
1895 3600 2048 3668 aquis
2075 3617 2187 3656 aer.

521 3725 526 3734 .
577 3673 730 3745 'Nam
757 3677 878 3741 cum
907 3685 1039 3740 radii
1069 3686 1200 3742 solis
1245 3701 1438 3754 aquam
1485 3689 1907 3756 penetraverint,
1959 3692 2195 3748 calculos

581 3777 692 3835 eos
720 3779 813 3848 qui
837 3777 1102 3832 habentur
1141 3777 1192 3830 in
1243 3776 1412 3831 altum
1437 3792 1579 3848 saepe
1607 3779 1965 3852 prospicimus
2009 3801 2021 3834 :
2050 3785 2196 3854 quod

595 3877 744 3925 certe
773 3867 920 3922 nullo
973 3867 1134 3922 modo
1183 3865 1297 3922 fleri
1329 3876 1488 3923 nocte
1540 3876 1740 3937 potest.
1771 3868 1946 3926 Causa
1978 3887 2108 3942 ergo
2138 3883 2198 3928 ut

597 3959 741 4008 esset
764 3959 908 4008 terra
937 3948 1236 4017 invisibilis,
1265 3949 1591 4021 superiectio
1613 3951 1714 4007 fuit
1742 3969 2024 4024 aquarum.
2060 3955 2199 4013 Dicit

597 4027 742 4100 enim
783 4043 1032 4124 abyssum
1061 4039 1260 4107 fuisse,
1302 4045 1394 4114 qui
1446 4044 1749 4100 retardaret
1780 4057 2060 4116 aspectum
2093 4067 2105 4103 :
2141 4059 2197 4106 et

598 4135 713 4206 ipsa
745 4131 968 4204 abyssus
995 4129 1282 4188 obscurata
1319 4141 1454 4188 erat.
1486 4131 1628 4202 Ergo
1661 4149 1758 4190 nec
1787 4135 2039 4208 abyssum
2064 4155 2196 4195 con-

599 4225 885 4280 trariarum
933 4209 1191 4280 virtutum
1235 4219 1652 4291 multitudinem,
1703 4235 1762 4280 ut
1810 4228 2026 4296 quidam
2057 4230 2194 4288 falso

578 4329 590 4338 ’
674 4345 698 4374 ει
739 4335 875 4391 Editi
917 4343 972 4391 et
1005 4323 1158 4392 Colb.
1190 4335 1414 4408 primus,
1449 4355 1558 4408 quo
1603 4345 1740 4392 nata:
1769 4347 1908 4394 sunt.
1952 4339 2055 4397 Alii
2082 4343 2191 4402 duo

587 4423 754 4469 -mss.,
784 4409 881 4476 quo
901 4415 1050 4476 nata:
1083 4406 1240 4470 sunt;
1266 4416 1320 4460 et
1349 4408 1420 4460 ita
1448 4406 1733 4474 legendum
1761 4424 1882 4464 esse
1902 4413 2192 4470 Ostendum

599 4473 870 4558 Basili-adi}!
1037 4478 1223 4558 γὰρ
1254 4479 1436 4558 nti-ro;
1481 4473 1580 4548 οὖχ
1613 4481 1681 4558 ait:
1705 4483 1920 4558 πέφγκεν
1951 4485 2190 4558 ἐξηγοῦν-

580 4561 706 4600 ’ταμ
733 4543 932 4618 Ibidem
963 4539 1434 4618 Cnlbz'secundus,
1465 4539 1735 4618 quemdam
1763 4539 2183 4611 obscuratum...

585 4616 835 4689 corporis
877 4611 1252 4689 obambulant.
1297 4611 1608 4689 Aliquantq
1631 4628 1757 4689 post
1803 4621 1946 4677 idem
1991 4625 2160 4682 codex

599 4681 911 4756 principium
934 4681 1284 4738 adversarium
1307 4681 1551 4743 bonitatis
1574 4681 1690 4744 Dei.
1715 4689 1955 4748 Subinde
1980 4694 2070 4752 hic
2097 4681 2190 4752 ille

599 4757 717 4808 inse
737 4753 928 4808 codex.
952 4751 1090 4808 labes
1114 4754 1405 4808 animabus.

599 4757 717 4828 ipse
737 4753 928 4818 cbdex,
952 4753 1090 4808 labes
1114 4754 1405 4812 animabus.

600 4899 616 4906 _
674 4825 700 4865 δ
737 4823 893 4881 Colb.
925 4823 1214 4906 secundus,
1234 4849 1240 4854 -
1261 4829 1455 4906 factum
1493 4837 1825 4906 contemnunt
1846 4849 1864 4886 :
1886 4833 1982 4889 sed
2014 4849 2188 4906 neque

600 4899 930 4978 hacnneque
960 4895 1176 4978 vulgata.
1201 4895 1455 4978 lectione,
1495 4898 1678 4978 anca
1715 4903 1854 4978 bene
1875 4895 2189 4978 exprimunt-

579 4977 708 5024 'tur.
733 4966 899 5037 Igitur
927 4967 972 5022 si
1005 4966 1340 5038 qufisit'm'pi’at
1366 4966 1686 5026 sententiam
1728 4966 2015 5030 verborum
2047 4976 2193 5034 Basi-

598 5041 655 5095 lii
687 5045 1024 5114 perspectam
1065 5037 1368 5114 habere',__ci
1395 5049 1814 5114 auctorsumm
2071 5047 2192 5104 forr-

599 5105 710 5188 tein
741 5105 916 5188 adeat.
967 5105 1366 5188 Rursus
1394 5110 1680 5176 secundus,
1722 5105 2003 5188 ﬁngitur...
2044 5116 2189 5173 obri-
2284 5119 2288 5124 ’

583 5179 770 5251 piunt.
815 5179 1040 5250 Insuper
1067 5179 1246 5233 'eo'in
1285 5179 1426 5260 libro
1462 5193 1564 5252 pro
1594 5179 1826 5252 raptore}
1865 5184 2058 5253 legitur
2103 5205 2194 5290 ra:

600 5261 771 5290 nnrn,
805 5277 810 5284 ι
1103 5280 1109 5288 ι
1153 5280 1156 5283 -
1273 5276 1295 5282 ι’

805 5277 810 5284 ,
1103 5280 1109 5288 ,
1153 5280 1156 5283 .
1273 5276 1295 5282 ..
2167 5263 2178 5290 ι

600 5261 906 5393 ῗαέεῗὲιιὶιξ,
946 5318 1139 5393 lucida.
1171 5298 1358 5393 Codex
1389 5303 1576 5376 noster
1614 5330 1671 5376 et
1699 5319 1855 5376 Colb.
1905 5327 2192 5393 secundus,

580 5375 850 5466 ιιιςρξάαηι.
867 5375 928 5466 lii
949 5386 1162 5466 ρςωοδ,
1186 5388 1249 5466 δι’
1266 5375 1450 5452 sane:
1471 5375 1774 5466 tam,
1797 5375 1882 5448 έάι
1906 5375 2192 5466 ὢτζᾶξῡῗέ

609 5457 697 5538 ubi
723 5465 944 5538 -vocen‘t
988 5458 1310 5538 'karort'pott
1375 5463 1629 5538 o_missam
1665 5457 1948 5538 _'videm_us.
2010 5457 2196 5538 Utriiis

581 5526 786 5581 “tutam
811 5526 970 5596 'culpa
999 5527 1049 5580 i’d
1075 5526 1356 5594 eveniarit,
1401 5526 1708 5604 interpretis
1738 5547 1806 5586 an
1835 5533 2076 5602 librarii,
2105 5553 2197 5594 ne-

605 5611 718 5652 mo.
749 5597 963 5652 (minor.
991 5597 1146 5652 facile
1174 5597 1388 5652 dixerit.
2163 5623 2171 5640 ο

605 5611 718 5662 suo,
749 5610 963 5668 opinor,
991 5610 1146 5652 meite
1174 5610 1388 5654 uixerit.
2163 5623 2171 5640 .

639 5666 908 5750 “ddisti”.
926 5667 1874 5750 irascetsab.i""n-rebuastatim".
1899 5677 2056 5750 male
2083 5677 2192 5750 An:-

608 5737 748 5806 titlui
774 5744 886 5795 tres
925 5738 1064 5804 libri,
1106 5737 1478 5796 inamabilem.
1511 5737 1766 5816 Displicet
1803 5737 1984 5806 autem
2029 5745 2192 5809 lectio

2371 3233 2424 3287 5.
2466 3233 2806 3304 Quapropter
2850 3233 2977 3290 nolo
3023 3242 3080 3290 te
3129 3235 3329 3290 malum
3377 3245 3698 3290 extraneum
3746 3238 3897 3292 arbi-

2299 3325 2463 3387 trari,
2497 3341 2599 3380 nec
2628 3323 2770 3381 idem
2808 3325 3165 3396 printipalem
3203 3336 3452 3382 naturam
3491 3329 3744 3398 nequitia:
3775 3345 3902 3399 pos—

2297 3412 2479 3468 sidens
2503 3415 2712 3480 opinari
2742 3434 2754 3468 :
2787 3413 2880 3470 sed
2909 3431 3018 3471 sure
3046 3417 3274 3486 quisque
3300 3417 3518 3473 malitiae
3559 3414 3587 3454 ιι
3615 3433 3676 3473 se
3704 3431 3904 3473 auclo-

2300 3519 2415 3558 rem
2464 3519 2582 3560 esse
2629 3511 2940 3574 cognoscat.
2994 3503 3196 3562 Eorum
3246 3507 3393 3562 enim
3436 3523 3552 3578 qua:
3590 3507 3747 3563 nobis
3775 3525 3905 3562 eve-

2303 3595 2479 3660 niunt,
2515 3595 2620 3651 alia
2642 3605 2766 3652 sunt
2787 3611 2855 3652 ex
2880 3604 3093 3664 natura,
3119 3597 3170 3652 id
3193 3605 3276 3652 est
3296 3607 3539 3654 senectus
3565 3609 3621 3652 et
3638 3597 3902 3666 languor;

2293 3686 2408 3764 ’alia
2440 3693 2633 3759 sponte
2653 3688 2967 3754 succedunt,
2994 3687 3048 3744 id
3071 3698 3154 3744 est
3173 3691 3380 3746 fortuiti
3403 3705 3573 3754 casus,
3596 3692 3686 3760 qui
3709 3692 3903 3748 alienis

2303 3793 2332 3831 a
2363 3792 2424 3834 se
2453 3766 2771 3849 plerumque
2805 3780 3036 3848 negotiis
3065 3779 3402 3837 incursantes
3424 3782 3510 3837 vel
3531 3782 3763 3837 laetitiam
3789 3799 3896 3836 no-

2285 3871 2386 3946 bis
2416 3871 2666 3938 afferunt,
2698 3871 2784 3928 vel
2812 3887 3122 3942 mmrorem,
3155 3875 3295 3930 sicut
3321 3884 3547 3946 puteum
3575 3875 3896 3933 fodientibus

2303 3961 2538 4017 occurrit
2585 3963 2826 4018 thesauri
2876 3963 3098 4020 latentis
3147 3965 3422 4032 inventio;
3475 3977 3569 4022 aut
3609 3971 3678 4023 ad
3725 3967 3904 4025 forum

2304 4053 2653 4122 pergentibus
2701 4054 2760 4108 fit
2800 4056 3014 4111 obviam
3061 4057 3236 4112 rabidi
3263 4059 3415 4114 canis
3455 4061 3738 4116 adventus.
3783 4061 3906 4116 Alia

2303 4159 2436 4200 vero
2467 4146 2519 4199 in
2552 4153 2734 4200 nostra
2764 4155 2889 4202 sunt
2913 4156 3218 4218 potestate:
3251 4151 3390 4205 sicut
3430 4151 3768 4222 voluptatum
3797 4152 3904 4208 fre-

2307 4237 2484 4291 narei
2523 4237 2836 4308 cupidines,
2884 4249 3186 4310 temperare
3231 4239 3518 4308 libidines,
3570 4243 3904 4300 iracundiam

2297 4351 2462 4423 prior,
2507 4368 2614 4407 non
2655 4351 2799 4423 quod
2842 4355 3018 4410 minus
3065 4354 3255 4410 Latina
3284 4357 3382 4422 sit,
3414 4375 3538 4414 cum
3569 4361 3688 4414 alia:
3722 4361 3906 4418 multae

2282 4421 2654 4498 'ejus_gen_eris
2675 4421 2738 4478 in
2775 4423 2878 4498 hac
2916 4421 3376 4496 interpretatione,
3411 4431 3773 4498 reperiantur,
3805 4433 3908 4486 sed

2295 4492 2442 4580 quod
2487 4493 2555 4546 ad
2593 4509 2783 4549 vocem
2816 4492 3077 4550 Grtecam—
3109 4492 3508 4555 accommodari
3557 4517 3665 4575 non
3707 4492 3902 4572 possit,

2295 4583 2602 4623 απαυστως.

2169 4665 2185 4718 ἶ
2219 4653 2310 4718 D"
2369 4642 2392 4668 θ
2420 4630 2588 4718 ρῳ).
2631 4633 2918 4718 secundus,
2949 4639 3034 4718 sit}
3064 4647 3236 4718 autem
3278 4657 3310 4692 a
3351 4637 3554 4718 malitia
3595 4637 3902 4718 bonitatem,

2295 4702 2630 4779 qaodﬁicere
2658 4708 2806 4779 nefas
2845 4702 2938 4762 est.
2971 4705 3030 4762 ld
3063 4709 3278 4779 plenius
3304 4711 3522 4778 quidem
3566 4729 3688 4768 esse
3714 4722 3771 4768 et
3799 4702 3907 4768 cla;

2296 4773 2410 4848 rius
2433 4773 2634 4841 fateor;
2666 4773 2762 4848 sed
2778 4789 2988 4848 vereor
3013 4773 3080 4832 né
3099 4779 3226 4848 quid
3249 4773 3499 4836 librarius
3525 4783 3594 4838 de
3623 4799 3726 4838 suo
3751 4783 3908 4839 addi-

2295 4842 2454 4922 derit,
2485 4859 2605 4922 cum
2635 4845 2950 4922 simpliciter
2981 4842 3408 4922 apud'Basilium
3437 4852 3670 4922 legatur,
3701 4860 3748 4908 xz
3769 4853 3848 4919 δὲ,
3882 4855 3908 4910 ὃ

2296 4917 2528 4996 patiam;
2549 4921 2726 4996 εἰπεῷ.
2751 4917 3026 4988 θαυμάζωζ
3051 4920 3134 4972 sin
3165 4921 3358 4987 minus,
3387 4917 3527 4992 quod
3554 4923 3729 4978 dicere
3755 4917 3908 4996 nefas

2297 4993 2392 5048 est,
2423 4993 2606 5053 miror,
2631 4995 2736 5041 etc.

2374 5054 2392 5090 τ
2435 5053 2589 5112 Colb.
2621 5058 2906 5120 secundus,
2939 5061 3228 5116 consimile.
3261 5061 3342 5118 Ad
3371 5063 3596 5119 verbum
3627 5065 3700 5118 ita
3733 5065 3907 5121 inter-

2297 5126 2798 5200 pretabimurl‘quia
2845 5129 2978 5200 nihil
3015 5133 3401 5187 contrariarum
3443 5151 3475 5186 a
3517 5137 3782 5190 contrario
3811 5153 3908 5190 suo

2286 5195 2592 5276 generatur.
2625 5195 2803 5276 verba
2833 5196 3022 5276 Grmca
3075 5202 3187 5257 hinc
3213 5213 3360 5270 sunt,
3394 5203 3576 5276 ῥιάςτό
3615 5205 3774 5276 μηδὲν
3804 5216 3910 5262 τῶν

2303 5267 2534 5343 ἐναντίων
2561 5273 2702 5343 napo?
2724 5275 2817 5343 rei}
2847 5273 3072 5329 ἐναντίου
3103 5267 3354 5343 γίνεσθαι.⁷
3389 5267 3584 5343 Statim
3615 5267 3783 5330 :Colb.
3814 5292 3908 5343 Se-

2282 5333 2526 5410 'cu_ndus,
2553 5353 2586 5388 a
2615 5333 2726 5410 (iace
2745 5340 3007 5410 ﬁrmatas,
3037 5333 3146 5396 no'n
3178 5343 3251 5396 ita
3281 5351 3450 5398 recte.
3479 5342 3723 5400 Subinde
3748 5341 3906 5410 editi,

2281 5404 2372 5476 .ad
2399 5413 2599 5480 co_n_t_ra_.
2632 5404 2774 5462 Libri
2806 5404 3036 5480 antiqui,
3071 5413 3142 5466 ad
3160 5416 3447 5470 contraria.

2375 5480 2400 5543 tt
2437 5471 2584 5543 Libri
2611 5485 2842 5543 veteres,
2869 5471 3030 5534 mala.

2323 5557 2330 5570 ·
2376 5542 2403 5580 ι·
2431 5541 2595 5621 βᾱίῐὶ,
2611 5541 2856 5621 actorem.
2875 5550 3032 5621 Colb.
3057 5555 3349 5620 secundus,
3373 5563 3658 5612 auctorem;
3681 5556 3740 5612 In
3761 5548 3908 5621 Cra:-

2301 5613 2676 5702 cpjjfzuyév.
2701 5616 2845 5702 Idem
2875 5619 3137 5676 mendum
3177 5613 3454 5695 aliquanto
3483 5636 3614 5682 ante
3641 5613 3904 5683 emenda—

2285 5694 2496 5745 ﬁmus.

2339 5733 2602 5829 Titii“.
2635 5754 3072 5856 Cupiditatesrht
3091 5763 3263 5824 nostri
3291 5771 3402 5826 tres
3425 5733 3584 5842 iusst,
3607 5760 3900 5842 cupidum.
