4244 6254
364 408 471 465 885

1376 402 1778 459 HEXAEMERI
1818 403 2296 463 METAPHRASIS
2337 408 2536 463 LIBER
2570 410 2629 464 ll.

3519 408 3623 465 886

364 518 647 581 οοιιίὺθτρς
672 516 757 570 νει
780 516 1119 583 ίιιειίεαηιθιιι
1144 514 1332 581 Vnam,
1358 515 1439 569 νεὶ
1464 515 1743 569 veritatem
1772 506 1949 587 sequi:
1973 522 2023 581 A
2054 536 2164 576 ram
2195 524 2521 578 rotunditate
2555 526 2897 587 conclusum,
2931 521 3131 578 habens
3152 538 3346 592 corpus
3372 525 3620 592 spissum,

365 610 451 663 vel
474 608 653 662 odisse
674 606 1028 670 mendacium,
1054 608 1238 664 mitem
1266 608 1504 663 moribus
1532 622 1652 663 esse
1676 610 1761 663 vel
1794 624 1944 680 aspe-

366 715 505 761 rum,
538 697 795 752 humilem
820 697 907 751 vel
936 697 1156 751 elatum.
1190 697 1423 763 Quarum
1453 698 1615 767 igitur
1641 714 1819 753 rerum
1844 699 1953 755 do-‘

367 790 496 843 ntini
526 789 803 854 habemur,
835 802 1017 843 earum
1048 788 1263 843 aliunde
1295 804 1402 843 non
1437 798 1745 844 mutuamur
1772 791 1939 846 initia.

367 879 550 948 Itaque
579 893 903 948 recognosce
941 880 1067 949 quia
1107 879 1249 950 quod
1276 881 1494 950 proprie
1518 878 1714 935 malum
1742 891 1852 945 est,
1879 898 1942 938 es

365 972 666 1026 commissis
690 970 894 1025 arbitrii
925 970 1077 1025 liberi
1098 971 1244 1040 capit
1268 971 1564 1026 exordium.
1598 971 1781 1040 Neque
1798 974 1942 1027 enim

365 1064 412 1118 si
443 1064 639 1118 malum
670 1078 737 1117 ex
760 1063 1082 1118 necessitate
1108 1062 1476 1127 descenderet,
1510 1071 1690 1118 tantus
1716 1074 1944 1133 peccan-

364 1154 507 1208 tibus
533 1153 706 1221 legum
731 1156 908 1207 metus
930 1152 1311 1208 incumberet:
1338 1160 1433 1206 aut
1448 1148 1656 1222 judices
1683 1152 1942 1222 supplicia

364 1244 663 1299 criminosis
706 1243 868 1312 digna
905 1251 1222 1299 statuerent.
1293 1243 1417 1298 Haec
1464 1243 1596 1298 mihi
1649 1244 1789 1299 dicta
1839 1245 1945 1297 sint

362 1350 524 1403 super
567 1350 635 1390 eo
686 1335 831 1403 quod
874 1335 1091 1404 proprie
1133 1336 1332 1389 malum
1383 1342 1484 1391 est.
1550 1334 1942 1403 Egritudinem

362 1442 491 1483 vero
513 1429 599 1482 vel
626 1438 920 1496 egestatem
940 1467 954 1493 ,
985 1437 1077 1482 aut
1102 1429 1470 1497 ignominiam,
1496 1436 1551 1485 et
1575 1430 1679 1485 alia
1706 1445 1827 1499 quae
1854 1446 1944 1486 so-

363 1517 474 1572 lent
510 1517 851 1573 moestiﬁcare
895 1520 1152 1574 mortales
1175 1559 1189 1583 ,
1232 1528 1259 1556 ι
1300 1520 1524 1575 necdum
1573 1521 1626 1574 in
1681 1520 1942 1575 malorum

362 1622 560 1663 censeo
597 1616 801 1678 partem
840 1609 1121 1677 ponenda;
1161 1609 1285 1677 quia
1316 1624 1416 1664 nec
1442 1624 1628 1664 eorum
1659 1608 1943 1664 contrariae

364 1715 539 1754 causm
604 1700 657 1753 in
713 1700 959 1755 maximis
1008 1686 1273 1755 bonorum
1320 1702 1533 1757 sedibus
1574 1703 1938 1757 collocantur:

362 1805 589 1859 quorum
636 1791 738 1845 alia
784 1800 912 1845 sunt
949 1792 1233 1857 naturalia,
1274 1808 1395 1861 qua:
1433 1794 1749 1863 plerumque
1790 1794 1942 1847 nobis

2048 625 2103 670 et
2131 616 2265 670 adeo
2295 616 2524 670 validum
2550 658 2563 680 ,
2615 623 2671 669 ut
2692 615 2867 684 possit
2905 630 2967 669 ea
3015 630 3132 683 quae
3164 615 3495 669 extrinsecus
3521 614 3621 669 ha—

2046 707 2239 761 bentur
2283 705 2349 760 ab
2390 706 2733 767 interioribus
2760 720 3041 775 separare;
3073 706 3141 759 ob
3171 705 3276 759 hoc
3315 706 3617 760 necessario

2046 804 2170 867 post
2197 810 2255 850 se
2276 796 2549 861 regionem
2582 794 2819 850 relictam
2839 836 2852 860 ,
2885 804 3156 850 carentem
3185 795 3301 849 luce
3322 796 3615 854 constituit.

2046 896 2105 941 ut
2132 897 2257 956 pote
2304 884 2509 954 fulgore
2556 886 2648 954 qui
2687 884 2917 955 desuper
2961 885 3202 939 radiabat
3230 885 3471 940 excluso.
3497 884 3616 938 Tria

2049 978 2189 1033 enim
2233 976 2389 1031 simul
2438 978 2652 1046 opertet
2696 976 2747 1030 in
2778 977 2963 1030 umbra
3005 975 3244 1031 facienda
3275 991 3616 1039 concurrere,

2046 1068 2245 1129 lucem,
2277 1082 2503 1135 corpus,
2533 1073 2589 1120 et
2627 1066 2966 1120 obscuratum
2993 1066 3190 1121 locum.
3233 1064 3372 1133 Ergo
3394 1066 3613 1143 munda»

2046 1172 2142 1213 nas
2186 1157 2466 1220 tenebras,
2509 1172 2576 1212 ex
2621 1155 2805 1211 umbra
2849 1157 3051 1212 ccelesti
3083 1157 3324 1227 corporis
3352 1157 3618 1211 exstitisse

2045 1248 2317 1305 sciendum
2357 1257 2457 1303 est.
2501 1246 2579 1301 Tu
2617 1262 2747 1302 vero
2790 1263 2888 1317 per
2933 1247 3234 1317 exemplum
3281 1246 3615 1300 manifestum

2046 1341 2263 1396 adverte
2287 1356 2407 1410 qua:
2429 1340 2673 1395 dicimus.
2726 1339 2783 1393 Si
2810 1339 2908 1394 sub
2934 1331 3239 1394 meridianis
3266 1339 3411 1393 boris
3441 1339 3613 1393 taber-

2040 1432 2294 1486 naculum
2342 1431 2436 1485 tibi
2490 1429 2758 1499 quoddam
2788 1443 2855 1483 ex
2897 1430 3120 1483 materia
3152 1429 3316 1483 densa
3362 1428 3519 1482 nimis
3564 1437 3616 1481 et

2045 1536 2215 1591 opaca
2244 1520 2545 1575 fundaveris
2569 1562 2583 1587 ,
2628 1520 2678 1572 in
2720 1520 3030 1587 spontaneis
3060 1506 3118 1572 te
3160 1517 3355 1572 ibidem
3381 1518 3614 1572 tenebris

2046 1612 2352 1667 collocabis.
2396 1610 2552 1666 Tales
2581 1623 2708 1678 ergo
2732 1617 2785 1664 et
2816 1608 2934 1663 illas
2954 1610 3202 1664 tenebras
3230 1624 3348 1664 esse
3374 1609 3616 1680 opinare,

2046 1719 2152 1758 non
2180 1703 2544 1775 principaliter
2570 1701 2884 1756 substitutas
2908 1742 2920 1762 ,
2953 1699 3045 1754 sed
3071 1715 3381 1770 processum
3409 1708 3618 1755 secutas

2045 1796 2283 1849 alterius.
2326 1794 2433 1849 Has
2467 1802 2645 1848 autem
2689 1794 2939 1848 tenebras
2982 1792 3159 1847 ferunt
3206 1794 3397 1863 abysso
3424 1808 3615 1862 super-

363 1883 609 1938 videntur
636 1884 839 1939 utiliter
858 1884 1096 1938 evenire.
1138 1885 1478 1954 Quapropter
1500 1885 1525 1923 δ
1549 1891 1849 1953 suspectam
1873 1884 1939 1939 de
1970 1884 2016 1943 B
2044 1886 2170 1941 ferri
2197 1904 2209 1939 :
2241 1887 2365 1955 quia
2395 1885 2703 1940 extremitas
2748 1872 2889 1939 aeris
2930 1884 3085 1939 solita
3115 1893 3197 1938 est
3224 1882 3473 1952 conjungi
3499 1899 3618 1937 cor-

360 1975 599 2030 moribus
646 1976 1012 2031 narrationem
1071 1977 1126 2030 in
1176 1977 1463 2045 prtesentia
1514 1986 1936 2045 compescentes,

362 2065 851 2120 considerationem
896 2066 1075 2134 potius
1122 2066 1461 2120 tenebrarum
1508 2066 1843 2134 simpliciter,
1876 2082 1940 2120 ac

360 2156 478 2210 sine
537 2155 655 2210 ulla.
691 2155 980 2210 calliditate
1031 2156 1226 2210 nostris
1280 2157 1546 2211 mentibus
1591 2158 1937 2210 attrahamus.

360 2249 595 2317 Flagitat
620 2257 799 2304 autem
828 2260 1006 2305 sermo
1031 2252 1170 2305 seire
1192 2267 1290 2306 nos
1307 2291 1321 2314 ,
1355 2253 1398 2307 si
1426 2253 1661 2307 tenebrae
1682 2267 1943 2321 congene-

360 2347 494 2393 ratae
523 2348 651 2394 sunt
685 2341 915 2403 mundo,
947 2343 1046 2397 etsi
1074 2345 1371 2398 anteriores
1399 2344 1648 2414 putanda:
1672 2354 1795 2399 sunt
1824 2360 1943 2400 esse

361 2446 519 2500 quam
550 2432 660 2485 lux.
704 2433 856 2497 Quod
880 2434 929 2488 si
960 2435 1031 2487 ita
1071 2445 1184 2498 est,
1227 2452 1325 2489 cur
1350 2436 1588 2491 deterior
1610 2451 1696 2490 res
1720 2437 1941 2492 meliore

364 2521 588 2577 habetur
613 2526 922 2594 antiquior?
944 2525 1257 2596 Quanquam
1282 2542 1583 2582 asseramus
1604 2528 1698 2581 has
1727 2544 1943 2598 quoque

364 2615 609 2669 tenebras
651 2631 757 2670 non
795 2630 861 2670 ex
903 2616 986 2669 sui
1022 2625 1272 2671 constare
1299 2618 1595 2672 substantia
1618 2659 1634 2682 ,
1685 2618 1779 2672 sed
1825 2633 1943 2673 esse

365 2706 548 2761 vitium
576 2708 845 2776 quoddam
876 2708 927 2761 in
960 2723 1118 2771 aere,
1158 2709 1429 2763 subtracta
1458 2710 1577 2763 luce
1616 2709 1936 2764 contectum.

362 2796 431 2852 Et
476 2814 657 2853 rursus
695 2798 1039 2866 quaerendum
1094 2807 1172 2853 est
1231 2815 1335 2867 qua
1376 2800 1493 2854 luce
1548 2801 1699 2855 locus
1758 2801 1943 2855 mundi

363 2899 588 2958 repente
636 2891 877 2958 privatus
904 2899 1004 2944 est.
1061 2890 1393 2945 Arbitrantur
1419 2892 1561 2945 enim
1610 2892 1732 2960 quia
1772 2892 1819 2945 si
1849 2890 1945 2945 fuit

364 2978 665 3048 quidpiam,
696 2988 821 3034 ante
849 2980 1236 3034 institutionem
1261 2981 1527 3035 sensibilis
1554 2980 1712 3049 hujus
1739 2990 1793 3035 et
1819 2996 1942 3036 cor-

364 3070 844 3139 ruptibilismundi
866 3109 881 3136 ,
931 3068 1168 3139 profecto
1202 3088 1250 3124 tll
1282 3072 1398 3125 luce
1425 3070 1543 3126 fuit.
1587 3071 1770 3140 Neque
1798 3072 1940 3125 enim

363 3164 598 3231 dignitas
623 3164 933 3233 angelorum
958 3203 971 3227 ,
1006 3180 1106 3219 nec
1128 3165 1365 3218 omnium
1395 3166 1689 3221 omlestium
1717 3165 1942 3231 militiae,

2041 1995 2232 2051 porum
2262 1979 2561 2050 speciebus.
2605 1978 2710 2033 Sed
2737 1991 2756 2016 ε
2784 1988 2912 2033 tunc
2940 1992 3075 2046 aqua
3111 1984 3226 2032 erat
3251 1974 3497 2029 omnibus
3525 1990 3616 2029 su-

2040 2072 2276 2142 perjecta
2303 2113 2317 2135 ,
2361 2078 2582 2141 propter
2622 2068 2766 2138 quod
2812 2068 3117 2123 necessario
3165 2066 3412 2121 tenebras
3460 2080 3618 2135 super

2043 2165 2290 2233 abyssum
2320 2163 2481 2218 fuisse
2502 2162 2728 2218 relatum
2759 2169 2859 2216 est.

2072 2279 2077 2284 -
2113 2252 2160 2307 6.
2205 2253 2277 2307 Et
2303 2255 2542 2324 spiritus,
2578 2251 2777 2320 inquit,
2810 2250 2909 2305 Dei
2939 2249 3194 2323 ferebatur
3224 2265 3374 2319 super
3410 2264 3616 2319 aquam.

2042 2344 2166 2399 Sive
2194 2343 2529 2399 difl'usionem
2557 2344 2696 2397 aeris
2725 2343 2878 2397 istius
2897 2386 2911 2409 ,
2941 2341 3187 2411 spiritum
3217 2339 3366 2403 dicit,
3403 2336 3619 2407 percipe

2043 2440 2358 2507 scriptorem
2386 2438 2666 2505 portiones
2702 2436 2797 2489 tibi
2836 2433 3020 2488 mundi
3050 2432 3285 2500 singulas
3310 2443 3620 2483 enumeran-

2044 2539 2185 2593 tem;
2251 2543 2373 2581 nam
2433 2526 2622 2581 fecisse
2671 2526 2839 2580 Deum
2882 2523 3012 2579 dicit
3056 2522 3248 2577 ctelum
3300 2528 3354 2574 et
3400 2528 3616 2584 terram,

2045 2636 2235 2690 aquam
2286 2628 2341 2674 et
2386 2630 2603 2683 aerem,
2653 2618 2796 2671 hunc
2841 2616 3098 2685 liquidum
3141 2622 3303 2682 atque
3331 2611 3617 2676 diffusum;

2045 2712 2177 2774 sive,
2195 2713 2220 2746 α
2239 2708 2381 2778 quod
2399 2724 2586 2763 verum
2607 2707 2777 2775 magis
2798 2705 3066 2767 existimo,
3082 2702 3285 2773 etquod
3300 2699 3382 2755 his
3393 2701 3481 2770 qui
3496 2709 3619 2754 ante

2046 2816 2145 2855 nos
2175 2800 2320 2854 fuere
2368 2798 2651 2868 probatum
2692 2804 2802 2861 est,
2850 2795 3108 2864 Spiritum
3138 2793 3232 2847 Dei
3262 2791 3389 2846 dicit
3412 2831 3426 2855 ,
3458 2786 3509 2844 id
3536 2799 3621 2844 est

2043 2899 2309 2947 sanctum.
2351 2887 2665 2942 Reservavit
2704 2886 2847 2941 enim
2892 2884 3197 2950 Scriptura,
3223 2891 3282 2936 ut
3301 2880 3620 2951 praecipuam

2048 2981 2204 3048 hujus
2232 2986 2604 3049 competenter
2648 2977 2976 3031 mentionem
3022 2974 3253 3029 nominis
3284 2973 3616 3027 declararet:

2048 3072 2357 3139 nullumque
2398 3069 2559 3122 alium
2589 3068 2835 3137 spiritum
2865 3066 3064 3121 dictum
3094 3064 3352 3120 debemus
3380 3062 3619 3126 credere,

2048 3163 2148 3216 nisi
2178 3168 2441 3225 sanctum,
2472 3159 2564 3228 qui
2584 3158 2759 3213 beatae
2788 3173 2852 3213 ac
2877 3155 3197 3212 Venerabilis
3227 3154 3504 3209 Trinitatis
3525 3169 3621 3208 ex-

364 3255 449 3309 vel
470 3255 515 3308 si
545 3255 670 3325 quid
697 3263 780 3309 est
808 3256 1167 3320 nominatum,
1218 3266 1312 3311 aut
1353 3257 1809 3327 incompellabile,
1852 3265 1944 3311 aut
1969 3244 2013 3306 C
2045 3254 2226 3323 pletor
2253 3260 2336 3306 est
2360 3291 2374 3315 ,
2406 3262 2461 3305 et
2489 3250 2631 3304 hunc
2658 3247 2990 3303 intellectum
3018 3247 3239 3315 capiens
3262 3286 3276 3309 ,
3325 3243 3500 3314 majus
3530 3243 3622 3297 tibi

367 3345 544 3413 aliqua
590 3345 923 3400 rationabilis
969 3346 1157 3411 virtus,
1202 3348 1287 3401 vel
1335 3348 1663 3402 ministrator
1701 3348 1939 3417 spiritus,

363 3437 557 3504 degere
586 3447 766 3508 posset
793 3438 846 3492 in
879 3439 1144 3503 tenebris,
1177 3439 1271 3493 sed
1300 3439 1353 3492 in
1379 3439 1529 3500 luce,
1562 3446 1617 3493 et
1646 3439 1824 3492 laetitia
1846 3439 1941 3493 de-

364 3538 576 3582 centem
606 3529 708 3583 sibi
734 3528 976 3583 habitum
996 3527 1320 3598 possidebat.
1355 3528 1430 3582 De
1456 3543 1562 3596 qua
1588 3543 1648 3582 re
1678 3529 1945 3583 neminem

364 3628 496 3690 puto
556 3620 1032 3675 contradicturum.
1112 3619 1364 3687 Quisquis
1405 3632 1534 3687 ergo
1583 3619 1760 3673 lumen
1819 3619 1947 3673 illud

366 3708 507 3778 quod
558 3725 719 3780 super
763 3711 930 3765 caelos
972 3718 1057 3765 est
1103 3710 1155 3764 in
1202 3710 1465 3764 bonorum
1507 3710 1947 3779 promissionibus

368 3801 646 3870 opperitur
665 3842 679 3865 ,
712 3800 778 3854 de
807 3816 914 3870 quo
943 3800 1196 3855 Salomon
1226 3800 1390 3855 dicit:
1424 3799 1538 3854 Lux
1560 3801 1717 3870 justis
1746 3816 1947 3871 semper

366 3890 546 3965 (Prov.
582 3890 789 3960 xut,9).
814 3891 881 3946 Et
915 3892 1239 3962 Apostolus:
1276 3889 1482 3946 Gratias
1527 3900 1737 3963 agentes
1764 3890 1875 3947 Deo
1895 3902 1945 3947 et

367 3978 552 4043 Patri,
575 3984 658 4051 qui
696 4000 788 4036 nos
820 3982 939 4054 fecit
972 3983 1188 4037 idoneos
1210 3984 1263 4035 in
1290 3983 1527 4052 portione
1554 3984 1706 4037 sortis
1735 3992 1941 4037 sancto-

368 4086 484 4122 rum
512 4072 565 4123 in
596 4071 704 4125 luce
744 4072 877 4143 (Col.
904 4089 940 4138 ι,
978 4072 1084 4143 12).
1137 4072 1192 4126 Si
1241 4074 1382 4127 enim
1430 4073 1667 4128 damnati
1703 4074 1755 4127 in
1787 4083 1941 4128 tene-

368 4159 494 4214 bras
518 4161 731 4216 ultimas
770 4163 1068 4229 abigantur,
1115 4163 1169 4216 hi
1210 4163 1301 4231 qui
1330 4163 1815 4217 remunerationem
1845 4178 1943 4232 pro

366 4250 541 4317 dignis
569 4251 821 4320 operibus
849 4254 1255 4322 praestolamur,
1289 4255 1341 4307 in
1371 4269 1434 4307 ea
1471 4253 1588 4307 sine
1615 4252 1778 4307 dubio
1805 4254 1941 4318 luce,

364 4355 484 4407 quze
511 4351 591 4393 est
616 4349 764 4396 extra
789 4344 1060 4409 mundum,
1076 4344 1269 4414 quietis
1288 4344 1613 4412 domicilium
1634 4344 1942 4399 sortientur.

366 4429 535 4496 lgitur
567 4433 689 4499 quia
731 4441 941 4488 constat
985 4434 1180 4490 factum
1218 4451 1334 4490 esse
1362 4435 1556 4490 caelum
1586 4435 1946 4504 praeceptione

2047 3343 2273 3400 subinde
2294 3340 2635 3397 commodum
2650 3337 2890 3395 conferri
2911 3337 3165 3407 reperies.
3197 3334 3476 3402 Quomodo
3496 3347 3624 3402 ergo

2050 3436 2139 3490 hic
2183 3435 2401 3505 spiritus
2452 3434 2597 3504 aquis
2657 3429 3110 3501 superferebatur?
3163 3428 3335 3482 dicam
3382 3424 3477 3480 tibi
3510 3441 3624 3479 non

2046 3540 2233 3579 meum
2253 3534 2576 3585 sermonem,
2602 3520 2698 3575 sed
2721 3521 2823 3574 viri
2853 3519 3128 3587 cujusdam
3159 3530 3354 3585 genere
3376 3514 3517 3586 Syri,
3533 3515 3623 3582 qui

2057 3625 2260 3670 tantum
2285 3616 2472 3668 aberat
2507 3628 2537 3666 a
2565 3611 2827 3681 sapientia
2862 3608 3039 3664 szeculi
3060 3615 3326 3676 «quantum
3355 3618 3496 3658 verte
3522 3604 3623 3658 do-

2054 3707 2242 3763 ctrinae
2270 3704 2546 3775 proximus
2579 3701 2896 3756 habebatur.
2940 3697 3164 3753 Dicebat
3196 3696 3338 3750 enim
3367 3694 3625 3764 Syrorum

2053 3813 2241 3854 vocem
2272 3794 2634 3851 facundion
2663 3807 2781 3847 esse
2801 3834 2815 3858 ,
2853 3798 2908 3845 et
2929 3797 3151 3860 propter
3181 3785 3452 3841 Hebraidm
3478 3794 3501 3821 ε
3523 3783 3626 3836 lin-

2052 3906 2170 3960 guae
2196 3890 2571 3959 cognationem
2596 3923 2611 3948 ,
2642 3884 3037 3954 scripturarum
3078 3880 3247 3947 magis
3293 3875 3626 3931 sermonibus

2054 3982 2353 4037 indulsisse.
2396 3978 2595 4032 Sensus
2636 3977 2815 4043 itaque
2857 3973 2987 4027 dicti
3010 3971 3155 4025 illius
3182 3969 3287 4024 hoc
3314 3965 3473 4021 modo
3502 3973 3622 4019 est:

2054 4070 2501 4143 Superferebatur,
2546 4067 2732 4134 inquit,
2764 4064 3013 4134 Spiritus,
3051 4062 3155 4115 hoc
3194 4070 3278 4114 est
3323 4057 3537 4112 fovebat
3573 4063 3625 4109 et

2050 4162 2357 4218 viviﬁcabat
2386 4171 2647 4228 aquarum
2686 4163 2959 4218 naturam,
2991 4152 3056 4205 ad
3084 4147 3484 4206 similitudinem
3512 4146 3628 4214 gal-

2053 4253 2173 4308 lina:
2195 4251 2440 4307 cubantis
2464 4267 2476 4301 :
2506 4245 2724 4303 vitalem
2742 4244 2999 4298 virtutem
3020 4241 3102 4295 bis
3122 4250 3247 4309 quae
3271 4237 3290 4276 ί
3316 4237 3627 4292 fovebantur

2050 4342 2319 4411 injiciens.
2361 4336 2674 4410 Hujusmodi
2721 4346 2849 4403 ergo
2888 4333 3028 4387 ratio
3054 4330 3198 4401 quod
3238 4329 3372 4384 dixit
3398 4327 3629 4396 superfe-

2056 4432 2284 4499 rebatur,
2350 4432 2427 4486 sic
2468 4431 2870 4497 interpretatur,
2907 4423 2961 4478 id
3007 4432 3089 4478 est
3144 4420 3209 4475 ad
3250 4415 3627 4474 viviﬁcandam

369 4516 467 4572 Dei
492 4559 505 4584 ,
538 4520 816 4591 subitoque
862 4523 1156 4579 distensum
1181 4565 1195 4590 ,
1239 4541 1303 4580 ac
1332 4525 1579 4579 familiari
1608 4525 1805 4579 circum
1837 4532 1945 4578 ter-
1974 4510 2026 4570 Ῐ)
2050 4537 2307 4591 aquarum
2337 4529 2584 4574 naturam
2626 4516 3002 4586 compellebat.
3051 4512 3131 4568 Ex
3158 4526 3266 4583 quo
3300 4507 3629 4565 suﬂlcienter

443 4723 465 4749 ἰ
490 4711 657 4781 Editi,
676 4714 881 4768 nedum.
905 4712 1059 4769 Colb.
1087 4714 1369 4779 secundus,
1392 4714 1625 4768 necdum.
1658 4712 1784 4769 Mox
1807 4729 1943 4770 unus

365 4781 564 4848 codex,
590 4784 643 4835 in
672 4787 925 4838 malorum
948 4800 1128 4837 censeo
1154 4792 1325 4851 parte:

443 4863 488 4925 ιχ
510 4851 668 4925 Editi,
699 4863 1007 4925 suspectam.
1041 4852 1192 4925 Colb.
1226 4852 1509 4925 secundus,
1543 4862 1833 4925 susceptam
1842 4871 1867 4925 ξ
1889 4860 1944 4925 et

369 4920 441 4972 ita
477 4920 587 4991 legi
607 4920 858 4991 oportere
901 4924 1055 4978 multi
1094 4925 1322 4978 fortasse
1370 4920 1793 4977 arbitrabuntur.
1837 4921 1945 4976 Sed

370 5006 478 5041 non
501 4990 695 5060 dubito
720 4994 848 5059 quin
890 4994 1103 5060 vulgata
1147 4994 1305 5048 lectio
1351 4993 1627 5047 retinenda
1668 4994 1774 5058 sit,
1820 5006 1943 5047 cum

369 5059 510 5139 apud
526 5059 777 5139 Basilium
801 5059 1056 5139 legamus,
1071 5070 1248 5139 «oleant
1266 5061 1351 5118 οὖν
1370 5072 1610 5139 τροτεςκήν
1627 5069 1710 5118 καὶ
1730 5062 1791 5139 at
1811 5064 1944 5139 ὑποχ

369 5133 506 5190 voices
528 5134 575 5183 ἐν
595 5137 649 5204 γὲ
679 5142 747 5207 τῷ
775 5135 983 5207 τηερὸντι
1008 5130 1463 5207 ζᾳτασιγάσαντές.
1486 5133 1654 5188 Nemo
1669 5130 1947 5207 enim,0pi-'

373 5215 495 5265 nor,
513 5200 629 5273 non
660 5200 802 5258 videt
822 5200 1156 5257 Eustathium
1178 5200 1209 5269 ,’
1227 5219 1347 5258 cum
1377 5211 1663 5273 suspectam
1699 5200 1944 5273 scripsit,

346 5271 675 5343 exprimere
702 5273 936 5329 voluisse
960 5273 1110 5339 illud,
1141 5281 1223 5329 καὶ
1252 5269 1587 5343 δι’ύπγονὸίας.
1621 5272 1726 5327 Sed
1749 5269 1954 5343 ut’alibi

373 5353 515 5418 saepe
540 5382 555 5404 ,
599 5342 671 5394 ita
700 5344 787 5399 hic
826 5358 1041 5413 quoque
1066 5343 1351 5418 verborum
1380 5342 1687 5418 Grtecorum
1726 5347 1945 5396 senten-

375 5410 502 5461 tiam
530 5420 804 5468 assecutus
831 5410 1067 5468 non—est.
1114 5410 1266 5467 Hunc
1302 5413 1478 5467 locum
1516 5412 1589 5466 ita
1632 5424 1947 5468 conversum

374 5487 688 5563 oportuerat
713 5500 723 5534 :
742 5484 967 5563 "Omnem
993 5480 1162 5563 igitur’
1174 5485 1679 5563 interpretationem,
1695 5482 1852 5563 tropis
1878 5478 1957 5563 Aet

370 5549 635 5624 allegoriis
661 5561 1001 5617 constantem,
1017 5549 1071 5604 in
1090 5549 1364 5622 praesentia
1379 5549 1844 5624 prwtermittentes,
1870 5561 1945 5602 te-

370 5614 649 5690 nebrarum
691 5625 951 5676 notionem
990 5614 1284 5690 simpliciter
1326 5614 1530 5676 et'citra
1569 5614 1935 5678 curiasitatem,

370 5700 583 5759 sensum
598 5688 883 5759 Scriptum
903 5688 1435 5759 secuti,’uccipiamus.

451 5766 471 5793 ε
510 5754 672 5813 Editi.
702 5776 834 5815 (tacta
878 5764 981 5815 iam
1009 5754 1261 5814 omnibus.
1305 5760 1457 5815 Colb.
1480 5759 1775 5821 secundus,
1805 5774 1939 5825 aqua

2046 4722 2159 4767 erat
2202 4708 2454 4765 omnibus.
2526 4708 2813 4776 Aliquanto
2867 4716 2990 4777 post
3041 4706 3180 4761 idem
3218 4705 3394 4760 codex
3419 4745 3433 4767 ,
3481 4720 3630 4773 super

2048 4798 2345 4911 αφεῖαὲᾱίιὶ,
2375 4833 2697 4920 quadriiugis
2717 4849 2974 4920 existimo.
3002 4843 3466 4920 Golb._secundus,
3492 4840 3630 4920 quod

2048 4908 2406 4991 verumgma'gis
2434 4908 2691 4991 existimo.
2727 4917 2785 4970 In
2813 4915 3018 4991 Greco,
3054 4916 3398 4991 ἀληῼὲστιρον.
3428 4908 3630 4991 ibidem

2048 5006 2176 5045 mss.
2208 4982 2480 5044 duo'cum
2512 4986 2698 5047 editis,
2729 4988 3063 5056 praecipuum.
3090 4982 3261 5047 Alius,
3284 4982 3557 5056 pracipue.

2128 5073 2149 5095 υ
2192 5058 2408 5127 Antiqui
2443 5057 2551 5111 duo
2579 5049 2795 5127 librir'et
2839 5049 2999 5127 editi,
3029 5054 3221 5127 tinguis
3261 5049 3627 5127 «agnitionem.

2050 5124 2118 5184 Et
2146 5129 2233 5184 hic
2266 5117 2480 5197 quoque
2507 5126 2663 5181 unius
2680 5123 2938 5197 litterulis:
2967 5117 3193 5197 mutatio
3220 5117 3631 5197 pulcherrimam

2049 5185 2369 5256 sententiam
2390 5185 2735 5267 fdepravavit.
2800 5192 2915 5246 Non
2953 5185 3632 5267 enip__co§nitiorgm_dcgi

2050 5276 2282 5339 oportet.
2309 5266 2405 5339 sed
2429 5257 2905 5339 cognationemu‘ut
2927 5277 3002 5339 es
3025 5261 3179 5315 Colb.
3200 5257 3452 5339 _Isecundo
3470 5257 3631 5339 disgi:

2051 5325 2193 5405 nius,
2221 5325 2593 5405 magisquevex
2621 5333 2800 5405 verbis
2822 5330 3171 5405 Basilii,_qu:e
3199 5331 3311 5405 meo
3336 5335 3460 5405 sunt
3487 5370 3500 5393 ,
3547 5325 3632 5380 διὰ

2052 5416 2142 5482 τήν
2168 5400 2297 5482 ape;
2315 5400 2679 5482 Ἐϐεαῖδᾳ
2707 5403 3001 5482 γεξτνξκᾳιςδ.
3024 5400 3229 5455 Rursus
3257 5400 3409 5454 Colb.
3438 5411 3633 5452 secun-

2012 5482 2015 5489 '
2053 5468 2171 5544 dus,
2193 5468 2357 5547 magis
2378 5468 2741 5547 quwsiionibu's
2769 5468 3064 5547 indulsisse.

2131 5535 2169 5584 τ’
2193 5535 2355 5616 Εόῖιί,
2385 5535 2685 5616 feriebantur
2710 5542 2952 5616 initium.
2980 5541 3195 5611 Antiqui
3219 5537 3491 5616 du_o_libri,
3519 5537 3568 5587 in
3569 5535 3633 5602 ji-

2046 5620 2202 5677 ciens.
2236 5616 2292 5669 in
2323 5607 2530 5678 (iunco,
2578 5613 3049 5676 iuriam—Quae
3081 5607 3185 5664 vox
3230 5611 3297 5663 ad
3325 5607 3522 5678 ὄρνιθος
3550 5621 3634 5653 ιιι--

2046 5687 2217 5743 fertur
2238 5687 2308 5738 ita
2341 5688 2398 5738 ut
2424 5676 2614 5736 sensus
2641 5682 2800 5735 sit....
2835 5681 2903 5733 ad
2926 5683 3044 5734 sim.
3082 5678 3218 5731 Gatl.
3249 5677 3361 5729 σιώ.
3403 5676 3634 5728 rictum-

2045 5773 2142 5825 qne
2171 5757 2285 5809 virt.
2319 5755 2395 5806 his
2419 5767 2531 5823 qua:
2561 5753 2792 5822 foueatur
2828 5750 3172 5805 imminentis.
3198 5746 3362 5801 Eutr.
