4192 6258
588 300 688 363 89η

2066 294 2425 351 EUSTATIIII

3760 287 3867 345 888

590 421 753 475 etiam
787 416 913 471 illud
957 412 1098 484 quod
1130 430 1157 464 a
1188 410 1508 479 quibusdam
1545 409 1703 461 valde
1734 407 2046 475 requiritur,
2078 422 2174 475 ap-
2205 412 2255 468 Α
2284 417 2565 479 cperatutn
2610 416 2733 474 est,
2775 405 2873 459 sed
2917 406 3042 478 quia
3090 403 3288 459 coloris
3317 402 3398 457 sui
3464 413 3663 467 magna
3714 399 3883 453 nobis

592 511 809 583 probari
861 508 1074 578 potest:
1126 504 1249 571 quia
1282 517 1379 555 nec
1431 500 1650 570 genitali
1679 498 1920 569 potentia
1949 496 2179 567 Spiritus
2260 502 2684 557 ιοωεοιεηηριηα
2739 498 2980 569 largitur,
3023 496 3282 551 Similiter
3331 496 3493 550 etiam
3550 493 3711 547 stella
3762 506 3895 561 quas,

592 610 813 658 εθηοῑιιε
842 606 1009 652 εἷηόῐ.

665 694 715 745 'l.
758 689 826 744 Et
847 690 979 743 dixit
1004 687 1160 753 Deus,
1194 685 1317 739 Fiat
1345 685 1453 739 tux.
1489 683 1669 739 Prima
1687 682 1902 739 voxDei
1931 690 2182 737 naturam

593 782 809 839 luminis
842 780 1154 841 fabricavit,
1197 793 1261 833 ac
1290 777 1541 832 tenebras
1567 775 1823 846 dispulit,
1867 789 2186 831 maerorem—

594 889 701 944 que
727 871 1009 936 dissolvit,
1053 880 1109 924 et
1157 884 1373 924 omnem
1421 867 1600 923 subito
1630 867 1809 921 laetam
1834 866 2072 935 speciem
2095 863 2187 933 ju-

597 964 937 1031 cundamque
967 958 1241 1031 produxit.
1296 956 1461 1013 Polus
1489 965 1619 1012 tunc
1644 956 1918 1027 apparuit,
1951 954 2043 1024 qui
2072 961 2192 1009 erat

600 1057 815 1112 interim
863 1054 1068 1109 celatus
1116 1068 1148 1106 a
1188 1050 1452 1117 Domino;
1515 1058 1777 1119 tantaque
1813 1047 1929 1119 ejus
1957 1046 2194 1119 pulchri-

602 1148 730 1204 tudo
784 1144 1077 1218 perclaruit
1102 1188 1116 1212 ,
1178 1153 1436 1214 quantam
1484 1159 1629 1199 nunc
1674 1143 1836 1198 etiam
1880 1139 2195 1196 testiﬁcatur

601 1244 870 1311 aSpect'us.
921 1237 1029 1292 Aer
1067 1243 1247 1290 autem
1296 1234 1665 1289 illustrabatur
1709 1247 1780 1287 ex
1825 1247 1891 1287 ea
1931 1231 2049 1286 luce
2075 1243 2197 1299 quze

602 1331 703 1385 sibi
726 1337 844 1383 erat
872 1327 1129 1391 admixta,
1173 1334 1496 1394 acutamque
1516 1324 1949 1395 penetrationem
1994 1319 2197 1391 proprii

604 1422 843 1490 fulgoris,
874 1420 1073 1489 ubique
1093 1435 1192 1488 per
1211 1432 1400 1473 omnes
1418 1432 1547 1473 suos
1575 1416 1835 1471 terminos
1862 1412 2193 1469 intendebat.

605 1512 829 1567 Sursum
877 1512 1022 1565 enim
1068 1509 1258 1563 mther'l
1306 1515 1424 1562 erat
1461 1507 1710 1577 caeloque
1741 1505 1976 1571 vicinus;
2015 1503 2199 1558 latitu-

606 1603 735 1682 dine
756 1611 936 1657 autem
964 1602 1214 1657 boreales
1240 1600 1399 1655 simul
1421 1607 1478 1654 et
1503 1599 1789 1679 australes,
1820 1611 2057 1666 eoasque
2074 1611 2202 1667 par-

606 1685 708 1760 tes,
744 1709 954 1750 necnon
1005 1702 1060 1749 et
1107 1691 1359 1748 occiduas
1404 1690 1790 1760 contingebat,
1822 1689 2022 1760 quippe
2049 1686 2203 1756 cujus

607 1796 801 1843 natura
852 1785 1028 1843 lucida
1071 1794 1171 1840 est-
1202 1792 1368 1854 atque
1419 1783 1705 1853 perspicua
1728 1821 1744 1846 ,
1794 1788 2021 1851 propter
2058 1777 2203 1848 quod

2288 595 2557 652 vocitatur
2584 591 2811 653 Antifer.
2844 591 3095 657 omnium,
3114 589 3352 645 siderum
3381 586 3755 658 pulcherrima
3787 598 3895 639 ιιο-

2289 688 2545 752 minatur,
2593 696 2615 725 ·
2655 701 2765 741 non
2804 694 3028 755 propter
3059 684 3316 739 eximiam
3353 678 3897 751 compaginationem

2291 779 2679 843 membrorum,
2709 791 2832 846 quae
2851 776 3000 832 nulla
3022 783 3147 832 sunt
3173 774 3256 838 ei,
3283 772 3382 828 sed
3405 772 3531 843 quia
3559 772 3750 826 laetum
3779 769 3899 823 ala-

2293 886 2552 941 cremque
2597 870 2862 939 fulgorem
2892 868 3090 925 nostris
3134 865 3397 938 impendit
3432 864 3739 921 obtutibus.
3784 861 3905 916 llu-

2290 964 2529 1036 jusmodi
2576 977 2707 1032 ergo
2746 962 2843 1018 Dei
2881 961 3250 1017 testimonium
3270 1004 3285 1028 ,
3334 975 3444 1016 non
3483 959 3551 1014 ad
3578 959 3692 1014 boc
3718 958 3907 1013 solum

2295 1055 2518 1126 respicit
2536 1055 2680 1125 quod
2709 1068 2808 1124 per
2826 1068 2889 1109 se
2915 1053 3009 1108 lux
3036 1053 3178 1109 bona
3208 1059 3294 1108 est
3319 1060 3377 1107 et
3400 1051 3641 1122 jucunda
3665 1065 3911 1107 cernen-

2298 1148 2443 1203 tibus
2460 1188 2476 1217 ,
2505 1146 2600 1201 sed
2629 1145 2793 1200 etiam
2820 1152 3045 1216 propter
3077 1144 3367 1201 utilitatem
3394 1158 3514 1214 qua:
3541 1141 3910 1213 postmodum

2300 1253 2369 1294 ex
2396 1253 2462 1293 ea
2484 1237 2583 1292 fuit
2605 1236 2799 1293 collata
2829 1235 3174 1302 mortalibus,
3205 1235 3406 1291 bonam
3432 1234 3591 1290 dixit.
3653 1233 3730 1286 Et
3749 1249 3913 1305 sepa-

2300 1328 2434 1383 ravit
2461 1325 2602 1382 Deus
2624 1320 2759 1381 inter
2779 1327 2945 1381 tacent
2982 1333 3033 1379 et
3075 1324 3344 1393 tenebras,
3377 1324 3431 1381 id
3460 1333 3547 1381 est
3575 1324 3914 1380 incommix—

2301 1425 2414 1471 tam
2456 1424 2703 1471 naturam
2733 1416 2944 1471 illarum
2966 1456 2985 1481 ,
3017 1414 3229 1484 sibique
3252 1431 3325 1471 ex
3353 1415 3759 1471 contrarietate
3786 1411 3906 1468 dis-

2302 1524 2490 1580 parem
2532 1507 2846 1574 fabricavit;
2876 1506 3078 1578 quippe
3104 1522 3239 1577 quas
3264 1506 3491 1577 prolixis
3532 1522 3565 1561 a
3604 1520 3670 1561 se
3719 1505 3916 1575 spatiis

2304 1610 2361 1656 et
2388 1600 2634 1656 destituit
2654 1608 2711 1655 et
2737 1599 3012 1664 discrevit,
3043 1600 3185 1655 sicut
3209 1599 3412 1655 dictum
3439 1606 3526 1654 est
3551 1616 3563 1650 :
3607 1596 3681 1651 Et
3709 1597 3913 1652 vocarit

2306 1692 2449 1748 Deus
2478 1694 2642 1763 lucem
2671 1693 2828 1759 diem,
2859 1701 2909 1747 et
2930 1676 3172 1748 tenebras
3198 1693 3394 1748 vocavit
3424 1701 3647 1747 noctem.

2380 1786 2434 1841 8.
2476 1786 2627 1842 Nunc
2658 1786 2874 1856 quidem
2904 1795 3029 1857 post
3056 1786 3189 1842 solis
3212 1786 3547 1841 creationem
3571 1784 3695 1840 dies
3718 1784 3915 1856 appel-

609 1881 785 1935 nullas
833 1893 1013 1934 moras
1063 1885 1158 1932 aut
1196 1845 1445 1945 tempora
1475 1845 1569 1929 lui
1595 1889 1695 1944 per
1731 1845 1863 1928 Velim
1892 1845 2206 1927 commeans
2235 1845 2284 1906 Β
2310 1876 2473 1943 latnt,
2504 1876 2558 1933 id
2579 1884 2662 1933 est
2677 1845 2785 1933 ’θει-
2813 1876 2831 1916 ῐ
2859 1845 2978 1933 εόιθ
3006 1876 3326 1943 illustratus,
3353 1891 3476 1932 cum
3505 1875 3559 1931 in
3587 1845 3921 1946 hamis-plna-

610 1972 933 2029 sustinebat.
984 1968 1137 2025 Sicut
1182 1968 1327 2023 enim
1376 1968 1600 2022 obtutus
1646 1972 1892 2029 nostros,
1946 1963 2064 2019 sine
2093 1961 2204 2016 ullo

609 2070 890 2120 momento
920 2060 1180 2131 temporis
1204 2101 1220 2126 ,
1260 2073 1354 2115 aer
1398 2072 1526 2112 mox
1572 2056 1642 2111 ad
1683 2071 1748 2112 ea
1792 2054 1973 2122 dirigit
1997 2068 2118 2123 quae
2138 2053 2210 2107 vi-

610 2157 836 2221 dentur;
866 2155 944 2209 ita
972 2153 1108 2208 lucis
1134 2166 1415 2207 accessum
1432 2150 1715 2216 velociter,
1748 2156 1805 2205 et
1833 2148 1982 2204 omni
2011 2146 2208 2202 celeri-

612 2257 727 2302 tate
755 2253 1100 2317 perceptum,
1148 2259 1246 2314 per
1266 2257 1455 2298 omnes
1496 2241 1629 2297 lines
1667 2256 1776 2297 suae
1818 2239 2212 2310 complexionis

614 2338 828 2395 infudit.
877 2336 1072 2393 Etber
1108 2351 1326 2407 quoque
1354 2336 1635 2390 venustius
1656 2342 1683 2372 ι
1707 2334 2065 2389 illuminatum
2095 2331 2213 2387 efﬁ-

618 2432 762 2488 citur
788 2474 804 2499 ,
847 2438 905 2485 et
948 2444 1103 2500 aqua:
1148 2427 1541 2499 splendidiores
1565 2435 1866 2499 apparent,
1904 2442 2012 2482 non
2040 2425 2215 2481 solum

617 2524 744 2594 quia
798 2522 932 2578 lucis
964 2520 1201 2577 candore
1243 2521 1559 2585 lustrantur,
1604 2520 1699 2576 sed
1726 2520 1893 2574 etiam
1932 2533 2216 2589 repercus-

617 2616 772 2671 sione
801 2615 920 2685 ejus
943 2614 1243 2669 emicantes
1267 2654 1282 2679 ,
1326 2613 1613 2668 clariorem
1659 2611 1895 2668 reddunt
1933 2610 2074 2666 aeris
2102 2609 2218 2665 effl-

621 2707 783 2774 giein.
811 2704 888 2759 Ita
918 2704 1099 2759 omnia
1127 2718 1236 2759 vox
1274 2703 1478 2770 divina,
1514 2711 1668 2771 grata
1686 2710 1741 2757 et
1768 2688 1996 2758 honesta
2019 2700 2222 2756 consti-

618 2796 741 2849 ttn‘t.
796 2793 931 2849 Nam
978 2794 1119 2851 sicut
1167 2793 1222 2848 hi
1266 2794 1359 2862 qui
1400 2793 1508 2849 olei
1557 2793 1844 2864 aspergine
1882 2792 2223 2863 perspicuum

619 2888 721 2943 sibi
759 2886 1083 2957 profundum
1131 2887 1298 2941 maris
1344 2885 1619 2952 efﬁciunt,
1645 2887 1726 2942 sic
1771 2901 1951 2940 rerum
1978 2884 2228 2940 conditor

622 2981 766 3034 Deus
798 2981 882 3034 sui
912 2980 1022 3034 oris
1051 2979 1236 3034 afﬂatu
1255 3020 1269 3045 ,
1298 2978 1690 3047 jucunditatem
1724 2978 1878 3040 lucis,
1913 2975 2116 3031 mundo
2141 2989 2228 3029 rc-

629 3078 795 3136 pente
819 3070 1120 3125 constituit.
1152 3069 1281 3123 Fiat
1299 3070 1413 3133 tux,
1447 3069 1584 3124 dixit
1612 3070 1794 3125 Deus:
1828 3068 2229 3136 confestimque

626 3159 921 3229 praeceptio
949 3160 1048 3215 fuit
1073 3176 1210 3231 opus
1235 3201 1250 3226 ,
1304 3169 1358 3215 et
1406 3148 1549 3216 facta
1573 3170 1762 3217 natura
1792 3171 1875 3217 est
1894 3204 1909 3229 ,
1938 3162 2065 3231 quia
2096 3145 2230 3215 nihil

628 3249 1002 3317 voluptuosius
1052 3250 1105 3303 in
1142 3250 1370 3305 fruendo
1400 3250 1784 3319 cogitationem
1811 3252 2013 3321 poterit
2038 3251 2219 3306 subire

576 3408 595 3415 ,ν
633 3338 966 3393 mortalium.
1008 3338 1114 3394 Sed
1144 3348 1198 3394 et
1234 3342 1279 3393 si
1313 3340 1530 3410 quando
1566 3356 1757 3396 vocem
1786 3357 2223 3412 sermonemque,

632 3430 719 3485 vel
744 3429 1165 3500 praeceptionem
1193 3429 1289 3485 Dei
1308 3429 1565 3497 dicimus,
1606 3430 1773 3487 debes
1803 3431 2086 3488 advertere
2120 3449 2229 3490 non

635 3521 940 3593 intentione
968 3520 997 3560 δ
1032 3530 1293 3592 motuque
1329 3522 1576 3593 corporis
1602 3538 1794 3580 vocem
1829 3522 2107 3582 reddentis
2134 3541 2227 3580 so-

635 3631 762 3671 num
789 3615 1098 3686 quempiam
1127 3615 1387 3672 destinari
1405 3657 1421 3682 .
1452 3631 1553 3673 nec
1575 3631 1758 3673 aerem
1787 3618 1966 3685 lingua
1992 3628 2013 3657 ο
2037 3618 2229 3673 verbe-

582 3704 589 3709 ’
634 3716 814 3763 ratum
833 3748 850 3774 ,
880 3722 1001 3764 esse
1027 3706 1125 3764 Dei
1151 3724 1490 3766 sermonem:
1538 3708 1633 3766 sed
1659 3706 1954 3766 voluntatis
1981 3725 2091 3766 sua:
2110 3724 2200 3764 mo
2216 3740 2231 3751 -

636 3808 879 3855 mentum
899 3839 915 3864 ,
947 3800 1203 3869 quoniam
1251 3810 1479 3873 propter
1514 3817 1611 3858 eos
1638 3803 1731 3872 qui
1756 3802 2023 3859 docentur
2051 3803 2234 3858 utilius

636 3906 757 3947 esse
802 3906 1118 3961 censemus,
1169 3894 1449 3963 speciatim
1498 3894 1728 3962 figurare
1772 3903 2124 3966 praeceptum.
2165 3895 2234 3947 Et

600 4038 609 4041 _
637 3984 765 4037 vidit
798 3982 938 4039 Deus
969 3986 1089 4056 quia
1128 3986 1220 4040 tua:
1254 3985 1412 4042 bona.
1452 3986 1656 4053 Quibus
1686 3988 1848 4057 igitur
1885 3989 2061 4044 lucem
2088 3988 2233 4044 cele-

638 4076 800 4131 brare
828 4092 928 4132 nos
957 4077 1256 4147 poterimus
1286 4078 1553 4145 laudibus,
1588 4095 1711 4135 cum
1738 4081 1847 4137 tale
1867 4080 1936 4136 de
1963 4096 2060 4137 sua
2088 4081 2237 4137 boni-

640 4173 754 4219 tate
780 4165 1146 4221 testimonium
1177 4182 1207 4221 a
1229 4166 1524 4224 Conditore
1550 4170 1845 4224 meruerit?
1873 4170 2024 4225 Licet
2053 4170 2236 4225 divina

639 4255 805 4311 verba
838 4265 1053 4312 nostros
1093 4258 1245 4327 paria
1273 4259 1464 4315 oculos
1504 4259 1573 4315 de
1604 4261 1693 4314 illa
1715 4260 1963 4329 judicare
1991 4263 2233 4332 compel-

537 4379 541 4383 ρ
640 4344 773 4409 lant,
806 4362 930 4401 nam
958 4361 1137 4402 sermo
1158 4363 1267 4403 non
1296 4347 1497 4404 sufﬁcit
1523 4350 1796 4419 explicare
1823 4359 2085 4420 quantum
2114 4368 2238 4411 sen-

574 4468 581 4472 -
639 4454 732 4492 sus
760 4439 895 4494 aciei
925 4441 1261 4509 praeveniens
1290 4449 1595 4498 attestatur.
1631 4444 1687 4499 Si
1719 4447 1862 4501 enim
1893 4448 2237 4518 pulchritudo

640 4544 905 4598 corporea
943 4545 1010 4583 ex
1039 4528 1067 4567 ἀ
1097 4532 1354 4588 membris
1397 4533 1541 4590 inter
1574 4552 1634 4593 se
1676 4538 1779 4594 rite
1812 4542 2155 4611 compositis,
2182 4550 2238 4597 et

608 4635 705 4679 ,ex
731 4620 928 4674 coloris
955 4630 1241 4679 venustate
1268 4623 1549 4694 formatur,
1580 4633 1856 4699 quomodo
1881 4634 2052 4690 lucem
2082 4638 2236 4707 cujus
2264 4597 2320 4658 Β

534 4722 543 4730 ’
642 4718 834 4766 natura
862 4713 1088 4784 simplex
1116 4725 1231 4784 est,
1259 4717 1469 4789 sibique
1491 4735 1588 4790 per
1615 4725 1793 4779 omnia
1825 4727 2012 4783 similis
2032 4770 2046 4794 ,
2076 4731 2229 4799 plena

638 4799 1021 4869 praedicatione
1063 4807 1207 4876 quod
1248 4808 1392 4864 bona
1438 4811 1544 4879 sit,
1586 4828 1869 4883 possumus
1917 4820 2233 4889 explicare?

636 4890 715 4946 ita
740 4891 885 4947 enim
919 4903 974 4950 et
1010 4911 1203 4951 aurum
1242 4898 1443 4955 bonum
1467 4900 1746 4969 dicimus,‘
1780 4922 1889 4961 non.
1928 4909 2053 4977 quia
2095 4912 2232 4965 bene

712 5083 735 5108 ιι
771 5072 931 5149 _Cnlb.
965 5072 1263 5149 secundus,
1298 5075 1623 5149 illuminatns
1665 5081 1914 5149 eﬂtcitur;
1966 5091 2019 5139 et
2063 5086 2136 5140 ita
2164 5102 2230 5143 ex

636 5143 833 5221 regulis
859 5145 1222 5221 grammaticis
1251 5146 1354 5213 legi
1393 5143 1924 5221 oporteregputarem
1945 5196 1960 5221 ,
1998 5156 2098 5211 nisi
2125 5174 2231 5213 vox

638 5214 797 5299 {vtltelr
818 5216 1253 5299 essetﬂneutrius
1289 5214 1504 5299 generis
1534 5214 1697 5299 apud'
1724 5214 2064 5299 Eustathium
2084 5269 2098 5293 ,
2139 5229 2232 5299 qui

641 5285 693 5335 in
728 5283 861 5335 libro
889 5284 1051 5337 tertio
1095 5285 1235 5339 ultra
1271 5285 1505 5341 medium
1537 5283 1617 5343 sic
1642 5291 1889 5360 scripsit,
1940 5283 2102 5351 rather
2130 5283 2229 5352 αἶα»

644 5362 743 5402 ίωη
763 5353 873 5405 auis
904 5352 1098 5405 dubitet
1121 5356 1413 5405 ﬂammeum
1436 5358 1588 5405 esse?

644 5353 1241 5504 :L’:.qusiti1,uilii::‘tig:;n
1245 5358 1608 5496 1123ἕᾶ3ξέ1
1639 5433 1808 5486 nostri
1841 5441 1951 5489 tres
1973 5453 2124 5504 mss,
2146 5442 2229 5495 in—

596 5526 597 5529 η
638 5496 865 5543 teutione
891 5498 1147 5559 motuque.
1217 5536 1232 5553 ,
1699 5541 1702 5545 .

659 5558 950 5649 Editi,
991 5558 1308 5649 verberatum
1356 5583 1669 5649 sermonem1
1727 5572 1880 5649 Colb.
1933 5580 2224 5649 secundus,

640 5629 955 5714 verberatum
1005 5648 1117 5687 esse
1156 5629 1255 5684 Dei
1299 5650 1601 5693 sermonem.
1649 5640 1705 5695 In
1747 5629 1955 5714 Graeco,
1971 5629 2229 5708 23-?

640 5696 801 5752 λόἾῦνο
1548 5742 1553 5749 ε

729 5730 801 5751 π,
1548 5742 1553 5749 .

703 5730 744 5806 Id
767 5765 918 5821 Colb.
952 5767 1247 5841 secundus,
1274 5788 1339 5829 ex
1367 5778 1607 5835 membris
1635 5792 1684 5835 et
1712 5787 1966 5845 coloribus
1998 5792 2129 5845 inter
2156 5809 2211 5847 se

2309 1968 2394 2023 rio
2435 1967 2582 2037 quod
2621 1983 2784 2038 supra
2812 1976 3016 2023 terram
3041 1975 3126 2023 est
3152 1974 3550 2034 commoratur;
3583 1981 3700 2021 nox
3726 1974 3914 2023 autem

2313 2058 2512 2115 dicitur
2540 2068 2697 2114 terrzc
2723 2059 3070 2115 obumbratio
3092 2100 3108 2123 ,
3157 2075 3279 2131 quae
3310 2060 3426 2117 sole
3466 2060 3520 2115 in
3548 2074 3754 2118 occasu
3782 2075 3919 2115 con-

2313 2150 2428 2208 dito
2473 2159 2791 2220 generatur,
2856 2160 2987 2207 tunc
3032 2159 3217 2208 autem
3269 2168 3379 2209 non
3430 2151 3609 2208 solum
3664 2151 3923 2223 corporis

2315 2250 2466 2297 motu
2495 2284 2509 2311 ,
2550 2241 2649 2297 sed
2692 2241 2980 2299 diﬂ'usione
3021 2243 3338 2315 principalis
3382 2244 3621 2309 luminis,
3650 2243 3835 2320 modo
3860 2258 3922 2299 se

2317 2333 2698 2398 subducentis,
2749 2334 2912 2391 modo
2939 2334 3122 2391 denuo
3151 2335 3483 2401 reducentis,
3511 2334 3820 2392 secundum
3848 2335 3926 2391 di-

2318 2426 2501 2480 vinam
2527 2427 2944 2497 praeceptionem
2972 2426 3089 2484 dies
3111 2428 3294 2494 ﬁebat,
3318 2443 3535 2499 noxque
3563 2429 3917 2498 sequebatur.

2324 2516 2393 2571 Et
2420 2518 2562 2589 facta
2599 2528 2676 2573 est
2722 2536 2959 2591 vespera,
3005 2529 3057 2575 et
3092 2523 3287 2593 factum
3322 2530 3400 2576 est
3435 2537 3590 2576 mane
3616 2522 3730 2577 dies
3758 2538 3920 2576 unus.

2324 2610 2577 2681 Vespera:
2606 2611 2768 2680 igitur
2786 2606 3146 2684 nuncupatio,
3172 2615 3533 2671 communiter
3564 2614 3924 2684 intelligenda

2325 2713 2429 2762 est.
2468 2704 2601 2759 Nam
2624 2713 2680 2760 et
2704 2706 2995 2776 incipiente
3022 2706 3130 2774 die,
3162 2714 3220 2764 et
3244 2708 3315 2764 ad
3341 2720 3596 2766 occasum
3630 2719 3917 2778 vergente.

2328 2813 2438 2853 nox
2467 2798 2517 2852 ei
2558 2813 2657 2853 sua
2692 2798 2969 2855 vicinitate
3006 2801 3259 2870 contigua
3300 2807 3385 2858 est
3413 2820 3426 2854 :
3459 2807 3825 2857 verumtamen
3856 2810 3923 2856 ut

2333 2889 2629 2945 nativitatis
2663 2889 2867 2946 dim-nte
2902 2891 3180 2962 privilegia
3211 2901 3518 2949 resonaret
3537 2936 3551 2961 ,
3581 2893 3722 2949 dixit
3747 2893 3927 2964 primo

2333 2996 2612 3051 vesperam
2639 3025 2653 3049 ,
2703 2983 2889 3039 diebus
2933 2985 3058 3054 quia
3104 2994 3211 3040 nox
3242 2985 3387 3065 diem
3413 2986 3726 3042 comitatur.
3794 2985 3929 3041 Nam

2335 3075 2622 3143 antequam
2650 3075 2741 3129 lux
2766 3083 3061 3143 crearetur,
3091 3076 3208 3133 nox'
3230 3093 3338 3133 non
3362 3077 3669 3133 habebatur
3696 3079 3753 3133 in
3774 3094 3930 3133 mun-

2326 3162 2407 3244 _do
2427 3207 2442 3230 ,
2485 3165 2577 3220 sed
2610 3167 2861 3221 tenebar.
2910 3165 3263 3225 Obumbratio
3292 3184 3421 3239 ergo
3451 3178 3609 3224 terrae
3646 3184 3807 3239 quam
3832 3187 3931 3226 su-

2325 3249 2438 3324 lpra
2470 3254 2701 3312 diximus
2739 3257 3063 3314 intercidens
3097 3258 3241 3314 diem
3283 3275 3392 3315 nox
3421 3261 3690 3331 appellata
3716 3269 3837 3316 est:
3871 3270 3932 3319 et

2334 3344 2439 3401 deo
2467 3363 2610 3403 novo
2651 3350 2869 3406 nomine
2913 3360 3039 3422 post
3066 3355 3471 3421 generationem
3525 3358 3758 3412 vocitata
3803 3365 3929 3412 est:

2336 3436 2506 3503 Facta
2552 3449 2628 3494 est
2665 3442 2839 3513 itaque
2884 3459 3113 3514 vespera,
3163 3455 3214 3499 et
3253 3447 3448 3517 factum
3483 3457 3561 3501 est
3597 3465 3792 3502 mane:
3820 3464 3935 3507 non

2335 3529 2473 3585 dixit
2493 3531 2604 3585 dies
2633 3542 2788 3605 atque
2816 3551 2922 3589 nox
2942 3578 2957 3602 ,
2985 3536 3081 3592 sed
3110 3544 3338 3608 Vespera
3367 3548 3420 3595 et
3445 3554 3631 3604 mane,
3665 3549 3724 3594 ut
3757 3546 3935 3596 foca-

2336 3623 2448 3679 buli
2503 3624 2756 3680 videlicet
2815 3626 3133 3696 dignitatem
3186 3631 3329 3701 parti
3387 3630 3591 3687 meliori
3641 3632 3937 3690 tribueret.

2338 3713 2472 3770 Nam
2513 3716 2630 3771 dies
2675 3733 2829 3788 aeque
2875 3735 3156 3792 vesperam
3202 3737 3470 3795 maneque
3515 3723 3816 3793 contingit,
3876 3733 3938 3781 et

2338 3809 2478 3866 hanc
2509 3812 2960 3868 consuetudinem
2991 3814 3233 3885 reperies
3259 3816 3462 3886 ubique
3488 3816 3755 3872 custodire
3779 3815 3936 3872 Seria

2335 3910 2551 3974 pturam
2612 3905 2666 3959 in
2707 3906 3038 3976 temporibus
3096 3908 3459 3981 numerandis.
3521 3909 3753 3965 Dicimus
3790 3909 3939 3965 enim

2342 4004 2424 4048 tot
2451 3996 2567 4051 dies
2595 3996 2811 4066 elapsos
2833 4013 2974 4061 esse,
3008 3999 3207 4054 nullam
3237 3999 3502 4057 facientes
3531 4003 3774 4058 noctium
3797 3986 3940 4058 men-

2341 4090 2547 4144 tionem
2568 4133 2582 4156 ,
2624 4090 2763 4146 sicut
2800 4092 3040 4162 psalmus
3068 4093 3262 4150 docet:
3295 4094 3420 4150 Dies
3450 4112 3710 4151 annorum
3738 4106 3942 4151 nosnos

2340 4197 2455 4234 rum
2487 4181 2661 4252 (Psal.
2697 4184 2918 4248 uisam,
2951 4185 3061 4254 10).
3096 4184 3161 4240 Et
3190 4187 3388 4243 iterum
3415 4187 3587 4244 Jacob
3617 4209 3630 4243 :
3664 4188 3792 4243 Dies
3820 4180 3942 4244 vitae

2339 4290 2468 4328 mea:
2494 4275 2663 4330 breves
2698 4287 2720 4319 κ
2742 4286 2791 4331 et
2814 4279 2939 4331 ntali
2960 4277 3112 4350 (Gen.
3146 4296 3309 4343 XLvn,
3336 4279 3413 4350 9).
3444 4280 3513 4335 Et
3543 4282 3668 4337 alibi
3697 4302 3709 4336 :
3744 4283 3941 4338 Omnes

2338 4366 2455 4420 dies
2477 4369 2596 4423 vim
2622 4385 2749 4425 mea:
2789 4369 2959 4442 (Psal.
2998 4388 3128 4441 xxn,
3161 4371 3243 4443 6):
3280 4371 3424 4442 Ergo
3454 4390 3574 4444 quae
3604 4383 3731 4430 tunc
3763 4374 3945 4429 histo-

2345 4457 2437 4511 ria?
2457 4474 2619 4514 causa
2632 4460 2802 4515 relata
2825 4468 2972 4530 sunt,
2995 4479 3094 4533 pro
3116 4463 3322 4533 legibus
3343 4465 3395 4519 in
3412 4474 3690 4535 posterum
3712 4466 3945 4524 valitura

2344 4549 2577 4619 scriptor
2596 4551 2845 4607 instituit.
2864 4550 2933 4606 Et
2950 4555 3050 4624 fuit
3069 4572 3298 4626 vespera,
3311 4569 3359 4610 et
3373 4558 3473 4628 fuit
3486 4574 3640 4612 mane
3658 4558 3767 4613 dies
3789 4542 3941 4612 unus.

2345 4639 2706 4706 Quamobrem
2734 4659 2841 4699 non
2876 4644 3032 4712 dixit,
3070 4647 3294 4716 primus,
3329 4647 3425 4702 sed
3461 4647 3943 4706 nnus?~Ethcerte

2343 4735 2757 4805 consequentius
2772 4735 2945 4792 fuerat
2959 4738 3029 4802 ei,
3046 4738 3138 4807 qui
3152 4738 3390 4795 dicturus
3409 4750 3528 4796 erat
3546 4741 3613 4797 de
3629 4742 3871 4798 secundo
3888 4752 3946 4797 et

2339 4826 2519 4888 tertio,
2548 4835 2603 4880 et
2623 4836 2840 4897 quarto,
2863 4829 3094 4898 primum
3115 4830 3257 4886 diem
3279 4833 3461 4904 potius
3478 4835 3758 4905 appellare
3779 4852 3945 4907 quam

2339 4930 2521 4970 unum.
2548 4916 2654 4972 Sed
2676 4917 2779 4974 hoc
2798 4918 2952 4983 dixit,
2975 4928 3067 4975 aut
3088 4936 3399 4999 mensuram
3425 4924 3533 4983 diei
3555 4926 3713 4983 simul
3748 4930 3927 4984 noctis

2340 5098 2636 5174 compositis
2657 5106 2706 5151 et
2731 5114 2796 5152 ex
2815 5109 3077 5154 venustate
3104 5103 3379 5174 fonnatur.

2416 5164 2462 5249 ξ’
2479 5164 2672 5249 godex
2703 5184 2861 5249 unus,
2888 5186 2991 5249 non
3010 5164 3321 5249 praesignia
3349 5179 3825 5249 compaginatione.

2334 5233 2655 5359 un‘uﬁditi,
2689 5239 2797 5293 sole
2825 5233 3094 5298 lustratus.
3135 5242 3292 5301 Colb.
3335 5233 3938 5318 secu'nd.u5,soievillu-

2408 5386 2443 5463 tt
2473 5375 2967 5463 ροιιξβςξίιιρηᾱιες..2
2996 5382 3170 5463 breves
3205 5398 3255 5443 et
3280 5392 3517 5463 ntaligni.
3558 5391 3753 5449 Statim
3780 5395 3937 5462 editi,

2331 5461 2449 5534 qua:
2469 5449 2850 5534 .historiw.
2885 5449 3032 5509 Libri
3051 5449 3439 5534 veteremque
3467 5473 3586 5518 tunc
3613 5449 3871 5520 historiae.
3902 5504 3907 5511 ς

2406 5514 2451 5607 l1
2466 5516 2612 5607 Editi
2634 5563 2656 5607 ,ι
2679 5523 2801 5607 quia
2828 5534 2981 5607 certe.
3002 5596 3015 5607 _
3034 5514 3576 5607 Antiquilduoilibri',‘
3601 5514 3936 5591 83:21..

2334 5584 2544 5675 ρῃεοο,
2575 5584 2658 5647 καὶ
2691 5584 2857 5675 ’ῖοεγι
2903 5594 3106 5675 Ibidem
3145 5584 3300 5667 eam;
3326 5584 3935 5675 ἱιὶιῐῖιὲᾷὀίῖιιὶιῖιὲἷὲξὶ

2335 5656 2801 5787 "secandus
2823 5708 2836 5731 ,
2877 5667 2966 5736 qui
2990 5668 3221 5726 dicturus
3241 5656 3387 5728 era}.
3402 5656 3506 5730 Alii
3519 5656 3822 5742 ilroms'sZ,

2628 5944 2665 5952 ..-
