4244 6254
1356 381 1745 443 HEXAEMERI
1780 340 2266 439 veniremus
2303 377 2504 434 manu
2544 376 2627 434 Ill.
2972 373 2981 376 ‘
3541 382 3665 447 sm

374 509 490 564 que
517 493 795 556 deﬁniens,
820 505 875 550 et
906 504 1114 566 tempus
1143 507 1166 532 Α
1202 499 1476 565 utriusque
1503 497 1834 565 conjungens
1860 514 1871 548 :
1896 504 1956 549 ut
1986 498 2035 558 Α,
2059 496 2225 549 lorum
2242 510 2353 547 esse
2373 494 2586 557 swcala,
2620 503 2800 546 tamen
2834 507 2933 547 nec
2955 492 3028 548 ibi
3056 491 3308 563 primum,
3337 503 3429 548 aut
3458 508 3651 549 secun-

383 586 574 653 viginti
600 594 829 655 quatuor
856 588 1003 641 hora:
1049 588 1205 641 unius
1242 589 1471 658 spatium
1518 588 1625 643 diei
1656 588 1967 642 viderentur
2072 586 2218 652 dum,
2250 593 2343 640 aut
2372 586 2586 639 tertium
2626 584 2878 639 sacculum
2908 594 3237 655 numeratur.
3279 584 3657 643 Unde-causa-

379 384 480 435 889
533 411 536 414 ~

386 676 621 743 efficere,
647 676 1086 732 subaudientibus
1113 678 1358 733 videlicet
1382 678 1566 742 nobis,
1597 679 1724 747 quia
1752 691 1963 732 nuncu-

388 766 609 838 patione
625 766 750 832 diei,
773 782 880 822 nox
898 782 1112 839 quoque
1130 767 1293 823 debet
1313 768 1554 839 intelligi.
1580 767 1752 833 Unde,
1769 768 1964 824 etiam-

385 856 432 910 si
453 870 616 909 unum
637 869 704 909 ex
724 856 806 910 his
828 853 941 911 ﬁeri
967 856 1285 924 longiorem,
1306 856 1575 912 solstitiali
1595 857 1970 913 immutatione

384 947 699 1015 contigerit,
744 945 1062 1016 praefinitum
1093 958 1273 1003 tamen
1316 957 1527 1019 tempus
1553 949 1811 1004 horarum
1839 950 1973 1004 utri-

383 1051 557 1106 usque
600 1037 978 1108 complectitur
1022 1037 1322 1104 intervalla,
1379 1049 1631 1111 tanquam
1679 1042 1725 1097 si
1773 1041 1975 1097 dixeris

388 1128 574 1197 viginti
599 1137 833 1196 quatuor
861 1129 1022 1185 horas
1049 1130 1119 1185 ad
1141 1146 1450 1186 mensuram
1480 1132 1639 1187 unius
1664 1131 1771 1186 diei
1805 1133 1975 1203 perti-

390 1220 505 1274 neri
533 1237 546 1272 :
577 1219 665 1276 vel
691 1235 860 1274 unum
885 1219 1110 1276 forsitan
1136 1222 1300 1289 dixit,
1334 1223 1405 1279 ob
1434 1223 1558 1290 hoc,
1594 1224 1722 1293 quia
1750 1223 1805 1278 in
1831 1224 1973 1280 ctelo

388 1311 455 1365 de
478 1311 640 1366 certis
657 1311 821 1380 signis
841 1311 896 1365 in
916 1312 1105 1370 eadem
1129 1313 1325 1368 iterum
1346 1314 1446 1369 sub
1467 1329 1575 1369 uno
1594 1313 1682 1369 die
1701 1316 1977 1384 processio

366 1404 516 1460 ‘solis
543 1414 601 1462 et
624 1408 866 1462 reversio
893 1408 1213 1463 celebratur.
1263 1405 1343 1463 Ita
1390 1409 1603 1478 quoties
1627 1422 1852 1479 vespera
1890 1409 1975 1465 vel

368 1512 568 1565 'mane,
610 1498 901 1557 secundum
949 1500 1079 1555 solis
1123 1500 1407 1555 circuitum
1428 1541 1443 1565 ,
1477 1507 1742 1556 terrarum
1788 1501 1978 1556 orbem

390 1589 786 1659 complectitur,
809 1605 917 1646 non
943 1591 1205 1661 ampliore
1231 1602 1477 1663 tempore
1498 1608 1661 1662 quam
1691 1592 1848 1647 unius
1872 1592 1981 1649 diei

2073 689 2191 730 rum
2212 675 2392 745 potius
2410 672 2741 728 diversarum
2761 680 3085 745 actuumque
3104 673 3450 741 dill'erentias,
3472 684 3528 730 et
3548 691 3657 733 non

2074 766 2390 822 saeculorum
2419 765 2677 822 circuitus
2703 774 2760 821 et
2798 766 3165 822 successiones
3210 780 3275 821 ac
3323 768 3457 823 lines
3500 767 3661 823 datur

2077 857 2322 927 intelligi.
2351 855 2474 913 Dies
2499 858 2656 924 enim,
2682 857 2871 927 inquit,
2900 856 3115 913 Domini
3137 874 3353 930 magnus
3382 867 3433 912 et
3458 858 3659 914 lucidus

2079 947 2235 1019 (Joel.
2261 964 2318 1014 ιι,
2346 947 2458 1019 li).
2483 947 2551 1002 Et
2576 948 2703 1003 alibi
2733 967 2746 1002 :
2780 945 2918 1013 Quid
2950 948 3091 1004 vobis
3124 966 3351 1019 quwrere
3375 949 3511 1004 diem
3549 949 3661 1007 Do-

2077 1039 2243 1093 mini?
2272 1038 2373 1106 Qui
2400 1048 2570 1093 tamen
2611 1038 2853 1095 tenebras.
2886 1038 3055 1105 habet,
3084 1056 3189 1095 non
3213 1044 3376 1098 lucem
3404 1041 3584 1111 (Amos
3603 1057 3659 1108 v,

2078 1131 2192 1204 18).
2224 1131 2333 1188 Sed
2356 1133 2607 1188 tenebras
2632 1147 2725 1188 eas
2749 1132 2883 1188 dixit
2920 1132 3041 1203 quae
3085 1134 3355 1204 deputatae
3399 1142 3523 1189 sunt
3560 1134 3663 1191 sibi

2080 1222 2276 1293 dignis.
2307 1222 2442 1278 Nam
2467 1223 2807 1279 inocciduum
2830 1232 2887 1280 et
2912 1224 3298 1295 sempiternum
3327 1226 3469 1281 diem
3511 1226 3663 1281 illum

2080 1328 2261 1371 sermo
2281 1320 2529 1380 testatur,
2560 1329 2722 1384 quem
2748 1314 2910 1370 etiam
2932 1323 3183 1371 octavum
3212 1315 3451 1386 psalmus
3479 1317 3666 1388 appel-

2082 1404 2159 1482 lat
2201 1422 2214 1457 :
2246 1405 2445 1475 quippe
2488 1404 2582 1473 qui
2628 1412 2780 1460 extra
2826 1413 3039 1475 tempus
3084 1406 3332 1462 habetur.
3381 1404 3508 1462 Sive
3535 1421 3666 1476 ergo

2081 1495 2247 1558 diem.
2277 1495 2391 1550 sive
2414 1506 2437 1534 ο
2459 1496 2732 1561 saeculum,
2757 1496 2872 1550 sive
2900 1496 3190 1566 septimum
3216 1496 3416 1551 dixeris
3432 1537 3447 1562 ,
3478 1500 3546 1552 ex
3572 1512 3668 1552 co-

2079 1588 2206 1644 dem
2237 1588 2468 1643 trahitur
2501 1586 2794 1653 intellectu,
2822 1587 3168 1657 singulariter
3193 1593 3249 1642 et
3273 1602 3383 1643 non
3412 1587 3669 1657 multipli-

391 1682 597 1750 spatio,
649 1683 863 1753 propria
911 1683 1051 1738 solet
1095 1684 1358 1739 curricula
1405 1683 1648 1741 delinire.
1698 1684 1795 1740 Vel
1840 1685 1982 1740 sicut
2083 1681 2222 1737 citer
2245 1672 2566 1735 declaratur.
2609 1676 2795 1747 Itaque
2824 1685 2883 1732 ut
2924 1668 2995 1733 ad
3021 1676 3255 1733 futuram
3280 1678 3446 1733 vitam
3484 1687 3666 1734 nostra

389 1771 651 1826 secretior
688 1772 852 1827 tradit
894 1773 1053 1838 ratio,
1104 1773 1244 1829 Deus
1281 1790 1405 1829 cum
1444 1784 1692 1830 naturam
1722 1777 1983 1847 temporis
2083 1775 2317 1843 cogitata
2344 1772 2633 1841 dirigeret,
2662 1771 2805 1826 diem
2849 1772 3218 1842 principalem,
3261 1771 3355 1842 qui
3380 1779 3464 1828 est
3492 1772 3667 1841 imago

390 1871 722 1932 procrearet,
746 1871 802 1920 et
818 1879 1124 1920 mensuram
1145 1865 1196 1920 ei
1222 1865 1482 1935 signaque
1501 1874 1648 1922 certa
1675 1882 1745 1922 ex
1771 1867 1981 1924 dierum
2011 1872 2060 1932 Β
2083 1865 2425 1930 saeculorum,
2469 1879 2634 1919 unum
2682 1878 2791 1919 non
2831 1863 3101 1919 immerito
3126 1865 3416 1930 vocitavit,
3454 1871 3514 1919 ut
3541 1872 3670 1935 pote

367 1957 674 2012 constituit
700 1957 999 2013 intervallis
1041 1976 1055 2011 :
1102 1967 1160 2014 et
1197 1974 1297 2029 per
1323 1959 1681 2028 septimanam
1710 1962 1983 2017 numerari

391 2050 585 2115 voluit,
615 2065 843 2120 eamque
882 2066 1100 2122 semper
1122 2052 1177 2106 in
1205 2051 1549 2122 semetipsam
1576 2052 1816 2108 converti
1842 2067 1983 2123 prte-

392 2142 559 2212 cepit,
583 2150 789 2198 motum
815 2145 1078 2214 temporis
1096 2145 1430 2211 metientem,
1453 2160 1747 2216 rursusque
1767 2144 1797 2184 ιι
1819 2147 1985 2218 septi-

393 2236 608 2287 manam
630 2235 867 2305 suppleri
890 2235 1052 2305 jussit
1070 2238 1230 2293 unius
1256 2237 1364 2293 diei
1391 2239 1587 2308 spatio,
1627 2254 1748 2309 qua:
1786 2240 1986 2310 septies

395 2322 451 2378 in
478 2326 768 2397 semetipsa
795 2318 1108 2384 reﬂectitur.
1159 2329 1286 2386 Haec
1330 2331 1472 2387 enim
1500 2332 1641 2388 ratio
1667 2340 1749 2387 est
1774 2333 1987 2389 volubi-

364 2448 367 2453 ς
395 2413 524 2471 lium
547 2418 900 2487 schematum,
928 2428 1038 2476 uta
1062 2436 1123 2477 sc
1144 2422 1457 2493 incipientia
1478 2439 1693 2497 semper
1718 2425 1773 2479 in
1795 2432 1988 2481 semet-

396 2509 511 2581 ipsa
538 2510 798 2568 ferantur.
826 2516 827 2519 “
853 2512 1009 2581 Quod
1034 2515 1199 2578 etiam
1227 2516 1547 2572 saeculorum
1572 2517 1851 2588 proprium
1880 2526 1984 2585 est,

397 2618 515 2675 quas
540 2619 638 2675 per
663 2620 760 2660 sua
789 2620 849 2660 se
881 2606 1213 2662 incessanter
1244 2592 1466 2679 vestigia
1497 2609 1844 2677 revolvenda,
1877 2618 1989 2683 ter-

400 2697 602 2751 minum
631 2696 775 2751 nulla
804 2697 1017 2751 ratione
1043 2698 1365 2768 percipiunt.
1410 2697 1707 2770 Propterea
1729 2700 1988 2756 verticem

366 2813 373 2818 ~
399 2787 659 2857 temporis
686 2802 795 2841 non
825 2787 1078 2857 primum,
1110 2788 1204 2843 sed
1234 2804 1401 2843 unum
1430 2790 1759 2861 nuncupavit
1796 2790 1940 2845 diem
1971 2809 1983 2843 :

400 2885 461 2931 ut
487 2893 555 2931 ex
584 2878 697 2947 ipsa
726 2878 1126 2948 nuncupatione
1163 2893 1284 2933 cum
1326 2880 1526 2935 saeculo
1552 2880 1654 2935 sibi
1682 2886 1991 2935 servaretur

368 2992 373 2995 >
398 2967 650 3023 afﬁnitas.
684 2968 886 3025 Rerum
912 2971 1054 3025 enim
1082 2971 1422 3041 simplicium,
1446 2971 1684 3041 nihilque
1702 2984 1991 3027 commune

397 3075 519 3115 cum
561 3060 680 3115 aliis
725 3061 1071 3128 habentium,
1120 3063 1393 3133 specimen
1442 3062 1706 3128 indicans,
1751 3076 1990 3132 congrue

366 3176 369 3179 -
397 3151 611 3221 penitus
638 3160 694 3207 et
717 3152 973 3207 decenter
999 3154 1307 3208 nominatus
1334 3161 1417 3208 est
1452 3168 1609 3208 unus.
1639 3151 1708 3207 Et
1744 3152 1989 3223 quamvis

364 3260 370 3272 ι
396 3242 562 3298 multa
589 3244 786 3299 mula
820 3243 974 3300 nobis
1002 3243 1280 3325 Scriptura
1308 3244 1547 3301 declaret
1605 3244 1791 3301 dicens
1815 3261 1981 3300 sarca-
2009 3237 2059 3302 C

470 3378 743 3456 “‘Antiqui
791 3379 899 3456 duo
946 3379 1317 3456 [ibrictredith
1365 3384 1630 3456 utriusque
1657 3386 1980 3456 contingens.

398 3449 468 3523 _At
492 3446 647 3523 C_olb.
672 3446 973 3523 secundus,
1002 3451 1267 3523 attritasque
1296 3446 1637 3523 conjunge'ns,
1670 3461 1723 3523 et
1754 3446 1984 3509 ita'scri-

368 3518 631 3590 ’bendum
670 3519 1029 3588 indicavimus
1073 3520 1162 3590 ob,
1186 3518 1322 3575 illud
1353 3518 1644 3578 σὺνάτὶτων.
1676 3522 1799 3578 Mox
1828 3524 1978 3590 editi,

399 3588 871 3661 videntureﬁicere.
904 3590 973 3661 At
1001 3589 1169 3661 nostri
1195 3597 1310 3661 tres
1336 3606 1487 3657 mss.,
1519 3592 1836 3648 viderentur.

474 3659 497 3696 h
528 3657 746 3740 dntiqili
773 3657 880 3740 duo
912 3659 1120 3740 libri_et
1144 3659 1304 3740 editi,
1337 3677 1612 3740 rarsasqae
1641 3665 1983 3740 septimanam

474 3679 497 3696 "
528 3679 746 3740 Ληιιῳιι
773 3679 880 3741 εΙυυ
912 3679 1033 3713 ΙΙυΙΊ
1061 3679 1120 3741 Cl;
1144 3679 1304 3724 θαιιι,
1337 3679 1612 3785 rursusque
1641 3679 1983 3734 septtmanam

399 3728 638 3800 supplere
657 3738 815 3800 Justh
840 3730 994 3800 anius
1017 3728 1119 3800 die:
1138 3731 1325 3800 spatia.
1353 3729 1423 3783 At
1447 3728 1525 3786 Co
1549 3732 1601 3787 b.
1635 3734 1900 3788 secundus
1924 3743 1985 3788 ut

399 3796 753 3873 in'eontentu.
774 3798 981 3873 ibidem
1006 3796 1179 3873 codes
1209 3808 1412 3873 noster,
1443 3803 1529 3873 qui
1559 3804 1764 3873 septies.

475 3878 498 3905 ο
530 3867 917 3941 Εὰίιζθεϐοιι).
936 3869 1159 3941 prunus,
1184 3872 1289 3925 sive
1305 3867 1570 3937 saeculum,
1592 3867 1699 3933 sive
1716 3876 1989 3941 septimam

402 3938 620 4014 dixeris.
650 3938 801 4014 Golh.
833 3938 987 4014 alter,
1018 3940 1123 4014 sive
1160 3941 1439 3996 secundum
1466 3944 1738 4014 septimam
1768 3938 1982 3999 dixeris.

405 4005 572 4063 Vetus
617 4009 786 4064 codex
829 4010 920 4080 qui
966 4009 1106 4081 apud
1151 4026 1251 4067 nos
1297 4005 1560 4081 servatur,
1592 4014 1697 4068 sive
1741 4017 1986 4069 saeculum

2090 1957 2278 2013 lumini
2316 1970 2629 2025 atquaavum.
2682 1954 2812 2010 Dico
2840 1964 3022 2010 autem
3050 1962 3294 2011 sanctum
3334 1955 3671 2011 Dominicum

2086 2048 2180 2119 'qui
2204 2047 2605 2105 resurrectione
2646 2043 2975 2115 glorificatus
3021 2053 3105 2101 est
3131 2045 3445 2101 Salvatoris.
3475 2043 3539 2099 Et
3566 2046 3673 2103 hoc

2086 2148 2175 2195 est
2199 2139 2344 2209 quod
2371 2138 2507 2194 dixit
2536 2157 2549 2192 :
2579 2137 2751 2192 Facta
2778 2147 2855 2193 est
2874 2154 3103 2208 vespera,
3126 2148 3176 2192 et
3204 2140 3398 2211 factum
3424 2147 3501 2194 est
3519 2156 3672 2194 mane

2087 2227 2200 2285 dies
2227 2247 2379 2285 unus.
2410 2229 2517 2285 Sed
2545 2244 2783 2300 vesperae
2809 2218 3046 2300 quidem
3067 2228 3206 2285 illius
3245 2231 3482 2285 narratio
3510 2245 3671 2286 occu-

2075 2330 2247 2402 pata,
2280 2322 2531 2392 praesenti
2555 2335 2780 2392 vespera
2816 2320 3034 2376 modum
3060 2322 3239 2377 cursui
3267 2328 3463 2376 nostra:
3486 2320 3671 2392 dispu-

2090 2413 2313 2467 tationis
2340 2413 2587 2485 imponit.
2619 2410 2782 2469 Pater
2826 2420 3003 2468 autem
3029 2427 3172 2468 verte
3209 2413 3362 2479 lucis,
3409 2413 3501 2484 qui
3530 2407 3672 2469 diem

2068 2504 2295 2560 scelesti
2324 2504 2525 2560 lumine
2551 2504 2845 2569 decoravit,
2876 2513 2934 2560 et
2961 2513 3177 2562 noctem
3208 2506 3347 2575 ignis
3370 2505 3534 2561 radiis
3560 2506 3677 2570 cla-.

2091 2595 2308 2661 refecit,
2338 2596 2430 2666 qui
2459 2596 2670 2651 venturi
2696 2596 2877 2651 seculi
2903 2596 3144 2666 requiem
3185 2595 3513 2651 merentibus
3538 2611 3676 2666 prae-

2091 2690 2323 2759 paravit,
2350 2687 2512 2745 corda
2543 2696 2722 2743 vestra
2769 2688 3059 2759 perlustret
3102 2688 3374 2758 agnitione
3413 2688 3675 2755 veritatis,

2092 2789 2149 2837 et
2175 2782 2550 2841 intemeratam
2578 2772 2847 2835 cuStodiat
2892 2779 3059 2835 vitam
3102 2787 3367 2845 vestram,
3419 2787 3677 2850 praestans

2092 2872 2247 2928 vobis
2274 2871 2504 2927 honeste
2531 2870 2827 2938 ambulare,
2858 2862 3125 2941 quatenus
3152 2870 3400 2940 fulgeatis
3427 2868 3486 2925 ul
3506 2870 3586 2926 sol
3622 2871 3677 2926 in

2090 2962 2414 3022 claritudine
2460 2971 2767 3019 sanctorum
2821 2976 3039 3017 suorum
3060 3002 3084 3043 ι
3130 2961 3199 3017 ad
3252 2960 3673 3017 exsultationem

2035 3108 2047 3118 ,
2092 3070 2271 3112 meam
2313 3056 2369 3110 in
2415 3055 2556 3109 diem
2586 3053 2818 3120 Domini,
2842 3053 2930 3108 cui
2949 3053 3120 3123 gloria
3148 3062 3204 3108 et
3232 3053 3419 3117 honor,
3458 3067 3598 3108 nunc
3625 3059 3679 3107 et
3746 3066 3751 3071 ί

2093 3162 2311 3219 semper
2329 3146 2462 3203 etin
2482 3144 2678 3203 saecula
2704 3144 3043 3202 saeculorum.
3072 3144 3260 3200 Amen.

2094 3384 2629 3456 septimamdixeris;
2651 3379 2933 3456 inquibus
2955 3377 3339 3456 omnibusnvitii
3367 3376 3563 3447 aliquid
3599 3377 3681 3456 in-

2093 3448 2216 3511 esse
2243 3455 2506 3525 suspicor.
2538 3453 2664 3525 Mihi
2693 3448 2855 3525 igitur
2880 3449 3171 3505 verisimile
3197 3448 3255 3502 fit
3272 3463 3481 3525 _v_ocem
3523 3448 3681 3525 septi-

2072 3536 2235 3599 mam
2256 3515 2379 3599 loco
2405 3532 2607 3599 motam
2638 3515 2818 3599 fuisse,
2842 3534 3080 3599 eamque,
3099 3519 3287 3599 reponi
3306 3515 3682 3599 debere‘paulo

2093 3596 2273 3667 altius,
2299 3596 2403 3648 hoc
2425 3592 2588 3667 modo
2599 3612 2624 3667 _:
2655 3590 2856 3661 Quippe
2883 3589 2971 3661 qui
2994 3597 3145 3642 extra
3187 3596 3382 3667 tempus
3410 3589 3679 3667 s'eptintam

2091 3655 2347 3718 habetur:
2377 3664 2461 3717 cui
2490 3655 2811 3730 conjecturae
2845 3655 2959 3730 non
2981 3672 3168 3729 parum
3205 3655 3389 3711 favent
3416 3655 3682 3730 Basiliam

2092 3734 2204 3808 i_l_|a,
2237 3733 2320 3808 die}
2344 3735 2403 3789 τὸ
2425 3725 2852 3808 ἴξωῃῖᾳίθρειςοῦ
2879 3725 3212 3808 ἑϐδόμᾳτικοῦ
3237 3729 3429 3808 ςσρτου
3458 3725 3675 3808 latinae.

2100 3794 2233 3857 Utut
2262 3804 2374 3857 haec
2401 3794 2552 3865 sunt,
2585 3801 2716 3856 nihil
2744 3800 2797 3854 in
2836 3794 3092 3855 contextu
3137 3794 3682 3865 mutavimus,"fidem

2100 3873 2362 3929 librorum
2409 3862 2753 3940 antiquorum
2800 3869 2989 3925 secuti.
3041 3868 3329 3937 Aliquanto
3376 3873 3498 3936 post
3521 3862 3680 3920 Colb.

2096 3942 2384 4010 secundus,
2408 3950 2464 3996 at
2491 3943 2570 3998 sol
2596 3944 2652 3997 in
2677 3941 2934 3996 claritate.

3645 4116 3677 4138 ιο

1393 4231 1868 4337 LIBER
1958 4233 2678 4347 TERTIUS.

479 4386 530 4440 1.
563 4385 754 4441 Primae
776 4387 882 4444 diei
911 4404 1095 4460 opera,
1120 4390 1203 4446 vel
1232 4390 1412 4461 potius
1441 4390 1619 4454 unius,
1644 4406 1820 4459 neque
1849 4392 1993 4447 enim
2098 4397 2419 4452 suavitatem
2448 4397 2858 4463 demonstrans,
2902 4397 2975 4453 ita
3016 4396 3145 4454 dicit
3174 4415 3186 4451 :
3220 4395 3408 4451 Dulcia
3448 4397 3686 4467 [uncam

370 4538 377 4544 ,
405 4480 487 4535 las
514 4488 596 4535 est
615 4481 664 4535 ei
688 4497 787 4536 nos
806 4482 1088 4540 detrahere
1108 4484 1424 4554 dignitatem
1450 4500 1610 4555 quam
1641 4499 1672 4538 a
1700 4483 1997 4541 Conditore
2098 4491 2227 4544 meis
2248 4489 2398 4545 verba
2425 4501 2542 4556 tua,
2572 4509 2725 4562 super
2748 4493 2849 4550 mel
2869 4492 2952 4547 ori
2970 4508 3082 4547 meo
3113 4489 3293 4563 (Psal.
3316 4506 3506 4555 cxvui,
3536 4486 3684 4560 103).

407 4573 724 4642 promeruit,
754 4589 877 4628 cum
902 4588 1000 4643 per
1019 4590 1079 4630 se
1103 4575 1445 4644 singulariter
1467 4575 1739 4640 ederetur,
1767 4575 1994 4631 nullate-
2105 4579 2229 4635 Heri
2259 4582 2463 4650 itaque,
2497 4590 2761 4650 quantum
2802 4582 3059 4653 possibile
3085 4581 3202 4647 fuit,
3239 4596 3366 4652 erga
3386 4581 3551 4637 verba
3575 4577 3687 4635 Do-

407 4679 508 4718 nus
553 4663 778 4718 aliarum
819 4673 1207 4720 connumerata
1251 4665 1558 4732 curriculis,
1588 4674 1613 4703 α
1641 4681 1763 4721 cum
1811 4666 1994 4721 omnia
2101 4670 2234 4725 mini
2261 4678 2659 4727 commorantes
2685 4681 2897 4727 vestros
2923 4688 3112 4728 sensus
3133 4672 3492 4728 delectatione
3514 4669 3689 4739 reple-

374 4750 381 4760 ’
406 4774 526 4829 quae
555 4759 608 4813 in
635 4774 699 4813 ea
726 4759 864 4815 facta
898 4765 1043 4823 sunt,
1065 4758 1181 4826 heri
1212 4766 1395 4813 noster
1417 4772 1596 4814 sermo
1623 4758 1894 4814 disseruit.
1929 4756 1999 4815 Et
2024 4807 2076 4833 ,ι
2103 4761 2294 4815 vimus.
2317 4760 2374 4816 ln
2396 4760 2820 4833 hodiernumque
2840 4752 2981 4817 diem
3004 4762 3318 4817 festinanter
3338 4761 3686 4825 occurrimus,

411 4807 525 4829 τη
639 4807 699 4813 τ-
727 4807 864 4815 --νκ
898 4807 1043 4823 -----ι
1212 4807 1386 4813 -----‹-
1418 4807 1591 4814 --η--ν
1628 4807 1894 4814 --η---ην
1929 4807 1998 4815 ——
2114 4807 2294 4815 --—----
2396 4807 2820 4833 ηνκ-ν--η---Ἶ--ι
2842 4807 2981 4817 -η---
3004 4807 3307 4817 -νν--η--ην-
3341 4807 3686 4825 unum".

405 4850 521 4906 haec
547 4852 746 4920 passim
770 4850 1032 4920 dividens,
1064 4850 1371 4925 alimoniam
1402 4851 1737 4914 matutinam,
1768 4867 1992 4923 vesper-
2099 4853 2438 4921 sequentium
2468 4866 2647 4907 rerum
2677 4852 2934 4908 miracula
2962 4850 3271 4922 spectaturi.
3304 4849 3688 4903 Verumtamen

406 4943 684 5013 tiuamque
707 4944 948 4999 laetitiam
975 4944 1226 5015 ιιι-τωιίιῇ
1259 4943 1454 5000 animis
1480 4944 1817 5013 auditorum;
1851 4962 1997 5011 nunc
2098 4945 2323 5000 minime
2362 4944 2531 5001 latere
2559 4961 2659 5001 nos
2686 4946 2894 5016 potuit,
2920 4944 3047 5014 quia
3076 4942 3229 4996 multi
3257 4938 3478 5009 opifices
3505 4937 3690 4993 labore

409 5043 590 5089 autem
637 5035 705 5089 ad
733 5034 990 5110 miracula
1038 5034 1258 5091 secundi
1304 5033 1407 5090 diei
1455 5049 1825 5106 properamus.
1879 5033 1997 5092 Hoc
2100 5051 2320 5091 suarum
2346 5050 2600 5091 manuum
2630 5036 2956 5095 victitantes,
2988 5035 3336 5088 circumstant
3363 5044 3481 5094 nos,
3511 5036 3568 5082 et
3594 5027 3690 5082 ad-

407 5135 590 5183 autem
640 5142 1071 5183 commemorans
1089 5168 1104 5195 ,
1161 5144 1270 5184 non
1319 5129 1372 5183 in
1422 5126 1709 5185 referentis
1751 5129 1995 5199 potentia
2102 5138 2324 5185 monent
2349 5138 2408 5185 ut
2428 5129 2792 5186 narrationem
2818 5125 3153 5198 propositam
3172 5120 3439 5177 brevitate
3458 5119 3688 5189 stringa-

374 5258 379 5261 ς
406 5217 616 5273 colloco
636 5233 756 5288 qua:
775 5218 1048 5286 dicuntur,
1078 5217 1173 5275 sed
1222 5219 1276 5274 in
1323 5216 1613 5289 Scriptura:
1649 5220 1840 5288 gratia,
1871 5234 1993 5288 qua:
2102 5237 2253 5287 mus,
2285 5236 2353 5278 ne
2397 5221 2600 5278 diutius
2634 5220 2995 5276 extrahantur
3040 5216 3109 5271 ab
3137 5228 3320 5285 opere.
3354 5211 3559 5280 Quibus
3584 5211 3689 5267 hoc

408 5308 725 5363 naturaliter
772 5309 1057 5379 possidens
1105 5309 1435 5379 intelligendi
1489 5308 1831 5376 facilitatem,
1891 5310 1997 5365 illis
2097 5314 2427 5385 respondeo,
2459 5314 2587 5383 quia
2613 5326 2738 5383 pars
2756 5309 2969 5366 modica
2997 5306 3258 5378 temporis
3286 5304 3526 5362 fenerata
3554 5302 3687 5365 Deo,

370 5468 373 5471 _
408 5414 648 5456 amorem
690 5417 846 5458 suum
889 5404 1143 5460 cordibus
1186 5403 1484 5475 inspiravit,
1524 5404 1614 5472 qui
1658 5404 1996 5474 persuasioni
2098 5418 2207 5458 non
2228 5388 2425 5460 'solum
2454 5405 2570 5473 ipsa
2599 5417 2707 5456 non
2734 5401 2973 5472 deperit,
3006 5397 3102 5455 sed
3130 5414 3251 5455 cum
3280 5396 3488 5467 magnis
3530 5396 3597 5449 ab
3622 5408 3691 5449 eo

407 5490 692 5561 supernum
714 5492 1019 5550 anteferunt
1046 5496 1359 5563 veritatem;
1387 5493 1527 5551 sicut
1552 5503 1608 5550 et
1627 5496 1863 5565 psalmus
1882 5496 1993 5550 veri
2098 5496 2411 5567 rependitur
2433 5495 2795 5554 incrementis.
2826 5492 3027 5552 Omnes
3056 5493 3084 5534 ¹¹
3106 5494 3251 5551 enim
3278 5507 3366 5549 res
3389 5504 3510 5560 quae
3530 5501 3683 5543 occu-

480 5688 505 5714 σι
534 5675 693 5741 Editi,
716 5694 831 5733 cum
857 5676 1113 5732 omnibus.
1138 5676 1207 5730 At
1232 5677 1399 5730 nostri
1430 5684 1540 5731 tres
1566 5659 1694 5730 mss.
1726 5690 1841 5727 cum
1860 5689 1979 5728 om—

410 5748 516 5801 nia.
540 5748 732 5803 Statim
752 5749 903 5811 editi,
924 5747 1570 5872 intelligendgacultatem.
1584 5744 1729 5798 Libri
1753 5755 1983 5805 veteres,

410 5819 728 5872 intelliqendi
763 5818 1081 5872 facilitatem.
1132 5817 1189 5872 In
1276 5831 1431 5872 neco.
1474 5821 1539 5872 ,τό
1588 5813 1977 5871 εὖπαρὰδεκτον.

410 5819 728 5884 intelliqendi
763 5813 1108 5872 facilitatem.’
1132 5817 1189 5872 In
1227 5813 1431 5884 (inero,
1474 5821 1539 5874 ,τὸ
1588 5813 1977 5871 εὖπαρὰδεκτον.

2089 5670 2261 5729 Paulo
2281 5678 2414 5744 post
2431 5667 2580 5735 editi,
2602 5684 2714 5744 qua:
2733 5669 3082 5742 persuasioni.
3108 5666 3264 5723 Colb.
3295 5659 3583 5727 secundus,
3602 5662 3691 5732 qui

2089 5740 2415 5810 persuasioni
2438 5756 2455 5791 :
2477 5740 2642 5797 recte.

2088 5804 2101 5884 ξ
2165 5812 2189 5849 ιι
2218 5810 2376 5874 Editi,
2407 5826 2579 5867 omnes
2608 5814 2741 5868 enim
2782 5829 2884 5869 res.
2917 5807 3142 5882 Antiqui
3187 5805 3295 5862 duo
3335 5804 3490 5875 libri,
3521 5806 3689 5861 omnis
