4244 6254
558 259 655 316 θυι

2026 253 2390 347 ΕΗΞΤΑΈΗΠ

3740 255 3847 306 εἰῖνὶ

488 422 493 423 ,
557 373 833 443 potionum
863 385 1053 426 causas
1081 370 1336 434 eﬂlciunt,
1382 368 1642 423 Dominus
1669 370 2012 439 omnipotens
2040 384 2137 439 op-
2159 370 2214 429 Δ
2242 370 2422 439 dirigit
2466 370 2828 439 Uuigenitnm.
2852 368 2929 423 ‘Et
2958 378 3104 424 certe
3150 367 3387 424 vocifero
3437 384 3690 425 sermone
3737 386 3850 424 non

480 492 485 495 ν
556 470 788 535 portune
830 461 1035 517 scilicet
1082 460 1323 516 tribuens
1368 460 1686 531 corporibus
1747 460 2147 527 fortitudinem,

557 555 857 622 animisque
877 552 1135 616 hetitiam,
1173 568 1272 607 nec
1291 568 1401 607 non
1420 552 1730 608 facultatem
1749 553 1981 625 negotiis
2002 568 2153 625 pera-

558 646 745 717 gendis
764 686 778 710 ,
810 643 857 698 si
888 648 1064 698 tamen
1094 658 1196 698 nos
1232 643 1579 700 saecularibus
1608 642 1967 714 prteponenda
1996 643 2154 714 Spiri-

558 738 687 792 talia
717 750 1053 791 censeamus.
1085 734 1241 803 Quod
1270 736 1317 791 si
1364 735 1589 791 forsitan
1638 736 1690 790 in
1728 737 1985 807 prmsenti
2015 737 2147 800 vita,

559 827 1051 905 remunerationem
1078 828 1218 883 bene
1243 835 1520 899 gestorum
1546 828 1793 899 recipere
1822 843 1933 901 non
1958 838 2150 899 potue-

561 920 752 990 rimus,
780 918 971 975 futuris
1000 928 1182 974 tamen
1232 919 1474 986 saeculis,
1526 921 1779 991 copiosos
1824 922 1943 976 sine
1989 920 2152 976 dubio

562 1016 841 1069 thesauros
894 1014 1203 1069 sortiemur.
1274 1012 1616 1084 Quapropter
1672 1015 1899 1070 obsecro
1945 1029 2044 1069 vos
2094 1021 2153 1068 ut

563 1122 751 1162 omnes
789 1107 1144 1177 cogitationes
1191 1106 1489 1162 mundanas
1532 1107 1600 1163 de
1646 1108 1840 1164 vestris
1884 1108 2155 1164 mentibus

562 1197 879 1262 excludatis,
912 1207 967 1254 et
1008 1198 1223 1268 penitus
1251 1198 1381 1253 mihi
1418 1215 1513 1256 vos
1564 1201 1804 1269 integros
1844 1202 2148 1270 prmbeatis.

560 1286 747 1359 Neque
774 1290 916 1344 enim
942 1289 1107 1343 ullum
1141 1289 1480 1344 commodum
1510 1291 1687 1361 capiet
1720 1292 2004 1362 pmsentia
2034 1308 2153 1348 cor-

561 1380 793 1454 poralis;
824 1397 947 1436 cum
974 1397 1129 1437 mens
1164 1383 1306 1437 curis
1334 1383 1603 1453 implicata
1635 1385 1996 1451 terrestribus,
2029 1400 2151 1439 cre-

562 1473 706 1529 ditur
729 1484 754 1511 ο
780 1474 1086 1530 absentare.
2038 1532 2043 1535 _
2100 1492 2101 1495 ‘

634 1565 685 1619 2.
718 1565 785 1619 Et
805 1567 937 1621 dixit
957 1565 1098 1620 Deus
1120 1583 1138 1619 :
1160 1566 1287 1621 Fiat
1305 1569 1720 1638 ﬁrmamentum;
1748 1578 1798 1623 et
1816 1572 1884 1624 sit
1901 1587 2152 1640 separant

564 1665 700 1719 inter
727 1679 914 1734 aquam
952 1671 1001 1715 et
1028 1679 1234 1733 aquam.
1264 1661 1383 1717 Jam
1413 1662 1630 1732 quidem
1659 1663 1915 1719 hesterno
1942 1664 2030 1718 die
2058 1679 2154 1718 au-

2204 538 2205 541 η
2258 472 2374 518 erat
2402 480 2538 534 opus
2568 465 2897 533 incorporea:
2926 470 3148 528 naturae,
3180 479 3301 519 cum
3336 472 3365 499 ε
3389 462 3681 518 destinatio
3701 464 3853 531 cogi-

2259 556 2479 612 tationis
2513 563 2895 625 cooperantem
2926 556 3094 610 latere
3122 570 3229 609 non
3258 560 3473 624 posset,
3505 554 3708 624 quippe
3732 555 3854 623 qui-

2257 647 2356 701 bus
2398 645 2745 700 consiliorum
2777 646 3041 711 societas,
3086 659 3156 699 ex
3199 645 3313 715 ipsa
3357 650 3629 714 potestate
3656 657 3857 713 suppe-

2255 740 2410 795 ditat.
2442 738 2576 793 Nam
2620 754 2725 793 vox
2766 746 2988 809 propter
3033 736 3276 792 auditum
3322 737 3625 793 necessaria
3655 744 3768 803 est,
3799 744 3859 791 et
3948 802 3951 803 ν

2256 833 2470 889 auditus
2498 842 2723 903 propter
2754 847 2960 888 vocem.
2995 829 3098 887 Ubi
3130 846 3258 887 vero
3299 845 3401 887 nec
3449 845 3545 885 aer
3588 838 3705 895 est,
3750 844 3863 885 nec

2254 926 2465 995 lingua,
2487 940 2596 980 nec
2642 939 2833 990 aures,
2882 939 2984 979 nec
3028 932 3205 993 tactus
3232 922 3497 992 asperior,
3540 921 3607 977 ad
3632 935 3861 976 sensum

2257 1019 2450 1089 capitis
2495 1033 2872 1088 repercussum
2920 1016 3156 1074 sonitum
3206 1015 3583 1086 perducendo,
3633 1015 3707 1071 ibi
3755 1028 3863 1069 nec

2256 1124 2438 1166 sermo
2468 1111 2806 1167 necessarius
2834 1117 2950 1175 est,
2991 1109 3089 1165 sed
3116 1124 3186 1164 ex
3214 1109 3350 1178 ipsa,
3393 1114 3453 1163 ut
3489 1108 3561 1162 ita
3601 1106 3859 1171 dixerim,

2259 1186 2519 1257 cardinali
2546 1201 2873 1270 cogitatione
2908 1200 2970 1255 ﬁt
2996 1200 3339 1271 participatio
3363 1198 3671 1253 voluntatis.
3704 1196 3863 1253 Sicut

2259 1306 2390 1360 ergo
2440 1291 2784 1362 prmdiximus
2806 1331 2822 1356 ,
2871 1299 2930 1346 ut
2973 1307 3128 1346 mens
3173 1298 3357 1346 nostra
3396 1296 3741 1357 consurgeret
3786 1288 3862 1343 ad

2254 1384 2663 1453 inquisitionem
2692 1384 2871 1438 vultus
2896 1383 3013 1453 ejus
3055 1383 3124 1439 de
3150 1398 3260 1452 quo
3304 1382 3525 1450 agimus,
3554 1380 3862 1452 prudenter

2256 1484 2315 1531 et
2342 1476 2547 1546 optime
2575 1475 2792 1531 schema
2821 1472 3130 1544 hujusmodi
3151 1472 3470 1529 elocutionis
3490 1471 3795 1540 assumpsit.

2329 1567 2383 1621 5.
2413 1566 2663 1622 Secundo
2692 1567 2813 1622 loco
2842 1564 3191 1633 quaerendum
3220 1570 3304 1619 est
3329 1563 3375 1617 si
3404 1562 3547 1616 aliud
3575 1568 3775 1631 praeter
3799 1558 3857 1614 id

2258 1656 2401 1727 quod
2425 1654 2797 1725 initiofactum
2818 1661 2902 1711 est
2922 1655 3137 1720 omium,
3158 1651 3554 1709 firmamentum
3576 1651 3698 1715 fuit,
3713 1650 3861 1720 quod

564 1754 795 1813 divinius
820 1754 980 1811 verba
1004 1754 1216 1817 Domini
1242 1754 1469 1813 dicentis
1496 1774 1508 1809 :
1540 1754 1667 1810 Fiat
1696 1758 1809 1825 tum,
1833 1757 2013 1823 hodie,
2032 1756 2155 1811 Fiat
2189 1745 2233 1804 Β
2262 1758 2443 1805 tamen
2485 1757 2540 1805 et
2583 1750 2757 1820 ipsum
2804 1748 2996 1805 caelum
3048 1747 3341 1811 vocitatur;
3373 1745 3463 1801 vel
3488 1744 3535 1800 si
3575 1752 3724 1801 certe
3750 1742 3859 1798 duo

564 1844 966 1916 ﬁrmamentum.
1010 1842 1137 1899 Plus
1176 1853 1357 1900 tamen
1386 1846 1643 1915 quiddam
1670 1847 1920 1903 videntur
1962 1849 2163 1903 habere

564 1937 871 2007 pnesentia.
925 1935 1110 2004 Neque
1157 1936 1300 1990 enim
1350 1936 1573 1992 verbum
1618 1938 1672 1992 in
1718 1938 1861 1999 nudo
1892 1946 2163 2009 praecepto

559 2027 855 2093 remansit,
902 2026 996 2082 sed
1026 2042 1183 2082 causa
1215 2042 1312 2097 per
1337 2042 1501 2097 quam
1542 2030 1799 2099 quaeritur
1842 2031 2164 2085 ﬁrmamenti

559 2120 849 2191 productio
876 2121 1115 2190 apertius
1147 2121 1486 2187 declaratur;
1518 2121 1571 2177 id
1596 2130 1696 2186 est.
1732 2131 1789 2179 ut
1809 2124 2005 2177 dividat
2032 2125 2165 2177 inter

564 2229 762 2284 aquam
790 2220 838 2265 et
865 2230 1073 2284 aquam.
1108 2211 1288 2268 Primo
1330 2213 1546 2281 quidem
1594 2221 1937 2284 reputemus,
1988 2215 2164 2271 discu-

462 2343 477 2354 .
566 2306 772 2359 tientes
798 2305 1073 2373 quomodo
1094 2304 1244 2361 Deus
1276 2304 1599 2373 alloquitur,
1650 2314 1837 2361 nostro
1864 2321 1954 2371 ne,
1988 2306 2043 2363 id
2084 2315 2167 2362 est

565 2396 849 2452 hominum
871 2411 1042 2469 more,
1068 2397 1163 2466 qui
1182 2397 1332 2467 prius
1355 2396 1547 2453 futura:
1567 2399 1649 2453 rei
1672 2398 1899 2455 formam
1926 2387 2167 2469 concipi;

555 2504 690 2567 unus
719 2487 1026 2553 intellectu;
1058 2474 1253 2543 deinde
1274 2503 1343 2551 ex
1368 2487 1624 2557 subjectis
1641 2502 1907 2558 congruas
1936 2497 1993 2545 et
2021 2488 2168 2544 fami-

561 2576 732 2635 .liares
774 2578 1062 2646 unicuique
1089 2576 1533 2647 significationes.
1554 2579 1871 2649 colligentes
1911 2580 2167 2649 exprimi-

561 2685 719 2747 mus,
772 2677 827 2724 et
873 2678 997 2740 post
1041 2670 1145 2726 hoc
1188 2670 1503 2726 ministeriis
1550 2672 1817 2727 vocalium
1866 2670 2167 2725 officiorum

559 2762 805 2831 cogitata
833 2760 1259 2827 manifestautes,
1290 2777 1389 2832 per
1416 2761 1443 2801 δ
1473 2763 1617 2818 aeris
1643 2765 1905 2833 crepitum
1944 2773 2000 2818 et
2034 2765 2166 2818 arti—

562 2853 738 2921 ;culati
758 2854 1023 2910 sermonis
1045 2854 1385 2923 obsequium,
1409 2854 1748 2926 publicamus
1766 2871 1982 2912 sensum
2005 2857 2169 2911 corde

2264 1842 2386 1897 οωιὶ
2416 1851 2560 1904 sunt,
2586 1855 2894 1910 quanquam
2923 1838 3229 1910 philosophi
3258 1837 3327 1892 de
3357 1836 3496 1891 casio
3519 1835 3863 1905 disputantes

2268 1934 2601 1989 tolerabilius
2653 1932 2670 1972 ί
2722 1933 3069 2002 acquiescent
3109 1932 3319 1999 linguas
3367 1946 3494 1985 suas
3534 1928 3861 1984 nuncandas

2267 2043 2561 2097 exponere,
2585 2041 2748 2097 quam
2768 2034 2829 2080 ut
2857 2024 2994 2080 duos
3012 2025 3181 2083 caelos
3200 2038 3318 2079 esse
3339 2022 3658 2079 concedant.
3685 2019 3863 2075 Unum

2247 2121 2411 2175 .enim
2461 2126 2707 2176 asserunt
2752 2117 2971 2182 caelum,
3003 2116 3158 2185 cujus
3204 2123 3454 2171 naturam
3501 2113 3725 2168 minime
3753 2111 3866 2181 pati

2268 2210 2624 2274 conﬁrmarat,
2652 2218 2712 2263 ut
2740 2209 3035 2265 secundum
3081 2207 3169 2262 vel
3217 2207 3438 2262 tertium
3482 2205 3766 2274 adjiciatur
3790 2204 3868 2269 ei,

2268 2303 2543 2374 quoniam,
2568 2288 2836 2372 inquiunt,
2860 2309 2975 2357 tota
2995 2300 3117 2356 εωιί
3146 2299 3449 2355 substantia
3472 2299 3530 2353 in
3551 2299 3712 2354 unius
3733 2312 3868 2352 con—

2270 2395 2591 2450 formatione
2619 2401 2937 2463 consumpta
2968 2400 3068 2447 est.
3107 2390 3390 2460 Singulare
3426 2403 3663 2458 namque
3691 2386 3868 2443 ferunt

2254 2501 2465 2561 corpus
2486 2500 2602 2540 esse
2629 2484 2893 2549 vertibile,
2918 2492 3175 2553 certoque
3204 2482 3409 2536 ambitu
3428 2480 3868 2548 circumseptum,

2273 2577 2418 2650 quod
2438 2578 2562 2647 quia
2592 2577 2646 2630 in
2676 2576 2832 2645 primi
2855 2575 2978 2631 εωὶὶ
2999 2574 3277 2629 creatione
3302 2571 3549 2643 profecit,
3574 2570 3703 2625 nihil
3727 2580 3752 2617 ε
3777 2585 3869 2624 re-

2252 2669 2405 2740 .liqui
2438 2684 2558 2723 esse
2587 2668 2655 2722 ad
2684 2666 2904 2721 secundi
2930 2665 3039 2720 -vel
3088 2664 3233 2719 tertii
3261 2662 3723 2733 compositionem.
3755 2658 3865 2717 Sed

2273 2762 2387 2816 haec
2406 2761 2651 2829 dicentes
2672 2759 2952 2814 materiam
2973 2756 3261 2827 quamdam
3285 2756 3575 2824 ingenitam
3587 2750 3867 2809 Conditori

2274 2853 2567 2922 opinantur
2597 2850 2854 2915 habitam,
2878 2865 2944 2904 ex
2956 2849 3140 2918 prima
3168 2846 3511 2902 fabulositate
3530 2842 3870 2913 sequentium

567 2952 916 3014 coniceptum.
938 3008 939 3011 η
962 2944 1030 2999 Ει
1059 2947 1333 3015 quomodo
1363 2964 1477 3005 non
1518 2947 1755 3004 insanire
1798 2947 2057 3004 dicendus
2086 2956 2170 3004 est
2270 2944 2551 3000 mendacia
2572 2945 2941 2999 contexentes.
2960 2939 3070 2995 Nos
3089 2947 3268 2993 autem
3288 2948 3540 3006 rogamus
3558 2932 3872 2989 Graecorum

570 3036 664 3103 qui
689 3035 857 3091 Deum
880 3036 1076 3093 talibus
1097 3018 1289 3094 olliciis
1310 3038 1549 3107 indigere
1571 3041 1882 3109 pronuntiat
1904 3040 1970 3094 ad
1990 3040 2171 3110 expla-
2187 3098 2201 3110 ,
2276 3037 2648 3107 philosophos,
2682 3051 2790 3089 non
2812 3031 2839 3070 ιι
2864 3040 3023 3087 antea
3051 3039 3237 3087 nostra
3258 3028 3677 3099 reprehendere,
3706 3032 3869 3096 quam

574 3124 749 3178 "anda
779 3141 897 3195 qui“
925 3128 1157 3194 εοῧίιθῑς
1201 3143 1324 3189 cum
1370 3131 1540 3199 magis
1582 3131 1731 3199 pium
1778 3132 1849 3187 sit
1896 3146 2159 3195 asserere,
2195 3116 2241 3178 C
2274 3128 2413 3181 inter
2453 3142 2512 3182 se
2555 3125 2773 3179 valeant
2817 3124 2916 3193 ipsi
2969 3131 3155 3178 tenere
3196 3120 3563 3176 concordiam.
3619 3115 3871 3173 Nonnulli

574 3216 702 3282 quia
746 3216 994 3271 voluntas
1022 3217 1200 3271 divina
1220 3257 1235 3281 ,
1278 3228 1333 3273 et
1360 3221 1508 3288 prior
1535 3221 1767 3299 impetus
1793 3223 1986 3276 mentis
2025 3224 2160 3289 ejus,

577 3303 811 3381 Verbum
840 3313 923 3359 est
952 3305 1084 3377 Dei?
1124 3307 1278 3377 Quod
1307 3308 1431 3362 ideo
1461 3311 1513 3363 in
1543 3312 1724 3380 specie
1762 3311 1991 3380 quadam
2017 3311 2164 3366 Scri-

560 3402 733 3466 ‘ptura
763 3392 1036 3462 ﬁguravit,
1067 3402 1128 3448 ut
1155 3392 1467 3452 ostenderet
1505 3400 1630 3468 quia
1681 3415 1789 3454 non
1837 3400 2010 3454 solum
2050 3400 2165 3455 ﬁeri

576 3480 748 3541 voluit
770 3493 1092 3551 creaturam,
1122 3485 1216 3541 sed
1246 3480 1411 3542 etiam
1438 3499 1459 3527 ε
1487 3487 1667 3558 aliquo
1689 3498 2017 3560 cooperante
2045 3505 2167 3561 per-

560 3578 722 3633 d‘ecit.
752 3577 975 3634 Poterat
1002 3580 1409 3636 enim‘sicuttex
1438 3582 1593 3636 initio
1621 3583 1689 3638 de
1715 3584 1966 3639 omnibus
1994 3584 2166 3639 histo—

560 3671 750 3736 vicus,
781 3678 835 3725 et
877 3669 1039 3726 modo
1068 3670 1303 3738 referre,
1348 3673 1473 3742 quia
1501 3674 1555 3727 iu
1582 3676 1841 3745 principio
1881 3677 2004 3748 fecit
2030 3672 2166 3731 Deus

566 3761 783 3827 'ctelum,
815 3761 1008 3818 deinde
1038 3764 1157 3834 fecit
1196 3763 1388 3830 lucem,
1432 3772 1487 3820 et
1527 3775 1713 3835 postea
1743 3768 2166 3838 ﬁrmamentum:

564 3866 721 3908 nunc
748 3862 930 3909 autem
959 3854 1127 3910 Deum
1171 3855 1452 3924 iubentem
1503 3866 1558 3912 et
1591 3859 1913 3929 loquentem
1958 3861 2171 3915 videtur

579 3943 852 4013 inducere,
878 3948 1025 4003 nullo
1047 3964 1147 4003 nos
1167 3949 1465 4021 impediens
1484 3948 1690 4007 fascino
1705 3955 1993 4021 quominus
2014 3955 2170 4008 vesti-

578 4038 679 4105 giis
706 4035 731 4074 ἀ
762 4038 1080 4108 indiciisque
1108 4040 1373 4110 perducti,
1411 4040 1478 4095 ad
1511 4043 2024 4113 contemplationem
2056 4044 2171 4113 ejus

578 4129 669 4197 qui
698 4137 780 4183 est
800 4129 1084 4185 ineffabilis
1103 4133 1400 4187 veniamus.
1429 4131 1559 4199 Qua:
1579 4136 1721 4188 enim
1743 4135 1926 4189 labore
1947 4136 2169 4203 qumsita

580 4227 726 4284 sunt,
759 4228 813 4273 et
836 4220 1073 4288 jocunde
1102 4224 1492 4293 percipiuntur,
1524 4232 1579 4278 et
1596 4224 2008 4292 diligentissime
2036 4232 2170 4280 ‘con-

578 4320 877 4366 servantur.
897 4311 1031 4366 Nam
1045 4327 1275 4381 quorum
1299 4313 1468 4368 facilis
1483 4314 1710 4368 habetur
1730 4314 1965 4384 adeptio,
1985 4312 2172 4371 eorum

557 4402 695 4456 mine
742 4401 906 4457 dubio
952 4402 1225 4458 fastidiosa
1269 4404 1542 4473 possessio
1582 4413 1698 4469 est,
1744 4414 2031 4476 propterea
2072 4425 2174 4465 nos

2270 3219 2414 3272 enim
2436 3232 2501 3271 ex
2531 3217 2614 3271 bis
2637 3210 2872 3270 infinitos
2901 3229 3023 3269 esse
3050 3213 3219 3268 eteius
3245 3220 3526 3277 asserunt,
3558 3218 3616 3265 et
3638 3207 3868 3273 mundos

2284 3306 2704 3361 innumerabiles
2737 3325 2749 3358 :
2782 3314 3011 3374 Quorum
3037 3303 3250 3373 quando
3267 3300 3636 3373 malesuadam
3666 3298 3874 3370 profes-

2269 3400 2482 3453 sionem
2512 3397 2887 3468 superaverint
2923 3396 3180 3461 acriores,
3204 3388 3622 3465 probationibus
3650 3390 3872 3462 quibus-

2271 3492 2396 3549 dam
2426 3508 2493 3547 ex
2517 3492 2830 3560 geometria:
2858 3489 3179 3546 necessitate
3206 3486 3476 3551 collectis,
3508 3499 3694 3542 rursus
3722 3482 3870 3538 aﬂir—

2272 3600 2421 3639 mare
2438 3599 2509 3640 se
2534 3591 2748 3653 putant,
2790 3598 2858 3638 eo
2885 3581 3028 3653 quod
3076 3589 3269 3636 natura
3300 3595 3408 3633 non
3435 3577 3605 3639 ferat,
3636 3585 3701 3629 ut
3724 3573 3873 3628 aliud

2273 3675 2469 3732 C(elum
2514 3683 2712 3746 praeter
2757 3688 2925 3729 unum
2971 3674 3218 3743 generari
3266 3671 3516 3743 potuerit.
3559 3670 3573 3704 ί
3608 3666 3717 3721 Sed
3771 3682 3871 3719 eos

2273 3777 2403 3824 tunc
2429 3768 2602 3838 magis
2645 3782 2746 3823 nos
2795 3766 2907 3822 risu
2957 3764 3149 3834 dignos
3193 3762 3446 3823 dicimus.
3474 3758 3705 3814 maxime
3733 3756 3863 3829 quia

2258 3860 2523 3916 videntur
2545 3874 2693 3930 saepe
2719 3873 2936 3928 quoque
2983 3859 3037 3912 in
3084 3872 3226 3926 aqua
3268 3855 3380 3910 fieri
3425 3851 3672 3924 plurimi,
3717 3847 3867 3903 unde

2272 3937 2624 4007 dubitandum
2679 3950 2786 4007 n'on
2843 3959 2947 4006 est»
2979 3950 3047 4005 de
3092 3947 3430 4005 multitudine
3475 3943 3777 4008 cmlorum,
3809 3950 3873 4023 et

2274 4045 2416 4113 quod
2449 4044 2623 4098 vivida
2652 4045 2885 4099 creatrix
2918 4044 3157 4099 omnium
3185 4043 3374 4110 virtus,
3422 4041 3474 4094 in
3502 4053 3693 4093 eorum
3732 4052 3873 4090 cout-

2274 4134 2570 4188 structione
2598 4132 2891 4199 suﬂecerit,
2914 4148 3142 4203 quorum
3173 4128 3544 4186 fo'rtitudinem
3575 4137 3628 4181 et
3658 4128 3873 4193 magni-

2272 4226 2537 4290 tudinem,
2564 4226 2607 4281 si
2630 4223 2727 4282 Dei
2750 4226 3045 4296 potentiam
3071 4223 3420 4292 contemplati
3459 4220 3734 4280 fuerimus,
3760 4234 3872 4270 non

2276 4320 2655 4375 arbitrabimur
2680 4319 2983 4388 discrepare
3023 4334 3052 4371 a
3082 4317 3229 4370 ﬂuxu
3256 4314 3500 4383 liquoris,
3533 4312 3624 4381 qui
3654 4325 3773 4364 cum
3817 4311 3873 4362 in

2276 4428 2444 4469 vacua
2475 4427 2602 4467 vasa
2629 4411 2962 4476 diffunditur,
2991 4407 3312 4479 quibusdam
3345 4403 3614 4459 interdum
3632 4400 3879 4455 reﬂatin-

576 4494 852 4547 tramitem
893 4506 1035 4548 vene
1060 4494 1288 4549 rationis
1324 4496 1621 4563 ingressos,
1670 4497 1738 4553 ad
1784 4499 2173 4570 explorandum
2206 4495 2436 4559 D‘nibns
2467 4498 2792 4559 intumescit.
2840 4498 2984 4570 Ergo
3010 4498 3231 4555 risibilis
3269 4511 3457 4552 eorum
3501 4493 3717 4564 penitus
3743 4498 3877 4560 pro-

555 4650 717 4707 ..nim
748 4664 847 4702 res.
875 4647 1153 4721 Vulgatam
1179 4648 1469 4721 lectionem
1498 4652 1832 4711 retinendam
1862 4671 2166 4721 censemus,

576 4721 661 4793 ,sic
689 4726 867 4798 tamen
899 4727 955 4798 ut
984 4719 1200 4798 aliquod
1229 4722 1451 4798 verbum
1483 4732 1606 4793 post
1635 4741 1822 4798 vocem
1850 4719 2171 4798 omnipotens

560 4789 913 4865 “suppleatur,
937 4789 1041 4845 hoc
1068 4790 1227 4865 modo
1247 4810 1257 4844 :
1280 4789 1529 4865 Dominus
1557 4797 1876 4865 omnipotens
1907 4789 2175 4852 sub-move-

557 4860 673 4926 “bit,
719 4870 1004 4936 opportune
1032 4860 1253 4936 scilicet,
1286 4870 1391 4917 etc.
1425 4862 1557 4936 Nam
1587 4860 1787 4936 aliquid
1833 4866 1938 4922 hoc
1968 4869 2087 4925 loco
2118 4877 2173 4923 ct

568 4936 637 4989 tiu
666 4933 824 5006 editis
852 4941 907 4987 et
934 4932 987 4986 in
1014 4947 1144 5006 mss.
1176 4933 1363 5006 deesse
1390 4934 1475 4989 vel
1505 4950 1650 4991 ciem
1668 4932 1919 5006 apparet.

657 5016 681 5040 η
713 5003 866 5059 Colb.
897 5002 1182 5069 secundus,
1212 5004 1434 5058 creditur
1456 5002 1743 5062 absentata.

657 5074 680 5112 ιι
712 5070 856 5149 idem
887 5068 1077 5149 codex,
1105 5068 1196 5149 per
1224 5074 1641 5149 aeris_spiritum.

659 5156 681 5184 ο
712 5142 852 5197 Editi
894 5152 949 5198 et
977 5143 1083 5198 duo
1106 5142 1264 5209 'mss.,
1303 5142 1475 5216 cliente
1506 5157 1768 5217 operante.
1794 5147 1948 5204 Colb.
1977 5164 2172 5204 secun-

570 5216 714 5278 t(ius,
736 5225 1054 5290 cooperante
1076 5232 1092 5269 :
1118 5217 1339 5270 verbum
1364 5231 1469 5285 pro
1498 5216 1664 5273 verbo
1683 5260 1698 5285 ,
1728 5234 1851 5273 cum
1882 5220 2070 5290 Grteoe
2100 5221 2175 5273 le-

558 5298 756 5363 saw:
770 5286 853 5363 ire
881 5293 1311 5363 τιϊοῖέτνγεργοῦ-

576 5420 624 5480 ,ἃ
658 5355 890 5476 “limiti,
940 5355 1246 5429 indiciisque
1293 5358 1550 5428 producti.
1600 5356 1743 5413 Libri
1790 5366 2021 5423 veteres:
2051 5377 2169 5431 per-

627 5442 687 5478 τι(
713 5441 747 5477 t.

627 5434 747 5478 καὶ.

560 5516 586 5535 ·-
604 5566 619 5581 ι
642 5494 858 5581 ‘rnrltliti
878 5535 892 5558 ,
912 5504 1037 5581 cum
1053 5497 2032 5581 Idestitmtioniscooperantemtatere,
2051 5508 2168 5581 rete.

589 5566 657 5620 At
686 5565 837 5644 C_olb_.
870 5566 1152 5644 secundus,
1185 5586 1299 5623 cum
1329 5565 1604 5644 destinatio
1630 5571 1959 5644 cogitationis
1990 5565 2170 5634 latere,

588 5645 695 5690 etc.
719 5636 795 5693 Ita
817 5637 961 5690 hunc
982 5637 1154 5693 locum
1180 5641 1467 5697 emendare
1495 5641 1674 5694 conati
1697 5636 1905 5707 sumus,
1933 5650 2009 5706 ut,
2040 5654 2176 5694 voce

588 5715 947 5776 covperantem
978 5706 1205 5775 retenta,
1257 5726 1355 5778 pro
1396 5711 1755 5764 destinationis
1804 5706 2175 5781 scripserimus

2275 4674 2341 4712 ex
2371 4658 2526 4711 Cnlb.
2560 4656 2817 4720 secundo,
2849 4656 3126 4709 destinatio
3156 4651 3504 4725 cogitationis.

2353 4726 2371 4766 τ
2405 4727 2558 4798 Colb.
2583 4717 2867 4791 secundus,
2890 4717 3285 4798 acquiescerent.
3318 4721 3438 4798 Nec
3458 4721 3534 4798 ita
3554 4717 3721 4798 multo
3747 4724 3874 4798 post

2272 4798 2415 4852 idem
2464 4797 2654 4860 codex,
2697 4798 2751 4850 in
2779 4784 2932 4850 unius
2960 4784 3375 4865 conﬁrmatione.
3406 4787 3645 4845 Subinde
3670 4784 3767 4841 hic
3782 4784 3874 4841 ille

2278 4869 2392 4937 ipsc
2407 4867 2611 4940 _codex,
2636 4865 2826 4940 ambitu
2854 4865 3315 4940 circumscriptum.
3592 4929 3623 4940 η
3697 4928 3708 4938 ο

2352 4949 2374 5011 β
2407 4937 2567 5011 Editi,
2590 4938 2775 5008 reliqui
2803 4946 2900 4990 est.
2927 4936 2994 5011 At
3016 4930 3185 5011 nostri
3208 4942 3319 4999 tres
3329 4947 3467 5011 .mss.
3478 4930 3708 5011 ,__reliqui
3730 4944 3874 4980 me.

2352 5008 2376 5045 ¹¹
2412 5008 2610 5077 Vocem
2641 5000 2821 5063 nostra
2851 5023 2916 5063 ex
2953 5005 3107 5061 Colb.
3140 5003 3382 5077 secundo
3405 5000 3781 5077 addidimus.___
3840 5066 3851 5077 .

2362 5078 2372 5115 ί
2410 5072 2570 5141 Editi,
2595 5078 2685 5131 sed
2714 5094 2798 5130 eos
2831 5086 2972 5130 tanta
2994 5077 3159 5146 magis
3186 5070 3566 5146 risuitAutiqui
3596 5065 3702 5146 duo
3726 5065 3878 5146 libri,

2279 5150 2368 5203 sed
2388 5166 2477 5202 eos
2497 5136 2616 5200 tunc
2644 5148 2811 5218 magis
2830 5162 2925 5200 nos
2955 5136 3214 5214 risu,"etc.
3242 5136 3546 5218 ’Aliquanio
3576 5145 3699 5218 post
3720 5136 3877 5198 editi,

2277 5230 2328 5273 et
2350 5219 2517 5273 ririda
2538 5209 2768 5272 creatria:
2787 5220 3016 5271 omnium
3035 5209 3213 5270 virtus.
3228 5209 3385 5288 Coiﬁ.
3404 5209 3671 5288 κωπέας
3688 5221 3879 5288 secun-

2278 5290 2360 5344 dis
2389 5289 2550 5351 curis,
2601 5298 2649 5342 et
2677 5305 2745 5341 an
2787 5290 3017 5342 creatrix
3062 5288 3292 5341 omnium
3333 5286 3514 5338 uirtus.
3570 5278 3748 5351 Vetus
3790 5277 3882 5331 hic

2279 5368 2464 5414 noster
2503 5346 2699 5429 codex,
2740 5368 2788 5413 et
2825 5358 2960 5429 quod
3001 5356 3166 5429 vivida
3206 5356 3453 5429 creatrix,
3494 5346 3797 5429 etc.‘Sed_,_
3824 5357 3881 5429 ut

2281 5445 2463 5483 verum
2494 5415 2698 5492 fatear,
2716 5444 2820 5483 vox
2837 5415 2980 5499 'quod
2999 5428 3198 5497 scripta
3220 5426 3375 5499 estin
3402 5415 3591 5499 nostro
3615 5415 3718 5499 hoc
3738 5417 3881 5499 libra

2281 5500 2538 5554 secundis
2566 5488 2735 5563 curis;
2761 5488 3074 5553 sic'tamen
3103 5488 3162 5551 ut
3207 5495 3387 5549 addita
3435 5496 3505 5548 sit
3551 5488 3883 5563 autgeadem

2282 5585 2464 5631 manu,
2490 5577 2582 5623 aut
2602 5559 2749 5625 certe
2775 5570 3165 5638 antiquissima.
3191 5567 3324 5622 Eam
3359 5572 3548 5621 vocent
3576 5559 3882 5616 addendam

2283 5655 2609 5696 CCIISUImllS.
