4192 6258
258 336 371 393 893

1240 325 1635 383 HEXAEMERI
1676 324 2159 381 METAPHRASIS
2202 324 2405 380 LIBER
2442 323 2527 379 111.

3463 315 3568 374 894

257 452 474 521 positio
520 457 637 515 est,
681 446 746 504 de
776 446 1155 517 omnipotentis
1201 444 1629 517 impossibilitate
1659 451 1873 497 certan-
1904 447 1949 503 Α
1981 459 2109 498 vero
2154 443 2264 496 suis
2301 443 2502 497 habere
2544 440 2840 511 planitiem.
2871 437 3096 493 Cessent
3124 424 3253 504 ergo
3280 446 3441 503 super
3465 432 3568 485 hoc

260 544 428 597 tium.
490 542 606 597 Nos
665 550 841 595 autem
888 548 1097 593 tantum
1148 537 1399 592 absumus
1450 535 1686 591 secundo
1735 534 1873 589 cmlo

260 635 593 690 discredere
617 654 628 687 :
652 633 775 703 quia
802 639 855 688 et
885 633 1096 687 tertium
1119 630 1451 702 prolitemur,
1493 628 1647 698 cujus
1675 627 1874 682 beatis-

260 727 443 781 simus
464 725 667 781 Paulus
688 742 794 781 non
816 734 895 779 est
911 723 1182 779 fraudatus
1203 731 1423 793 aspectu
1440 720 1533 795 (ΙΙ
1547 720 1665 776 Cor.
1682 738 1773 785 xn,
1789 719 1868 793 2).

260 815 409 873 Nam
440 820 685 890 psalmus
722 818 1000 873 nominans
1028 818 1286 872 caelorum
1317 816 1485 872 cmlos
1518 816 1679 871 etiam
1710 815 1875 886 pluri-

263 895 494 991 piorum
529 910 683 965 nobis
710 907 921 978 subjicit
950 907 1301 963 intellectum.
1344 905 1455 961 Nec
1494 912 1676 960 tamen
1706 904 1875 960 admi-

262 1001 509 1057 rabilior
541 1004 638 1058 ista
680 1001 923 1072 qumstio,
954 1008 1159 1070 septem
1205 999 1310 1054 illis
1341 1007 1365 1035 ει
1397 998 1617 1053 orbibus
1644 996 1871 1059 videtur,

265 1093 580 1148 secundum
608 1108 743 1162 quos
773 1090 898 1146 ferri
941 1097 1147 1162 septem
1176 1089 1377 1152 stell1e,
1411 1097 1772 1143 consonanter
1810 1088 1876 1143 ab

236 1184 536 1239 omnibus
580 1182 937 1253 praedicantur
979 1200 991 1234 :
1034 1196 1171 1251 quos
1199 1180 1360 1237 etiam
1388 1178 1698 1234 reconditos
1728 1178 1778 1231 in
1818 1193 1876 1231 se

264 1274 483 1341 dicunt,
519 1273 768 1344 exemplo
811 1273 1067 1328 cadorum
1114 1287 1221 1326 uno
1246 1285 1410 1340 super
1435 1270 1597 1323 alium
1626 1267 1878 1323 commis-

261 1352 481 1443 sorum,
509 1374 565 1420 et
593 1380 686 1420 eos
710 1364 998 1443 contrariis
1034 1364 1292 1419 adversus
1329 1378 1386 1417 se
1416 1361 1650 1416 motibus
1680 1360 1876 1430 impul-

262 1440 381 1521 S05,
422 1466 483 1512 et
513 1466 669 1514 acuta
699 1474 818 1512 cum
848 1440 1097 1527 gravibus
1136 1464 1527 1527 temperantes,
1557 1461 1877 1509 concentum

262 1548 574 1617 quemdam
615 1557 669 1602 et
695 1547 991 1602 harmonizc
1030 1546 1202 1601 melos
1244 1543 1470 1599 reddere
1497 1543 1653 1597 dulce
1682 1541 1879 1596 contir-

263 1645 451 1692 mant.
479 1636 754 1709 CujusIrei
777 1645 1089 1699 assertores,
1117 1651 1238 1690 cum
1270 1635 1432 1689 Iidem
1463 1632 1730 1688 dictorum
1752 1647 1878 1686 suo-

266 1744 394 1781 rum
429 1730 649 1782 ratione
692 1727 992 1782 communis
1025 1741 1215 1781 sensus
1252 1724 1553 1795 approbare
1592 1730 1875 1790 cogantur,

264 1818 378 1872 hoc
409 1816 603 1872 dicunt
631 1817 754 1887 quia
781 1833 877 1885 per
906 1824 1139 1871 veterem
1165 1813 1611 1871 consuetudinem
1634 1811 1663 1851 ι)
1686 1813 1879 1867 intenti

260 1902 526 1968 auribus,
560 1919 683 1974 erga
712 1904 972 1974 crepitum
1004 1905 1151 1959 illum
1181 1904 1274 1973 qui
1295 1919 1360 1958 ex
1396 1892 1569 1973 prima
1599 1901 1881 1956 nativitate

262 1996 553 2075 ,resonuit,
580 2012 677 2051 usu
711 1996 1048 2065 quotidiano,
1078 1994 1417 2065 oppletarum
1447 1993 1652 2047 aurium
1691 2002 1881 2047 sensus

258 2086 592 2152 obsurduit,
638 2093 798 2154 atque
846 2084 967 2140 ideo
1014 2086 1191 2139 minus
1232 2084 1567 2138 harmoniam
1596 2096 1881 2151 possumus
1914 2127 1930 2145 .

273 2178 615 2241 auscultare,
664 2176 802 2230 sicut
847 2174 901 2229 in
948 2166 1159 2229 ollicina
1208 2173 1403 2239 fabrili,
1435 2171 1661 2228 assiduis
1690 2172 1882 2227 ictibus

262 2264 627 2337 ‘operautium
672 2274 929 2322 contusus
975 2265 1218 2321 hebescit
1265 2260 1497 2320 auditus.
1548 2260 1748 2319 Verum
1780 2262 1877 2319 has

265 2357 691 2413 .smculariorum
739 2368 762 2396 α
795 2355 1078 2411 meditatas
1109 2357 1333 2412 astutias
1358 2356 1461 2411 illis
1489 2364 1721 2411 tractare
1755 2371 1880 2426 per-

260 2448 598 2513 mittentes,
650 2462 749 2501 nos
801 2446 869 2501 ad
923 2462 1224 2502 sermonem
1272 2446 1559 2502 redeamus
1605 2444 1878 2501 Ecclesiae.

262 2532 499 2606 1Dictum
525 2545 607 2592 est
636 2537 815 2607 itaque
844 2552 873 2590 a
903 2537 1321 2607 precessoribus
1363 2536 1564 2592 nostris
1582 2577 1595 2600 ,
1627 2553 1732 2591 non
1763 2552 1882 2591 csse

262 2628 427 2683 ‘hanc
471 2627 713 2682 secundi-
740 2626 863 2683 ρωΙί
904 2628 1263 2692 creationem,
1313 2625 1408 2681 sed
1443 2626 1641 2697 prioris
1669 2626 1883 2696 exposi-

275 2718 513 2772 tionem.
537 2714 614 2771 lbi
635 2718 778 2772 enim
799 2718 1027 2787 carptim
1047 2715 1325 2785 Scriptura
1346 2715 1528 2771 retulit
1549 2715 1669 2771 caali
1702 2724 1883 2770 terra:-

277 2823 390 2877 que
413 2808 705 2873 facturam;
730 2808 816 2863 hic
836 2804 1097 2863 curiosius
1118 2808 1385 2861 rationem
1404 2804 1430 2842 ἀ
1461 2804 1679 2860 tradidit
1704 2803 1881 2867 nobis,

260 2906 392 2968 “qua
446 2899 863 2968 unumquodque
911 2897 1215 2954 confectum
1264 2897 1334 2953 sit
1380 2896 1725 2951 elementum.
1777 2894 1886 2948 Nos

281 2998 475 3046 autem
506 2986 730 3046 dicimus
758 2991 882 3062 quia
909 2988 1122 3060 quando
1150 2998 1204 3045 et
1234 3004 1427 3045 nomen
1463 2989 1629 3053 aliud,
1674 2998 1729 3044 et
1756 3002 1886 3043 usus

262 3078 551 3153 'proprius
591 3076 673 3138 est
712 3082 763 3136 in
795 3080 1066 3149 secundo,
1099 3082 1241 3137 aliud
1274 3096 1392 3137 esse
1420 3081 1722 3137 necessario
1759 3080 1888 3136 illud

1978 534 2133 589 nobis
2162 534 2482 588 calumniam
2522 547 2799 603 generare,
2828 531 3093 601 jactantes
3119 524 3263 597 quod
3292 538 3430 593 aqua
3459 536 3570 576 non

1978 616 2147 698 possit
2190 626 2241 680 in
2284 624 2651 695 superioribus
2679 623 2923 695 partibus
2958 618 3241 676 contineri.
3285 614 3571 684 Reliquum
3605 638 3610 643 -

1978 728 2059 774 est
2088 727 2145 773 ut
2174 718 2382 773 dicatur
2409 732 2527 787 qua:
2559 724 2749 770 natura
2772 715 2841 769 sit
2865 710 3206 775 ﬁrmamenti,
3231 717 3286 764 et
3314 706 3465 777 cujus
3492 706 3571 760 rei

1977 810 2147 882 gratia
2176 808 2513 863 intercedere
2540 815 2739 861 statuta
2790 813 2870 860 est
2918 803 3087 873 aquis.
3122 799 3376 856 Solemne
3412 797 3576 866 igitur

1977 897 2268 971 Scriptura:
2291 897 2447 953 estin
2479 897 2653 952 causis
2680 897 2877 949 virtute
2897 891 3292 964 przestantibus,
3318 888 3431 943 lucc
3455 901 3577 957 pro-

1977 989 2139 1056 ferre,
2163 989 2308 1044 velut
2336 990 2380 1043 si
2403 986 2640 1042 dicatur:
2662 984 2912 1040 Dominus
2933 986 3313 1054 ﬁrmamentum
3340 995 3506 1033 meum
3527 986 3575 1031 et

1978 1083 2233 1154 refugium
2254 1098 2419 1135 meum
2451 1078 2622 1152 (Psal.
2658 1095 2783 1143 xvu,
2818 1076 2895 1149 5).
2929 1074 2996 1129 Et
3019 1073 3149 1128 alibi
3179 1091 3190 1125 :
3220 1069 3338 1143 ‘Ego
3368 1071 3572 1140 ﬁrmavi

1980 1175 2243 1229 columnas
2269 1172 2381 1244 ejus
2414 1170 2588 1243 (Psal.
2633 1184 2809 1232 1.xxw,
2848 1167 2923 1239 4).
2957 1164 3063 1221 Et:
3101 1163 3333 1217 Laudate
3371 1162 3488 1215 eum
3516 1160 3575 1214 in

1980 1256 2307 1337 ﬁrmamento
2350 1264 2592 1333 polentia:
2622 1277 2730 1315 sum
2762 1258 2933 1332 (Psal.
2973 1274 3057 1322 CL,
3092 1255 3164 1323 l).
3193 1251 3261 1307 Et
3290 1250 3577 1308 szecularcs

1981 1355 2196 1424 quidem
2245 1352 2451 1408 ﬁrmum
2496 1368 2691 1423 corpus
2731 1350 2934 1417 dicunt,
2968 1349 3118 1419 quasi
3157 1346 3571 1407 condensatum;

1982 1455 2037 1500 ct
2067 1446 2304 1499 referunt
2332 1443 2477 1513 quod
2506 1441 2573 1497 ad
2606 1433 3006 1498 distinctionem
3046 1434 3413 1493 mathematici
3454 1448 3576 1488 cor-

1980 1539 2129 1608 poris
2179 1537 2473 1601 indicatur;
2524 1534 2665 1590 aliud
2708 1542 2790 1590 est
2829 1534 2971 1589 enim
3018 1528 3475 1591 mathematicum,
3522 1532 3578 1580 et

1983 1629 2126 1682 aliud
2156 1627 2728 1696 quod‘intervallorum
2758 1624 3068 1695 prolixitate
3096 1620 3357 1684 subsistit,
3380 1617 3442 1672 id
3472 1622 3575 1681 est,

1981 1717 2035 1772 in
2050 1717 2340 1772 altitudine
2362 1725 2415 1771 et
2444 1716 2723 1770 latitudine
2750 1715 3065 1770 distensum.
3091 1710 3243 1779 Quod
3272 1719 3452 1765 autem
3485 1707 3577 1762 lir-

1910 1817 1956 1877 B
1982 1824 2129 1863 mum
2160 1815 2261 1873 est,
2294 1822 2415 1862 cum
2444 1809 2514 1861 sit
2541 1804 2567 1843 δ
2604 1806 2928 1877 disjunctum
2973 1805 3181 1874 spatiis,
3224 1802 3384 1857 etiam
3427 1800 3576 1854 duri-

1984 1903 2116 1956 tiam
2153 1899 2407 1970 possidet.
2441 1898 2549 1953 Sed
2582 1897 2858 1968 Scriptura
2896 1894 3173 1962 consuevit
3210 1890 3341 1948 illud
3383 1905 3578 1961 corpus

1982 1992 2131 2063 quod
2158 2000 2242 2046 est
2268 1990 2503 2045 validum
2533 1990 2690 2045 nimis
2718 1996 2772 2044 et
2799 1988 3027 2043 solidum
3057 2000 3252 2042 vocare
3284 1981 3580 2039 ﬁrmamen-

1980 2093 2124 2153 tum,
2168 2083 2308 2139 sicut
2345 2089 2400 2137 et
2437 2097 2616 2136 aerem
2647 2096 2887 2135 crassum
2929 2087 2983 2134 et
3033 2083 3343 2132 concretum
3390 2073 3580 2129 eodem

1987 2176 2127 2232 solet
2154 2176 2352 2247 saepius
2382 2174 2653 2245 appellare
2680 2172 2963 2235 vocabulo,
2998 2170 3116 2224 cum
3146 2168 3277 2223 dicit
3305 2185 3317 2219 :
3344 2164 3443 2230 Qui
3486 2166 3580 2233 ﬁr-

1980 2270 2147 2324 mauit
2191 2268 2472 2323 tonitruum
2518 2266 2696 2336 (Amos
2738 2280 2808 2329 iV,
2861 2261 2973 2332 i5).
3019 2258 3387 2330 Spissitudinis
3434 2257 3577 2311 enim

1986 2358 2259 2424 duritiem,
2285 2357 2409 2426 quia
2434 2356 2650 2428 spiritus
2677 2362 2973 2423 conceptus
3008 2353 3060 2406 in
3103 2350 3333 2406 nubibus
3376 2347 3579 2402 violen-

1988 2460 2175 2520 terque
2204 2456 2494 2520 proruptus
2519 2444 2684 2501 eﬂicit
2710 2461 2900 2500 sonum
2928 2443 3294 2507 tonitrualem,
3324 2438 3581 2494 lii-matia-

1988 2557 2111 2597 nem
2134 2540 2424 2597 tonationis
2452 2537 2705 2609 appellat.
2739 2536 2752 2574 ί
2780 2534 2937 2590 Unde
2959 2551 3099 2589 nunc
3119 2547 3334 2601 quoque
3356 2529 3579 2584 arbitra-

1986 2648 2109 2687 mur
2143 2632 2195 2685 in
2235 2632 2412 2699 aliqua
2461 2626 2760 2682 firmissima
2804 2628 3014 2689 natura,
3055 2631 3292 2679 meatum
3322 2634 3579 2690 aquarum

1986 2724 2507 2791 iubricationemquc
2522 2720 2837 2781 consistere,
2858 2726 2913 2772 et
2928 2723 3237 2771 contentam
3254 2712 3403 2767 vocis
3421 2710 3580 2779 hujus

1987 2816 2249 2885 repa’guio
2271 2812 2543 2877 sustineri,
2570 2811 2825 2880 quoniam
2847 2808 2913 2863 de
2938 2810 3197 2877 aquarum
3218 2803 3581 2861 communium

1984 2908 2227 2964 editione
2268 2905 2600 2961 nativitatem
2632 2900 2867 2958 creditur
2900 2899 3169 2964 habuisse,
3202 2896 3286 2952 vel
3313 2903 3459 2951 Certe
3482 2894 3581 2949 hu-

1980 3000 2130 3055 mori
2160 2998 2444 3066 coagulato
2471 2994 2701 3051 similem
2732 3008 2852 3048 esse
2881 2989 3133 3047 convenit
3160 2988 3427 3043 mstimare
3453 3005 3465 3040 ε
3492 2994 3581 3040 aut

1991 3090 2254 3161 ejusmodi
2280 3088 2459 3144 'alicui
2487 3086 2745 3152 materiai,
2778 3098 2897 3154 qua:
2936 3098 3002 3138 ex
3038 3079 3323 3167 dill‘usione
3361 3074 3583 3148 liquoris

283 3183 310 3210 °
337 3172 493 3243 (ιιιοά
522 3172 713 3243 Ῥνίῐηο
759 3171 957 3228 “dum
1004 3180 1087 3228 εει
1131 3173 1351 3237 “Dium-
1375 3171 1579 3227 habens
1625 3179 1872 3226 natura"!
1901 3180 1949 3243 C
1979 3182 2205 3253 sumpsit
2235 3181 2514 3249 originem,
2541 3177 2714 3247 qualis
2742 3185 2824 3232 est
2844 3172 3038 3246 lapidis
3057 3180 3247 3227 natura
3269 3168 3583 3243 crystallini,

280 3262 630 3329 validiorem,
679 3276 798 3334 qua:
838 3270 1062 3333 prmstat
1107 3262 1270 3318 rebus
1317 3262 1566 3318 omnibus
1594 3262 1880 3318 utilitatem

259 3365 267 3370 ’
283 3356 617 3429 pnecipuam
628 3397 641 3409 .
841 3422 849 3428 _

276 3447 281 3450 “
358 3448 410 3525 4..
453 3448 474 3487 τ
508 3445 577 3502 Et
616 3442 748 3502 dixit
779 3444 917 3501 Deus
946 3464 964 3501 :
994 3443 1119 3500 Fiat
1146 3448 1550 3516 ﬁrmamentum,
1582 3456 1631 3501 et
1662 3456 1727 3501 stt
1755 3448 1885 3501 divi-

287 3542 415 3595 dens
448 3543 586 3594 inter
613 3555 799 3611 aquam
827 3546 880 3591 et
903 3553 1108 3609 aquam.
1140 3533 1308 3605 igitur
1338 3547 1624 3607 antequam
1653 3538 1884 3593 radicem

262 3636 502 3686 ’eorum'
524 3642 640 3701 qum
684 3630 881 3699 scripta
922 3634 1052 3683 'sunt
1079 3628 1419 3697 attingamus,
1452 3631 1794 3699 experiamur
1820 3647 1884 3685 ea

286 3740 411 3794 qua:
462 3722 616 3777 nobis
662 3714 963 3790 o‘bjicienda
1002 3727 1259 3789 putamus
1297 3720 1363 3773 ab
1401 3720 1519 3774 aliis
1557 3720 1879 3789 improbare.

256 3817 650 3872 'Sciscitantur
684 3814 925 3884 namque
969 3827 1090 3878 nos,
1138 3820 1521 3882 proponentes,
1572 3812 1617 3868 si
1665 3813 1884 3882 sphaera:

280 3907 470 3961 simile
496 3907 722 3961 habetur
738 3904 1059 3959 ﬁrmamenti
1086 3912 1302 3973 corpus,
1333 3904 1471 3958 sicut
1497 3904 1634 3958 visio
1663 3903 1775 3973 ipsa
1805 3912 1883 3958 te-

284 4005 489 4063 statur,
523 4006 547 4045 8
577 3995 848 4066 quomodo
875 3996 1092 4050 ﬂuitans
1121 4002 1279 4064 aqua,
1310 4009 1628 4066 semperque
1658 3996 1722 4050 ad
1751 3995 1885 4051 infe-

287 4089 444 4143 riora
473 4086 828 4151 deluhricans,
858 4092 1082 4156 poterat
1115 4085 1169 4140 in
1207 4085 1532 4154 globositate
1557 4087 1763 4141 curvati
1793 4085 1883 4139 tir-

288 4181 554 4236 mamenti
597 4180 925 4236 consistere?
971 4179 1109 4246 Quid
1155 4179 1579 4249 respondemus?
1610 4181 1735 4249 quia
1777 4195 1884 4234 non

260 4285 267 4289 ’
293 4268 637 4335 omnimodis,
662 4264 804 4342 q'uod
833 4271 1042 4326 videtur
1069 4271 1224 4325 nobis
1252 4270 1667 4339 suspicientibus
1695 4270 1886 4324 intrin-

280 4380 458 4419 secus
478 4360 596 4419 esse
621 4362 871 4428 volubile,
901 4364 1004 4418 hoc
1032 4363 1192 4417 etiam
1222 4364 1559 4418 extrinsecus
1589 4364 1641 4417 in
1664 4363 1886 4433 sphaera:

296 4456 699 4510 similitudinem
728 4454 964 4510 creditur
989 4469 1109 4509 esse
1148 4455 1452 4509 formatum.
1497 4454 1772 4524 Siquidem
1803 4454 1883 4508 la-

1989 3288 2149 3345 quem
2178 3270 2354 3325 ferun'
2382 3286 2447 3325 ex
2473 3268 2732 3339 aquarum
2755 3265 3101 3322 concretione
3126 3263 3393 3333 generari.
3423 3259 3584 3329 Lapis

1987 3381 2119 3421 vero
2147 3365 2239 3434 qui
2269 3363 2487 3434 proprie
2515 3359 2746 3415 lucidam
2775 3357 3014 3429 possidet
3048 3354 3505 3426 perspicuitatem,
3530 3358 3585 3404 et

1987 3459 2081 3528 qui
2110 3456 2402 3514 secundum
2444 3470 2596 3509 suam
2638 3461 2883 3507 naturam
2915 3448 3073 3504 fuerit
3112 3449 3354 3503 sincerus
3386 3446 3584 3498 inven-

1988 3558 2093 3614 tus,
2120 3564 2219 3603 nec
2242 3547 2465 3616 alicujus
2482 3543 2781 3615 putredinis
2800 3542 3129 3595 admixtione
3158 3539 3173 3589 ἰ
3213 3537 3459 3601 fcedatus,
3485 3550 3583 3590 nec

1988 3640 2183 3694 fundus
2213 3639 2362 3693 rimis
2390 3622 2654 3704 aliquibus
2685 3631 2821 3686 ﬁxus
2848 3639 2947 3695 est,
2981 3630 3091 3684 aeri
3130 3628 3323 3683 similis
3354 3624 3583 3681 habetur

1990 3732 2043 3785 iu
2072 3730 2287 3793 colore;
2315 3727 2410 3783 sed
2435 3725 2567 3780 nulli
2597 3738 2783 3779 eorum
2814 3720 3060 3778 conferre
3103 3734 3203 3775 nos
3240 3717 3321 3773 fas
3364 3726 3448 3773 est
3488 3717 3580 3771 tir-

1988 3832 2338 3877 mamentum.
2388 3817 2609 3873 Puerilis
2656 3817 2801 3869 enim
2846 3828 3035 3868 revera
3077 3822 3132 3867 et
3169 3811 3470 3882 insipientis
3498 3819 3582 3863 est

1992 3914 2209 3977 mentis,
2240 3912 2402 3967 talem
2432 3904 2625 3979 capere
2656 3905 2722 3961 de
2762 3904 3070 3961 coelestibus
3114 3903 3444 3973 opinionem.
3475 3899 3582 3955 Sed

1995 4020 2168 4077 neque
2188 4003 2233 4060 si
2262 4003 2441 4058 omnia
2464 4002 2516 4055 in
2539 3993 2785 4054 omnibus
2806 4002 2947 4062 sunt,
2973 3996 3023 4051 id
3047 4003 3148 4061 est,
3170 3995 3307 4065 ignis
3336 3993 3389 4048 in
3418 4000 3577 4057 terra,

1991 4111 2086 4150 aer
2111 4097 2162 4150 in
2190 4109 2347 4164 aqua,
2385 4094 2437 4146 in
2468 4092 2585 4146 aliis
2614 4087 2737 4154 alia,
2781 4090 2883 4143 nec
2916 4088 3039 4159 quia
3071 4101 3257 4142 eorum
3289 4084 3582 4142 elemento-

1990 4202 2108 4241 rum
2139 4200 2255 4254 qure
2285 4184 2483 4238 nostris
2509 4180 2754 4236 sensibus
2799 4176 3174 4257 subjiciuntur,
3216 4169 3348 4233 nihil
3380 4176 3583 4232 sociale

1970 4278 2238 4346 'habetur,
2278 4276 2363 4332 vel
2409 4272 2734 4340 mediarum,
2768 4270 2851 4349 vel
2891 4270 3284 4328 contrariarum
3333 4282 3577 4326 commu-

1990 4370 2153 4425 nione
2196 4383 2478 4425 causarum
2512 4386 2523 4419 :
2557 4366 2625 4421 ob
2658 4362 2766 4420 hoc
2789 4364 2963 4418 etiam
3006 4362 3254 4418 arbitrari
3296 4350 3574 4424 debemus,

1990 4459 2406 4521 ﬁrmamentum,
2455 4467 2547 4513 aut
2594 4468 2759 4512 unum
2922 4454 3253 4526 simplicibus
3304 4467 3443 4518 esse,
3492 4461 3583 4507 aut

297 4562 581 4601 vacrorum
610 4562 939 4601 marmoreas
968 4547 1207 4619 videmus
1232 4562 1493 4613 cameras,
1520 4547 1743 4601 interius
1766 4547 1885 4614 qui-
1912 4557 1962 4619 ι)
1986 4548 2130 4619 quod
2159 4564 2226 4603 ex
2254 4550 2333 4603 eis
2362 4549 2622 4617 processit
2659 4563 2777 4602 esse
2818 4548 3200 4618 promiscuum,
3242 4560 3361 4601 cum
3403 4543 3578 4598 mani-

294 4637 421 4693 dem
464 4638 834 4695 semirotundo
876 4638 1153 4693 schemate
1180 4616 1513 4703 'fabricatas,
1562 4640 1615 4693 in
1663 4639 1883 4707 fastigiis

374 4841 598 4914 éAEditi,
643 4850 834 4914 septem
880 4843 985 4901 illis
1033 4844 1319 4899 ordinibtts.
1367 4843 1551 4914 deex
1596 4850 1781 4899 noster
1826 4854 1883 4901 et

297 4910 453 4995 Colb.
487 4910 772 4979 secundus,
794 4923 985 4984 septem
1010 4914 1117 4969 illis
1145 4914 1371 4969 orbibus.
1392 4912 1599 4981 Gmce,
1628 4923 1726 4970 τῶν
1757 4917 1883 4973 ἑπτὰ

266 5036 271 5039 .
300 4999 511 5037 κυκλοιιν.
592 5016 595 5023 ’

265 5110 271 5116 ,
376 5052 399 5087 ι’
429 5052 645 5122 Antiqui
674 5053 781 5108 duo
814 5053 953 5118 libri,
985 5055 1192 5109 intentis
1229 5055 1461 5110 auribus.
1502 5055 1669 5119 Alius,
1701 5058 1886 5112 intenti

301 5121 533 5205 auribus.
554 5121 707 5205 Aliud
728 5124 944 5205 scripsit
960 5123 1371 5205 Basilius,._a_liud
1403 5126 1684 5205 interpres.
1709 5124 1887 5205 Quare

202 5260 205 5261 ν
266 5194 391 5314 ,ιὲιυὶ
420 5194 742 5249 sententiam
771 5195 1057 5248 verborum
1098 5194 1280 5251 Basilii
1310 5210 1467 5251 nosse
1491 5194 1692 5266 cupiet,
1738 5196 1885 5265 ipsos

322 5271 477 5314 ontes
497 5261 713 5314 Grmcos
735 5263 893 5314 adeat
919 5264 1139 5314 suadeo.

322 5261 481 5339 'ontes
497 5261 713 5339 Qrmcos
735 5263 893 5339 adeat
919 5264 1139 5339 suadeo.

378 5342 399 5370 ο
441 5332 602 5400 Editi,
634 5332 924 5387 meditatus.
952 5334 1020 5386 At
1050 5334 1217 5388 nostri
1246 5342 1357 5389 tres
1379 5350 1532 5402 mss.,
1554 5336 1848 5389 meditatus.

303 5402 605 5525 teEllmifditi,
628 5404 879 5497 tradit....
902 5405 1042 5475 quia.
1062 5402 1289 5513 Veteres
1314 5404 1423 5460 duo
1450 5405 1569 5459 libri
1595 5414 1656 5460 ut
1682 5405 1734 5459 in
1757 5421 1889 5460 con-

352 5484 476 5526 θχιιι.
782 5484 796 5497 ’
1182 5510 1187 5513 λ

378 5551 405 5623 f
436 5542 604 5623 Editi,
627 5546 797 5623 primo
816 5546 973 5616 quod.
1005 5544 1358 5623 Antiquidup
1379 5544 1517 5623 libri,
1541 5548 1677 5623 quod
1697 5554 1883 5623 primo.

383 5611 399 5649 ί
430 5612 575 5669 Editi
604 5611 659 5669 et
697 5614 805 5669 duo
829 5611 996 5678 mss.,
1037 5614 1103 5668 Et
1132 5611 1263 5669 dixit
1306 5611 1575 5670 Dominus}
1620 5611 1884 5671 At'Colb.

305 5684 590 5747 secundus,
620 5682 691 5738 Et
720 5684 852 5740 dixit
879 5684 1038 5739 Deus.

222 5758 225 5761 ’
381 5763 403 5802 8
434 5752 591 5817 Editi,
609 5756 863 5816 quomodo
885 5756 1137 5816 ﬂuctuans
1158 5771 1291 5814 aqua
1315 5771 1513 5811 autver
1531 5755 1603 5819 ad
1618 5755 1887 5812 inferiora.

1992 4641 2126 4697 teste
2160 4641 2316 4697 nobis
2356 4639 2634 4710 Scriptura
2675 4640 2953 4711 przec'ipiat
2997 4641 3126 4696 nihil
3171 4638 3351 4696 sensui
3397 4647 3584 4711 nostro

1970 4846 2207 4917 .Antiqui
2232 4844 2363 4917 duo.
2385 4844 2524 4917 libri,
2568 4844 2821 4917 quomodo
2864 4843 3079 4917 ﬂuitans
3115 4856 3251 4912 aqua
3286 4854 3583 4908 semperque

1988 4916 2057 4988 ad
2085 4914 2355 4988 inferiora.
2393 4915 2559 4980 Alius,
2582 4914 2844 4986 quomodo
2876 4914 3087 4977 ﬂuitans
3113 4926 3265 4979 aqua,
3287 4924 3582 4977 semperque

1987 4986 2637 5138 οάῆἢὲῗιῖἷῖἶαᾶἱεεὶκοταηι
2683 5055 2884 5125 spatiis.
2927 5051 3152 5106 Veteres
3193 5046 3331 5110 libri,
3373 5046 3579 5116 disjun—

1991 5137 2130 5182 ctum
2159 5135 2365 5194 spatiis.

2077 5196 2090 5233 ί
2139 5184 2296 5262 Editi,
2330 5205 2468 5251 tunc.
2500 5195 2652 5250 Colb.
2684 5191 2970 5255 secundus,
3000 5203 3166 5262 nunc.
3201 5184 3395 5262 Statim
3440 5184 3580 5262 idem

1970 5266 2183 5327 codex,
2215 5254 2514 5328 consistere,
2562 5275 2611 5318 et
2657 5271 2968 5317 contentam.
3000 5257 3292 5328 Voculam
3330 5256 3381 5310 in
3423 5254 3579 5328 editis

1989 5326 2342 5393 desideratur.
2370 5326 2656 5404 Aliquanto
2681 5343 2802 5404 post
2836 5338 3048 5404 veteres
3072 5328 3182 5382 duo
3205 5327 3325 5404 libri
3347 5326 3579 5404 et__edi_t_i,

1989 5417 2079 5461 aut
2106 5407 2218 5476 ejus
2250 5397 2545 5462 alicuimodi
2572 5397 2824 5459 materiae.
2856 5401 3019 5455 Alius.
3060 5406 3150 5453 aut
3186 5398 3443 5469 ejusmodi
3471 5397 3574 5450 ali-

1990 5478 2071 5529 cui
2105 5480 2353 5532 materne.

2065 5546 2080 5596 i
2128 5545 2219 5601 Sic
2246 5563 2370 5602 mss.
2405 5545 2529 5600 duo.
2567 5542 2632 5597 At
2659 5540 2902 5609 impressi
2933 5540 3072 5604 libri,
3106 5539 3344 5611 radatur.
3378 5534 3578 5590 ibidem

1992 5615 2139 5680 editi,
2184 5618 2349 5669 ruinis
2388 5607 2864 5684 alicujus.LC(')dex
2896 5619 3077 5684 noster
3106 5607 3167 5684 et
3202 5607 3370 5684 Colb;
3385 5620 3580 5684 secun-

1990 5685 2110 5756 dus,
2130 5672 2285 5741 rimis
2327 5672 2604 5756 aliquibus.
2636 5680 3310 5756 Grbce,.raic_8taptiaam.
3334 5672 3580 5734 Subinde

1991 5754 2144 5812 Colb.
2175 5751 2462 5821 secundus,
2490 5770 2604 5823 qua:
2631 5760 2807 5807 nostro
2841 5751 3034 5807 sensui.
