4192 6258
607 378 712 453 895
772 448 776 457 .

2068 360 2431 425 EUSTA'I'HII

2915 322 2950 335 οπο

3799 370 3939 426 896

609 468 775 557 licere
794 495 1018 562 amplius
1047 508 1206 563 quam
1237 504 1551 547 concessum
1582 494 1663 543 est
1683 486 1911 558 epinari.
1940 486 2048 540 Nec
2073 484 2201 539 illud
2227 488 2281 547 Α
2307 499 2467 558 atque
2507 490 2725 544 alterum
2769 474 3091 544 substantia;
3126 487 3467 545 devoratoria
3511 482 3716 542 scimus
3767 503 3933 542 esse-

588 601 732 651 nos,
760 600 963 654 quaeso,
1006 594 1290 656 praetereat
1332 583 1704 647 indiscussum,
1740 579 1886 649 quod
1920 587 2203 648 postquam

520 704 527 713 ο
611 675 752 731 Deus
791 677 1066 747 praecepit,
1094 676 1279 732 dicens
1311 695 1323 728 :
1359 674 1483 728 Fiat
1514 675 1918 744 ﬁrmamentum,
1944 686 2053 726 non
2089 669 2207 723 sine

610 766 824 821 ratione
848 775 871 802 ο
897 765 1092 836 adjecit
1114 765 1404 820 historicus
1436 781 1449 817 ε
1481 762 1549 816 Et
1580 764 1776 835 factum
1803 769 1880 815 est
1908 760 2208 830 ﬁrmamen-

613 866 740 911 tum.
778 856 913 911 Nam
943 865 1071 912 ante
1100 858 1222 929 fecit
1264 855 1400 911 Deus
1429 856 1832 925 firmamentum.
1861 850 1930 905 Et
1963 850 2157 907 iterum
2190 867 2203 902 :

576 932 581 941 ’
611 944 803 1002 Divisit
840 946 1004 1003 Deus.
1034 947 1351 1004 Auscultent
1378 945 1539 1015 igitur
1562 944 1732 1012 surdi,
1763 952 1819 999 et
1845 942 2211 997 illuminentur

613 1036 683 1092 ad
712 1037 1005 1094 videndum
1032 1038 1180 1094 unci.
1204 1036 1338 1104 Quis
1365 1045 1546 1092 autem
1568 1043 1677 1091 tam
1701 1032 1898 1090 surdus
1916 1040 2019 1099 est,
2047 1046 2210 1102 quam

615 1133 707 1201 qui
736 1148 845 1188 non
888 1132 1038 1190 audit
1078 1133 1152 1188 ita
1191 1132 1371 1203 palam
1409 1130 1795 1187 vociferantem
1841 1127 2212 1199 Scripturam?

619 1222 703 1278 vel
731 1223 854 1292 quis
893 1232 1002 1278 tam
1032 1239 1223 1289 aecus,
1257 1222 1359 1289 nisi
1387 1222 1480 1292 qui
1508 1220 1848 1277 evidentibus
1875 1217 2215 1275 documentis

617 1313 931 1381 instructus,
962 1300 1189 1384 gloriam
1219 1313 1491 1384 Unigeniti
1518 1329 1628 1370 non
1656 1312 1961 1383 respectat?
1987 1310 2054 1365 Et
2079 1310 2216 1366 dixit

617 1406 763 1463 Deus
794 1425 807 1460 :
838 1405 964 1462 Fiat
1001 1409 1403 1478 ﬁrmamentum.
1437 1405 1565 1462 litec
1592 1421 1697 1462 vox
1724 1404 2101 1461 destinationis
2128 1403 2213 1459 in-

620 1497 765 1552 dicat
783 1512 1024 1554 causam.
1055 1498 1212 1565 Quod
1240 1509 1423 1555 autem
1450 1497 1624 1553 dixit:
1653 1496 1789 1563 Quia
1816 1497 1939 1569 fecit
1968 1496 2106 1551 Deus
2127 1497 2217 1567 fir-

621 1595 959 1654 mamentum,
989 1587 1339 1658 perfectionis
1366 1596 1451 1644 est
1476 1587 1887 1655 demonstratio.
2139 1648 2146 1656 ,

622 1731 629 1738 ,
695 1676 746 1732 5.
778 1676 930 1734 Nunc
957 1678 1012 1734 in
1042 1679 1248 1749 reliqua
1276 1695 1455 1735 sermo
1488 1688 1751 1736 vertatur.
1783 1680 1852 1735 Et
1887 1682 1956 1736 sit
1983 1682 2217 1737 dividens

620 1769 756 1829 inter
785 1786 975 1839 aquam
1013 1780 1063 1825 et
1101 1787 1306 1843 aquam.
1337 1768 1556 1826 Infinita
1598 1780 1736 1840 erat,
1772 1782 2032 1842 quantum
2059 1773 2218 1831 datur

2307 582 2449 652 Ignis
2469 584 2612 639 enim
2632 584 2901 640 consumit
2919 598 3132 653 aquam,
3162 582 3377 653 quando
3399 582 3600 639 virtute
3624 581 3939 652 przecellit,

2309 687 2447 744 aqua
2478 688 2608 729 vero
2650 688 2775 730 cum
2820 674 3173 731 abundaverit
3214 674 3508 743 exstinguit
3540 673 3748 742 ignem.
3780 672 3942 727 Erat

2309 778 2440 834 ergo
2466 767 2851 833 necessarium,
2879 781 3056 837 neque
3082 763 3420 823 concordare
3440 765 3582 820 inter
3601 779 3663 819 se
3687 763 3943 819 firmiter

2313 855 2429 911 hazc
2456 856 2744 922 elementa,
2776 871 2878 913 nec
2906 857 3113 927 integra
3142 852 3168 893 ἀ
3198 855 3414 927 penitus
3438 853 3751 910 defectione
3778 854 3944 910 alte-

2311 945 2445 1012 rius,
2469 946 2711 1017 praebere
2729 962 2946 1003 causam
2971 946 3255 1003 solutionis
3274 961 3456 1002 rerum
3476 945 3751 1012 omnium,
3773 944 3946 1001 ideo—

2313 1052 2420 1107 que
2448 1035 2799 1094 sufiicientem
2827 1039 3157 1107 gubernator
3183 1037 3368 1093 mundi
3396 1038 3643 1109 reposuit
3668 1037 3945 1094 humoris

2316 1129 2546 1198 copiam,
2579 1136 2637 1184 ut
2673 1130 3016 1200 praescriptos
3042 1129 3144 1211 sibi
3174 1130 3437 1201 terminos
3475 1146 3585 1185 non
3619 1130 3939 1195 excedens,

2318 1219 2489 1289 ignea:
2510 1229 2696 1290 posset
2723 1221 2973 1276 edacitati
2999 1221 3273 1277 resistere.
3305 1220 3449 1277 Deus
3474 1221 3643 1289 enim,
3670 1223 3764 1291 qui
3794 1238 3941 1277 om-

2316 1311 2405 1366 nia
2452 1312 2553 1367 sub
2597 1311 3004 1383 ponderationis
3031 1318 3089 1367 et
3115 1327 3382 1370 mensum
3409 1311 3749 1368 ordinatione
3778 1329 3940 1367 con-

2317 1403 2511 1469 stituit,
2537 1405 2622 1458 cui
2649 1405 2807 1459 etiam
2834 1414 2994 1477 gutta:
3029 1404 3271 1459 imbrium
3298 1413 3587 1460 numerata:
3610 1416 3744 1468 sunt,
3773 1415 3941 1462 teste

2316 1491 2420 1549 Job
2449 1493 2661 1564 (xxxvr,
2698 1493 2823 1566 27),
2863 1504 3091 1551 noverat
3134 1505 3338 1565 quanto
3383 1503 3630 1566 tempore
3668 1511 3805 1566 aqua
3860 1496 3934 1551 in

2318 1586 2451 1643 orbe
2493 1595 2759 1671 terrarum
2800 1603 3118 1659 permanere
3155 1588 3398 1656 deberet,
3427 1597 3483 1643 et
3525 1589 3612 1644 vel
3657 1600 3930 1658 quantam

2320 1677 2429 1747 igni
2464 1678 2773 1736 alimoniam
2820 1689 3167 1752 praepararet.
3200 1677 3327 1736 Haec
3359 1688 3444 1736 est
3479 1695 3748 1750 aquarum
3779 1682 3930 1735 ratio

2320 1769 2615 1826 secundum
2642 1780 2967 1827 creaturam.
3003 1771 3385 1828 Verumtamen
3423 1787 3551 1828 usus
3581 1772 3724 1841 ignis
3757 1788 3932 1841 quam

623 1860 869 1941 intelligi,
901 1876 1163 1931 aquarum
1192 1862 1427 1930 dill‘usio,
1472 1864 1710 1934 undique
1746 1864 2061 1922 alluentium
2103 1875 2216 1922 ter-
2244 1867 2297 1926 Β
2321 1862 2658 1918 necessarius
2681 1862 2753 1918 sit
2779 1862 2940 1918 rebus
2961 1863 3229 1930 humanis,
3260 1863 3380 1934 quis
3419 1864 3491 1918 ita
3521 1863 3742 1918 vivendi
3768 1879 3931 1935 pem-

621 1968 758 2017 ram,
791 1953 863 2007 ita
893 1960 954 2009 ut
981 1954 1210 2010 aliorum
1236 1956 1399 2011 etiam
1429 1955 1820 2011 elementorum
1846 1966 2078 2014 statutos
2105 1968 2217 2015 ter-

622 2043 801 2097 minos
821 2043 1094 2099 videretur
1119 2044 1416 2112 excedere;
1439 2044 1467 2084 ι’
1489 2054 1777 2117 propterea
1797 2047 1852 2101 in
1871 2049 2219 2117 sequentibus

622 2132 819 2189 dicitur
847 2135 1072 2207 abyssus
1099 2135 1516 2192 circumdedisse
1542 2136 1806 2192 tellurem.
1840 2136 1948 2192 Sed
1976 2138 2218 2194 multitu-

622 2224 764 2280 dinis
788 2224 1007 2296 quidem
1037 2242 1297 2296 aquarum
1327 2243 1546 2284 causam
1591 2229 1755 2299 paulo
1805 2228 2039 2293 inferius,
2059 2245 2222 2301 expo-

624 2334 837 2373 nemus.
873 2319 1255 2375 Verumtamen
1278 2321 1456 2376 nullus
1484 2330 1750 2388 nostrum,
1781 2322 1876 2378 sed
1903 2337 2005 2378 nec
2030 2338 2219 2378 eorum

616 2409 718 2477 qui
739 2407 893 2482 valde
921 2416 1048 2466 sunt
1074 2409 1273 2465 eruditi
1295 2419 1350 2465 et
1377 2412 1687 2468 acutissime
1715 2412 1988 2469 intuentes
2016 2414 2082 2469 ad
2106 2430 2221 2469 cor-

615 2498 934 2568 ,ruptibilem
963 2499 1103 2555 hanc
1131 2498 1438 2571 lluxamque
1474 2510 1744 2571 naturam,
1773 2504 2222 2581 epinandovale-

624 2591 704 2646 bit
747 2586 1176 2663 reprehendere,
1225 2593 1310 2649 vel
1353 2605 1376 2635 α
1426 2595 1776 2666 impossibilia
1824 2598 1908 2655 vel
1957 2597 2220 2666 figmentis

624 2685 945 2753 quibusdam
986 2688 1283 2743 narrationi
1331 2688 1700 2757 conglutinata
1748 2706 1849 2747 nos
1890 2692 2053 2747 verba
2095 2707 2220 2771 pro-

626 2776 799 2845 ferre;
845 2793 945 2835 nec
987 2780 1170 2850 exiget
1217 2782 1566 2852 probationes
1613 2798 1712 2854 per
1754 2800 1889 2856 quas
1934 2801 2220 2856 possumus

626 2878 867 2925 astruere
906 2886 1070 2943 super
1095 2873 1224 2943 quid
1253 2890 1514 2946 aquarum
1542 2876 1706 2931 fuerit
1748 2885 1939 2932 natura
1974 2877 2215 2934 fundata.

627 2958 701 3013 Ea
731 2962 873 3016 enim
903 2964 1114 3019 ratione
1134 2979 1240 3033 qua
1263 2974 1462 3022 terram
1490 2969 1645 3038 aquis
1671 2969 1972 3038 graviorem
2004 2969 2221 3027 Iinnau—

615 3061 733 3117 ,tes,
765 3054 818 3108 in
846 3055 1021 3110 media
1050 3058 1289 3113 outnitun
1337 3058 1475 3115 hanc
1521 3060 1769 3117 libratam
1811 3078 1931 3118 esse
1976 3079 2215 3133 pronun-

614 3141 786 3211 ttiant,
817 3144 963 3198 illam
990 3161 1206 3217 quoque
1235 3150 1511 3206 ctelestem
1553 3167 1768 3222 aquam,
1815 3164 2036 3224 propter
2064 3166 2219 3212 uatu-

2322 1961 2410 2010 tus
2434 1967 2629 2024 expers
2652 1952 2905 2022 habetur,
2930 1961 2988 2008 ut
3014 1954 3121 2008 hoc
3142 1968 3250 2008 non
3271 1952 3427 2008 aliter
3453 1953 3556 2008 nisi
3574 1968 3648 2007 ex
3672 1963 3698 1990 ε
3720 1956 3932 2008 doctri-

2321 2063 2403 2102 ntc
2431 2046 2724 2103 traditione
2753 2046 3101 2116 cognoverit?
3130 2047 3262 2101 Nam
3302 2060 3412 2101 non
3440 2045 3616 2101 solum
3654 2060 3739 2100 ea:
3780 2055 3932 2101 artes

2319 2154 2440 2209 quae
2471 2140 2592 2194 vita:
2617 2139 2865 2194 humana:
2897 2138 3305 2194 sustentatrices
3339 2144 3486 2205 sunt,
3513 2135 3758 2206 indigent
3788 2152 3933 2207 igua

2320 2232 2543 2297 auxilio,
2573 2231 2669 2288 sed
2695 2231 2949 2287 arborum
2978 2231 3142 2286 etiam
3171 2230 3514 2299 geminatio,
3543 2228 3933 2299 fructuumque

2320 2323 2625 2389 maturitas,
2657 2331 2713 2377 et
2741 2322 3054 2401 animalium
3084 2331 3194 2376 tam
3224 2321 3562 2379 terrestrium
3598 2335 3766 2388 quam
3809 2336 3933 2377 ma-

2321 2416 2564 2471 rinorum
2596 2414 2867 2479 nativitas,
2898 2428 3074 2485 neque
3114 2413 3380 2484 principio
3417 2415 3791 2484 processisset,
3823 2428 3930 2470 ne-

2320 2521 2427 2575 que
2473 2504 2791 2575 perduraret
2842 2505 2898 2559 in
2949 2511 3212 2575 tempora,
3260 2503 3307 2559 si
3357 2503 3555 2558 caloris
3602 2502 3929 2559 beneﬁcium

2320 2595 2597 2654 defuisset.
2654 2597 2932 2666 Aquarum
2984 2610 3203 2665 quoque
3251 2582 3579 2651 abundantia
3618 2595 3776 2650 valde
3821 2595 3932 2650 luit

2320 2689 2647 2754 necessaria,
2706 2696 2767 2743 ut
2788 2687 3204 2744 .incessabilitcr
3249 2695 3305 2742 et
3350 2686 3470 2742 sine
3522 2686 3931 2742 intermissione

2266 2828 2273 2835 .
2321 2788 2537 2849 pastum
2565 2779 2670 2833 sibi
2697 2778 2766 2834 de
2794 2779 2878 2833 bis
2908 2778 3046 2847 ignis
3069 2777 3392 2833 attraheret.

2394 2872 2447 2927 6.
2475 2871 2690 2943 Intuere
2716 2868 2951 2940 denique
2980 2869 3294 2938 diligentius
3320 2878 3651 2938 creaturam,
3680 2876 3737 2924 et
3764 2884 3929 2924 mve-

2321 2964 2439 3018 nies
2476 2962 2581 3018 vim
2625 2961 2854 3016 fervoris
2892 2960 3103 3016 cunctis
3129 2975 3250 3031 qua:
3288 2960 3540 3015 oriuntur
3564 2971 3621 3015 et
3649 2960 3930 3019 occidunt.

2321 3054 2573 3124 potenter
2615 3054 2838 3109 luerere.
2892 3051 3186 3123 Propterea
3215 3052 3375 3107 terris
3415 3066 3572 3122 aquae
3613 3051 3932 3120 largissuua:

2322 3154 2451 3199 sunt
2481 3144 2689 3210 infusm,
2730 3144 2974 3213 ultraque
3001 3158 3164 3213 quam
3208 3141 3457 3198 videntur
3497 3151 3627 3199 sunt
3670 3156 3933 3209 extensae,

631 3231 800 3286 ralem
843 3233 1100 3303 impetum
1137 3236 1273 3305 ejus,
1303 3253 1517 3308 semper
1558 3240 1626 3294 ad
1664 3241 1770 3296 ima
1812 3243 2140 3310 tendentem,
2169 3255 2225 3299 et
2250 3235 2295 3295 Β
2326 3253 2446 3307 qua:
2467 3246 2521 3291 et
2545 3236 2764 3291 fundum
2782 3237 2989 3291 telluris
3009 3236 3310 3307 attingunt;
3334 3236 3479 3291 unde
3498 3242 3667 3292 etiam
3694 3235 3938 3320 fontibus

632 3330 856 3391 propter
880 3314 1255 3392 aequalitatem
1274 3342 1343 3382 ex
1372 3330 1518 3384 omni
1561 3339 1716 3400 parte
1760 3322 2224 3399 collocatam,'ne-

631 3431 782 3473 cesse
802 3425 885 3474 est
906 3434 1071 3489 super
1090 3420 1277 3476 orbem
1304 3430 1569 3478 terrarum
1590 3424 1858 3480 stabiliter
1886 3441 2221 3497 permanere.

631 3506 771 3578 Ergo
800 3510 977 3581 ampla
1006 3511 1164 3567 nimis
1205 3521 1328 3569 erat
1360 3529 1622 3583 aquarum
1651 3525 1865 3585 natura,
1902 3534 1965 3573 ac
1991 3533 2097 3574 non
2128 3538 2227 3591 pro

527 3677 531 3679 Α
633 3610 790 3657 terrae
809 3601 1147 3659 dimensione
1165 3603 1374 3671 diffusa,
1398 3605 1493 3661 sed
1522 3608 1692 3663 multo
1719 3609 1915 3678 largius
1943 3611 2084 3666 illius
2105 3629 2225 3668 am-

614 3690 802 3747 bitum
849 3693 1156 3763 superabat.
1214 3694 1290 3750 Ita
1339 3711 1406 3751 ex
1462 3697 1617 3753 initio
1668 3700 2227 3769 magniﬁcentissimos

630 3780 825 3838 artifex
867 3782 1043 3839 futura
1086 3786 1443 3856 prospiciens,
1477 3790 1818 3857 sequentium
1844 3793 2129 3850 utilitatem
2160 3813 2227 3853 ex

632 3874 874 3944 priorum
902 3875 1257 3947 dispositione
1283 3880 1583 3935 constituit.
1613 3880 1744 3948 Quae
1779 3898 1941 3939 causa
1973 3886 2070 3939 fuit
2099 3902 2228 3955 ergo

634 3973 697 4019 ut
724 3980 878 4036 aqua:
921 3970 1214 4024 enormitas
1262 3971 1587 4026 exuberaret
1630 3971 1683 4025 in
1728 3973 1922 4049 terris?
1962 3973 2227 4040 Quoniam

611 4058 938 4116 necessaria
966 4067 1084 4113 erat
1111 4061 1285 4129 rebus
1322 4061 1461 4131 ignis
1502 4071 1717 4130 natura,
1760 4079 1867 4119 non
1897 4066 2072 4121 solum
2101 4082 2226 4137 erga

632 4146 1092 4223 dispensationem
1133 4152 1491 4217 terrestrium,
1523 4151 1619 4209 sed
1649 4154 1812 4209 etiam
1840 4154 1911 4208 ad
1942 4155 2227 4225 perfectio-

634 4254 756 4292 nem
805 4248 1145 4296 cunctorum.
1201 4242 1416 4298 Etenim
1465 4243 1779 4300 brevissima
1827 4245 2227 4317 semiplenaque

636 4327 815 4384 forent
848 4332 1050 4400 omnia,
1080 4333 1127 4388 si
1155 4333 1403 4407 maximis
1431 4349 1495 4389 ac
1524 4333 1912 4403 principalibus
1948 4337 2231 4395 elementis

638 4419 836 4492 aliquid
883 4423 1058 4478 minus
1097 4432 1257 4490 esset,
1288 4437 1409 4493 qua:
1435 4423 1654 4494 quidem
1693 4427 1964 4481 contraria
1994 4428 2228 4501 sibimet,

2330 3337 2386 3381 et
2412 3328 2589 3398 puteis
2627 3328 2824 3395 largior
2856 3328 3014 3399 copia
3045 3326 3294 3383 tuanandt
3330 3329 3665 3398 suppeditat,
3689 3343 3936 3398 prmum.

2331 3429 2522 3489 tesque
2566 3420 2885 3474 torrentium
2920 3418 2937 3456 ί
2971 3434 3185 3489 cursus,
3218 3430 3278 3474 ut
3320 3419 3516 3476 humor
3561 3436 3616 3474 tn
3657 3419 3840 3475 multis
3863 3435 3935 3475 ac

2330 3512 2557 3567 diversis
2576 3511 2827 3567 videlicet
2847 3512 3056 3567 horreis
3073 3510 3419 3567 conderetur.
3441 3510 3626 3579 Itaque
3646 3511 3719 3566 ab
3741 3515 3937 3566 Utica-

2334 3605 2402 3659 tis
2428 3605 2669 3675 partibus
2696 3602 2935 3658 hibernis
2964 3603 3309 3674 progreditur
3347 3601 3507 3657 Indus
3547 3599 3766 3668 ﬂuvius,
3808 3618 3934 3655 oui-

2335 3699 2480 3753 nium
2518 3696 2805 3753 violentior
2850 3695 3196 3763 fluentortuu,
3242 3695 3382 3750 sicut
3425 3692 3693 3764 speculati
3728 3702 3858 3749 sunt
3896 3694 3934 3751 ii

2330 3794 2421 3863 qui
2467 3793 2630 3847 situm
2669 3791 2816 3846 orbis
2844 3790 3179 3861 descripsere
3205 3788 3588 3845 terrarutn..De
3612 3787 3929 3843 meridianis

2329 3895 2510 3940 autem
2535 3886 2666 3940 locis
2694 3884 2919 3940 Bactrus
2945 3883 3119 3940 clIluit
3142 3893 3202 3941 et
3226 3883 3511 3955 Choaspis,
3538 3891 3592 3939 et
3612 3882 3833 3948 Araxes,
3847 3899 3929 3940 ex

2330 3994 2439 4046 quo
2466 3977 2681 4042 Tanais,
2713 3978 2974 4048 abruptus
3013 3977 3067 4032 in
3106 3976 3407 4034 Mmoticam
3436 3977 3623 4034 transit
3647 3976 3930 4047 paludem.

2335 4067 2520 4122 Phasis
2548 4076 2728 4123 autem
2757 4068 2826 4123 de
2852 4067 3130 4125 Caucasiis
3163 4068 3279 4124 exit
3323 4069 3624 4136 montibus,
3666 4076 3723 4125 et
3768 4070 3935 4124 innu-

2335 4158 2616 4213 tnerabiles
2645 4158 2756 4224 alii,
2795 4158 2864 4214 de
2894 4168 2918 4205 ις
2958 4158 3271 4227 regionibus
3307 4160 3510 4229 arctois
3548 4159 3617 4215 ad
3660 4157 3935 4216 Euxinum

2334 4250 2577 4304 feruntur
2599 4248 2847 4316 Pontum.
2877 4240 2956 4305 Ab
2982 4237 3289 4308 Occidentis
3310 4266 3441 4307 vero
3462 4252 3771 4308 climatibus
3788 4252 3937 4307 aesti-

2336 4342 2434 4412 vis,
2462 4342 2562 4396 sub
2603 4341 2862 4414 Pyrenaeo
2888 4343 3090 4398 vertice
3119 4342 3398 4413 Tartesus,
3423 4353 3589 4415 atque
3615 4345 3767 4411 Ister,
3789 4361 3936 4415 quo-

2338 4449 2456 4488 rum
2486 4450 2622 4489 unus
2662 4434 2714 4488 in
2755 4434 3023 4490 exteriora
3053 4436 3221 4491 maria
3256 4434 3515 4504 decurrit,
3544 4437 3683 4492 alter
3709 4436 3937 4492 veniens

612 4656 615 4665 .
648 4629 757 4709 Lf.
776 4619 1174 4709 E'ditinadjacﬂet
1202 4622 1493 4709 historicus:
1526 4626 1596 4709 At
1624 4630 1793 4709 nostri
1817 4637 1928 4709 tres
1950 4648 2104 4698 mss.,
2131 4635 2225 4689 ad-
2255 4638 2303 4697 D
2327 4636 2513 4709 bosius
2531 4637 2770 4709 quidem,
2793 4637 2888 4709 sed
2907 4639 2985 4709 ita_
3000 4618 3187 4709 tamen
3213 4645 3275 4693 ut
3301 4639 3635 4709 exprimatur
3658 4648 3786 4694 utcu

811 4689 1166 4771 Haudﬂlonge
1194 4693 1352 4771 editi._
1373 4705 1422 4748 et
1456 4698 1651 4771 factum
1692 4707 1767 4753 est
1815 4689 2219 4771 firmamentum.

639 4760 707 4844 Iit
737 4761 928 4815 iterum
956 4760 1121 4844 (idib.
1151 4760 1542 4844 seettndus,'Et
1571 4770 1765 4844 factum
1806 4760 1883 4826 est
1920 4775 2228 4844 ﬁrmamen-

610 4857 615 4861 «
640 4841 744 4886 tum
761 4849 779 4885 :
793 4849 914 4886 nam
936 4840 985 4906 et
1002 4833 1122 4904 fecit
1147 4832 1283 4888 Deus
1297 4832 1698 4906 ﬁrmamentum.
1718 4839 1788 4895 Et
1809 4832 2018 4899 iterum.
2041 4844 2227 4902 Codex

647 4912 830 4958 noster
859 4911 915 4956 ut
945 4905 997 4957 in
1027 4912 1298 4959 contextu.

712 4973 737 5010 δ
768 4973 908 5028 Editi
937 4982 991 5051 et
1016 4973 1169 5051 Coll).
1202 4976 1419 5051 primus,
1451 4988 1723 5051 propterea
1750 4983 2119 5040 insubsicibilis
2147 4987 2229 5041 di-

610 5044 792 5112 ~ritur,
825 5044 1235 5120 novo'needum
1264 5044 1472 5120 audito
1514 5044 1767 5118 loquendi
1810 5066 2027 5120 genere.
2070 5056 2223 5112 Colb.

639 5115 925 5178 secundus,
955 5119 1318 5191 praptereain
1339 5115 1660 5191 sequentibus
1683 5115 1892 5178 dicitur.
1919 5125 2229 5182 Eustathius

639 5185 962 5271 expressum
994 5185 1320 5271 voluit‘illutl
1361 5185 1561 5253 Basilii,
1586 5190 1668 5246 διά
1697 5201 1852 5271 tauro
1887 5201 1988 5271 γὰρ
2031 5200 2080 5251 ἐν
2117 5207 2229 5261 τοῖς

641 5257 871 5331 κᾳτόπιγ,
893 5255 1133 5331 etc._Sed
1156 5266 1262 5312 tam
1287 5260 1452 5331 longe,
1470 5278 1501 5314 a
1523 5277 1688 5331 scopo
1709 5255 1998 5330 aberra'vi't,
2028 5274 2085 5321 ut
2108 5255 2227 5323 Ion;

641 5325 760 5390 gius
786 5325 1022 5403 aberrari
1040 5343 1158 5403 _t_ton
1188 5325 1542 5403 possitham
1584 5325 1696 5387 hiec
1720 5334 1886 5403 verba
1916 5325 1996 5390 ita
2021 5338 2227 5393 reddita

618 5402 1000 5479 oportuerat:
1033 5396 1315 5479 Propterea
1355 5400 1800 5479 in_‘superioribus
1845 5406 2033 5461 dicitur
2075 5409 2228 5479 abys-

550 5476 565 5492 ν
642 5481 751 5544 sus,
781 5475 886 5544 etc".
920 5464 1104 5544 Neque
1134 5484 1260 5544 vero
1298 5471 1401 5544 hoc
1429 5464 1680 5544 loquendi
1709 5487 1897 5541 genus,
1931 5480 1978 5531 ἐν
2004 5487 2107 5539 τοῖς
2126 5464 2227 5544 ,ἕα-

643 5533 1130 5619 r.61r.tv,.EllRtalll‘i'0
1155 5540 1275 5604 soli,
1442 5533 1655 5598 et'aliis
1687 5533 2044 5619 scriptoribus
2082 5533 2227 5619 peri-

644 5607 860 5661 tissimis
889 5606 1101 5660 errandi
1131 5623 1289 5664 causa
1321 5610 1416 5664 fuit
1439 5621 1495 5666 et
1523 5615 1757 5669 occasio.

719 5689 745 5759 ς
784 5676 945 5759 Editi,
976 5678 1334 5759 impossibilia,
1365 5681 1721 5759 minantisque
1757 5686 2063 5759 quibusdam
2102 5707 2230 5744 nar-

644 5749 836 5830 rationi
863 5747 1258 5830 conglutinatis._
1278 5747 1433 5804 Colb'.
1468 5747 1864 5830 secunilus,'ref
1889 5760 2229 5830 impossibilia

646 5817 724 5869 vel
747 5817 1011 5880 [iumentis
1040 5817 1342 5881 quibusdam
1374 5825 1661 5880 narrationi
1690 5817 2044 5895 cottglutinata
2061 5871 2075 5896 ,
2106 5847 2229 5887 ver-

3863 4654 3935 4693 ue

2334 4654 2513 4691 aestus
2532 4654 2770 4705 quidem,
2793 4654 2888 4690 seu
2907 4654 2979 4691 tta
3004 4654 3187 4692 tamen
3213 4654 3275 4693 ut
3301 4654 3635 4709 exprimatur
3658 4654 3786 4694 utcu
3863 4654 3934 4693 ue

2334 4706 2481 4773 illud,
2514 4707 2543 4766 ἣ
2575 4707 2942 4781 πλασματώδη.
2968 4706 3092 4763 Mox
3120 4708 3271 4776 editi,
3301 4726 3431 4781 quas
3457 4726 3752 4780 possumus.

2339 4785 2569 4860 veteres,
2600 4779 2875 4860 possimus.
2933 4848 2998 4860 Η
3084 4842 3109 4860 ,η
3236 4848 3240 4853 ⁴
3461 4779 3484 4860 ⁷-
3630 4844 3635 4848 θ

2404 4846 2431 4884 ά
2473 4846 2632 4913 Editi,
2671 4848 2875 4920 penitus
2909 4846 3269 4921 defectionem.
3307 4846 3813 4921 Nostri‘tres'mss”
3844 4853 3936 4906 de-

2358 4921 2577 4973 ectione.
2940 4960 2943 4961 ν

2333 4921 2687 5061 {ectfnmtetiqui
2716 4989 2823 5061 duo
2853 4989 2971 5045 libri
3001 4999 3057 5045 et
3083 4990 3231 5057 editi,
3256 4992 3603 5061 ex‘doctrinte
3624 4993 3934 5048 traditione.

2332 5058 2485 5113 Colb.
2534 5058 2820 5130 secundus,
2856 5077 2922 5115 ea:
2949 5062 3189 5116 doctrina
3218 5073 3269 5116 et
3296 5065 3521 5118 ratione.
3548 5058 3749 5119 Statim
3778 5064 3935 5130 editi,

2337 5130 2417 5182 Ine
2441 5140 2598 5184 artes.
2634 5129 2857 5185 Veteres
2877 5132 2985 5185 duo
3016 5132 3155 5194 libri,
3186 5149 3263 5188 ea?
3291 5144 3450 5189 artes.

2415 5199 2433 5238 ί
2476 5198 2636 5263 Editi,
2671 5216 2850 5254 rursus
2894 5212 2943 5256 et
2991 5203 3193 5258 humor.
3221 5203 3401 5259 Codex
3448 5212 3637 5261 noster
3679 5213 3737 5259 et
3773 5204 3936 5260 Colb.

2335 5271 2621 5395 secgundtts,
2651 5287 2849 5337 cursus,
2888 5280 2944 5327 ut
2979 5272 3181 5337 humor,
3216 5275 3348 5344 etc'.,
3379 5277 3602 5346 optime.
3635 5275 3693 5329 In
3719 5273 3936 5340 Grteeo,

2337 5363 2413 5395 υπ
2443 5364 2470 5395 ο
2497 5363 2606 5395 TW.

2337 5363 2470 5397 'Uﬂ'ElI
2497 5363 2606 5397 TW.

2410 5364 2649 5499 ξέδῗίίι
2668 5409 2744 5499 κάξ
2773 5408 3069 5499 rerum
3097 5415 3358 5499 Αῖναηίέἐεε
3386 5433 3516 5499 sua:
3536 5414 3818 5499 ιιοκκσμιίίὲ.

2336 5481 2484 5558 velit,
2509 5498 2576 5536 ne
2601 5480 3058 5558 Mopsusfquidem
3086 5493 3178 5558 aut
3202 5480 3444 5558 (Edipt'is
3465 5480 3738 5542 divinarit.
3772 5486 3935 5558 (Iolb.

2374 5552 2576 5625 rimus,
2609 5552 2699 5605 de
2727 5554 3021 5625 regionibus
3068 5554 3308 5623 Arcadis,
3345 5552 3459 5613 non
3513 5558 3733 5613 clarius.
3786 5556 3938 5611 Alte

2310 5621 2485 5714 ’Ἧι
2498 5621 2923 5714 fere???"
2949 5628 3147 5714 eam?
3170 5621 3365 5714 εψιξω
3394 5630 3721 5714 eumenes
3743 5643 3938 5714 te"!

2334 5708 2456 5780 esse
2480 5704 2552 5782 ,ει
2590 5694 2854 5752 sinceram
2901 5705 3117 5754 constat
3160 5694 3238 5756 ex
3267 5696 3468 5757 Grtecis
3502 5694 3658 5767 illis,
3692 5703 3799 5757 ἀπὸ
3835 5708 3938 5758 τῶν

2335 5786 2595 5841 αρκτῳων.
