4192 6258
241 316 353 374 897
393 276 398 277 ί

1255 321 1654 377 ΙΙΕΧΑΕΜΕΚΙ
1693 311 2172 376 METAPIIRASIS
2211 317 2411 376 LlBER
2449 318 2533 374 l'll.

2014 225 2082 243 ’δη
2118 223 2288 246 ὂψ

3467 328 3570 384 898

237 442 349 512 per
377 441 685 515 Europam,
715 441 976 511 digeritur
1016 442 1067 494 in
1109 438 1362 495 Pontum.
1393 439 1500 494 Eos
1526 448 1706 494 autem
1736 437 1865 507 quid
1892 443 1946 501 Α
1971 440 2314 507 surgentibus
2341 438 2409 493 de
2455 455 2514 494 se
2554 439 2848 510 vaporibus
2876 441 3153 506 exhalant,
3197 451 3256 498 ut
3283 460 3388 499 non
3412 444 3575 502 ardor

239 549 490 590 necesse
518 543 603 591 est
628 548 967 597 enumerare,
996 531 1087 601 qui
1115 531 1182 586 de
1212 531 1450 602 Riphaeis
1475 529 1711 601 Scythiae
1739 530 1870 584 inte-

239 628 422 684 rioris
454 629 734 686 montibus
762 628 1041 682 oriuntur?
1067 625 1307 692 Quorum
1332 633 1413 680 est
1443 623 1756 687 Rhodanus,
1773 624 1868 691 qui

239 737 376 775 cum
410 722 662 792 pluribus
692 721 810 775 aliis
839 719 1170 787 navigalibus
1199 718 1394 783 ﬂuviis,
1419 715 1637 771 Galatas
1665 723 1722 770 et
1754 713 1865 770 He-

239 810 499 880 sperios,
551 812 932 879 Celtarumque
973 817 1211 877 gentem,
1261 809 1564 877 multasque
1612 805 1867 862 ﬁnitimas

241 906 590 972 praeteriens
624 905 905 966 nationes,
931 904 1121 973 pelago
1163 903 1422 957 miscetur
1443 901 1698 957 Occiduo.
1729 900 1864 955 Nam

239 1009 454 1048 eorum
485 995 578 1063 qui
608 1011 675 1049 ex
707 995 986 1064 superiore
1029 992 1253 1047 meridie
1280 1008 1380 1062 per
1415 991 1746 1062 Ethiopian:
1770 991 1864 1047 de-

239 1085 555 1152 scendunt,
597 1085 647 1140 id
687 1093 790 1151 est,
829 1094 855 1121 ⁸
895 1084 1086 1153 Tages,
1119 1092 1174 1139 et
1210 1083 1385 1146 Nisus,
1422 1092 1477 1137 et
1503 1081 1777 1148 Cremeas,
1810 1092 1866 1138 et

241 1176 440 1242 Nilus;
475 1178 569 1232 alii
599 1179 652 1232 in
682 1185 924 1232 nostrum
955 1193 1105 1231 mare
1149 1176 1393 1242 inﬂuunt,
1437 1176 1528 1230 alii
1563 1177 1615 1230 in
1645 1176 1864 1231 citerio-

240 1285 370 1324 rem
401 1269 772 1324 devolvuntur
796 1269 1098 1331 Oceanum;
1126 1270 1254 1325 licet
1283 1269 1430 1323 Nilus
1453 1285 1560 1324 non
1591 1269 1659 1323 sit
1691 1269 1865 1323 ﬂumi-

236 1363 412 1417 nibus
433 1362 860 1433 comparandus,
891 1363 1090 1432 quippe
1119 1362 1209 1432 qui
1230 1377 1380 1418 more
1403 1362 1596 1432 pelagi,
1622 1369 1865 1432 tempore

234 1453 484 1511 diffusus
504 1456 717 1522 aestivo,
739 1464 939 1511 terram
962 1463 1214 1524 stagnare
1233 1456 1510 1510 consuevit
1533 1447 1860 1527 Egyp’tiam.

234 1544 318 1600 Ita
347 1547 550 1603 mundi
582 1564 706 1619 pars
735 1549 1043 1604 habitabilis
1069 1549 1222 1617 aquis
1250 1556 1363 1603 tota
1394 1547 1598 1618 repleta
1629 1553 1729 1611 est,
1756 1564 1865 1602 non

235 1641 435 1695 minus
462 1640 721 1697 ﬂuetibus
746 1633 1013 1712 aequoreis
1030 1643 1406 1712 circumsepta,
1430 1657 1591 1712 quam
1618 1641 1865 1696 amnibus

236 1735 504 1804 irrigata,
538 1745 763 1806 propter
806 1734 1129 1790 ineffabilem
1175 1735 1493 1806 sapientiam
1533 1733 1859 1800 Conditoris,

1974 529 2243 584 aethereus
2288 531 2468 585 omnia
2498 545 2619 600 qua:
2648 532 2888 602 subjecta
2933 542 3059 590 sunt
3087 535 3462 604 conﬂagraret.
3489 535 3575 592 Si-

1974 623 2191 692 quidem
2220 624 2391 678 solem
2412 638 2629 694 quoque
2655 625 2916 694 videmus,
2941 637 3131 684 testate
3152 637 3343 698 stagna
3366 630 3571 687 leviora

1971 715 2292 793 brevissimo
2321 717 2584 785 temporis
2603 717 2780 787 spatio
2810 727 3037 788 repente
3058 720 3281 776 siccare.
3316 721 3418 778 Ubi
3440 738 3571 793 ergo

1971 813 2055 859 est
2077 819 2218 874 aqua
2265 805 2394 860 illa?
2419 806 2804 863 Demonstrent
2832 809 2990 864 nobis
3025 811 3221 876 callidi,
3253 812 3471 868 dubium
3504 831 3572 871 ne

1970 897 2205 966 cuipiam
2235 904 2416 967 potest
2439 913 2561 954 esse
2589 900 2720 969 quin
2754 900 2966 957 fervore
2995 904 3125 958 solis
3147 920 3387 975 expensa
3417 908 3568 964 defe-

1969 987 2142 1041 cerit?
2160 985 2311 1042 Licet
2334 1003 2437 1043 nec
2455 988 2690 1051 calidum
2718 991 2889 1045 solem
2919 992 3104 1047 dicant
3126 1009 3265 1059 esse,
3297 1004 3441 1052 tanta
3466 999 3570 1054 illis

1969 1077 2278 1146 suppeditat
2301 1077 2355 1132 in
2382 1078 2654 1149 loquendo
2683 1080 2926 1136 facultas.
2960 1081 3024 1137 Et
3071 1084 3414 1142 considerate
3458 1104 3568 1158 quo

1966 1168 2092 1222 freti
2135 1167 2483 1232 documento,
2532 1171 2692 1225 rebus
2738 1171 3152 1229 evidentissimis
3190 1174 3564 1236 adversantur.

1967 1260 2255 1330 Quoniam,
2280 1260 2546 1330 inquiunt,
2577 1262 2837 1318 camlidus
2864 1262 2889 1300 ιι
2920 1264 3072 1319 color
3093 1265 3210 1334 ejus
3232 1276 3334 1332 est,
3366 1278 3423 1323 et
3450 1286 3557 1326 non

1966 1351 2185 1418 rubens,
2244 1360 2338 1406 aut
2385 1353 2648 1422 puniceus
2691 1355 2941 1420 habetur,
2975 1356 3046 1410 ob
3075 1357 3178 1432 hoc
3209 1373 3315 1413 non
3350 1360 3566 1429 igneum

1966 1444 2136 1501 solem
2185 1459 2304 1501 esse
2350 1446 2702 1501 contendunt.
2734 1445 2984 1502 Calorem
3041 1457 3222 1504 autem
3271 1449 3453 1507 ferunt
3494 1469 3562 1509 ex

1971 1550 1995 1576 ε
2009 1539 2289 1608 asperiore
2310 1538 2427 1607 ejus
2437 1539 2894 1595 circmnversione
2917 1541 3233 1611 procedere,
3249 1543 3354 1599 hoc
3371 1545 3566 1601 videli-

1966 1638 2054 1685 cet
2073 1639 2532 1699 argumentantcs,
2557 1639 2617 1686 ut
2637 1640 2885 1687 asserant
2903 1633 3075 1688 solem
3099 1634 3231 1689 nihil
3257 1638 3564 1708 expendere

1965 1721 2032 1776 de
2060 1722 2308 1777 humore.
2342 1722 2450 1778 Sed
2472 1739 2594 1793 ego,
2625 1724 2836 1779 etiamsi
2865 1740 2972 1780 non
2997 1741 3183 1781 verum
3208 1727 3278 1782 sit
3297 1731 3441 1797 quod
3465 1731 3562 1786 ob-

235 1824 337 1893 qui
368 1827 812 1894 τερυεηθιτίοεπη
842 1825 1008 1880 calori
1039 1833 1308 1891 naturam,
1342 1834 1399 1879 υι
1425 1833 1568 1880 esset
1595 1824 1866 1881 sumciens
1893 1820 1944 1881 Β
1963 1812 2163 1883 jicltur,
2216 1831 2324 1872 non
2355 1815 2603 1873 refutabo
2623 1833 2950 1885 sermonem,
2978 1829 3167 1892 utpote
3199 1822 3327 1876 milii
3358 1825 3561 1895 astipu-

237 1914 553 1969 ordinavit.
586 1913 704 1970 Erit
730 1924 909 1971 autem
941 1923 1152 1986 tempus
1179 1931 1288 1985 quo
1319 1916 1455 1984 ignis
1477 1926 1670 1971 cuncta
1694 1925 1866 1972 torre-

245 2005 357 2071 bit,
392 2011 457 2060 ut
489 2013 720 2062 testatur
746 2007 933 2073 Isaias,
958 2009 1187 2078 loquens
1214 2009 1282 2063 ad
1311 2010 1551 2064 omnium
1579 2010 1864 2064 Dominum

218 2095 428 2156 ,Deum
448 2115 463 2150 :
483 2095 589 2161 Qui
613 2099 740 2152 dicit
760 2100 945 2169 abysso
961 2115 979 2153 :
995 2100 1362 2171 Dissipabcris,
1379 2111 1429 2155 et
1451 2103 1628 2156 omnia
1649 2103 1867 2170 ﬂumina

247 2199 348 2244 tua
382 2191 596 2246 siccabo
628 2191 784 2263 (Isai.
816 2210 958 2258 xuv,
989 2193 1101 2264 ‘27).
1137 2194 1397 2264 Despecta
1430 2210 1560 2264 ergo
1603 2196 1866 2266 sapientia

243 2284 534 2349 saeculari,
566 2285 746 2355 recipe
775 2302 879 2340 una
909 2286 1189 2341 nobiscum
1211 2287 1577 2354 magisterium
1603 2289 1862 2354 veritatis,

244 2374 420 2430 nullis
450 2375 669 2445 quidem
699 2377 959 2431 facundia
986 2377 1224 2447 phaleris
1251 2387 1594 2446 exornatum,
1627 2379 1866 2434 scientiae

246 2482 390 2522 vero
422 2467 640 2522 ratione
673 2469 1034 2538 potissimum.

324 2555 379 2609 7.
416 2555 718 2627 Propterea
751 2576 762 2610 :
795 2557 922 2612 Fiat
961 2559 1344 2630 ﬁrmamentum
1388 2564 1440 2616 in
1485 2564 1654 2618 medio
1697 2583 1861 2637 aqum,

247 2656 299 2704 et
330 2650 404 2702 sit
434 2648 670 2703 dividens
709 2650 847 2703 inter
875 2667 1065 2721 aquam
1106 2660 1156 2704 et
1200 2669 1406 2723 aquam.
1460 2653 1703 2709 Diximus
1739 2657 1864 2725 quid

247 2739 534 2808 signiﬁcat
563 2740 858 2810 appellatio
883 2741 1205 2795 ﬁrmamenti
1243 2761 1254 2794 :
1292 2742 1344 2796 id
1381 2751 1484 2808 est,
1527 2760 1633 2798 non
1675 2745 1864 2800 duram

247 2831 570 2900 fortemque
594 2839 864 2896 naturam,
887 2846 1006 2900 quae
1037 2831 1310 2888 fulcimine
1330 2834 1509 2903 aliquo
1532 2843 1867 2891 sustentatur

229 2929 309 2979 'et
330 2923 603 2993 pondere.
627 2923 760 2977 Nam
788 2924 960 2978 multo
983 2927 1232 2995 proprius
1254 2926 1517 2994 ejusmodi
1544 2929 1864 2983 vocabulum

252 3022 406 3069 terra
429 3015 738 3080 meruisset,
765 3013 862 3069 sed
884 3022 1106 3085 propter
1129 3016 1480 3072 substantiam
1504 3019 1864 3090 superiorum,

250 3123 380 3176 qua:
404 3105 624 3161 subtilis
652 3112 706 3160 et
733 3121 850 3160 rara
880 3115 983 3172 est,
1016 3107 1271 3176 nulloque
1306 3123 1467 3163 sensu
1508 3111 1855 3180 comprehen-

251 3197 435 3252 sibilis
482 3196 727 3261 habetur,
760 3194 1157 3252 firmamentum
1202 3199 1550 3269 nuncupavit,
1582 3216 1864 3270 compara-
1891 3188 1939 3251 C

253 3289 409 3344 tione
438 3288 650 3344 scilicet
680 3303 969 3358 corpormn
999 3289 1282 3352 leviorum,
1313 3305 1432 3359 qua:
1463 3307 1564 3347 nec
1593 3293 1730 3357 visu,
1771 3309 1871 3346 nce

253 3384 407 3432 tactu
430 3377 674 3433 valemus
702 3378 988 3448 attingere.
1012 3378 1078 3432 Et
1098 3380 1255 3434 simul
1277 3382 1453 3450 cogita
1483 3382 1660 3436 locum
1680 3399 1870 3453 quem-

255 3467 407 3532 dam,
441 3467 540 3538 qui
568 3467 826 3522 discernit
865 3469 1172 3539 humorem,
1215 3471 1367 3540 cujus
1408 3481 1620 3543 partem
1661 3475 1871 3529 tenuio-

257 3574 378 3614 rem
405 3559 664 3628 supernis
691 3559 1014 3615 stationibus
1048 3561 1348 3632 deputavit,
1391 3566 1711 3620 crassiorem
1741 3575 1872 3622 vero

257 3649 626 3721 limosamque
664 3651 1008 3707 inferioribus
1055 3653 1364 3722 destinavit,
1410 3665 1468 3710 ut
1514 3658 1602 3712 illa
1642 3674 1761 3728 qua:
1805 3675 1869 3713 ex

258 3740 420 3796 initio
443 3739 588 3797 facta
617 3750 699 3797 est
719 3745 1041 3814 temperatio
1063 3756 1426 3816 permaneret,
1457 3764 1721 3818 aquarum
1741 3767 1873 3820 pau-

259 3829 415 3886 latim
446 3831 478 3871 ι’
508 3833 805 3889 minutione
835 3835 1099 3891 confecta.
1135 3836 1241 3892 Sed
1285 3848 1338 3894 tu
1385 3841 1603 3910 quidem
1650 3843 1873 3912 liquoris

261 3923 608 3993 amplitudini
657 3941 766 3979 non
814 3925 1094 3993 discredis,
1144 3929 1210 3983 ad
1245 3930 1383 3999 ignis
1413 3941 1594 3988 autem
1617 3935 1727 3989 vim
1761 3952 1867 3990 non
1897 3925 1902 3927 ’

264 4021 565 4083 respectas,
614 4017 705 4083 qui
731 4017 856 4071 licet
885 4020 1110 4088 exiguus
1138 4021 1401 4078 habeatur
1442 4025 1494 4079 in
1523 4026 1660 4091 visu,
1686 4029 1870 4083 multi-

267 4102 520 4157 tudinem
571 4111 753 4160 tamen
802 4121 1059 4176 aquarum
1086 4112 1233 4167 valet
1281 4116 1607 4185 expendere.
1646 4118 1874 4190 Semper

265 4195 415 4249 enim
463 4195 626 4250 trahit
674 4195 741 4250 ad
768 4213 827 4253 se
855 4201 1122 4269 subjectas
1151 4204 1337 4270 undas,
1366 4204 1417 4260 in
1447 4209 1667 4263 modum
1698 4210 1870 4264 medi-

268 4290 494 4344 catoria:
535 4291 857 4357 cucurbitte;
899 4293 1162 4365 facileque
1204 4300 1474 4354 consumit
1501 4316 1594 4358 eas
1623 4303 1871 4373 exemplo

269 4378 494 4436 luminis
539 4381 858 4448 lucernalis,
906 4387 1052 4454 quod
1100 4402 1245 4458 perc
1271 4393 1572 4461 appositam
1622 4403 1870 4465 stuppam

270 4469 520 4527 lambens
542 4473 721 4528 oleum
743 4491 869 4534 mox
892 4479 1117 4547 peredit.
1148 4479 1341 4537 Ether
1362 4492 1543 4538 autem
1566 4487 1687 4554 quis
1715 4487 1872 4542 dubi-

2002 1907 2219 1962 lantem.
2291 1907 2575 1963 Dicebatur
2615 1910 2756 1963 enim
2803 1919 3024 1982 propter
3071 1913 3206 1980 ignis
3251 1914 3569 1970 edacitatem

2001 2012 2258 2066 aquarum
2280 2001 2636 2054 necessariam
2659 2016 2779 2056 esse
2799 2003 3191 2058 multitudinem
3213 2023 3224 2057 :
3252 2006 3381 2060 nihil
3397 2014 3574 2063 tamen

2001 2088 2223 2146 interest
2252 2097 2428 2144 utrum
2459 2091 2714 2145 naturalis
2737 2093 2806 2147 sit
2833 2108 2900 2147 an
2931 2096 3184 2162 quzesitus
3215 2097 3394 2162 ardor,
3419 2098 3587 2154 dum-'

2000 2180 2164 2235 modo
2191 2182 2333 2237 circa
2378 2183 2618 2238 eamdem
2661 2185 2942 2238 materiam
2989 2187 3188 2242 similes
3227 2203 3383 2243 casus
3417 2205 3574 2244 exer-

2002 2273 2219 2338 ceat,-id
2248 2281 2360 2337 est,
2397 2275 2509 2329 sive
2537 2291 2658 2330 cum
2687 2276 2828 2330 inter
2854 2291 2912 2331 se
2953 2277 3092 2345 ligna
3122 2280 3396 2346 fricantur,
3426 2280 3576 2336 ﬂam-

1989 2380 2087 2436 Ima
2116 2366 2420 2433 consurgit,
2449 2367 2562 2420 sive
2593 2377 2785 2437 sponte
2813 2385 3099 2425 succensus
3129 2371 3281 2439 ignis,
3313 2389 3430 2442 qua:
3457 2373 3574 2429 fue-

2001 2457 2109 2511 rint
2137 2457 2330 2525 injecta
2361 2461 2787 2528 consumpserit,
2834 2477 2968 2516 unus
3005 2463 3205 2518 scilicet
3243 2471 3403 2532 atque
3433 2465 3573 2520 idem

2001 2547 2176 2601 exitus
2201 2548 2268 2601 ab
2299 2555 2525 2616 utroque
2553 2550 2814 2618 procedit.
2843 2550 2909 2604 Et
2940 2560 3084 2607 certe
3110 2552 3354 2607 videmus
3386 2556 3572 2609 mode-

2003 2640 2252 2694 ratricem
2277 2642 2592 2710 sapientiam
2617 2644 2729 2708 Dei,
2753 2645 2921 2700 solem
2944 2647 2994 2699 in
3017 2647 3149 2701 alias
3168 2656 3345 2715 partes
3365 2663 3431 2701 ex
3453 2649 3572 2704 aliis

2002 2740 2440 2800 transponentem
2457 2771 2471 2796 ,
2503 2740 2561 2786 ut
2588 2749 2694 2787 non
2722 2748 2936 2804 semper
2961 2735 3012 2788 in
3042 2736 3241 2790 eisdem
3268 2752 3570 2791 commora-

2003 2819 2274 2886 tuslocis,
2301 2819 2527 2875 fervoris
2565 2822 2821 2877 aviditate
2859 2824 3183 2878 mundanum
3221 2825 3573 2896 depopuletur

2001 2920 2270 2965 ornatum.
2303 2911 2408 2966 Sed
2437 2928 2578 2966 nunc
2605 2928 2726 2967 eum
2757 2913 2824 2967 ad
2855 2912 3156 2969 Australem
3180 2923 3396 2983 zonam,
3430 2934 3571 2974 nunc

2003 3002 2070 3057 ad
2102 3004 2250 3072 signa
2279 3004 2576 3058 solstitialia
2611 3019 2710 3072 pro
2739 3012 3038 3074 temporum
3068 3007 3363 3063 mutatione
3392 3009 3571 3063 tradu-

2003 3094 2110 3159 cit,
2153 3103 2313 3164 atque
2351 3094 2474 3149 inde
2519 3095 2572 3148 in
2619 3103 2857 3149 arctoam
2903 3097 3176 3163 regionem
3201 3101 3488 3165 convertit,
3517 3110 3573 3155 ut

2002 3185 2257 3254 paulatim
2296 3200 2393 3254 per
2431 3185 2638 3240 diversa
2680 3175 3035 3254 commigrans
3064 3189 3573 3252 terrenisfructibus

2004 3282 2427 3345 temperamenta
2463 3277 2746 3331 custodiat.
2798 3277 3024 3332 Videant
3052 3285 3229 3334 tamen
3265 3282 3308 3335 si
3339 3299 3445 3337 non
3475 3283 3573 3352 ipsi

2004 3365 2105 3420 sibi
2131 3367 2426 3435 probantur
2453 3367 2747 3432 obsistere,
2780 3383 2899 3422 cum
2929 3383 3079 3423 mare
3107 3369 3226 3425 ideo
3256 3373 3573 3426 conﬁrmant

2006 3455 2350 3512 incrementis
2378 3454 2678 3512 ﬂuvialibus
2704 3476 2809 3512 non
2841 3461 3050 3527 augeri,
3091 3463 3214 3529 quia
3244 3465 3423 3518 calore
3446 3465 3573 3518 solis

2007 3548 2339 3614 absorbetur,
2383 3549 2526 3602 unde
2570 3550 2732 3603 etiam
2775 3550 2914 3602 salsa
2962 3557 3016 3604 et
3059 3566 3239 3605 amara
3286 3553 3401 3620 ejus
3438 3570 3572 3630 aqqa

1984 3640 2297 3710 .perticitur,
2336 3648 2393 3693 ut
2422 3649 2547 3709 pote
2592 3654 2708 3706 quze
2735 3654 2980 3707 saporem
3009 3642 3236 3710 propriae
3260 3642 3572 3710 dulcedinis,

2013 3731 2033 3770 ί
2065 3739 2218 3803 raptu
2248 3731 2468 3795 fervoris
2495 3730 2690 3782 amittit
2717 3737 2772 3782 et
2799 3729 2888 3783 ubi
2929 3729 3183 3784 leviorem
3211 3730 3426 3798 quidem
3450 3747 3573 3800 par-

2011 3831 2118 3877 tem
2143 3837 2326 3876 secum
2353 3820 2557 3886 aufert,
2581 3819 2878 3886 graviorem
2900 3835 3029 3874 vero
3057 3829 3112 3875 et
3137 3822 3395 3885 limosam,
3434 3823 3574 3876 velut

2009 3913 2192 3968 facem
2221 3912 2450 3980 aliquam
2487 3909 2574 3964 hic
2599 3909 2865 3978 relinquit.
2907 3909 3012 3963 Sed
3039 3911 3131 3977 qui
3160 3911 3225 3965 de
3253 3912 3384 3964 mari
3416 3912 3574 3967 modo

2009 4006 2135 4060 talia
2162 4003 2512 4071 disserebant,
2544 4017 2752 4058 rursmn
2781 4001 2967 4054 mutati
2996 4002 3194 4056 nullam
3223 4002 3574 4060 defectionem

1975 4107 2090 4163 fieri
2119 4107 2343 4176 liquoris
2363 4121 2394 4159 a
2416 4106 2533 4160 sole
2551 4103 2919 4176 pronuntiant.

2045 4198 2096 4252 8.
2141 4197 2210 4252 Et
2255 4197 2449 4252 vocavit
2496 4195 2636 4249 Deus
2681 4197 3062 4264 ﬁrmanuntnm
3112 4209 3313 4252 (riunt.
3345 4195 3568 4269 Proprie

1974 4295 2190 4366 quidem
2237 4292 2380 4348 aliud
2423 4291 2498 4347 illi
2546 4289 2875 4346 conveniens
2919 4289 3092 4344 fuerat
3123 4291 3570 4348 mnncn.Scimus

1978 4395 2160 4442 tamen
2189 4385 2485 4456 sepissime
2511 4382 2712 4439 cmlum
2760 4380 2866 4436 dici
2918 4381 3092 4435 locum
3121 4382 3350 4450 spissum
3372 4383 3568 4437 densa-

1976 4488 2197 4550 tumque
2218 4479 2358 4532 aeris
2383 4477 2537 4532 istius
2557 4473 2732 4544 palam
2763 4472 2964 4527 nostris
2988 4473 3264 4528 obtutibus
3286 4489 3571 4530 occurren-

272 4569 356 4617 tet
385 4561 691 4619 ﬂammeum
722 4582 839 4622 esse
867 4577 1030 4638 atque
1060 4571 1360 4627 torridum?
1395 4573 1550 4640 Quod
1573 4577 1674 4631 nisi
1698 4585 1871 4632 ειτιιυ-
1899 4561 1954 4624 D
1979 4578 2104 4625 tem.
2137 4568 2344 4622 leum
2375 4576 2552 4621 autem
2574 4581 2606 4619 a
2626 4564 2900 4620 cernendo
2929 4565 3134 4632 vocari,
3158 4565 3304 4635 quod
3335 4582 3402 4622 ex
3425 4563 3572 4631 Gne-

274 4655 346 4710 tis
395 4655 498 4711 sibi
541 4671 572 4710 a
622 4656 879 4715 Creatore
919 4661 1112 4718 finibus
1138 4664 1461 4733 frenaretur,
1495 4666 1650 4723 facile
1679 4678 1873 4725 cuncta

275 4754 622 4803 consumeret
649 4765 661 4800 :
693 4764 812 4819 qua:
837 4767 926 4807 res
969 4755 1221 4823 prohibet
1247 4764 1306 4810 ut
1347 4773 1454 4812 non
1507 4766 1654 4814 totus
1681 4761 1876 4817 humor

212 4897 216 4909 ἱ
276 4837 369 4905 qui
419 4838 582 4893 rebus
607 4839 834 4898 diversis
880 4843 1113 4901 insertus
1159 4859 1244 4901 est
1275 4848 1456 4904 calore
1497 4851 1626 4906 solis
1653 4865 1874 4909 voratus

278 4944 570 4989 aresceret.
597 4930 678 4988 Ob
708 4934 812 4991 hoc
833 4937 1070 4993 cmlestis
1091 4937 1230 4993 facta
1260 4948 1346 4994 est
1373 4955 1512 5009 aqua
1542 4941 1666 4997 loco
1709 4960 1872 5015 supe-

280 5022 425 5079 riore
473 5026 719 5092 collecta,
766 5041 926 5096 quam
968 5029 1212 5098 paludes,
1264 5037 1319 5085 et
1343 5030 1511 5100 ﬂuvii,
1544 5033 1874 5105 pelagusque

355 5225 378 5251 ·
421 5214 564 5272 Editi
593 5223 651 5271 et
677 5230 830 5280 mss.,
861 5217 916 5269 id
945 5223 1040 5277 est,
1082 5215 1248 5285 Tages
1285 5223 1334 5268 et
1363 5213 1415 5268 Ν
1422 5214 1731 5285 isusLmale.
1761 5215 1880 5285 Quo

284 5286 403 5342 loco
433 5302 641 5342 errasse
686 5285 921 5341 arbitror
959 5303 1068 5342 non
1115 5284 1380 5350 librarios,
1417 5285 1508 5338 sed
1539 5284 1878 5341 Eustathium

287 5357 480 5426 ipsum,
515 5357 608 5426 qui
636 5371 756 5411 cum
787 5357 840 5428 in
869 5357 1170 5428 exemplari
1198 5356 1386 5428 Graeco
1419 5355 1497 5410 ὅτε
1528 5360 1690 5428 itist
1726 5357 1878 5413 inve-

288 5425 474 5488 nisset,
516 5425 696 5498 inepte
714 5426 995 5498 syllabam
1021 5425 1075 5484 εὲε
1105 5427 1226 5498 voci
1254 5430 1414 5498 Αἰνὼν
1441 5425 1742 5495 conjunxit,
1767 5427 1876 5498 sie-

288 5512 392 5566 que
413 5513 481 5552 ex
495 5498 582 5572 bis
602 5496 812 5572 duabus
829 5498 1054 5553 vocibus
1074 5496 1250 5572 e_ﬂ’ec_it
1272 5496 1452 5572 unam,
1471 5503 1711 5572 Ttauya'w,
1738 5497 1878 5572 unde

291 5582 398 5689 [Iron
438 5567 630 5622 mirum
676 5566 722 5620 si
761 5565 817 5621 id
857 5583 1052 5623 nomen
1098 5565 1286 5621 Latine
1326 5567 1576 5633 reddens,
1597 5565 1878 5637 scripserit

339 5654 482 5689 aues.

339 5654 482 5707 ages.

365 5706 393 5746 5
429 5708 606 5763 Nostri
629 5717 737 5764 tres
756 5725 907 5773 mss.,
932 5711 1249 5766 mimtatione
1269 5710 1521 5777 confecta.

377 5784 398 5815 ⁸
420 5777 585 5841 Editi,
615 5781 922 5848 oppositam.
953 5779 1098 5836 Libri
1123 5787 1349 5843 veteres,
1384 5779 1690 5851 appositam.

1980 4675 2163 4717 eorum
2210 4659 2400 4714 melius
2452 4657 2780 4727 etymologia
2832 4658 3153 4726 colligimus,
3183 4659 3329 4727 quod
3362 4663 3573 4736 οὐρανόν

1982 4751 2274 4823 appellant,
2306 4750 2407 4803 ἀπὸ
2427 4755 2517 4803 τοῦ
2544 4747 2784 4824 ὁρᾶσθαι,
2808 4748 2949 4804 sicut
2990 4748 3122 4802 dicit
3150 4749 3450 4820 Scriptura,
3482 4770 3572 4807 vo-

1983 4843 2152 4898 latilia
2197 4841 2307 4896 εαξιὶ
2339 4838 2512 4909 (Psal.
2546 4855 2655 4906 vm,
2689 4839 2777 4910 9);
2818 4847 2874 4894 et
2903 4838 3062 4902 alibi,
3106 4841 3340 4895 volatilia
3387 4858 3572 4896 secun-

1983 4939 2105 4992 dum
2130 4937 2514 5006 ﬁrmamentum
2535 4931 2646 4986 caeli
2679 4929 2833 5001 (Gen.
2868 4947 2904 4994 l,
2935 4930 3048 4999 20).
3083 4930 3214 4985 Tale
3240 4939 3322 4985 est
3349 4937 3404 4984 et
3430 4930 3572 4998 quod

1981 5030 2178 5090 dicitur
2209 5047 2222 5080 :
2254 5025 2552 5081 Ascendunt
2582 5042 2741 5096 usque
2769 5025 2838 5078 ad
2873 5024 3052 5077 caelum
3101 5021 3274 5092 (Psal.
3320 5037 3425 5089 cvi,
3457 5020 3568 5092 26).

2057 5213 2083 5248 ει
2113 5207 2334 5278 Antiqui
2376 5205 2485 5278 duo
2535 5203 2654 5258 libri
2681 5212 2735 5257 et
2763 5200 2890 5256 editi
2905 5219 2930 5278 ,_‘
2953 5200 3097 5252 calor
3124 5215 3254 5268 ejus.
3305 5198 3458 5255 Colb.
3492 5216 3573 5256 se-

1985 5275 2406 5353 cundus,color.
2441 5275 3004 5353 que,_rfw.z{.oiav.
3179 5341 3189 5352 θ
3372 5342 3386 5353 ι
3447 5342 3478 5353 Α.
3562 5342 3572 5353 ·

2059 5363 2082 5390 θ
2113 5341 2270 5413 Editi,
2315 5364 2379 5402 ea:
2425 5344 2675 5415 asperiori
2723 5341 3309 5415 ejus'circumcursimte.
3357 5342 3575 5415 Antiqui

1982 5424 2090 5479 duo
2122 5412 2264 5486 libri,
2305 5435 2369 5473 ea;
2397 5412 2662 5486 asperiore
2685 5414 2818 5486 .ejus
2866 5412 3333 5486 circumversione:
3381 5413 3575 5486 quibus

1983 5494 2162 5549 verbis
2191 5479 2506 5545 Eustathius
2545 5479 2850 5550 exprimere
2881 5479 3049 5550 voluit
3080 5479 3572 5549 Basilianunfillud,

1982 5568 2038 5620 ἐκ
2065 5575 2156 5625 τῆς
2185 5564 2406 5632 ταχείας
2435 5549 2562 5632 siveet
2597 5549 2961 5632 ἠεριστροφῆς.
2994 5549 3102 5607 Sed
3141 5554 3192 5608 in
3223 5552 3329 5610 hoc
3356 5553 3576 5619 erravit,

1987 5623 2501 5705 quodpro'Eaxaiac
2511 5623 2721 5705 legerit
2741 5623 3012 5705 τραχιὶας.

2065 5704 2081 5742 '
2114 5695 2274 5766 Editi,
2305 5695 2473 5755 rabto.
2505 5695 2659 5750 Colb.
2689 5695 2978 5762 secundus,
3011 5702 3179 5765 raptu.
