4192 6258
2069 397 2433 467 ΕυδΤΑΤΗιΙ

3809 405 3917 464 900

626 521 655 553 ι
680 510 751 568 Et
793 511 1005 585 Moyses
1052 510 1377 568 benedicens
1425 511 1624 567 tribum
1671 511 1895 583 Josepb,
1927 526 1995 568 ex
2022 511 2216 567 tinibus
2242 514 2296 575 Α
2320 507 2569 577 terjectio
2597 466 2889 577 separavit,
2928 510 3214 566 occasione
3254 510 3641 580 allegoriarum
3692 518 3757 565 et
3796 526 3923 569 sen-

624 604 770 672 cmli,
800 611 856 664 et
883 602 1180 664 mutatione
1201 602 1350 666 solis,
1372 611 1426 659 et
1447 603 1805 661 concursione
1847 602 2134 668 mensium,
2156 607 2214 658 et

624 709 693 750 ex
713 693 915 749 vertice
943 692 1202 769 montium
1228 692 1657 749 benedictionem
1686 692 1782 749 dat
1812 692 1987 763 (neut.
2013 707 2204 758 xum,

622 783 710 853 l5)
728 801 743 849 ;
761 792 822 845 ut
841 792 969 853 pote
992 785 1210 853 regione
1234 783 1442 841 telluris
1462 799 1639 841 rerum
1663 784 1850 843 talium
1860 784 2032 855 copiis
2050 785 2218 840 abun-

621 876 805 941 dante.
836 873 943 931 Sed
971 884 1027 929 et
1054 875 1109 930 in
1155 874 1454 935 maledictis
1501 874 1667 937 Israel
1697 893 1710 927 :
1760 874 1867 941 Sit,
1898 875 2089 946 inquit,
2122 874 2214 927 tibi

621 984 774 1038 super
803 974 955 1037 caput
978 967 1159 1025 calum
1179 983 1381 1029 animum
1409 966 1586 1038 (Deut.
1613 983 1800 1037 xxviii,
1832 966 1948 1037 25),
1972 966 2212 1025 indicans

622 1058 882 1127 integram
903 1059 1218 1124 siceitatem,
1241 1067 1403 1129 atque
1425 1059 1694 1117 defectum
1715 1059 1939 1129 liquoris
1959 1059 2101 1115 aeris
2116 1072 2213 1128 per

621 1165 783 1220 quam
809 1150 1034 1211 terrenis
1061 1148 1321 1209 fructibus
1348 1148 1649 1208 fecunditas
1679 1158 1865 1221 optata
1909 1156 2204 1219 prmstatur.

621 1242 849 1309 Quando
871 1257 1000 1313 ergo
1020 1242 1091 1299 de
1106 1242 1245 1300 cmlo
1263 1241 1396 1297 dicit
1433 1242 1607 1300 emitti
1644 1256 1823 1299 rorem
1840 1241 1926 1297 vel
1953 1240 2206 1312 pluviam,

620 1348 787 1403 aquas
832 1334 1091 1402 intellige,
1304 1334 1640 1403 superiorem
1670 1342 1855 1403 tenere
1881 1333 2044 1403 iussae
2086 1340 2212 1389 sunt

620 1426 916 1494 regionem.
958 1409 1390 1494 Conglomeratis
1425 1428 1575 1483 enim
1599 1426 1889 1496 vaporibus
1932 1426 1987 1481 in
2014 1425 2207 1490 altum,

622 1524 679 1573 et
706 1532 834 1575 aere
869 1525 1153 1575 ventorum
1198 1518 1411 1575 flatibus
1456 1517 1807 1582 condensun,
1838 1516 2210 1575 exhalatieues

621 1606 706 1663 ba:
736 1622 856 1676 quae
882 1607 1149 1667 subtiliter
1188 1608 1417 1667 nubibus
1468 1609 1795 1668 inseruntur.
1850 1621 1948 1676 per
1993 1614 2208 1665 mutuas

620 1700 958 1763 accessiones
994 1708 1158 1770 guttae
1198 1699 1567 1770 perﬁciuntur,
1598 1714 1804 1768 suoque
1825 1698 2065 1769 pondere
2090 1698 2206 1755 col-

619 1790 733 1855 lisa:
762 1792 1013 1849 deorsum
1038 1792 1328 1862 pelluntur.
1363 1791 1487 1847 Hmc
1517 1799 1600 1846 est
1629 1791 1874 1847 imbrium
1903 1791 2203 1860 generatio;

619 1900 743 1945 eum
769 1900 898 1941 vero
938 1883 1099 1941 fuerit
1146 1884 1491 1952 despumatus
1519 1883 1732 1947 humor,
1765 1880 2055 1943 tlabrorum
2086 1882 2205 1943 vio-_
2236 1902 2282 1962 Β

619 1974 781 2031 lentia
810 1990 1178 2044 repercussus,
1219 1990 1339 2035 cum
1370 1972 1569 2041 frigore
1597 1973 1967 2029 vehementius
1985 1971 2204 2029 indure-

618 2066 741 2131 scit,
767 2065 1036 2121 concretis
1059 2064 1286 2126 n'ebulis,
1322 2064 1417 2118 nix
1432 2063 1607 2132 gelata
1627 2061 1867 2119 defertur
1887 2062 1955 2119 ad
1984 2070 2201 2124 terram,

618 2154 687 2211 Et
714 2156 936 2212 omnino
966 2156 992 2194 ι)
1024 2154 1323 2215 secundum
1349 2154 1613 2224 ejusmodi
1643 2155 1943 2222 rationem;
1962 2155 2091 2210 licet
2109 2154 2206 2210 tibi

618 2263 833 2306 omnem
863 2262 1125 2317 aquarum
1151 2255 1469 2317 exspectare
1497 2254 1764 2312 naturam,
1796 2245 2072 2316 quomodo
2096 2246 2204 2301 eir-

618 2351 739 2391 cum
769 2350 951 2389 aerem
998 2335 1089 2405 qui
1136 2350 1297 2404 super
1338 2350 1438 2390 nos
1465 2343 1549 2390 est
1574 2342 1986 2411 congregantur.
2020 2333 2204 2395 Nullus

618 2433 797 2480 tamen
839 2425 1291 2495 argumentationi
1329 2441 1517 2481 eorum
1539 2426 1631 2494 qui
1651 2424 1719 2479 de
1741 2425 1878 2481 coelo
1907 2424 2202 2494 disputant,

616 2515 1011 2586 simplicitatem
1032 2515 1388 2586 Spiritualium
1412 2526 1433 2554 ο
1459 2516 1585 2573 velit
1604 2514 1848 2573 conferre
1870 2530 2201 2571 sermonum.

616 2607 886 2674 Quantum
914 2608 1056 2677 enim
1100 2616 1245 2663 recte
1292 2608 1583 2676 viventium
1633 2607 1916 2663 mulierum
1960 2606 2197 2676 pulchri-

617 2698 748 2757 tudo
786 2699 1100 2755 meretricize
1131 2698 1452 2757 formositati
1476 2698 1836 2769 praeponitur,
1862 2706 2069 2767 tantum
2099 2712 2199 2750 no-

615 2797 727 2846 ster
744 2805 922 2846 sermo
949 2789 1191 2844 smculari
1218 2789 1455 2853 noscitur
1482 2789 1732 2859 pratlatus
1759 2804 1880 2845 esse
1918 2789 2197 2846 doctrinm.

615 2881 695 2937 llli
720 2882 864 2937 enim
905 2888 1149 2937 coactam
1178 2881 1358 2941 verbis
1397 2881 1703 2937 suasionem
1754 2881 1900 2945 soliti
1940 2890 2080 2946 sunt
2122 2880 2202 2937 af-

615 2971 787 3039 ferre;
819 2989 920 3028 nos
950 2980 1131 3029 autem
1157 2971 1353 3027 nudam
1384 2969 1409 3009 ά
1438 2972 1657 3028 fallendi
1703 2972 2022 3042 proferimus
2061 2974 2201 3029 veri-

616 3070 798 3129 tatem.
850 3063 960 3119 Sed
985 3061 1115 3132 quid
1144 3078 1279 3132 opus
1297 3071 1383 3117 est
1403 3078 1504 3119 nos
1529 3078 1873 3119 commovere
1900 3068 2199 3131 certamen,

615 3151 829 3213 illorum
856 3151 1136 3233 mendacia
1163 3152 1513 3222 repellentes,
1567 3168 1690 3208 cum
1744 3154 2012 3223 possimus
2064 3155 2199 3210 scri-

2320 615 2410 655 sus
2430 600 2656 664 altioris,
2686 599 2949 669 quasdam
2970 600 3126 656 nobis
3155 598 3352 673 figuras
3371 600 3658 669 objiciunt,
3677 600 3923 661 diealtes

2316 692 2623 761 spirituales
2650 693 3102 762 incorporeasque
3142 692 3387 759 virtutes,
3417 692 3801 749 mutabiliter.‘
3835 695 3923 753 in-

2317 783 2708 853 telligidebere
2728 800 2827 853 pro
2846 784 3018 853 aquis,
3049 791 3106 840 et
3124 799 3337 841 sursum
3363 785 3583 854 quidem
3614 802 3786 858 super
3828 786 3926 844 ﬁr-

2315 882 2645 937 mamentum
2699 875 3021 930 remansisse
3074 873 3368 943 digniores,
3424 876 3479 931 in
3535 877 3926 936 humilioribus

2313 972 2497 1021 autem
2520 965 2833 1023 diversoriis
2873 973 3086 1035 utpote
3135 967 3495 1023 crassioribus
3543 978 3601 1023 et
3655 973 3918 1037 ominosis,

2314 1056 2506 1112 noxias
2545 1056 2869 1121 constitisse.
2919 1055 3216 1127 Propterea
3259 1056 3448 1113 dicunt
3483 1073 3579 1114 eas
3600 1075 3774 1131 aquas
3790 1077 3921 1130 qua:

2313 1163 2478 1218 super
2503 1148 2673 1204 cmlos
2693 1154 2837 1213 sunt,
2872 1146 3095 1201 laudare
3121 1146 3430 1212 Dominum,
3456 1148 3513 1204 id
3541 1159 3648 1213 est,
3674 1151 3923 1221 optimas

2314 1238 2538 1294 virtutes
2560 1252 2681 1307 qum
2704 1237 2877 1305 digna:
2921 1245 3067 1306 sunt,
3098 1237 3169 1293 ob
3212 1252 3323 1293 sum
3350 1241 3601 1295 meritum
3631 1243 3916 1311 puritatis,

2310 1326 2625 1384 decentibus
2658 1328 2931 1383 celebrare
2958 1326 3205 1382 laudibus
3230 1326 3598 1400 Conditorem.
3630 1329 3739 1386 Eas
3770 1348 3917 1388 vero

2310 1434 2430 1488 qua:
2457 1420 2799 1475 continentur
2826 1418 3070 1484 inferius,
3096 1419 3319 1491 spiritus
3364 1436 3484 1481 esse
3514 1424 3783 1491 pravitatis
3811 1422 3910 1478 af—

2310 1508 2526 1567 firmant
2554 1526 2623 1565 ex
2649 1509 2931 1565 altitudine
2976 1510 3209 1565 naturali
3251 1511 3304 1565 in
3333 1509 3659 1580 profundum
3683 1513 3907 1569 malitiae

2307 1600 2613 1669 devolutos,
2643 1614 2780 1669 quos
2808 1607 2868 1653 ut
2886 1598 3154 1667 turbidos,
3199 1614 3263 1655 ac
3318 1599 3629 1678 seditiosos,
3660 1610 3719 1656 et
3742 1604 3912 1659 vitio-

2307 1707 2425 1745 rum
2457 1690 2769 1747 tumultibus
2790 1689 3127 1755 fluctuantes,
3151 1704 3299 1745 mare
3326 1701 3549 1765 propter
3575 1692 3905 1749 varietatem

2306 1784 2390 1838 sui
2420 1783 2699 1854 propositi,
2723 1782 2868 1851 quod
2892 1789 3130 1836 mutatur
3151 1781 3383 1846 assidue,
3413 1790 3772 1851 nuncupatos.
3791 1783 3904 1840 Sed

2308 1891 2406 1931 nos
2434 1874 2736 1945 huiusmodi
2765 1887 3073 1937 sermones,
3106 1880 3165 1926 ut
3195 1872 3530 1927 somniorum
3559 1871 3906 1940 conjecturas

2298 1976 2364 2029 ,et
2408 1968 2576 2022 aniles
2618 1965 2823 2021 fabulas
2876 1964 3209 2030 omittentes,
3255 1977 3455 2043 aquam
3512 1963 3901 2032 intelligamus,

2307 2072 2499 2126 aquam
2529 2070 2647 2111 esse
2669 2070 2870 2122 veram,
2900 2054 3405 2124 separationemque
3433 2051 3785 2120 firmamenti,
3829 2057 3906 2111 ita

2307 2153 2366 2199 ut
2394 2144 2666 2215 Scriptura
2691 2142 2871 2206 tradit,
2904 2142 3249 2212 accipiamus.
3279 2141 3415 2201 Etsi
3442 2142 3666 2213 quando
3689 2144 3906 2201 laudem

2306 2234 2574 2289 communi
2628 2233 2868 2287 omnium
2896 2231 3125 2287 Domino
3174 2248 3323 2303 aqua:
3378 2233 3627 2289 dicantur
3665 2235 3903 2303 offerre,

2306 2342 2410 2381 non
2453 2326 2521 2381 ob
2551 2327 2653 2380 hoc
2683 2335 2707 2370 ε
2738 2323 3064 2379 aestimandae
3107 2328 3233 2378 Sunt
3283 2324 3620 2380 rationabilis
3646 2342 3769 2381 esse
3802 2345 3899 2383 na-

2306 2424 2455 2471 turae.
2507 2414 2692 2483 Neque
2738 2415 2880 2468 enim
2935 2413 3059 2483 quia
3114 2414 3229 2467 caeli
3274 2425 3524 2468 enarraut
3544 2416 3777 2487 gloriam
3800 2418 3902 2473 Dei

2306 2507 2476 2578 (Psal.
2512 2524 2621 2574 xm,
2648 2507 2720 2577 l),
2756 2506 2927 2561 modis
2966 2506 3216 2561 omnibus
3262 2508 3483 2561 animati
3510 2519 3654 2575 sunt,
3679 2528 3785 2566 nec
3809 2513 3898 2568 tir-

2303 2607 2631 2654 inamentum
2660 2595 2915 2652 sensibile
2939 2597 3135 2650 animal
3166 2612 3286 2652 esse
3307 2598 3599 2667 putandum
3627 2610 3729 2664 est,
3766 2604 3900 2670 quia

2301 2690 2532 2742 enuntiat
2574 2689 2826 2760 [acturam
2867 2703 3109 2740 manuum
3139 2704 3370 2740 suarum.
3396 2687 3552 2754 Quod
3571 2692 3671 2743 etsi
3692 2691 3893 2751 dixerit

2302 2782 2587 2852 quispiam,
2636 2778 2803 2835 caelos
2832 2777 2858 2815 ιι
2890 2779 3105 2851 quidem
3144 2781 3590 2850 contemplabiles
3633 2798 3748 2837 esse
3778 2786 3889 2839 νιτ-

2303 2881 2463 2936 tutos,
2496 2872 2888 2925 firmamentum
2919 2878 3104 2925 autem
3141 2868 3417 2928 factricem
3451 2874 3547 2927 Dei
3570 2879 3889 2945 potentiam,

2300 2981 2607 3021 sermonem
2633 2963 2852 3034 quidem
2894 2980 2990 3020 nos
3018 2963 3344 3046 huiusmodi,
3376 2966 3621 3035 quamvis
3646 2969 3716 3022 sit
3744 2985 3895 3025 com-

2301 3057 2591 3122 mentitius,
2626 3067 2803 3109 tamen
2833 3072 2941 3110 non
2991 3065 3343 3127 aspernanter
3395 3058 3752 3127 admittimus,
3797 3061 3892 3121 sed

2300 3164 2485 3204 verum
2515 3148 2655 3202 hunc
2680 3162 2799 3202 esse
2840 3147 3142 3204 nullatenus
3169 3144 3455 3220 patiemur.
3484 3151 3615 3209 Nam
3646 3169 3745 3209 nec
3776 3170 3888 3216 ros,

614 3248 797 3310 pturas
843 3255 968 3295 suas
1014 3241 1231 3307 sibimet
1253 3240 1612 3307 conferentes,
1644 3242 1759 3299 sine
1797 3250 1983 3311 nostro
2011 3243 2197 3305 labore
2221 3273 2269 3335 ο
2299 3248 2392 3294 aut
2439 3239 2646 3306 bruma,
2678 3239 2761 3292 vel
2809 3237 2991 3308 frigus,
3038 3247 3130 3293 aut
3175 3249 3355 3306 testus,
3387 3243 3643 3310 quoniam
3666 3244 3886 3301 laudare

612 3332 826 3387 illorum
872 3338 1187 3400 exspectem
1213 3330 1554 3398 conflictum?
1601 3332 1702 3397 Qui
1748 3348 1849 3393 nec
1884 3334 2197 3402 eloquentia
2234 3330 2269 3335 “
2298 3332 2533 3387 omnium
2555 3336 2853 3399 creatorem
2865 3331 3139 3399 jubentur,
3167 3340 3225 3387 ut
3243 3334 3320 3388 ait
3347 3335 3358 3369 ί
3390 3334 3579 3390 Daniel
3609 3338 3757 3408 (Cap.
3781 3338 3887 3407 ut),

610 3422 939 3491 differentes,
962 3438 1062 3478 nec
1088 3437 1314 3489 auaiero
1334 3423 1637 3492 pauciores,
1666 3435 1765 3479 nec
1786 3423 2051 3493 dignitate
2103 3426 2194 3481 de-

607 3515 857 3583 teriores,
884 3514 995 3570 suis
1045 3513 1371 3581 adversariis
1412 3522 1797 3584 repugnantes,
1846 3531 1969 3570 cum
2013 3517 2193 3586 ignem

604 3589 788 3677 omnia
808 3614 1015 3662 torrere
1036 3606 1250 3676 penitus
1269 3620 1333 3661 ac
1351 3594 1617 3661 devorare
1642 3604 1980 3674 conﬁrment,
2007 3624 2194 3677 rursus

602 3698 671 3752 de
689 3697 941 3753 recidivis
967 3696 1279 3763 seminibus,
1309 3712 1428 3767 quae
1460 3697 1597 3765 ignis
1624 3697 1977 3767 conflagratio
2031 3698 2190 3755 deie-

600 3788 813 3858 linquit,
841 3804 1030 3844 causas
1050 3789 1473 3857 regenerationis
1493 3789 1766 3844 inducunt.
1793 3787 1948 3845 Unde
1973 3798 1996 3827 °
2020 3790 2189 3859 etiam

600 3878 833 3934 mundos
861 3878 1278 3937 innumerabiles
1304 3876 1673 3941 introducunt.
1858 3932 1865 3939 ,

666 3966 718 4021 9.
761 3966 871 4023 Sed
921 3968 995 4023 illi
1037 3967 1313 4037 utriusque
1336 3965 1687 4037 pronassionis
1713 3966 1939 4022 veritate
1966 3968 2181 4041 privati,

594 4056 721 4112 hinc
769 4056 896 4112 inde
922 4072 1021 4128 per
1048 4057 1287 4137 inopiam
1332 4056 1567 4113 subsidia
1617 4056 1701 4110 sui
1750 4058 1947 4113 erroris
1994 4060 2182 4128 exqui-

592 4155 737 4205 runt.
771 4148 1046 4218 Siquidem
1074 4146 1226 4203 etde
1253 4148 1336 4207 bis
1361 4148 1515 4218 aquis
1546 4163 1683 4219 quas
1724 4147 2047 4204 firmamenti
2095 4151 2180 4204 in-

663 4375 689 4436 !
717 4364 879 4436 Editi,
908 4366 1027 4436 quia
1058 4363 1285 4434 Moyses.
1316 4361 1459 4417 Libri
1489 4370 1719 4436 veteres,
1750 4373 1798 4417 et
1826 4362 2053 4436 Moyses.

658 4434 686 4474 δ
714 4435 856 4502 Editi
895 4432 951 4499 et
994 4434 1101 4488 duo
1148 4432 1301 4502 mss.,
1338 4432 1611 4502 secundum
1637 4432 1747 4502 ejus
1777 4432 2179 4490 moderationem

585 4505 783 4573 licebit1
806 4501 959 4556 Colb.
979 4500 1263 4563 secundus,
1297 4500 1574 4573 secundum
1615 4500 1875 4573 ejusmodi
1923 4507 2176 4559 rationem

586 4574 723 4626 ιὲὲρι.
747 4569 953 4642 Gmce,
982 4576 1114 4642 κατᾴ
1142 4573 1229 4624 τὸν
1262 4572 1408 4642 miros
1435 4571 1576 4642 λόγον
1604 4569 1791 4637 ἔξεστι.

661 4653 685 4680 ε
723 4641 878 4694 Oolb.
919 4639 1201 4712 secundus,
1233 4640 1367 4712 valet
1408 4639 1663 4712 conferre.
1710 4643 1997 4712 Aliquanto
2038 4644 2175 4699 intra
2210 4686 2211 4689 η

584 4710 734 4791 editi,
764 4710 1051 4791 meretricar
1073 4711 1404 4781 formositati.
1440 4710 1658 4779 Antiqui
1700 4710 1842 4777 libri,
1873 4716 2177 4770 meretricia:

606 4782 916 4837 'onnositati.

582 4784 916 4854 fonnositati.

652 4852 676 4888 ά
707 4848 930 4926 veteres
952 4849 1056 4904 duo
1086 4849 1206 4926 libri
1235 4858 1290 4904 et
1310 4850 1472 4926 editi,
1501 4852 1697 4926 nudam
1714 4854 1934 4926 fallendi
1960 4858 2176 4926 proferi-

578 4940 709 4977 mus.
764 4920 917 5001 Colb.
941 4919 1259 5001 secundus,
1496 4919 1797 5001 fallentibus
1824 4919 2169 5001 proferimus;

578 5008 765 5074 quam_
790 4992 1118 5077 scripturam.
1156 4989 1359 5077 legenti.
1388 4989 1534 5077 venit
1573 4992 1629 5077 in
1677 4989 2171 5077 mentitur'fortasse

577 5059 857 5130 scripsisse
878 5059 1235 5131 Eustathium,
1264 5059 1480 5131 fallendi
1501 5060 1718 5127 artibus,
1743 5063 2017 5118 librarium
2042 5082 2169 5121 vero

575 5146 645 5185 ex
692 5131 776 5185 his
822 5131 1030 5185 duabus
1088 5130 1308 5197 vocibus
1336 5130 1599 5185 conflasse
1632 5149 1808 5197 unam,
1843 5133 2161 5197 fallentibus.

577 5146 645 5185 ex
693 5136 776 5185 his
822 5136 1030 5185 duabus
1088 5136 1308 5191 vocibus
1336 5136 1599 5185 contlasse
1632 5149 1808 5197 unam,
1866 5136 2161 5190 nitentibus.

577 5198 678 5253 Ubi
710 5201 984 5267 aliquanto
1015 5206 1136 5270 post
1159 5193 1374 5270 legitur,
1397 5209 1697 5269 exspectare
1725 5136 2023 5270 conliictum
2048 5221 2065 5257 :
2095 5204 2163 5260 ibi

576 5277 707 5338 puto
737 5270 982 5343 librarios
1006 5269 1313 5343 offendisse,
1348 5271 1439 5340 qui
1470 5286 1565 5339 pro
1594 5269 1832 5339 spectare
1852 5275 2165 5343 scripserint

574 5336 889 5408 exspectare.
922 5336 1131 5408 Graece,
1159 5342 1342 5398 θεατὰς
1366 5336 1634 5398 tuest-ea;

651 5405 679 5441 ι’
704 5405 840 5459 Editi
865 5414 920 5459 et
957 5407 1062 5460 duo
1085 5424 1209 5462 mss.
1241 5427 1253 5458 :
1287 5408 1435 5462 Unde
1462 5413 1617 5463 etiam
1645 5413 1696 5464 in
1726 5429 1901 5465 eorum
1924 5422 2164 5466 constru-

575 5478 743 5559 ctione
762 5475 1035 5559 stt/fecerit,
1063 5478 1296 5559 mundos,
1313 5486 1416 5559 etc.
1438 5480 1501 5559 At
1521 5480 1673 5559 Cnlb.
1690 5481 1987 5559 secundus:
2012 5482 2165 5559 mle

574 5545 729 5600 etiam
761 5545 998 5607 mundos,
1028 5554 1132 5618 etc.
1162 5547 1299 5611 Quid
1330 5550 1382 5601 in
1416 5552 1643 5618 vulgatis
1670 5551 1770 5605 sibi
1830 5553 1960 5607 velit
2009 5553 2160 5614 illud,

571 5618 625 5670 in
651 5616 1222 5689 enmmponsfruﬁionc
1249 5616 1526 5689 sumet-erit,
1573 5636 1679 5675 non
1709 5623 1839 5676 satis
1869 5620 2108 5689 intelfigo
2141 5641 2154 5673 :

570 5699 747 5759 neque
777 5685 938 5759 etiam
969 5684 1199 5759 lectione
1227 5684 1397 5740 altera
1424 5688 1561 5743 bene
1590 5693 1964 5759 exprimuntur
1990 5684 2152 5745 verba

570 5751 785 5839 Glauce:
803 5755 945 5837 ίυῦεν
967 5760 1047 5807 καὶ
1074 5757 1312 5832 ἀπείρους
1344 5760 1525 5830 φθορὰς
1544 5751 1737 5815 aequ-1m
1757 5768 1836 5818 καὶ
1857 5764 2153 5835 “metiuntur-

574 5840 692 5881 σιας
722 5842 1028 5891 ιισαγουσιν.
1273 5850 1276 5854 ~

2132 5971 2225 5983 -ψηοο

2292 3421 2558 3477 sensibilis
2585 3437 2704 3477 esse
2731 3422 2815 3477 vel
2836 3422 3115 3477 invisibilis
3143 3423 3487 3488 intelligenda
3511 3434 3704 3481 natura
3727 3438 3889 3493 sunt;

2292 3513 2777 3588 sethonsidcratio
2806 3528 2994 3568 eorum
3023 3514 3315 3583 prudenter
3336 3530 3366 3569 a
3387 3530 3604 3571 sensum
3635 3504 3889 3573 habenti-

2291 3608 2391 3663 bus
2422 3607 2817 3678 contemplata,
2872 3606 3320 3675 glorificationem
3357 3606 3559 3677 perficit
3582 3607 3888 3669 Creatoris.

2291 3696 2407 3753 Non
2433 3698 2605 3752 solum
2627 3699 2772 3777 enim
2804 3712 2943 3767 aqua
2966 3713 3086 3769 qua:
3113 3713 3276 3770 super
3303 3698 3469 3754 caelos
3493 3706 3596 3769 est,
3625 3708 3887 3770 tanquam

2288 3788 2495 3843 ueteris
2540 3787 2747 3843 honore
2797 3788 3106 3857 praecellens
3133 3796 3356 3860 propter
3401 3789 3617 3845 insitam
3668 3792 3885 3850 sibimet

2288 3887 2646 3946 venustatem,
2696 3878 2910 3934 laudem
2934 3879 3196 3951 dependit
3215 3879 3472 3948 Domino;
3504 3864 3769 3938 sed‘idem
3798 3883 3876 3937 fa-

2286 3986 2412 4025 cere
2439 3969 2599 4024 etiam
2630 3987 2749 4041 qua:
2777 3971 2829 4025 in
2861 3972 3012 4026 terra’
3033 3981 3159 4027 sunt
3197 3973 3514 4039 invitantur,
3541 3974 3597 4029 id
3624 3984 3727 4041 est,
3756 3976 3881 4029 dra-

2283 4076 2459 4128 cones,
2487 4070 2537 4128 et
2562 4078 2738 4115 omnes
2759 4061 2930 4133 abyssi
2956 4061 3126 4132 (Paul.
3147 4078 3362 4128 curnt,
3388 4064 3462 4133 7).
3482 4058 3574 4121 Vlta
3604 4081 3704 4122 nec
3724 4066 3882 4136 abys-

2283 4167 2393 4216 sus,
2423 4166 2585 4221 quam
2615 4153 2667 4207 in
2695 4153 3171 4224 pejorempartem
3198 4164 3465 4210 conantur
3508 4156 3741 4225 abjicerc
3796 4158 3879 4211 fa-

2358 4369 2376 4406 ί
2410 4369 2551 4447 Editi
2578 4380 2636 4427 et
2662 4371 2815 4429 Colb.
2848 4374 3082 4447 primus,
3104 4374 3647 4447 mirabilitch
3684 4379 3877 4438 debch

2279 4457 2373 4509 pro
2403 4443 2575 4514 aquis,
2602 4453 2650 4514 et
2674 4459 2901 4514 rimam.
2926 4442 3131 4514 Quibus
3157 4444 3213 4499 in
3232 4446 3417 4500 verbis
3444 4447 3571 4501 illud
3593 4442 3875 4506 ⁷11ίωῦἃί-

2281 4519 2356 4563 ter
2377 4512 2651 4584 inirumin
2682 4512 2898 4566 modum
2922 4512 3182 4567 absonum
3205 4524 3309 4582 est,
3341 4519 3515 4584 neque
3540 4516 3642 4584 hoc
3663 4538 3876 4578 rursum

2278 4581 2450 4659 magis
2469 4580 2864 4659 estidoneum;
2894 4584 3018 4659 quia
3048 4593 3231 4659 tamen
3250 4580 3496 4639 librarios
3524 4582 3741 4659 decepit
3769 4612 3780 4643 ι
3803 4611 3869 4647 o-

2278 4651 2491 4728 minum
2529 4652 2839 4728 similitudo,
2872 4653 3273 4728 quodammodo
3314 4651 3677 4728 excusandus
3714 4672 3865 4728 puto.

2279 4717 2585 4793 begendum
2636 4722 2793 4791 igitur
2841 4717 3057 4793 cialiis
3084 4724 3293 4781 duobus
3322 4726 3615 4791 codicibus,
3649 4717 3872 4786 manabi-

2199 4778 2254 4839 D
2277 4778 2484 4869 gi::‘.-....
2517 4778 2739 4869 sumrm,
2773 4801 2877 4869 etc.
2911 4791 3481 4869 Grmce,_rpomxatg...
3500 4778 3749 4869 χαίᾶιω.
3787 4801 3871 4858 ιι-

2275 4859 2483 4937 brarios
2504 4860 2546 4913 si
2575 4862 2843 4937 excusavi,
2872 4878 2977 4916 non
2995 4859 3258 4937 continuo
3285 4880 3482 4919 excuso
3499 4865 3859 4937 Eustathium,

2276 4928 2385 5009 imo
2417 4946 2539 4983 cum
2569 4933 2806 5010 graviter
2833 4933 3193 5013 mprebendo,
3249 4937 3393 5003 quod
3446 4937 3575 4990 illud
3607 4928 3869 5013 399me;-

2274 4998 2455 5071 ineple
2511 4998 2734 5071 vei-terit
2780 4998 3114 5070 mutabiliter,
3173 4998 3294 5058 cum
3345 5016 3554 5063 vertere
3592 4998 3869 5071 debuisset

2272 5068 2489 5144 ενομὶίθ,
2511 5069 2612 5144 boc
2639 5081 2719 5144 est
2745 5089 2835 5141 per
2864 5080 3037 5144 tropos
3064 5068 3121 5144 et
3134 5073 3429 5144 allegorias.

2271 5209 2305 5259 ά
2344 5150 2367 5184 ις
2399 5137 2568 5201 Editi,
2603 5137 2909 5195 malimanda
2929 5137 3050 5196 sint.
3085 5137 3550 5205 Colbfsecundus,
3605 5152 3868 5206 wslimnn-

2308 5223 2353 5259 ω
2377 5219 2512 5259 sunt.

2308 5223 2353 5260 tt!
2377 5219 2512 5261 sunt.

2342 5276 2366 5314 ιι
2398 5278 2613 5356 Antiqui
2630 5279 2885 5356 duoilibri
2913 5291 2969 5336 et
2987 5284 3136 5356 editi,
3162 5284 3315 5356 caelos
3347 5285 3552 5356 quidem
3599 5306 3705 5342 non
3749 5309 3869 5346 con-

2269 5347 2592 5425 temptibiles.
2623 5349 2778 5425 C_0lb;
2810 5354 3095 5419 secundus,
3133 5355 3288 5408 cazfo:
3310 5347 3514 5425 quidem
3538 5365 3868 5425 contempla-

2268 5415 2411 5498 biles,
2446 5418 2602 5498 bene.
2655 5419 2713 5472 in
2740 5419 2947 5487 Graeco,
2989 5415 3334 5498 bigipnrméc;
3360 5422 3515 5498 liaud
3551 5428 3713 5497 longe
3735 5415 3863 5485 Col-

2264 5485 2519 5609 Ιιυῖμίιὲιά
2552 5496 2793 5611 utter-que,
2845 5485 2941 5546 nos
2978 5485 3347 5563 hujuscemodi.
3378 5493 3509 5549 illud
3539 5485 3721 5554 nosvin
3744 5504 3859 5555 vnl—

2264 5569 2333 5611 tta
2358 5573 2400 5607 is
2469 5572 2591 5609 cera

2264 5569 2400 5622 gains
2430 5569 2591 5609 aeera

2344 5626 2376 5699 ξΔ
2396 5625 2539 5699 Editi
2555 5635 2609 5680 et
2628 5628 2733 5684 duo
2755 5645 2908 5699 mss.,
2941 5649 2971 5687 α
2994 5633 3199 5697 Daniel,
3223 5636 3491 5690 sensibile:
3520 5656 3631 5692 esse
3661 5642 3738 5693 rel
3767 5659 3859 5697 m-

2263 5695 2484 5816 uisibile?
2524 5698 2873 5819 intelligenda:
2898 5695 3113 5759 natura:
3142 5695 3277 5758 sum.
3312 5706 3465 5760 Colb.
3497 5710 3768 5765 secundus
3796 5729 3811 5764 ι

2264 5780 2315 5818 ιιι
2338 5782 2438 5819 con
2465 5776 2531 5819 ex
2559 5781 2608 5819 u.
2990 5810 2996 5817 .
3810 5792 3811 5795 ‘

2264 5780 2315 5818 ιιι
2338 5776 2608 5819 contentu.
2990 5810 2996 5817 ο
3810 5788 3819 5807 '
