4192 6258
146 351 342 417 ’901

1276 359 1676 419 ΗΕΧΑΕΜΕΒΙ
1712 359 2195 439 METAEHRASIS
2235 360 2439 415 LIBER
2476 360 2563 415 Ν.

3461 362 3570 417 902

237 470 566 531 bricatores
584 473 979 542 allegoriarum,
1014 472 1309 529 refutabihs
1325 478 1479 527 :esttil
1500 477 1621 528 swi-
1645 471 1680 527 ᾗ
1713 471 1861 527 Psal-
1885 474 1937 533 Α
1962 480 2159 535 matus,
2177 450 2487 541 .impertiet.
2519 468 2630 526 Sed
2658 468 2747 526 hic
2774 468 2885 539 jam
2918 468 3157 523 narratio
3187 466 3448 522 matutina
3476 483 3568 523 se-

243 564 427 625 mista
454 584 469 618 :
503 582 629 623 eum
650 575 708 623 et
732 567 845 636 ipsa
874 566 1168 623 secundum
1197 581 1349 622 suam
1372 566 1688 634 qualitatem
1719 565 1866 635 hym-
1968 565 2157 619 cundia
2201 562 2310 619 diei
2358 563 2647 618 terminum
2676 562 2935 617 sortiatur
2963 580 2974 614 :
3001 569 3060 616 ut
3088 560 3427 617 auditoribus
3453 569 3570 618 stu-

238 672 354 717 nos
383 660 653 729 potentia:
679 658 988 716 Conditoris
1016 660 1234 730 emittit.

322 748 417 804 10.
467 749 542 806 Et
564 751 690 809 vidit
718 750 859 806 Deus
894 760 919 788 η
944 752 1066 822 quia
1096 751 1285 805 bonum
1328 759 1405 805 est
1451 751 1857 819 ﬁrmamentum.

239 840 369 897 Non
405 844 696 914 oculorum
726 843 1046 914 probatione
1067 842 1204 901 dixit
1230 826 1450 899 boiinm.
1483 840 1669 910 Neque
1713 841 1857 897 enim

236 912 1023 1003 corpoream’delectationem
1043 940 1297 1004 pmstant
1326 932 1481 993 nobis
1504 946 1623 1001 qua:
1653 931 1851 993 consti-

236 1029 488 1080 tuuntur
532 1040 562 1080 a
590 1024 719 1087 Deo,
754 1040 852 1079 nec
875 1040 941 1080 ea
986 1024 1203 1080 illorum
1222 1021 1568 1093 percipienda
1614 1022 1863 1092 voluptas

237 1123 331 1169 est
362 1130 492 1184 qua:
526 1116 773 1172 videntur
795 1116 1033 1185 jocunda
1080 1116 1431 1178 mortalibus;
1483 1113 1579 1173 sed
1608 1114 1634 1151 δ
1658 1114 1863 1175 bonum

242 1204 391 1261 dixit
437 1222 581 1277 opus
623 1206 771 1275 quod
823 1208 957 1261 artis
983 1222 1095 1261 suae
1144 1206 1354 1265 ratione
1401 1214 1676 1275 pensatur,
1706 1213 1765 1260 et
1791 1205 1863 1261 ad

246 1294 423 1352 ﬁnem
484 1296 680 1353 futurae
726 1298 1123 1355 commoditatis
1189 1298 1441 1355 intendit.
1492 1298 1683 1354 Merito
1729 1314 1860 1367 ergo

242 1397 267 1426 ο
295 1388 532 1457 quidem
551 1389 606 1444 in
626 1389 897 1453 rationem
912 1390 1241 1459 gignentium
1258 1389 1590 1445 manifestam
1603 1405 1723 1445 esse
1745 1406 1865 1459 pro-

236 1481 471 1551 posuit;
510 1480 602 1537 illa
648 1496 770 1551 qua:
821 1480 1051 1536 subinde
1102 1496 1198 1550 per
1226 1489 1408 1550 partes
1436 1478 1462 1518 δ
1487 1481 1678 1536 ellecta
1707 1490 1852 1547 sunt,

235 1572 456 1642 opilieo
471 1587 586 1627 sua:
604 1572 816 1627 virtutis
830 1587 1079 1627 sermone
1100 1587 1443 1642 percurrens,
1461 1581 1521 1625 ut
1533 1581 1659 1641 pote
1678 1573 1863 1629 mundi

239 1664 720 1718 consummatoria
771 1663 1110 1717 collaudavit.
1157 1663 1288 1716 Nam
1333 1679 1521 1716 manus
1566 1673 1620 1719 et
1648 1665 1855 1729 oculus,

238 1761 565 1824 cmteraque
594 1753 835 1808 membra
874 1754 1145 1809 simulacri
1164 1754 1311 1808 ’ωιιοί
1347 1754 1571 1827 sparsim
1614 1754 1855 1823 projecta

1967 655 2134 711 diosis
2162 655 2406 711 inducias
2434 654 2790 724 praebeamus,
2812 668 2920 725 quo
2943 654 3083 710 inter
3102 670 3161 709 se
3180 653 3427 711 conferre
3446 669 3568 727 qua:

1966 746 2113 813 dicta
2135 754 2279 811 sunt,
2332 744 2716 815 memorizeque
2743 744 3027 811 beneﬁcio,
3070 745 3122 799 in
3154 745 3357 801 intimis
3385 747 3566 802 cordi-

1954 839 2067 894 bus
2085 838 2155 893 ad
2185 838 2468 893 utilitatem
2491 837 2768 908 propriam
2797 838 3033 897 retinere
3084 836 3102 873 ί
3136 846 3329 895 cuncta
3360 854 3558 909 procu-

1965 938 2105 997 rent,
2136 939 2195 985 et
2221 945 2323 989 usu
2360 929 2731 986 meditationis
2778 928 3030 997 assiduae,
3075 927 3336 985 doctrinae
3387 930 3568 999 cibum

1965 1021 2317 1087 rnminantes,
2350 1027 2475 1093 post
2514 1019 2869 1097 digestionem
2911 1018 3205 1085 salubrem,
3237 1017 3438 1075 residui
3469 1019 3566 1075 ﬁa-

1965 1114 2140 1182 gitent
2164 1113 2420 1169 alimenta
2449 1112 2737 1170 sermonis.
2761 1110 2864 1167 {iis
2890 1125 3021 1167 vero
3050 1113 3143 1182 qui
3174 1110 3391 1168 vivendi
3438 1127 3571 1168 cau-

1966 1222 2056 1261 sas
2102 1206 2348 1265 manibus
2403 1213 2665 1265 exercent
2694 1204 3084 1273 indulgentiam
3114 1204 3292 1261 medio
3324 1212 3572 1276 tempore

1966 1297 2294 1363 tribuamus;
2338 1305 2397 1357 ut
2442 1296 2729 1367 completis
2757 1297 3012 1367 operibus
3050 1297 3286 1353 animum
3316 1314 3569 1355 curarum

1966 1402 2111 1441 nexu
2137 1388 2393 1456 solutum,
2423 1402 2610 1445 rursus
2639 1387 2869 1463 dapibus
2896 1387 3188 1445 exhibeant
3216 1390 3559 1458 vespertinis.

1967 1477 2198 1543 Interea,
2230 1478 2507 1545 Dominus,
2541 1480 2634 1547 qui
2664 1487 2689 1526 ε
2721 1475 3006 1548 magniﬁca
3038 1477 3164 1541 fecit
3193 1493 3262 1534 ex
3289 1478 3477 1545 nihilo,
3502 1488 3559 1534 et

1966 1587 1995 1625 a
2022 1572 2177 1627 nobis
2209 1573 2322 1628 hzec
2350 1588 2515 1643 parva
2544 1572 2835 1629 verborum
2865 1570 3096 1643 proferri
3146 1572 3398 1628 libamina
3452 1573 3561 1628 dis~

1967 1664 2233 1734 pensavit,
2266 1663 2360 1719 det
2406 1664 2561 1720 vobis
2592 1664 2928 1720 intellectum
2969 1679 3079 1719 sum
3108 1665 3383 1730 veritatis;
3412 1673 3470 1720 ut
3493 1681 3563 1733 ex

1965 1755 2265 1811 visibilibus
2312 1756 2636 1811 invisibilem
2684 1755 2970 1826 reputetis,
3022 1764 3076 1809 et
3104 1771 3172 1811 ex
3192 1755 3562 1825 magnitudine

241 1844 382 1899 nulli
414 1844 673 1900 videntur
702 1858 820 1900 esse
849 1844 1018 1911 bona;
1050 1860 1172 1901 cum
1213 1853 1395 1901 autem
1439 1846 1491 1898 in
1522 1860 1676 1899 suum
1707 1846 1856 1900 ordi-
1890 1854 1937 1913 Β
1964 1863 2027 1903 ac
2050 1848 2447 1919 pulchritudine
2470 1859 2764 1913 creatum,
2791 1847 2826 1887 λι
2856 1848 3140 1905 decentem
3169 1848 3394 1918 gloriam
3418 1850 3562 1905 Con-

240 1951 376 1991 nem
408 1936 716 2007 composita
745 1935 1075 2005 redigantur,
1107 1938 1450 2006 speciemque
1480 1948 1729 2005 congrua:
1753 1935 1858 1991 for-

241 2027 517 2083 mationis
540 2027 863 2097 acceperint,
889 2042 918 2081 a
939 2027 1177 2096 quolibet
1207 2027 1453 2099 imperito
1479 2025 1632 2081 facile
1655 2026 1855 2082 discer-

243 2126 481 2177 nuntur.
510 2117 579 2171 At
608 2134 736 2174 vero
762 2119 1150 2173 elementorum
1173 2118 1415 2181 Creator,
1441 2126 1497 2173 et
1524 2119 1853 2190 ante'singu-

241 2208 433 2264 lorum
464 2210 934 2280 compositionem,
970 2218 1191 2264 noverat
1220 2210 1478 2279 cujusque
1523 2212 1700 2280 operis
1749 2212 1849 2266 bo—

240 2314 378 2355 num
402 2318 415 2351 :
445 2301 762 2369 singulaque
776 2299 1110 2363 collaudans,
1137 2301 1518 2369 cogitationem
1534 2318 1643 2356 sua:
1661 2304 1855 2358 mentis

148 2388 157 2391 ’
241 2391 310 2447 ad
341 2401 365 2428 ο
398 2391 644 2445 futurum
672 2392 877 2446 exitum
930 2389 1108 2459 dirigit
1138 2390 1513 2446 formaturam.
1548 2391 1693 2446 Talis
1725 2407 1854 2461 ergo

185 2526 193 2538 .
242 2498 395 2538 nunc
446 2498 665 2552 quoque
718 2481 911 2536 artifex
941 2482 1271 2550 singularum
1302 2485 1533 2553 partium
1573 2484 1731 2550 Deus,
1764 2501 1851 2540 as-

245 2580 430 2629 sertor
452 2578 510 2626 et
539 2572 887 2642 praedicator;
924 2572 1020 2639 sed
1050 2573 1211 2642 paulo
1266 2583 1391 2642 post
1445 2575 1593 2629 omni
1652 2577 1855 2644 pariter

244 2663 481 2731 mundo,
514 2673 908 2736 competentem
940 2664 1170 2729 laudem,
1202 2681 1323 2722 cum
1385 2666 1543 2723 fuerit
1595 2685 1850 2725 consum-

321 2814 347 2842 ⁸
382 2804 557 2872 Editi,
605 2804 741 2876 quod
786 2804 975 2857 bonum
1018 2813 1113 2857 est.
1161 2803 1379 2872 Antiqui
1423 2812 1533 2860 tres
1563 2806 1703 2872 libri,
1732 2810 1853 2879 quia

246 2879 443 2931 bonum
467 2887 564 2931 est.
896 2890 899 2891 '

308 2946 351 2989 οδ
386 2946 610 3016 Antiqui
638 2945 745 3016 duo
765 2945 908 3016 libri,
933 2946 1023 3016 sed
1044 2945 1229 3001 bonum
1249 2945 1379 3000 dixit
1401 2964 1550 3016 opus,
1575 2949 1726 3015 quod,
1746 2958 1850 3003 etc.

248 3014 373 3072 Vox
406 3014 551 3086 opus
573 3016 623 3070 in
648 3014 807 3086 editis
833 3014 1189 3086 desideratur.

329 3101 351 3126 ο
386 3084 538 3160 Editi
571 3096 626 3141 et
671 3084 823 3160 C_olb.
858 3085 1078 3160 primus,
1105 3087 1288 3140 merito
1317 3104 1437 3160 ergo
1466 3089 1667 3157 quidem
1694 3091 1746 3142 in
1778 3106 1857 3142 ra-

248 3160 449 3212 tionem
489 3157 803 3228 gignentium
828 3158 1160 3226 manifestam
1186 3174 1307 3229 esse
1317 3157 1583 3229 proposuit
1613 3176 1631 3211 :
1663 3161 1855 3228 quibus

246 3244 319 3298 ex
347 3224 683 3298 verbis:qu
713 3235 834 3298 apta
859 3224 1126 3282 sententia
1172 3224 1325 3298 silici
1342 3224 1513 3298 possit
1535 3245 1641 3285 non
1672 3224 1846 3285 video.
1879 3224 1924 3284 C

251 3297 426 3372 Alter,
452 3296 630 3361 Colb.,
664 3295 845 3350 merita
876 3312 999 3372 ergo
1031 3314 1144 3369 quin
1165 3295 1510 3372 destinatione
1531 3301 1856 3372 gignentium

251 3368 540 3438 manifesta
589 3384 700 3421 esse
729 3369 1014 3438 proposuit,
1047 3384 1155 3421 non
1184 3368 1395 3422 melius.
1429 3368 1613 3423 Cod‘ci
1651 3382 1852 3435 noster,

250 3435 439 3493 merito
489 3435 852 3517 ergo_quidem_
869 3439 925 3490 in
968 3439 1525 3517 rationedgigttentittm
1580 3441 1857 3511 manifesia

252 3526 364 3563 esse
385 3506 687 3578 proposuit;
712 3506 856 3578 quod
875 3522 1091 3578 quoque
1114 3506 1369 3578 vitiosum,
1385 3523 1528 3578 esse,
1545 3506 1859 3577 negaturum
1904 3510 1907 3513 ’

254 3587 390 3649 puto
410 3573 849 3649 ncuiinemfsed
877 3573 956 3649 sic
980 3573 1159 3649 tamen
1184 3585 1243 3649 u_t
1272 3573 1429 3631 facile
1449 3573 1722 3649 emendari
1743 3596 1863 3649 pos-

252 3645 343 3701 sn.
406 3648 574 3716 igitur
620 3662 727 3718 pro,
765 3645 971 3713 quidem
1000 3647 1161 3701 velim
1208 3646 1353 3714 legas
1376 3648 1634 3718 quietiam.
1669 3645 1859 3703 Merito

252 3733 377 3788 ergo
428 3716 667 3789 quiede
711 3716 767 3768 in
816 3718 1019 3789 ratione
1056 3716 1397 3789 gignentium'
1427 3720 1709 3789 manifesta
1749 3736 1860 3773 esse

252 3786 779 3865 proposuitsGrtece,
814 3788 1026 3843 ὀτοὶννν
1056 3786 1234 3863 ἐνάργῆ
1263 3790 1347 3843 τὸν
1376 3786 1694 3846 σκοπὸν-τῶν
1715 3812 1856 3865 γενο-

253 3864 424 3934 μέχωχ
446 3860 769 3934 προῦέξενος.

328 3923 356 3963 δ
383 3912 747 3999 Edi'ti,aﬁ'erta
769 3936 908 3982 sunt.
930 3926 1075 3981 Libri
1090 3935 1320 3999 veteres,
1339 3929 1524 3999 effecta
1546 3942 1683 3984 sunt.
1705 3929 1859 3985 Haud

257 3996 424 4062 longe
469 3997 615 4060 editi,
646 4012 831 4051 manus
858 4002 906 4051 et
932 3999 1124 4054 oculos.
1156 3996 1310 4054 Colb.
1343 3996 1628 4065 secundus,
1673 4018 1858 4056 manus

255 4075 306 4119 et
328 4067 490 4121 oculi.
511 4064 696 4121 Codex
720 4075 921 4133 noster,
944 4085 1126 4122 manus
1144 4078 1197 4122 et
1215 4070 1415 4125 oculus.
1441 4064 1680 4127 Subinde
1700 4071 1853 4128 Colb.
1906 4120 1911 4127 .

1959 1940 2149 1995 ditoris
2170 1955 2322 1996 mens
2343 1947 2520 1995 vestra
2544 1940 2824 2010 percipiat,
2844 1947 2904 1995 ut
2928 1948 2985 1995 et
3001 1940 3052 1994 in
3077 1947 3239 2004 terra,
3258 1948 3314 1995 et
3337 1940 3389 1994 in
3410 1955 3559 2009 aere,

1958 2038 2015 2084 et
2054 2030 2106 2084 in
2135 2030 2294 2094 caelo,
2323 2038 2375 2085 et
2408 2030 2460 2085 in
2492 2030 2668 2100 aquis,
2706 2040 2762 2085 et
2811 2030 2957 2086 inter
2983 2030 3125 2085 diem
3156 2038 3210 2084 et
3239 2038 3472 2099 noctem,
3504 2039 3561 2087 et

1960 2118 2014 2172 in
2045 2118 2292 2173 omnibus
2327 2134 2444 2189 quae
2494 2127 2790 2174 cernuntur
2815 2117 3176 2175 benefactoris
3205 2128 3559 2176 monumenta

1967 2210 2268 2265 certissima
2313 2211 2559 2281 capiatis.
2591 2210 2775 2280 Neque
2796 2210 2938 2267 enim
2967 2218 3059 2263 aut
3081 2208 3319 2279 peccatis
3350 2218 3560 2281 tempus

1969 2301 2201 2367 dabitur,
2227 2307 2318 2355 aut
2350 2301 2565 2356 inimico
2596 2301 2745 2355 locus
2766 2299 3085 2370 suggeren'di
3101 2300 3370 2355 contraria
3400 2299 3563 2355 relin-

1964 2402 2179 2462 quetur,
2211 2393 2440 2449 Domino
2461 2393 2657 2449 vestris
2684 2393 2931 2448 sensibus
2959 2393 3297 2459 adhaerente;
3330 2395 3414 2450 cui
3446 2394 3562 2471 glo-

1965 2486 2044 2540 ria
2075 2496 2130 2540 et
2157 2485 2455 2549 veneratio,
2499 2501 2645 2540 nunc
2666 2492 2722 2539 et
2754 2499 2989 2556 semper,
3022 2493 3079 2539 et
3105 2500 3203 2559 per
3230 2485 3411 2540 omnia
3457 2501 3562 2540 sa:-

1965 2578 2086 2634 cula
2116 2578 2453 2633 seculorum.
2480 2576 2672 2635 Amen.

1959 2805 2246 2877 secundus,
2284 2807 2474 2877 passim
2498 2807 2750 2877 projecta.

2034 2888 2058 2915 ο
2088 2876 2249 2943 Editi,
2289 2875 2375 2930 'ad
2416 2875 2707 2947 futurorum
2726 2879 2942 2932 exim.
2973 2877 3043 2937 At
3067 2875 3238 2933 nostri
3269 2883 3380 2930 tres
3405 2892 3558 2945 mss.,

1960 2949 2029 3001 ad
2060 2951 2306 3019 futurum
2322 2948 2539 3019 eaitum.

2037 3014 2071 3055 τ’
2092 3015 2309 3084 Antiqui
2335 3015 2450 3088 duo
2482 3017 2622 3078 libri,
2648 3027 2832 3088 cuncta
2861 3014 3350 3088 procurentﬂEditi,
3375 3027 3559 3088 cuncta

1959 3095 2275 3159 percurrent.
2304 3086 2519 3159 Statim
2568 3087 2745 3144 codex
2788 3084 2975 3143 noster
2999 3096 3055 3143 et
3077 3084 3231 3142 Colb.
3260 3087 3555 3153 secundus,

1960 3176 2054 3212 usu
2075 3158 2431 3211 meditationis
2450 3159 2679 3214 assiduo.

2030 3241 2053 3274 ιε
2081 3227 2239 3301 Colb.
2288 3228 2575 3301 secundus,
2606 3246 2803 3301 magna
2827 3229 2967 3301 fecit.
3024 3228 3125 3283 Alii
3172 3228 3297 3301 duo
3321 3244 3454 3301 mss.
3507 3238 3561 3285 et

1964 3299 2113 3381 editi,
2165 3297 2448 3381 megniﬁca
2478 3296 2858 3381 fecit.LGi::_nce,
2877 3304 2984 3381 ,τὰή
3004 3302 3218 3381 μεγάςλα.
3245 3296 3560 3381 “eliquanto

1963 3378 2085 3440 post
2113 3368 2262 3450 editi,
2288 3377 2344 3420 ut
2361 3384 2426 3421 ex
2454 3370 2829 3441 magnitudine.
2864 3368 3085 3439 Antiqui
3107 3370 3214 3423 duo
3245 3368 3386 3433 libri,
3418 3379 3467 3421 et
3494 3385 3559 3423 ea:

1964 3440 2346 3511 magnitudine.
2550 3440 2553 3441 ⁷
2636 3496 2641 3499 _

2039 3510 2061 3546 ιι
2092 3508 2259 3573 Editi,
2293 3507 2553 3563 decentem
2589 3511 2757 3577 gloria
2793 3507 3090 3564 Conditoris
3120 3523 3413 3562 mensuram
3441 3523 3559 3577 per-

1954 3582 2143 3649 cipiat,
2195 3585 2468 3646 corrupte.
2523 3576 2678 3633 Colb.
2721 3577 3006 3641 secundus,
3050 3578 3309 3649 decentem
3339 3576 3560 3649 gloriam

1965 3646 2262 3729 conditoris
2283 3663 2424 3701 mens
2446 3659 2613 3702 vestra
2632 3649 2926 3719 percipiat:
2956 3647 3101 3716 quod
3122 3662 3247 3701 cum
3261 3646 3558 3768 genuinum

1965 3734 2084 3768 esse
2111 3727 2243 3768 satis
2272 3732 2369 3768 uer
2397 3732 2456 3768 se
2485 3726 2689 3768 natent-
2736 3725 2919 3768 notest.
2947 3724 3129 3768 tamen
3153 3732 3253 3768 con
3298 3730 3459 3768 rmari
3490 3731 3558 3768 ex

1962 3734 2084 3774 esse
2111 3719 2243 3773 satis
2272 3732 2369 3786 per
2397 3732 2456 3772 se
2485 3726 2689 3788 pateat,
2736 3725 2919 3787 potest
2947 3724 3129 3772 tamen
3153 3719 3459 3773 continuari
3490 3731 3560 3775 ex

1965 3789 2237 3868 Basiliano
2266 3788 2382 3870 illo,
2406 3789 2820 3870 Magnetem,
3203 3793 3295 3839 aut
3319 3801 3460 3870 mens
3483 3802 3561 3868 re-

1963 3870 2072 3913 stra
2093 3857 2361 3929 percipiat.
2395 3854 2683 3929 Aliquantp
2700 3854 2991 3929 post'editi
3011 3863 3065 3929 et
3089 3856 3199 3912 duo
3230 3864 3456 3929 inss.,_et
3482 3857 3561 3913 in-

1967 3940 2043 3984 ter
2085 3925 2310 3983 ("tiem'et
2349 3925 2568 3983 noctein.
2618 3925 2771 3983 Colh.
2823 3927 3115 3993 secundus,
3166 3934 3215 3980 et
3252 3927 3308 3980 in
3364 3925 3448 3981 die
3496 3941 3559 3980 ac

1963 4010 2131 4055 nocte.

1198 4273 1680 4381 LIBER
1771 4273 2209 4403 QUI/1R
2236 4270 2572 4381 TUS.

825 4439 915 4500 De
958 4438 1443 4518 congregatione
1486 4455 1820 4517 aquarum,
1857 4444 1913 4498 et
1949 4439 2361 4517 apparitione
2395 4436 2592 4498 aridis
2625 4434 2999 4514 disputatio.

338 4564 389 4617 1.
432 4559 570 4616 Sunt
595 4561 755 4616 urbes
796 4562 1040 4632 quaedam
1066 4576 1295 4631 quarum
1322 4559 1506 4630 populi
1535 4559 1858 4629 spectaculis

261 4654 595 4709 mirabilibus
623 4668 653 4707 a
682 4654 949 4709 matutino
976 4661 1223 4724 tempore
1249 4667 1421 4721 usque
1450 4651 1517 4705 ad
1547 4665 1852 4720 vesperum,

261 4746 512 4817 proprios
565 4745 753 4799 oculos
798 4744 1069 4814 pascendo
1117 4743 1412 4799 reﬁciunt:
1446 4750 1638 4798 cantus
1692 4743 1856 4797 etiam

263 4838 508 4899 blandos,
543 4845 569 4873 λ
602 4837 1099 4905 modulationesque
1127 4837 1383 4900 lascivas,
1415 4836 1601 4889 luxum
1629 4834 1856 4889 nimium

263 4938 600 4997 generantes,
625 4928 869 4984 sensibus
887 4929 999 4983 suis
1025 4928 1287 4998 injiciunt,
1318 4941 1549 4997 quorum
1584 4927 1854 4982 ansculta-

264 5021 411 5076 tione
450 5019 648 5093 diutius
682 5020 968 5085 oblectati,
1007 5020 1313 5075 nullatenus
1349 5020 1631 5074 satiantur.
1678 5016 1745 5072 Et
1773 5027 1855 5074 ta-

266 5124 389 5163 men
418 5124 513 5163 eos
555 5107 801 5163 homines
829 5107 985 5162 multi
1012 5107 1203 5162 beatos
1244 5107 1518 5178 appellare
1560 5121 1855 5162 consueve-

267 5207 409 5263 runt,
459 5198 585 5267 quia
635 5198 939 5253 necessaria
994 5199 1209 5267 negotia
1258 5199 1587 5263 deserentes,
1619 5206 1676 5253 et
1714 5205 1859 5255 artes

1965 4560 2213 4614 inanibus
2235 4559 2443 4614 actibus
2469 4568 2820 4629 occupantur,
2854 4558 3164 4626 ignorantes
3203 4555 3328 4626 quia
3350 4555 3563 4613 saltatio

1962 4658 2385 4731 spectationibus
2425 4658 2451 4696 δ
2483 4658 2777 4728 approbata
2808 4658 3130 4726 turpissimis
3150 4696 3164 4721 ,
3207 4658 3479 4725 publicum
3508 4666 3564 4713 et

1962 4775 2249 4817 commune
2268 4757 2480 4829 perﬁcit
2501 4759 2867 4829 magisterium
2889 4757 3161 4811 vitiorum.
3190 4756 3376 4827 Lyrica
3398 4758 3563 4811 etiam

1962 4861 2223 4942 carmina,
2254 4868 2553 4929 cantusque
2580 4859 2891 4924 tibicinum,
2911 4864 2968 4911 et
3004 4854 3324 4908 meretricia:
3353 4854 3561 4907 cantio-

1966 4980 2080 5029 nes,
2109 4962 2360 5019 cordibus
2389 4960 2721 5017 audientium
2744 4959 2927 5026 lapsae,
2960 4951 3087 5024 quid
3116 4950 3261 5004 aliud
3290 4965 3449 5019 quam
3475 4949 3557 5002 in-

1882 5046 1932 5105 Ῑ)
1960 5066 2177 5121 iamiam
2205 5064 2601 5135 spectatoribus
2623 5061 2924 5117 inolescunt
2944 5052 3320 5110 aamnlantibus
3351 5050 3560 5106 histrio.

1961 5168 2093 5223 nes?
2120 5165 2374 5222 Nonnulli
2422 5172 2602 5233 autem
2631 5157 2949 5218 circensium
2994 5152 3166 5213 furiali
3209 5150 3403 5205 ardore
3449 5151 3545 5205 de-

266 5252 719 5359 quibus‘vivendi
749 5288 987 5344 subsidia
1033 5252 1566 5360 comparatum-per
1602 5289 1858 5346 desidiam

1962 5268 2117 5334 tenti,
2170 5267 2416 5322 noctibus
2463 5262 2798 5320 somniantes
2824 5270 2925 5327 pro
2952 5267 3218 5322 equorum
3267 5252 3554 5315 velocitate

270 5392 324 5440 et
350 5384 683 5453 voluptatem
708 5388 970 5438 statutum
990 5373 1092 5439 sﬂii
1114 5390 1325 5452 tempus
1351 5382 1476 5437 vitae
1504 5390 1860 5454 peragentes,

340 5533 366 5561 ι
404 5522 495 5579 Sic
514 5536 643 5583 mss.
667 5531 859 5576 nostri.
885 5515 1023 5572 Illud
1042 5532 1155 5584 qua:
1181 5527 1368 5573 aberat
1405 5533 1436 5571 a
1465 5516 1713 5585 vulgatis.

341 5592 368 5631 δ
409 5592 547 5647 Editi
587 5599 644 5647 et
671 5589 825 5646 Colb.
878 5591 1104 5659 primus,
1136 5587 1421 5659 approbata
1460 5589 1713 5657 pessimis.
1758 5585 1862 5639 Alii

277 5659 383 5716 duo
404 5679 556 5721 mss.,
585 5657 1241 5731 approbata—turpissimis;
1277 5657 1422 5731 quod
1445 5659 1613 5725 magis
1644 5670 1859 5731 necom-

277 5732 479 5785 n-oilari
520 5724 698 5800 potest
727 5732 793 5785 ad
825 5724 1011 5800 vocem
1039 5728 1279 5800 Gra‘cam
1296 5724 1619 5787 intuma
1657 5724 1860 5781 Ibidem

279 5800 385 5856 duo
413 5796 563 5865 Iussi,
594 5801 816 5869 perﬁcit.
847 5798 1002 5863 Editi,
1035 5796 1262 5863 perfecit.

1967 5378 2330 5443 contendunt,
2364 5374 2522 5432 modo
2556 5384 2577 5409 ε
2611 5384 2801 5428 currus
2828 5372 3090 5431 rotantes,
3142 5362 3307 5419 modo
3340 5363 3557 5433 aurigas

2044 5525 2065 5552 ο
2106 5512 2246 5569 Editi
2274 5520 2328 5566 et
2356 5510 2463 5565 duo
2492 5522 2648 5573 mss.,
2679 5519 2859 5558 currus
2905 5507 3182 5557 notantes:
3230 5498 3381 5572 quod
3423 5499 3556 5570 quin

1969 5584 2282 5639 mendosum
2310 5581 2381 5635 sit
2407 5578 2655 5657 dubitari
2680 5573 3217 5657 non__pote_s_t._tl'olh.
3264 5586 3554 5657 seruatus,

1968 5670 2148 5707 currus
2168 5660 2413 5723 retanles.
2440 5648 2597 5723 Certe
2616 5640 2924 5723 Eustathius
2940 5642 3063 5723 illud
3090 5640 3295 5723 ἇρμᾳςτα
3319 5645 3562 5723 geratis-.-

1968 5721 2388 5803 γνιξνεεειλεειιεςε
2425 5717 2662 5803 reddere-
2696 5708 3558 5803 vanities!-t'é“.iti;iiﬁefst

1970 5780 2216 5845 i'eddidit.
2259 5788 2447 5844 Melius
2486 5790 2562 5844 sic
2591 5783 2932 5855 interpretari
2964 5783 3090 5837 licet
3125 5800 3136 5835 :
3166 5780 3557 5852 Transjimgen-
