4192 6258
2495 170 2567 187 ὀ

659 292 769 350 eos
1167 284 1219 329 τῖ’
1238 286 1245 334 1
1648 282 1660 327 ε
1704 376 1730 381 γ-
2113 291 2248 350 sus

2349 291 2478 350 run
3030 261 3051 283 ’
3861 307 3953 366 an
4128 94 4136 381 τ

657 415 713 470 in
757 418 963 484 partem
1006 413 1165 469 aliam
1214 414 1617 480 transferentes,
1649 376 1975 483 inanemque
2028 425 2257 480 prorsus
2284 412 2339 473 Α
2362 409 2524 467 modo
2559 425 2609 467 tn
2640 426 2802 468 unam
2829 416 3303 484 congregationem
3325 417 3474 489 jussa
3522 431 3608 478 est
3653 426 3955 492 convenire,
4010 397 4018 409 ’

658 503 904 560 diurnam
924 505 1304 573 cogitationem
1333 514 1579 577 tempore
1599 505 1812 576 soporis
1840 500 2118 559 revolvere
2145 518 2254 558 non

660 597 940 652 desistunt.
961 596 1069 652 Nos
1087 606 1267 653 autem
1293 614 1430 668 quos
1450 598 1728 664 Dominus,
1741 598 1832 668 qui
1863 596 2043 667 opifex
2073 610 2256 652 rerum

660 691 925 746 maximus
952 699 1007 745 et
1033 691 1190 747 valde
1236 691 1493 748 miriﬁcus
1519 692 1767 757 habetur,
1802 691 1871 747 ad
1911 691 2257 747 demonstra-

664 784 868 840 tionem
898 799 1118 840 suorum
1138 800 1363 857 operum
1391 786 1729 852 convocavit,
1759 785 1991 845 deﬁcere
2019 800 2125 840 non
2155 782 2255 839 de-

661 874 849 930 bemus
877 890 1002 944 erga
1045 890 1235 931 eorum
1274 877 1598 947 spectacula,
1633 873 1735 932 nec
1782 875 1997 932 desides
2036 874 2153 931 ﬁeri
2203 875 2257 929 in

662 968 1025 1023 auscultandis
1052 967 1287 1039 Spiritus
1313 969 1484 1025 sancti
1506 968 1872 1035 sermonibus;
1903 966 1998 1023 sed
2026 968 2256 1024 circum-

660 1060 852 1115 dantes
867 1061 1177 1130 praeclaram
1192 1061 1333 1116 hanc
1355 1060 1522 1116 divini
1536 1060 1716 1132 operis
1731 1060 2040 1127 stationem,
2071 1068 2249 1115 trans~

662 1160 892 1224 actaque
921 1164 1164 1225 tempora
1197 1155 1614 1224 cogitationibus
1637 1162 1971 1226 reputantes,
2011 1162 2258 1210 eontem-
2284 1211 2287 1220 λ

662 1245 874 1317 plenmr
899 1246 1092 1302 cmlum
1139 1248 1358 1317 quidem
1400 1248 1634 1304 levatum
1687 1258 1749 1303 ut
1798 1262 2090 1314 cameram,
2119 1248 2259 1307 sicut

661 1337 790 1393 dicit
819 1340 1079 1411 propheta
1130 1340 1285 1410 (Isai.
1320 1358 1409 1411 XL,
1432 1340 1545 1414 22),
1592 1351 1792 1397 terram
1840 1350 2021 1399 autem
2048 1351 2256 1398 vastam

663 1430 841 1493 nimis,
868 1431 1231 1487 inuncnsiutte
1260 1424 1343 1488 vel
1392 1433 1632 1505 pondere
1661 1434 1714 1489 in
1744 1435 2091 1505 semetipsam
2120 1450 2255 1490 con-

662 1530 809 1575 stare
836 1520 1129 1583 fundatam,
1169 1538 1457 1592 acremque
1478 1522 1729 1579 diffusum
1760 1524 2130 1595 liquidumque
2159 1542 2256 1581 na-

664 1620 822 1678 tura;
855 1627 1146 1682 congruam
1187 1623 1243 1670 et
1271 1616 1645 1672 incessabilcm
1694 1618 2021 1689 spirantibus
2068 1619 2257 1676 alimo-

2368 518 2492 558 cum
2522 505 2691 560 maria
2722 520 2841 561 esse
2880 505 3093 563 diversa
3121 509 3373 575 sciamus,
3405 527 3529 582 qua:
3561 525 3720 570 certe
3748 517 3958 575 mtdttlu

2365 609 2395 647 a
2418 609 2478 650 se
2507 593 2713 652 distare
2734 600 3075 654 noscuntur?
3100 599 3181 655 Ad
3209 601 3339 657 illud
3374 604 3540 673 igitur
3560 607 3718 676 quod
3741 609 3957 679 primum

2365 686 2647 754 quaesitum
2673 695 2774 755 est,
2807 690 2913 747 hoc
2935 700 2960 731 ο
2990 693 3467 763 respondebimus:
3494 700 3625 769 quia
3656 709 3721 756 tu
3756 703 3959 773 quidem

2362 788 2487 850 post
2513 780 2812 838 editionem
2840 787 3101 871 praecepti
3143 786 3312 843 divini
3354 790 3602 848 humoris
3642 806 3859 851 motum
3883 813 3961 854 eo-

2362 871 2617 940 gnovisti,
2646 881 2703 930 et
2730 874 2857 945 quia
2877 876 3223 935 circumﬂuus
3244 880 3475 940 habetur
3498 899 3836 959 semperque
3876 889 3962 946 de-

2361 979 2606 1022 currens.
2632 966 2768 1022 Nam
2795 969 3109 1041 priusquam
3144 982 3387 1030 meatum
3413 987 3640 1048 caperet
3685 995 3758 1035 ex
3786 991 3964 1039 aucto—

2361 1054 2522 1111 ritate
2540 1056 2771 1125 cmlesti,
2804 1073 2905 1115 nec
2933 1067 2992 1115 tn
3020 1075 3145 1118 eum
3169 1063 3372 1131 vidisti,
3414 1082 3519 1123 nec
3538 1069 3611 1124 ab
3638 1070 3751 1128 alio
3772 1087 3871 1143 qm
3901 1076 3965 1130 vi-

2359 1146 2515 1204 derat
2533 1148 2765 1206 didicisti
2791 1169 2804 1204 :
2830 1152 2973 1209 unde
3001 1153 3223 1212 debebis
3243 1156 3528 1216 advertere
3547 1162 3675 1231 quia
3707 1180 3813 1220 vox
3847 1166 3962 1234 Dei,

2359 1249 2566 1297 natura:
2587 1242 2870 1299 formatrix
2899 1253 3001 1310 est,
3029 1255 3086 1302 et
3109 1249 3402 1319 pmceptio
3429 1265 3551 1321 qua:
3576 1261 3704 1310 tunc
3724 1256 3855 1311 data
3887 1268 3964 1314 est

2360 1343 2642 1401 creaturae,
2672 1336 3082 1407 dispositionem
3110 1342 3321 1398 cunctis
3338 1356 3466 1412 qua:
3497 1343 3664 1401 forent
3687 1348 3965 1418 gignenda

2360 1428 2657 1498 prmbebat.
2715 1428 2849 1485 Nam
2877 1438 2935 1486 et
2960 1429 3078 1486 dies
3105 1439 3163 1486 et
3187 1446 3298 1488 nox
3326 1435 3494 1491 semel
3543 1436 3689 1493 [εαξη
3713 1448 3866 1508 sunt,
3913 1452 3963 1499 et

2360 1536 2430 1575 ex
2455 1520 2547 1577 illo
2573 1536 2743 1592 usque
2772 1538 2934 1592 nunc,
2956 1523 3174 1580 sibimet
3197 1526 3412 1583 vicibus
3439 1530 3796 1599 succedendo,
3831 1551 3961 1590 cur-

2360 1613 2654 1669 riculorum
2682 1629 2904 1671 suorum
2941 1622 3189 1687 tempora
3213 1618 3379 1675 certis
3419 1622 3763 1690 portionibus
3786 1624 3958 1683 divisa

663 1706 806 1761 nian:
850 1696 1280 1772 'tninistrantem,
1323 1708 1768 1781 scindentemque
1813 1725 1873 1766 sc
1920 1711 2259 1767 moventibus
2362 1705 2690 1761 CUSIOdillM-

661 1796 1541 1869 omnibus,lcniterqucccdentem
1559 1802 2252 1871 mollitudinisintercessu;
2290 1784 2336 1847 Β
2433 1800 2486 1855 5.
2528 1800 2918 1874 Congregentur
2937 1783 3104 1876 aqum.
3136 1801 3165 1842 δ
3192 1803 3411 1861 Iussum
3447 1816 3532 1863 est
3558 1823 3824 1879 aquarum
3871 1828 3936 1866 na

661 1905 856 1959 aquam
886 1905 1017 1946 vero
1045 1890 1289 1948 altricem
1337 1908 1647 1963 corporum,
1690 1904 1747 1950 et
1791 1894 2030 1952 humano
2071 1899 2254 1966 generi

662 1980 822 2036 nimis
854 1982 1038 2037 utilem
1067 1983 1437 2050 constitutam,
1468 1999 1533 2040 ac
1559 1985 1839 2041 moderate
1887 1987 1940 2041 in
1984 1986 2257 2058 deputatis

659 2073 758 2127 sibi
790 2073 1190 2143 conccptaculis
1212 2083 1637 2145 permanentem.
1671 2074 1817 2143 Quas
1844 2091 1950 2142 res,
1978 2077 2051 2132 ita
2076 2093 2136 2133 se
2156 2078 2254 2134 ha-

659 2163 812 2231 bere,
840 2163 906 2217 de
930 2164 1013 2219 his
1033 2178 1153 2233 qum
1180 2175 1429 2220 recenter
1456 2166 1594 2221 lecta
1618 2175 1743 2221 sunt
1766 2167 2108 2239 approbabis.

730 2254 783 2307 ‘3.
827 2254 1046 2309 Etdia'it
1081 2253 1216 2312 Deus
1248 2273 1265 2309 :
1295 2256 1680 2329 Congregentur
1701 2275 1850 2328 aqua:
1868 2275 1982 2332 qua:
2008 2259 2103 2315 sub
2128 2262 2254 2317 caelo

658 2357 777 2402 sunt
821 2348 872 2401 in
921 2348 1403 2419 congregationibus
1431 2350 1558 2412 suis,
1603 2359 1651 2403 et
1679 2360 1930 2422 appareat
1978 2354 2149 2407 arida.
2186 2352 2258 2407 Et

659 2441 853 2497 vocarit
883 2439 1021 2495 Deus
1051 2441 1253 2495 aria'am
1294 2452 1506 2508 terram,
1537 2453 1586 2497 et
1634 2447 2060 2517 congregatione;
2087 2463 2254 2518 aqua-

658 2552 770 2590 rum
799 2536 1211 2617 vocavit’maria.
1257 2533 1497 2602 Quantas
1545 2536 1675 2591 mihi
1722 2538 2018 2595 calumnias
2071 2541 2123 2595 in
2172 2540 2255 2596 his

658 2640 779 2695 quzc
830 2632 1130 2694 sequuntur
1186 2625 1481 2695 objeceris,
1526 2627 1749 2697 exigens
1800 2629 2251 2699 quemadmodum

660 2725 803 2771 terra
835 2717 1005 2787 possit
1053 2716 1336 2772 invisibilis
1385 2717 1591 2786 haberi,
1623 2719 1808 2775 colore
1860 2730 2145 2792 praesente,
2176 2725 2251 2780 si-

656 2810 870 2881 quidem
900 2811 1054 2866 eolor
1101 2811 1275 2866 omnis
1304 2826 1467 2867 sensu
1513 2814 1989 2885 comprehenditur
2009 2817 2247 2882 visionis,

654 2911 709 2957 ct
733 2902 959 2957 fortasse
987 2902 1083 2957 tibi
1119 2918 1228 2958 non
1256 2902 1469 2957 videtur
1492 2919 1615 2959 esse
1642 2905 1914 2962 sufﬁciens
1941 2908 2087 2977 quod
2114 2907 2252 2964 dixi-

655 3008 807 3058 mus;
837 2992 961 3063 quia
1005 3010 1111 3048 non
1160 2994 1228 3049 ad
1256 3003 1534 3059 naturam,
1566 2997 1661 3051 sed
1713 2997 1781 3053 ad
1822 3014 1920 3064 nos
1971 3000 2251 3057 invisibilis

656 3086 817 3140 fuisse
846 3096 987 3141 terra
1014 3087 1183 3142 relata
1208 3098 1311 3155 est,
1342 3098 1565 3160 propter
1593 3105 1851 3160 aquarum
1893 3093 2141 3150 videlicet
2165 3094 2238 3151 in-

657 3174 970 3244 jectionem,
1020 3191 1140 3245 quae
1182 3186 1375 3259 tune'I
1419 3196 1608 3238 omnes
1661 3193 1833 3240 terras
1884 3189 2241 3257 operuissent.
2274 3148 2322 3214 c

657 3265 812 3321 Nune
839 3283 967 3321 vero
1014 3270 1255 3324 ausculta
1295 3271 1628 3343 Scripturam
1649 3316 1664 3341 ,
1692 3279 1964 3345 quomodo
2011 3280 2244 3350 scipsam

656 3358 898 3415 declarat
948 3376 960 3413 :
1012 3357 1417 3433 Congregeutur,
1462 3363 1656 3434 inquit,
1706 3358 1877 3437 aqua}:
1921 3378 1972 3422 et
1996 3382 2246 3442 appareat

654 3449 825 3504 arida.
861 3450 1233 3507 Velamentum
1271 3453 1604 3523 subducitur,
1634 3464 1692 3512 ut
1732 3459 2022 3531 conspicua
2070 3460 2243 3532 ﬁeret,

653 3558 771 3613 qua:
800 3542 1012 3599 interim
1044 3560 1150 3599 non
1170 3543 1468 3603 videbatur.
1504 3548 1639 3605 Illud
1680 3551 1841 3607 etiam
1869 3552 2094 3611 forsitan
2123 3557 2244 3628 quis

652 3635 909 3706 requiret,
941 3651 1039 3691 cur
1086 3635 1138 3692 id
1166 3637 1312 3708 quod
1337 3653 1436 3709 per
1482 3649 1730 3698 naturam
1771 3645 1958 3701 subest
1985 3648 2160 3718 aquis,
2190 3648 2244 3704 id

650 3733 754 3791 est,
788 3733 848 3779 ut
890 3741 1107 3798 semper
1152 3727 1222 3782 ad
1271 3731 1594 3799 procliviora
1633 3735 1985 3806 contendant,
2029 3738 2132 3797 hoc
2175 3740 2242 3795 ad

639 3816 1066 3887 'pmceptionem
1088 3817 1362 3876 Creatoris
1380 3837 1560 3880 sermo
1583 3828 1867 3883 convertit.
1895 3830 2077 3887 Donec
2096 3833 2241 3891 enim

649 3906 702 3963 in
734 3908 955 3983 planitie
1000 3911 1160 3967 fuerit
1194 3927 1333 3984 aqua
1378 3916 1677 3983 recondita,
1726 3921 1933 3976 stabilis
1989 3932 2103 3989 est,
2132 3941 2240 3981 non

648 3999 925 4057 inveniens
945 4016 1054 4072 quo
1079 4002 1334 4069 declinet,
1356 4006 1447 4061 ubi
1462 4022 1591 4063 vero
1611 4008 1902 4067 descensus
1923 4017 2236 4082 occurrerit,

647 4094 980 4166 irrumpente
1021 4098 1268 4168 protinus
1295 4108 1449 4169 parte
1474 4101 1684 4172 priore,
1716 4105 1922 4177 reliqua
1951 4109 2240 4167 multitudo
2279 4138 2286 4147 -

543 4227 555 4233 -
646 4186 995 4254 consequitur
1022 4196 1383 4259 properanter
1409 4191 1690 4262 effugiens,
1721 4210 1841 4264 quzc
1869 4198 2123 4266 praecedit
2148 4217 2238 4254 ur-

645 4283 807 4343 gente
852 4277 1120 4333 venientis
1147 4280 1382 4351 impulsu
1415 4300 1427 4334 :
1474 4291 1734 4353 tantoque
1762 4286 2003 4344 velocior
2027 4299 2237 4347 meatus

540 4440 541 4443 η
644 4367 919 4437 aspicitur,
950 4381 1156 4438 quanto
1183 4372 1404 4441 majoris
1447 4375 1700 4444 ponderis
1745 4378 1905 4434 fuerit
1950 4396 2087 4451 aqua
2115 4399 2236 4453 qum

644 4459 884 4527 conlinit,
915 4459 1174 4529 locusque
1212 4462 1488 4519 devexior.
1516 4467 1573 4522 Si
1600 4483 1729 4538 ergo
1781 4472 1902 4527 talis
1949 4483 2138 4531 natura
2169 4477 2233 4532 li-

642 4549 826 4616 quoris
860 4558 962 4613 est,
993 4549 1020 4587 ι»
1049 4549 1287 4608 differret
1313 4553 1498 4624 utique
1540 4562 1956 4632 praeceptionem
1983 4581 2090 4636 qua
2112 4568 2233 4638 jus-

641 4645 785 4693 serat
807 4654 977 4709 aquas
1003 4640 1057 4696 in
1084 4657 1249 4698 unum
1275 4651 1719 4719 conceptaculum
1744 4660 2081 4727 congregari.
2122 4659 2230 4717 Po-

640 4740 783 4788 terat
809 4733 952 4789 enim
995 4734 1111 4792 sine
1153 4735 1338 4805 dubio,
1366 4750 1589 4812 propter
1630 4749 1930 4805 naturalem
1972 4734 2229 4828 impetum

638 4824 691 4881 in
730 4826 978 4896 regiones
1032 4843 1298 4885 concavas
1345 4839 1540 4903 sponte
1568 4834 1885 4908 decurrere,
1919 4824 2228 4915 priusquam

638 4922 786 4987 terga
815 4920 1158 4990 compleret:
1208 4923 1387 4979 nullus
1432 4927 1576 4981 enim
1632 4937 1896 4989 terrarum
1949 4936 2102 4995 locus
2150 4943 2230 4999 sic

635 5014 854 5084 :equalis
880 5024 982 5082 est,
1009 5024 1069 5070 ut
1087 5032 1347 5088 aquarum
1377 5020 1529 5076 situs.
1553 5022 1776 5092 Deinde,
1797 5028 2064 5109 inquiunt,
2090 5050 2227 5106 quo-

634 5201 708 5273 tes
728 5212 928 5273 currus.
955 5196 1150 5273 statim
1199 5199 1327 5254 editi
1361 5208 1430 5273 _et
1458 5199 1565 5256 duo
1608 5218 1762 5273 mss.,
1793 5207 2092 5269 diuturnam
2143 5233 2223 5271 co-

672 5264 951 5354 itationem.
992 5268 1146 5323 Colb.
1177 5270 1464 5337 secundus,
1492 5264 1761 5329 diurnam:
1785 5264 2107 5349 Graece,
2132 5264 2223 5358 QI-

663 5355 926 5487 ηιὲξεὲἔξςτηνηξἒ
948 5407 1235 5495 secutique,
1263 5422 1462 5467 omnem
1487 5422 1693 5494 terram.
1704 5414 1840 5495 "Mos
1866 5419 2220 5495 idemcodex,

552 5538 556 5542 δ
618 5475 764 5567 ηειὶξΔ
784 5475 1025 5567 requiret:
1076 5475 1239 5544 Editi,
1268 5498 1383 5567 qua:
1432 5484 1669 5553 requiret.
1703 5484 1939 5545 Subinde
1989 5475 2223 5567 m'é

631 5543 800 5599 codex
814 5586 830 5610 ,
851 5543 1079 5601 uelocior
1105 5543 1380 5604 remeatus.

701 5613 743 5698 ις.
766 5613 929 5683 Editi,
983 5617 1206 5698 tti/I‘eret.
1262 5617 1402 5673 Libri
1461 5629 1689 5698 veteres,
1739 5628 1990 5698 dilferret.
2023 5633 2215 5692 Statim

630 5684 782 5756 Colb.
814 5684 1099 5753 secundus,
1123 5688 1176 5740 in
1196 5703 1363 5756 unum,
1377 5684 1771 5756 receptaculum.

704 5766 725 5792 ε
766 5754 844 5809 Ita
900 5756 1019 5813 libri
1064 5765 1293 5812 veteres.
1349 5754 1467 5811 Vox
1494 5754 1614 5814 'ltoc
1661 5763 1714 5818 in
1744 5767 1903 5826 editis
1941 5772 2213 5831 desidera-

2363 1902 2542 1950 turam
2564 1894 2828 1963 difﬂuerc,
2858 1904 2914 1952 et
2937 1912 3215 1968 nunquam
3233 1897 3415 1955 deﬁcit
3438 1900 3795 1972 obsequendo
3814 1921 3961 1961 man-

2361 1988 2523 2042 datis.
2549 1986 2665 2043 lloe
2709 1996 2889 2044 autem
2919 1989 3041 2046 dico
3081 1992 3377 2071 respiciens
3411 1993 3481 2050 ad
3508 1989 3779 2064 liquidam
3794 2014 3960 2069 aqua-

2360 2098 2477 2136 rum
2493 2091 2716 2157 sortem,
2738 2098 2965 2154 quarum
2988 2085 3106 2141 alia:
3126 2101 3343 2159 semper
3366 2097 3589 2144 manant
3607 2099 3671 2146 ut
3694 2091 3879 2149 fontes
3907 2100 3959 2151 et

2358 2173 2526 2241 fluvii,
2558 2174 2676 2229 alim
2728 2184 3065 2245 congregatae
3093 2186 3221 2234 sunt
3265 2187 3322 2234 et
3365 2180 3641 2237 sistentes.
3673 2181 3784 2239 Sed
3825 2186 3955 2241 mihi

2358 2280 2504 2319 nunc
2532 2264 2600 2320 de
2627 2264 2918 2322 ﬂuentibus
2945 2283 3125 2325 sertno
3152 2277 3257 2325 est.
3288 2268 3681 2344 Congregentttr
3711 2291 3867 2344 aqua!
3909 2280 3959 2331 in

2357 2358 2809 2430 congregationem
2833 2376 3014 2414 unam.
3045 2359 3103 2416 Si
3137 2361 3355 2431 quando
3384 2370 3438 2418 te
3475 2374 3499 2401 ε
3528 2372 3767 2421 stantem
3804 2367 3960 2437 juxta

2360 2452 2531 2505 rivum
2583 2452 2727 2506 subit
2781 2452 3077 2522 cogitatio,’
3104 2462 3365 2525 reputans
3410 2455 3562 2527 cujus
3608 2458 3846 2528 impulsu
3894 2461 3961 2516 de

2358 2540 2638 2598 telluribus
2677 2556 2816 2612 aqua
2858 2543 3223 2614 progreditur,
3254 2545 3339 2600 vel
3368 2560 3487 2616 quae
3513 2556 3636 2602 sunt
3666 2548 3863 2605 horrea
3891 2551 3958 2607 de

2355 2634 2549 2705 quibus
2571 2642 2681 2688 tam
2712 2634 2936 2704 largiter
2956 2634 3264 2700 eﬂ‘unditur,
3289 2645 3381 2692 aut
3399 2639 3492 2708 qui
3515 2638 3668 2695 locus
3695 2639 3762 2695 ad
3787 2655 3959 2711 quem

2355 2729 2568 2798 cogitur
2596 2727 2881 2799 pervenire
2899 2770 2914 2796 ,
2944 2728 3031 2783 vel
3068 2728 3343 2798 quomodo
3371 2744 3473 2785 nec
3508 2730 3600 2784 illa
3625 2728 3801 2785 deﬁcit
3826 2747 3959 2802 qum

2355 2820 2617 2891 sequitur,
2660 2835 2763 2875 nec
2787 2834 2851 2874 ea
2898 2834 3020 2889 quas
3062 2820 3343 2890 praecessit
3370 2822 3663 2888 exuberat;
3705 2821 3957 2894 profecto

2353 2912 2592 2982 reperies
2619 2914 2800 2968 omnia
2820 2913 2934 2968 haec
2948 2928 3015 2968 ex
3032 2928 3164 2968 voce
3193 2912 3364 2983 prima
3396 2915 3590 2984 teneri,
3609 2915 3755 2972 unde
3782 2916 3951 2973 etiam

2352 3014 2563 3062 meatus
2576 3006 2651 3061 illi
2681 3006 2919 3077 suppetit
2937 3007 3318 3077 sempiternus.
3342 3007 3707 3074 Quamobretn
3726 3009 3783 3064 in
3804 3011 3952 3068 omni

2350 3112 2566 3168 semper
2592 3098 2815 3153 historia
2846 3086 3141 3153 memento
3164 3099 3352 3169 prima:
3381 3102 3783 3172 prmceptionis,
3831 3118 3951 3173 qua

2350 3189 2480 3245 dicit
2514 3208 2526 3243 :
2558 3189 2949 3263 Congregentur
2973 3207 3140 3262 aquae.
3166 3190 3378 3247 Etenim
3417 3194 3713 3264 oportebat
3734 3210 3827 3250 eas
3852 3196 3952 3253 de—

2351 3298 2571 3338 currere
2609 3293 2967 3355 properanter
2984 3327 2998 3352 ,
3032 3292 3089 3340 ut
3116 3284 3432 3341 devenirent
3458 3287 3526 3343 ad
3555 3289 3828 3360 propriam
3855 3304 3947 3345 re-

2349 3373 2564 3442 gionem
2590 3392 2602 3427 :
2632 3382 2687 3428 et
2713 3382 2998 3446 postquam
3024 3384 3245 3431 ventum
3273 3385 3437 3442 esset,
3465 3387 3613 3434 stare
3655 3381 3713 3434 in
3748 3394 3946 3436 conce-

2347 3468 2581 3538 ptaculis
2593 3467 2884 3538 deputatis,
2901 3475 3065 3538 atque
3084 3469 3224 3524 ultra
3249 3485 3357 3525 non
3373 3469 3617 3526 tendere.
3646 3470 3940 3543 Propterea

2347 3569 2433 3615 est
2459 3560 2528 3614 ab
2550 3559 2873 3616 Ecclesiaste
2901 3559 3103 3616 dictum
3138 3578 3151 3615 :
3186 3560 3251 3615 In
3276 3577 3421 3617 mare
3446 3563 3585 3629 ﬂuvii
3603 3562 3940 3629 delabuntur,

2345 3654 2439 3707 sed
2464 3670 2607 3707 mare
2630 3670 2734 3708 non
2754 3652 3151 3729 super-impletur
3172 3653 3367 3725 (Eccte.
3392 3671 3428 3722 ι,
3452 3654 3526 3724 7).
3557 3652 3699 3722 Quia
3721 3662 3779 3711 et
3798 3656 3944 3726 quod

2346 3758 2607 3813 aquarum
2652 3759 2841 3799 cursus
2871 3753 3113 3813 urgetur,
3165 3751 3222 3799 et
3268 3745 3413 3815 quod
3435 3760 3585 3802 mare
3628 3747 3792 3802 certis
3828 3747 3942 3801 cir-

2345 3836 2731 3906 cumscriptum
2760 3836 2955 3891 finibus
3003 3837 3295 3905 retinetur,
3328 3838 3515 3908 prima:
3557 3838 3938 3908 prasceptiouil

2344 3930 2516 3984 virtus
2545 3938 2629 3984 est
2662 3949 2674 3982 ε
2701 3924 3089 4002 ϐοηρνεσέηιιιν
3111 3948 3260 4004 aqua:
3304 3933 3360 3986 in
3387 3948 3546 3986 unam
3571 3932 3937 4005 congregatio-

2343 4037 2463 4075 nem
2488 4038 2505 4075 :
2538 4030 2597 4077 ut
2621 4037 2730 4077 non
2758 4022 2966 4078 scilicet
2987 4023 3077 4079 illa
3104 4038 3226 4094 qua:
3260 4023 3455 4090 inﬂuit,
3482 4023 3712 4094 expletis
3739 4039 3940 4080 conce-

2342 4112 2580 4184 ptaculis
2602 4112 2904 4183 superfusa,
2929 4122 3155 4171 cunctos
3181 4115 3429 4170 similiter
3448 4123 3716 4171 terrarum
3744 4118 3937 4172 termi-

2343 4220 2443 4260 nos
2470 4204 2786 4271 inundaret;
2819 4204 3021 4261 idcirco
3042 4204 3191 4275 jussa
3218 4204 3320 4261 fuit
3346 4206 3401 4262 in
3430 4222 3592 4262 unam
3618 4223 3679 4263 se
3710 4222 3938 4278 congre-

2341 4297 2612 4366 gationem
2652 4298 2911 4368 redigere.
2959 4296 3253 4370 Propterea
3289 4300 3512 4371 pelagus
3554 4303 3734 4357 ventis
3783 4317 3931 4372 saepe

2345 4392 2638 4457 turbatum,
2670 4406 2735 4447 ac
2764 4390 3013 4448 ﬂuctibus
3035 4400 3291 4462 aestuans,
3322 4394 3375 4449 in
3405 4393 3686 4465 altumque
3706 4410 3937 4451 consur-

2262 4508 2313 4586 D
2343 4500 2498 4554 gens,
2538 4485 2626 4540 ubi
2656 4485 2839 4540 littora
2864 4484 3042 4540 vicina
3074 4484 3093 4524 τ
3129 4486 3386 4552 tetigerit,
3414 4485 3643 4542 fervoris
3671 4488 3933 4560 impetum

2336 4577 2637 4648 spumando
2674 4578 2969 4645 resolvens,
3015 4593 3142 4634 mox
3180 4578 3635 4652 frangiturzatque
3680 4579 3934 4636 subduci-

2334 4671 2494 4726 citur.
2518 4671 2619 4723 Ant
2638 4686 2719 4723 me
2739 4686 2843 4724 non
2866 4668 3126 4735 timebitis,
3157 4670 3282 4724 dicit
3314 4669 3585 4733 Dominus,
3609 4672 3698 4740 qui
3716 4687 3931 4725 arm

2337 4765 2611 4819 terminum
2631 4778 2766 4833 pono
2800 4763 2932 4816 mari
2960 4760 3093 4831 (Jer.
3120 4778 3172 4827 v,
3204 4761 3338 4832 2‘2)?
3367 4761 3577 4816 Etenim
3603 4763 3799 4818 mirum
3843 4770 3929 4817 est

2334 4854 2611 4924 quomodo
2640 4868 2728 4913 res
2754 4852 2995 4908 omnium
3018 4868 3140 4923 quae
3160 4853 3213 4907 in
3253 4853 3414 4908 terris
3436 4863 3461 4901 ε
3484 4853 3754 4909 habentur
3779 4853 3931 4908 inﬁt»

2336 4949 2476 5004 mior
2504 4962 2689 5010 arena,
2717 4947 2869 5017 jussu
2893 4946 2991 5002 Dei
3018 4946 3331 5001 violentiam
3354 4946 3518 5002 maris
3546 4946 3741 5002 frenat.
3772 4946 3929 5014 Quod

2334 5042 2380 5097 si
2401 5055 2556 5097 secus
2583 5047 2748 5106 esset,
2769 5055 2888 5109 qua:
2908 5038 3046 5094 ratio
3062 5046 3245 5093 vetare
3264 5044 3479 5110 poterat
3501 5038 3929 5105 Rubrummare,

2328 5225 2627 5348 Μδωᾶοιι).
2669 5288 2961 5355 secundus,
3006 5255 3159 5362 jussa
3187 5300 3264 5347 est
3310 5309 3562 5365 aquarum
3600 5300 3795 5348 natura
3832 5295 3929 5348 de-

2367 5379 2508 5419 uere.
3127 5408 3139 5420 .
3627 5412 3633 5421 .

2328 5364 2610 5507 μαξνὲᾀίιί
2632 5437 2688 5487 et
2715 5430 2822 5486 duo
2847 5447 2997 5499 mss.,
3031 5444 3080 5488 te
3116 5408 3353 5489 stante...
3387 5412 3738 5507 reputantem.
3762 5435 3924 5494 'Colb.

2326 5501 2614 5575 secundus,
2647 5511 2694 5555 te
2716 5509 2950 5575 stante...
2975 5513 3245 5575 reputans.
3316 5522 3321 5528 ‘

2396 5569 3182 5659 ᾔσθη»..ξεςξιξιάιξεν..ιέίςεη.α
3227 5577 3518 5659 tertiae“-
3577 5575 3969 5659 bene"

2325 5636 2474 5713 gditi,
2498 5656 2611 5713 non
2631 5639 2851 5713 timebis.
2876 5636 3091 5713 Antiqui
3122 5645 3230 5701 duo
3257 5636 3409 5711 libri,
3430 5661 3533 5701 non
3566 5636 3834 5704 timebitis'.
3862 5648 3922 5704 lu

2318 5704 2543 5781 Graeco,
2565 5712 2623 5781 ob
2654 5712 2996 5781 φοϐηθήσεσθε
3008 5755 3020 5766 .

2392 5787 2416 5827 ε
2448 5777 2611 5845 Editi,
2634 5777 2867 5838 habetur.
2898 5782 3039 5841 Lihn'
3065 5793 3296 5854 veteres,
3328 5786 3600 5841 habentur.
