4244 6254
376 269 485 327 905
537 327 546 331 _

1358 269 1762 332 HEXkEMERl
1803 269 2289 331 HETAPHRASIS
2326 269 2531 328 LIBER
2569 271 2658 329 1V.

3567 275 3679 336 906

377 398 437 446 ut
462 405 574 446 non
603 387 896 464 Egyptum
925 399 1115 459 tota'm,
1146 406 1266 462 quae
1293 393 1481 464 utique
1509 395 1770 450 devexior
1797 395 1968 451 habe-
1995 397 2044 456 Α
2074 392 2395 463 corporibus
2421 392 2490 447 sit
2511 391 2752 461 illapsus,
2768 390 3078 447 universum
3103 400 3285 448 tamen
3300 391 3488 448 orbem
3515 400 3677 450 terra:

379 490 486 550 tur,
518 485 820 553 invaderet,
863 486 1221 557 proximoque
1247 489 1440 559 pelago
1493 490 1840 556 misceretur,
1874 490 1978 546 nisi

382 585 652 648 praecepto
679 576 988 634 Conditoris
1016 586 1160 634 esset
1185 579 1469 635 inhibitum
1491 582 1513 635 ?
1534 581 1667 636 Nam
1699 583 1824 652 quia
1871 583 1979 637 lm-

383 667 562 724 milior
588 677 670 724 est
699 668 964 741 IEgyptus
993 670 1177 727 Rubro
1231 674 1384 740 mari,
1419 675 1724 729 certissime
1775 684 1800 711 ⁸
1826 675 1980 730 doce-

383 771 504 815 mur
526 759 593 814 ab
617 760 701 815 bis
728 761 821 830 qui
848 760 1156 832 Egyptium
1188 772 1243 818 et
1290 763 1532 820 Iudicum
1563 781 1713 821 mare
1754 768 1979 835 conjun-

384 865 513 920 gere
540 853 847 919 voluerunt,
888 871 1114 924 quorum
1140 857 1345 926 primus
1383 865 1465 912 est
1498 858 1774 915 Sesostres
1813 859 1980 931 Egy-

385 944 552 1014 ptius,
577 945 846 1000 secundus
872 945 1063 1001 Darius
1092 947 1296 1003 Medus.
1321 949 1447 1005 Hmc
1466 964 1532 1004 eo
1553 950 1686 1015 dixi,
1709 959 1766 1005 ut
1785 951 1980 1006 diviuze

385 1037 679 1091 sanctionis
699 1038 995 1106 potentiam
1026 1055 1394 1096 nosceremus.
1428 1040 1811 1114 Congregeutur
1832 1062 1980 1115 aqua:

384 1131 437 1184 in
460 1133 910 1203 congregationem
950 1151 1127 1198 unam,
1160 1135 1212 1188 id
1260 1145 1364 1203 est,
1396 1137 1565 1192 altera
1589 1153 1696 1193 non
1722 1140 1983 1210 procedat

291 1301 295 1304 ξ
385 1237 452 1278 ex
472 1223 584 1290 illa,
615 1223 711 1278 sed
736 1225 790 1278 in
821 1225 996 1295 primo
1017 1230 1429 1300 conceptaculo,
1460 1246 1582 1300 qua:
1621 1233 1848 1290 collecta
1898 1242 1982 1290 est

385 1323 652 1373 teneatur.

456 1409 506 1462 4.
538 1410 742 1466 Deinde
769 1426 893 1466 cum
913 1412 1120 1468 diceret
1149 1432 1160 1466 :
1191 1413 1579 1486 Congregentur
1599 1418 1653 1471 in
1677 1433 1836 1471 unam
1857 1434 1982 1473 con-

387 1507 758 1575 gregationem,
789 1506 1109 1577 docuitquia
1130 1510 1312 1562 multa:
1344 1517 1498 1564 erant
1529 1525 1680 1580 aqua:
1703 1511 1869 1567 variis
1900 1512 1984 1566 di-

386 1594 513 1648 visae
535 1595 728 1654 modis.
760 1595 905 1653 Loca
929 1598 1072 1652 enim
1101 1601 1385 1667 convallia,
1418 1601 1856 1671 profundioribus
1880 1619 1950 1660 na
1977 1635 1984 1646 ο

388 1672 634 1743 turaliter
660 1699 849 1744 cavata
891 1693 1100 1761 spatiis,
1152 1693 1422 1749 habebant
1450 1697 1980 1767 aquam-collectam,

2084 485 2492 556 complectitur;
2524 484 2605 540 sic
2653 491 2706 538 et
2735 497 2994 552 aquarum
3026 491 3215 537 natura
3244 483 3489 553 quamvis
3517 485 3683 540 variis

2083 575 2370 632 commissa
2387 574 2712 630 stationibus
2728 581 2998 640 teneatur,
3016 589 3122 629 una
3141 584 3322 629 tamen
3341 584 3427 630 est
3447 577 3683 633 maxima

2084 671 2454 740 congregatio,
2483 686 2602 740 qua!
2641 685 2801 726 omne
2850 670 2980 725 illud
3010 669 3338 726 elementum
3366 671 3624 727 discernit
3652 689 3682 727 a

2083 762 2314 815 caeteris.
2350 760 2524 816 Lacus
2580 761 2722 816 enim
2777 762 2869 830 qui
2927 762 3070 816 circa
3127 763 3376 830 regiones
3416 763 3685 818 habentur

2084 863 2318 920 arctoas,
2341 855 2426 910 vel
2457 855 2509 908 in
2541 854 2910 925 Hellesponto,
2943 871 3039 910 seu
3068 855 3121 910 in
3151 855 3488 925 Macedonia,
3516 857 3604 911 vel
3630 857 3683 912 in

2084 946 2336 1020 Bithynia
2377 949 2826 1018 congregationes
2854 950 2972 1004 sine
2999 947 3166 1004 dubio
3193 950 3566 1015 nominantur;
3589 951 3686 1006 sed

2085 1041 2249 1095 modo
2278 1040 2435 1096 nobis
2461 1041 2668 1096 mentio
2699 1040 2868 1096 estde
2897 1041 3008 1105 illa,
3033 1057 3153 1111 qua:
3181 1041 3405 1110 reliquis
3434 1041 3686 1097 omnibus

2085 1135 2159 1190 ita
2185 1135 2446 1206 prolixior
2473 1144 2577 1204 est,
2606 1143 2664 1190 ut
2683 1143 2952 1190 terrarum
2986 1135 3324 1205 amplitudini
3349 1143 3681 1205 comquetur,

2085 1235 2139 1282 et
2154 1242 2462 1297 quanquam
2482 1237 2504 1265 °
2533 1229 2587 1282 in
2610 1227 2908 1282 minoribus
2929 1242 3147 1298 quoque
3175 1227 3687 1296 congregationibus

2085 1335 2345 1390 aquarum
2392 1322 2570 1377 inesse
2619 1321 3017 1378 multitudinem
3065 1322 3246 1376 nullus
3294 1321 3542 1384 obsistat,
3575 1335 3685 1374 non

2087 1419 2269 1466 tamen
2324 1412 2441 1466 illas
2469 1413 2590 1481 quis
2633 1413 2737 1468 rite
2793 1413 2963 1467 maria
3012 1399 3388 1482 nuncupabit:
3439 1411 3688 1480 quamvis

2087 1514 2248 1561 certae
2277 1506 2501 1575 paludes
2529 1507 2801 1573 salsugine
2825 1507 2989 1560 maris
3019 1507 3228 1560 infecta:
3252 1505 3360 1559 sint
3384 1545 3399 1569 ,
3429 1504 3570 1558 sicut
3598 1505 3687 1557 illa

2087 1613 2206 1667 qua:
2237 1599 2506 1652 vocitatur
2530 1597 2548 1636 τ
2571 1597 2834 1652 Asfaltitis
2854 1598 2908 1650 in
2937 1598 3180 1666 partibus
3207 1596 3428 1666 Judaete,
3453 1596 3541 1651 vel
3561 1595 3690 1651 Scr-

2088 1691 2310 1757 bonitis,
2343 1705 2463 1759 qua:
2505 1690 2646 1745 inter
2666 1689 2960 1761 Egyptum
2986 1687 3438 1760 Palaestinamque
3479 1688 3686 1758 jacens,

387 1789 488 1831 nec
518 1794 624 1832 non
656 1781 817 1834 etiam
847 1783 1023 1852 campi
1055 1783 1197 1853 pleni
1228 1793 1402 1851 erant,
1454 1787 1860 1843 similitudinem
1890 1805 1984 1859 pe-
2018 1781 2061 1842 Β
2089 1780 2306 1837 deserta
2329 1781 2596 1850 contingit
2623 1780 2853 1835 Arabiae.
2886 1779 3086 1835 Omnes
3115 1780 3197 1835 hae
3224 1780 3439 1849 quidem
3467 1781 3690 1851 paludes

387 1865 828 1936 lagircferentes,
855 1872 1080 1943 aliaeque
1112 1875 1381 1944 ejusmodi
1409 1879 1675 1946 regiones,
1702 1879 1771 1934 de
1791 1881 1985 1950 quibus

387 1960 636 2014 omnibus
674 1962 735 2040 in
783 1978 946 2018 unam
1009 1968 1485 2035 congregationem
1533 1969 1806 2025 conﬂuere
1860 1981 1985 2027 sunt

386 2063 688 2121 praeceptae.
709 2052 979 2114 Et‘nullus
1007 2055 1173 2122 dicat,
1201 2059 1324 2128 quia
1345 2059 1389 2112 si
1419 2067 1588 2114 totam
1609 2068 1832 2132 terram,
1857 2072 1987 2120 tunc

391 2156 652 2210 aquarum
701 2151 913 2200 texerat
959 2148 1268 2218 multitudo,
1299 2150 1652 2208 nihilominus
1678 2168 1741 2208 ea
1769 2169 1986 2226 quoque

388 2231 529 2297 loca,
564 2235 616 2289 in
643 2251 763 2305 quae
792 2244 980 2307 postea
1004 2238 1170 2308 jussaa
1199 2250 1323 2297 sunt
1343 2257 1496 2313 aqua:
1524 2260 1868 2313 concurrere,
1894 2263 1984 2304 re-

387 2325 532 2396 pleta
559 2333 687 2381 tunc
709 2335 885 2383 erant.
922 2328 1021 2384 Ubi
1052 2345 1181 2401 ergo
1202 2331 1426 2388 deberet
1467 2350 1604 2404 aqua
1641 2337 1844 2406 colligi,
1866 2355 1985 2408 quae

389 2433 579 2474 omnes
610 2428 876 2475 terrarum
901 2432 1088 2492 partes
1116 2424 1421 2480 invaserat?
1449 2427 1528 2482 Ad
1553 2428 1658 2484 hoc
1686 2431 1984 2500 responde-
2054 2425 2056 2427 ’

387 2526 525 2578 mus,
555 2512 678 2582 quia
723 2512 941 2584 quando
981 2518 1278 2586 pmceptio
1329 2517 1454 2572 data
1507 2529 1590 2573 est
1622 2528 1680 2574 ut
1722 2521 1774 2574 in
1822 2537 1985 2576 unam

389 2606 859 2673 congregationem
900 2607 1129 2675 coirent,
1163 2617 1288 2665 tunc
1318 2619 1372 2664 et
1402 2613 1764 2681 susceptionis
1801 2630 1987 2669 earum

391 2707 553 2748 causa
579 2695 863 2762 processit.
890 2694 1075 2765 Neque
1117 2697 1260 2751 enim
1292 2707 1410 2754 erat
1440 2700 1531 2754 illo
1565 2709 1808 2771 tempore
1838 2719 1989 2759 mare

390 2783 536 2852 quod
558 2791 712 2839 extra
737 2784 1004 2840 Gaddiros
1029 2796 1132 2854 est,
1164 2803 1266 2844 nec
1291 2791 1590 2845 maximum
1616 2792 1776 2858 illud,
1809 2802 1863 2848 et
1893 2809 1987 2849 so-

389 2875 456 2932 lis
497 2878 790 2933 audacibus
816 2880 1115 2948 navigabile
1135 2883 1382 2952 pelagus,
1427 2885 1574 2954 quod
1623 2885 1988 2942 Britannicam

389 2965 643 3037 insulam,
670 2977 724 3024 et
751 2969 980 3027 Hiberos
1008 2974 1262 3030 occiduos
1291 2977 1460 3044 alluit,
1503 2978 1808 3036 habebatur
1826 3023 1839 3048 ,
1891 2983 1990 3038 sed

372 3063 737 3133 “postmodum
763 3063 915 3132 jussu
964 3065 1060 3120 Dei
1089 3069 1362 3138 capacitas
1387 3070 1659 3128 suﬂiciens
1686 3083 1990 3145 praeparata

2089 1883 2235 1940 sunt,
2272 1891 2438 1930 unum
2481 1884 2662 1930 tamen
2693 1875 2926 1928 habetur
2953 1889 3125 1942 mare,
3158 1875 3297 1929 sicut
3324 1882 3572 1929 asserunt
3598 1875 3690 1943 qui

2088 1967 2430 2039 peragrando
2461 1975 2633 2022 terras
2661 1982 2851 2021 omnes
2898 1965 3171 2020 obierunt.
3205 1964 3313 2020 Sed
3340 1964 3692 2035 Hyrcanium,

2088 2058 2455 2129 CaSpiumque
2479 2058 2656 2113 lacum
2678 2057 2896 2126 quidam
2928 2057 2981 2111 in
3011 2057 3334 2126 semetipsos
3356 2057 3690 2112 circumscri~

2089 2160 2215 2224 ptos
2243 2166 2365 2206 esse
2391 2149 2763 2220 pronuntiant.
2797 2147 2866 2202 Et
2892 2164 3024 2204 sane
3062 2149 3318 2217 quoniam
3345 2157 3562 2219 oportet
3591 2164 3690 2204 nos

2090 2243 2476 2298 historicorum
2542 2240 3016 2311 cosmograpbiam
3090 2239 3402 2308 diligentius
3459 2240 3689 2305 intueri,

2089 2337 2220 2407 quid
2241 2336 2310 2390 de
2337 2336 2421 2390 his
2445 2335 2675 2390 relatum
2698 2334 2769 2389 sit
2797 2333 3092 2389 audiamus.
3126 2331 3327 2387 Ferunt
3368 2333 3552 2402 itaque
3579 2348 3690 2388 me-

2091 2437 2334 2485 moratos
2354 2429 2504 2484 lacus
2527 2427 2756 2482 occultis
2770 2425 3091 2495 quibusdam
3106 2424 3411 2495 perforatos
3425 2424 3688 2488 cavernis,

2092 2523 2148 2578 in
2179 2538 2329 2576 mare
2351 2521 2644 2575 maximum
2661 2535 2788 2575 suos
2815 2527 3026 2573 meatus
3045 2517 3328 2583 evolvere;
3358 2515 3500 2570 unde
3527 2516 3691 2574 etiam

2095 2613 2339 2668 Rubrum
2368 2612 2593 2682 pelagus
2621 2610 2928 2664 alﬁrmatur’
2948 2610 3003 2663 in
3032 2623 3182 2663 mare
3210 2606 3355 2677 quod
3383 2607 3526 2665 ultra.
3549 2603 3690 2660 Gad-

2093 2706 2244 2761 diros
2268 2705 2498 2760 habetur
2524 2702 2769 2758 emuere.
2801 2701 3084 2768 Quomodo
3134 2715 3285 2770 ergo,
3335 2700 3604 2769 inquiunt,
3647 2701 3691 2759 si

2094 2795 2238 2850 Deus
2286 2795 2528 2850 diversas
2577 2808 2838 2863 aquarum
2888 2793 3171 2860 stationes,
3227 2791 3398 2847 maria
3454 2791 3689 2858 vocavit,

2093 2887 2349 2957 quoniam
2390 2887 2442 2941 in
2493 2901 2660 2940 unum
2709 2884 3152 2954 conceptaculum
3195 2889 3586 2950 convenerunt,
3638 2891 3692 2941 et

2093 2994 2281 3034 rursus
2309 2976 2760 3045 congregationes
2789 2990 3001 3042 omnes,
3029 2973 3083 3029 id
3109 2981 3192 3029 est
3220 2974 3391 3039 sinus,
3422 2989 3560 3042 quos
3589 2989 3690 3042 pro

2095 3072 2375 3128 schemate
2401 3086 2498 3126 suo
2545 3078 2703 3124 terra:
2730 3067 3086 3124 circumdatio
3117 3066 3545 3138 comprehendit,
3575 3082 3689 3122 ma-

390 3161 493 3219 est,
520 3161 580 3208 ut
622 3169 883 3224 aquarum
921 3155 1119 3212 ibidem
1170 3161 1456 3216 multitudo
1494 3163 1810 3220 conﬂueret.
1851 3166 1877 3205 τ’
1909 3167 1986 3222 De
2012 3162 2058 3225 C
2090 3166 2172 3220 ria
2220 3163 2567 3218 nihilominus
2590 3161 2950 3232 appellantur,
2983 3159 3036 3214 id
3076 3168 3179 3223 est,
3211 3175 3363 3214 mare
3409 3158 3688 3226 Arctoum,

389 3259 494 3314 qua
524 3260 582 3299 re
615 3247 869 3315 quoniam
889 3262 1189 3318 repugnare
1209 3251 1422 3307 videtur
1445 3263 1640 3310 nostrte
1669 3258 1983 3315 mundiﬁca—

388 3337 552 3393 tionis
585 3353 787 3406 sermo,
817 3339 1117 3398 dicentibus
1162 3344 1526 3416 philosophis,
1557 3363 1622 3402 eo
1652 3349 1795 3419 quod
1822 3352 1982 3406 mini-

387 3444 475 3486 me
502 3431 556 3485 in
605 3447 767 3486 unam
809 3435 1304 3504 congregationem,
1354 3438 1490 3492 sicut
1539 3441 1746 3510 experti
1775 3458 1980 3511 sumus,

390 3537 527 3594 aqua
556 3525 788 3580 collecta
834 3534 938 3593 est,
975 3526 1158 3582 dicere
1185 3528 1401 3597 quidem
1444 3531 1611 3586 multa
1642 3542 1696 3587 et
1735 3535 1982 3590 omnibus

390 3623 517 3669 nota
543 3630 826 3686 possemus
858 3635 870 3669 :
908 3627 930 3655 ε
954 3617 1047 3672 sed
1078 3633 1146 3672 ne
1175 3619 1503 3676 contendere
1532 3637 1657 3676 cum
1683 3624 1878 3680 talibus
1906 3626 1981 3680 ri-

390 3704 622 3760 diculum
676 3707 942 3775 videatur,
968 3724 1274 3779 quanquam
1317 3711 1482 3765 etiam
1532 3713 1776 3783 objicere
1829 3717 1985 3772 nobis

390 3794 650 3852 deberent
672 3798 892 3869 paludes
919 3807 974 3854 et
1002 3809 1211 3869 stagna,
1245 3817 1345 3856 nec
1375 3819 1482 3859 non
1521 3820 1615 3860 eas
1657 3821 1826 3877 aquas
1865 3823 1983 3878 quae

389 3889 718 3958 colliguntur
744 3907 812 3946 ex
841 3891 1124 3958 imbribus,
1150 3884 1210 3946 ut
1236 3908 1334 3963 per
1361 3894 1475 3950 haec
1496 3897 1849 3954 assertionem
1885 3917 1983 3957 no-

390 3982 488 4034 stri
516 3983 781 4036 sermonis
810 3983 1183 4052 infringerent,
1234 3986 1408 4040 sciant
1451 3994 1630 4043 tamen
1660 3991 1784 4058 quia
1810 3993 1985 4048 maxi-

390 4086 552 4137 mam,
578 4071 975 4143 perfectamque
999 4091 1256 4144 aquarum
1283 4079 1521 4134 omnium
1542 4083 1978 4151 concursionem,

389 4162 532 4219 Deus
544 4164 755 4218 vocavit
777 4169 1244 4237 congregationem.
1263 4169 1398 4225 Nam
1411 4151 1470 4226 et
1481 4183 1676 4243 puteus
1697 4191 1850 4247 aqua:
1862 4178 1980 4232 col-

385 4253 549 4311 lectio
562 4264 644 4311 est
667 4255 990 4324 manufaeta,
1016 4260 1068 4314 in
1089 4261 1406 4330 profundam
1420 4267 1758 4322 cavationem
1774 4269 1981 4337 liquore

387 4349 628 4422 delapso.
684 4351 800 4406 Non
831 4367 960 4421 ergo
991 4355 1241 4423 quaelibet
1282 4373 1538 4426 aquarum
1595 4363 1980 4430 conceptacula

388 4446 820 4513 congregationis
847 4445 989 4500 illius
1017 4448 1338 4503 vocabulum
1367 4450 1732 4520 manifestam,
1765 4453 1859 4507 sed
1891 4454 1980 4508 illa

2088 3274 2241 3314 mare
2259 3257 2530 3320 Australe,
2569 3270 2718 3310 mare
2758 3253 2952 3319 Eoum,
2986 3269 3136 3308 mare
3165 3250 3477 3319 Occiduum,
3510 3262 3566 3307 et
3587 3254 3690 3309 ite-

2089 3363 2208 3404 rum
2230 3346 2654 3416 uniuscujusque
2679 3345 2855 3416 pelagi
2881 3344 3100 3414 propria
3128 3344 3348 3398 nomina
3365 3353 3509 3409 sunt,
3524 3343 3690 3398 Euxi~

2089 3455 2250 3504 num,
2310 3437 2749 3507 Hellespontum,
2799 3434 3076 3504 Egmum,
3124 3434 3367 3503 Ionium,
3424 3434 3684 3502 Siculum,

2088 3531 2450 3604 Tyrrhenum,
2485 3538 2540 3584 et
2567 3529 2673 3582 alia
2705 3527 2957 3598 plurima,
3009 3541 3241 3596 quorum
3287 3527 3527 3594 ouinium
3576 3528 3690 3581 sin-

2088 3627 2315 3696 gillatim
2339 3625 2600 3681 vocabula
2625 3638 2946 3695 percurrere
2976 3623 3192 3691 longum
3215 3623 3375 3677 nimis
3404 3631 3460 3678 et
3487 3639 3685 3694 opero-

2088 3731 2208 3772 sum
2239 3727 2322 3772 est
2353 3735 2364 3769 :
2397 3723 2687 3786 propterea
2735 3714 3189 3782 congregatioues
3237 3730 3502 3785 aquarum
3545 3715 3688 3772 Deus

2088 3809 2260 3862 ntaria
2284 3807 2604 3864 nominavit.
2631 3805 2738 3861 Sed
2770 3820 2870 3860 nos
2907 3805 3124 3874 Quidem
3158 3820 3300 3860 nunc
3323 3807 3391 3861 ad
3417 3809 3520 3862 hoc
3545 3823 3686 3878 pne-

2087 3900 2357 3956 tereuntis
2383 3899 2518 3955 ordo
2549 3897 2818 3954 sermonis
2839 3895 3063 3951 adduxit
3097 3914 3108 3948 :
3139 3897 3208 3952 ad
3237 3897 3364 3952 illud
3389 3913 3516 3953 vero
3541 3899 3686 3968 quod

2087 3991 2290 4048 dudum
2313 3991 2576 4062 cmpimus
2596 3998 2956 4045 revertamur.

2162 4082 2212 4136 5.
2256 4082 2326 4136 Et
2355 4084 2488 4137 dixit
2517 4081 2656 4136 Deus
2688 4098 2704 4136 :
2736 4079 3121 4153 Congregentur
3149 4096 3298 4152 aqua:
3327 4084 3378 4135 in
3407 4099 3688 4153 congrega-

2088 4179 2279 4233 tionem
2319 4193 2498 4244 uuam,
2529 4183 2576 4229 et
2617 4184 2868 4246 appareat
2897 4173 3070 4227 arida.
3121 4172 3236 4227 Non
3266 4172 3400 4228 dixit
3428 4182 3688 4244 appareat

2088 4279 2253 4335 terra,
2287 4285 2353 4324 ne
2403 4270 2598 4324 iterum
2643 4283 2761 4322 eam
2806 4265 3218 4336 incompositam
3268 4265 3685 4331 demonstraret,

2088 4369 2148 4415 ut
2167 4369 2296 4431 pote
2318 4362 2563 4417 limosam
2587 4369 2643 4415 et
2667 4359 2842 4414 adhuc
2862 4374 2930 4414 ex
2951 4373 3212 4428 aquarum
3236 4357 3586 4413 inundatione
3601 4358 3687 4414 de-

2087 4451 2338 4520 formem,
2365 4462 2524 4522 atque
2554 4452 2842 4506 invalidam
2867 4469 2880 4517 ;
2912 4451 3177 4521 simulque
3200 4466 3268 4506 ne
3293 4451 3393 4506 soli
3421 4451 3688 4522 quispiam

388 4537 623 4591 maxima
652 4538 1345 4612 excellensquesusceptio;
1379 4543 1430 4597 in
1453 4560 1611 4613 quem
1631 4543 1656 4582 ἀ
1681 4553 1852 4600 totum
1877 4547 1983 4603 ele—
2007 4547 2064 4611 D
2087 4561 2304 4602 causam
2338 4555 2568 4601 terrena:
2596 4545 2905 4600 siccationis
2933 4545 3246 4610 ascriberet,
3271 4544 3466 4600 merito
3490 4544 3688 4599 nativi-

385 4638 628 4686 mentum
655 4641 874 4701 repente
901 4633 1154 4688 collatum
1182 4642 1283 4690 est.
1312 4634 1444 4690 Nam
1466 4637 1605 4692 sicut
1627 4637 1762 4705 ignis
1788 4638 1840 4692 in
1862 4655 1980 4710 par-

384 4721 522 4776 vulis
571 4737 636 4776 ac
663 4722 888 4779 diversis
936 4725 1239 4795 quibusque
1279 4728 1521 4782 materiis
1561 4737 1645 4783 est
1681 4729 1973 4800 dispersus,

384 4811 672 4881 perhibens
718 4814 970 4870 omnibus
1005 4830 1163 4870 usum
1191 4817 1552 4872 necessarium
1574 4860 1588 4885 ,
1621 4827 1767 4875 totus
1795 4830 1978 4877 tamen

384 4899 438 4956 in
459 4902 662 4958 aethere
707 4905 1034 4973 continetur,
1066 4906 1420 4977 similiterque
1447 4923 1560 4976 aer,
1605 4909 1731 4966 licet
1757 4912 1980 4981 singulis

410 5172 413 5179 ι
456 5118 482 5148 α
509 5105 654 5182 Libri
680 5107 950 5182 impressi,
983 5110 1244 5182 docemur
1271 5111 1334 5166 ab
1359 5112 1461 5182 his,
1491 5113 1631 5182 quia.
1654 5113 1839 5171 Codex
1867 5132 1969 5173 no-

383 5186 570 5255 steret
586 5181 750 5255 _Colb.
799 5181 1084 5255 secundus,
1114 5183 1354 5238 docemur
1365 5181 1453 5255 _ab’
1494 5181 1605 5250 his,
1631 5188 1737 5255 qui.
1770 5185 1972 5241 Ibidem

382 5249 533 5316 editi,
556 5249 874 5326 .Egyptum_._
895 5250 1046 5308 Colb.
1075 5255 1302 5326 primus,
1333 5249 1662 5326 zEggptium,
1684 5256 1842 5326 bene.
1869 5255 1975 5311 Ali-

381 5329 582 5389 quanto
611 5321 734 5391 post
759 5321 916 5379 Colb.
948 5321 1236 5391 secundus,
1279 5321 1388 5379 hcec
1414 5321 1551 5380 ideo.
1577 5326 1678 5379 Alii
1709 5324 1818 5382 duo
1838 5343 1970 5383 mss.

381 5391 611 5514 etlediti,
643 5393 753 5447 lucc
779 5411 857 5448 eo.
885 5392 1006 5448 Mox
1057 5410 1197 5451 unus
1248 5411 1373 5460 ms.,
1425 5398 1479 5450 in
1526 5397 1692 5466 primo
1744 5407 1974 5468 recepta-

381 5475 441 5515 ου
467 5479 515 5516 o.

379 5475 728 5658 “(liatntiqui
752 5533 858 5591 duo
886 5535 1030 5604 libri,
1060 5533 1140 5592 De
1164 5555 1266 5609 qua
1293 5555 1365 5593 re.
1392 5538 1510 5595 Vox
1531 5539 1717 5594 ultima
1745 5538 1896 5595 deest
1915 5541 1974 5595 in

384 5620 452 5658 vn
510 5620 538 5658 a
571 5621 631 5658 ιε.
1040 5642 1047 5650 -

384 5613 798 5763 ῃιὲἓῖῗίὶκεεά
840 5693 930 5763 nec
985 5681 1289 5763 contendere
1319 5680 1550 5763 tatibus...
1585 5681 1748 5737 Vetus
1793 5681 1969 5763 codex

376 5755 588 5817 noster,
610 5747 704 5802 sed
729 5765 794 5801 ne
811 5751 1120 5806 contendere
1139 5770 1254 5806 cum
1277 5750 1483 5808 talibus.
1506 5750 1624 5809 Vox
1655 5770 1768 5807 cum
1790 5752 1974 5807 addita

666 5845 938 5903 l’nnoc.
989 5845 1148 5906 L’lll.

2091 4643 2203 4691 tate
2241 4637 2369 4692 solis
2415 4636 2740 4690 anteriorem
2783 4637 2991 4690 telluris
3020 4637 3323 4693 ariditatem
3353 4635 3581 4692 Creator
3609 4638 3690 4693 in-

2094 4731 2288 4786 stituit.
2322 4730 2556 4785 Adverte
2585 4743 2820 4796 namque
2858 4743 3022 4783 sensu
3067 4728 3394 4796 diligentius,
3427 4731 3551 4800 quia
3582 4747 3691 4789 non

2087 4823 2265 4878 solum
2315 4836 2476 4890 aqua,
2502 4834 2623 4888 qua:
2669 4817 3010 4890 superfuerat
3065 4826 3240 4886 teme,
3275 4820 3370 4875 sed
3400 4823 3561 4876 etiam
3593 4821 3690 4878 illa

2087 4928 2209 4984 quae
2240 4915 2313 4983 in
2360 4909 2801 4984 profundioribus
2839 4908 3084 4983 partibus
3123 4909 3390 4978 latitabat,
3431 4911 3690 4969 famulata

2089 5123 2174 5172 est
2192 5114 2409 5186 quidem
2432 5115 2492 5199 in
2515 5115 2621 5198 hoc
2641 5125 2834 5199 nostro
2860 5111 3020 5180 libro,
3044 5111 3138 5168 sed
3167 5117 3262 5166 aut
3280 5109 3468 5166 eadem
3498 5124 3686 5184 manu,

2088 5195 2183 5256 aut
2203 5196 2351 5242 certe
2381 5194 2774 5256 antiquissima.

2160 5255 2186 5292 ί¹
2217 5256 2308 5312 Sic
2356 5250 2531 5312 Colb."
2564 5258 2849 5312 secundus.
2885 5253 2986 5310 Alii
3045 5252 3152 5309 duo
3179 5267 3309 5308 mss.
3361 5259 3419 5308 et
3445 5250 3606 5321 editi,
3631 5254 3690 5310 in

2085 5344 2256 5398 quam.
2292 5327 2445 5382 Haud
2475 5327 2634 5395 longe
2655 5324 2809 5383 Colb.
2835 5323 3125 5392 secundus,
3152 5322 3428 5392 providens
3451 5326 3689 5381 omnibus

2081 5411 2251 5452 usum.

2161 5477 2185 5504 θ
2216 5468 2444 5540 Veteres
2470 5467 2577 5524 duo
2622 5468 2743 5524 libri
2770 5478 2825 5524 et
2845 5468 2996 5536 editi,
3029 5477 3077 5523 et
3094 5467 3348 5540 quidquid
3380 5466 3436 5524 in
3464 5470 3689 5524 minori-

2087 5537 2198 5621 bus.
2215 5538 2393 5621 Alius,
2417 5549 2465 5621 et
2484 5556 2777 5621 quanquam
2806 5541 2861 5594 in
2892 5537 3195 5621 minoribus.
3424 5611 3440 5621 Δ
3489 5611 3507 5621 ἀ
3544 5609 3556 5621 .
3583 5599 3642 5621 Ἀ

2161 5607 2179 5646 ῐ
2212 5608 2378 5676 Editi,
2401 5607 2687 5676 Asﬂaxitis.
2709 5611 2876 5668 Vetus
2897 5611 2986 5667 ille
3008 5617 3196 5669 noster
3215 5608 3374 5679 liber,
3404 5607 3689 5680 Asfattitis‘.

2085 5676 2295 5748 Gnece,
2328 5682 2660 5746 ’Δσφαλτὶτις.
3360 5676 3367 5679 ⁷
3480 5676 3490 5680 ’
3667 5704 3679 5717 ⁸

3367 5849 3450 5912 29
