4192 6258
556 303 562 314 ..
587 253 689 312 907

2050 231 2408 292 EUSTATHII

555 411 563 432 η
588 376 855 443 praecepto
873 365 1197 422 dominantis
1223 361 1448 417 emuxit.
1481 357 1551 411 Et
1591 359 1784 428 factum
1803 360 1878 408 est
1906 353 2000 407 sic.
2033 348 2158 404 Suf-
2195 352 2245 410 Α
2271 348 2430 418 gitur,
2455 349 2507 406 id
2535 359 2638 417 est,
2672 361 2770 420 per
2793 347 3143 431 frigiditatem
3160 358 3341 418 terra,
3367 361 3470 422 pu-
3490 345 3880 408 nimim“,

588 463 701 518 ﬁcit
738 461 896 530 igitur
923 457 1156 527 adjectio
1187 456 1312 522 ista,
1342 454 1626 508 declarans
1651 463 1840 505 vocem
1865 445 2177 502 Conditoris

593 554 804 612 ell'ectui
835 551 1222 620 mancipatam;
1254 547 1379 602 licet
1408 545 1637 600 relatum
1658 542 1731 598 sit
1759 542 1812 596 in
1841 539 2027 596 multis
2051 553 2174 592 cos-

594 643 918 713 mograpbiaa
937 639 1212 696 codicibus
1232 658 1243 691 :
1263 637 1388 706 quia
1415 635 1628 691 collecta
1653 641 1730 688 est
1757 648 1912 704 aqua,
1930 645 2044 702 qua:
2067 630 2177 700 fus-

594 746 676 792 rat
701 735 873 790 subter
901 732 1026 788 caelo
1052 733 1107 785 in
1133 730 1552 801 congregatioues
1572 742 1716 793 suas,
1743 732 1792 778 et
1813 721 2055 793 apparuit
2075 719 2182 773 ari-

593 831 699 895 da;
736 828 880 900 quod
903 835 1052 883 certe
1072 838 1176 880 nec
1207 823 1538 894 reliquorum
1574 809 2084 875 commentariorum
2107 813 2182 880 ita

597 939 719 981 esse
741 920 1046 977 manifestat
1068 918 1252 982 editio,
1278 932 1377 971 nec
1397 930 1520 969 usus
1541 911 1792 982 exprimit
1815 909 2180 964 Hebneorum.

607 1015 741 1072 Nam
788 1027 976 1070 revera
1021 1009 1288 1082 superﬂua
1335 1007 1606 1061 videretur
1651 1012 1774 1074 post
1819 1000 2182 1058 testimonium

601 1124 709 1178 quo
753 1107 1028 1170 asseritur,
1055 1106 1176 1176 quia
1207 1105 1398 1174 factum
1425 1106 1501 1152 est
1545 1099 1638 1163 sic,
1667 1107 1854 1150 rursus
1897 1091 1965 1146 de
1994 1089 2182 1144 iisdem

602 1200 831 1269 repetita
861 1198 1117 1251 narratio.
1153 1194 1221 1248 Et
1259 1194 1452 1248 vocavit
1493 1190 1628 1244 Deus
1659 1187 1863 1241 aridam
1899 1194 2108 1248 terram,
2138 1189 2187 1235 et

602 1295 846 1348 stationes
894 1303 1145 1360 aquarum
1178 1295 1204 1322 ι
1232 1286 1426 1339 vocavit
1455 1283 1640 1336 maria.
1671 1277 1780 1333 Cur
1818 1285 1872 1331 et
1901 1277 1955 1328 in
1983 1288 2186 1343 praece-

604 1383 858 1440 dentibus
891 1379 1095 1440 dictum
1124 1385 1225 1442 est,
1256 1381 1627 1446 congregemur
1653 1384 1799 1440 aqum
1823 1369 1877 1420 in
1900 1379 2185 1434 congrega-

607 1477 795 1528 tionem
824 1486 1002 1533 unam,
1034 1477 1082 1522 et
1111 1473 1361 1536 appareat
1390 1462 1563 1529 arida,
1594 1475 1717 1515 cum
1744 1456 1914 1523 magis
1942 1453 2047 1508 dici
2089 1451 2187 1507 de-

605 1565 827 1626 buisset,
861 1566 1110 1630 appareat
1131 1565 1303 1619 terra;
1330 1561 1384 1606 et
1405 1554 1597 1606 iterum
1632 1568 1642 1600 :
1677 1548 1920 1618 apparuit
1945 1543 2115 1606 arida,
2143 1551 2190 1598 et

606 1654 800 1709 vocavit
829 1650 970 1705 Deus
999 1648 1200 1702 aridam
1229 1644 1452 1699 terram?
1481 1640 1746 1707 Quoniam
1765 1637 1913 1691 arida
1945 1634 2188 1689 videlicet

2282 445 2416 500 aeri.
2462 443 2772 512 Rursusque
2821 458 2916 498 aer
2967 443 3360 499 intercessione
3403 455 3503 498 sua
3547 443 3880 500 conciliator

2283 546 2488 594 natura:
2515 537 2867 608 repugnantis
2908 534 3156 604 efﬁcitur,
3198 535 3255 592 id
3285 544 3391 606 est,
3418 535 3560 607 ignis
3586 541 3647 592 et
3667 549 3827 605 aqua:
3861 555 3873 588 :

2283 631 2393 701 igni
2441 630 2657 700 quidem
2705 629 2945 685 sociatus
2993 643 3092 699 per
3136 625 3394 696 calorem,
3428 633 3584 698 aqua!
3612 643 3750 682 vero
3783 643 3883 697 per

2283 723 2590 778 humorem.
2620 722 2763 792 Ignis
2808 729 2989 776 autem
3027 721 3282 791 quoniam
3321 718 3559 775 fervidus
3585 719 3884 787 aridasque

2285 821 2477 868 natura
2519 821 2621 878 est,
2655 813 2771 868 aeri
2799 810 3016 882 quidem
3045 811 3245 867 caloris
3278 811 3588 865 interventu
3616 810 3883 875 cohaeret,

2285 921 2384 978 per
2411 905 2714 960 siccitatem
2738 919 2869 959 vero
2906 910 3064 959 terras
3093 902 3488 967 communicat;
3512 909 3568 956 et
3589 902 3698 956 hoc
3716 899 3886 955 modo

2295 997 2313 1035 τ
2341 997 2497 1067 quasi
2526 996 2758 1052 circulus
2785 995 3002 1066 quidam
3031 1004 3087 1050 et
3116 995 3315 1050 chorus
3346 994 3777 1064 compaginatus,
3802 991 3885 1046 al—

2286 1097 2554 1146 terutrum
2592 1089 2806 1144 sibimet
2846 1085 3295 1142 convenientibus
3333 1084 3619 1139 elementis
3664 1082 3888 1136 videtur

2287 1195 2408 1238 esse
2432 1180 2722 1251 perlectus.
2757 1177 2883 1233 Haec
2914 1177 3037 1232 ideo
3065 1175 3318 1244 disserui,
3345 1183 3408 1229 ut
3437 1174 3574 1229 ordo
3607 1175 3883 1228 claresce-

2289 1281 2394 1342 ret,
2435 1279 2657 1342 propter
2683 1285 2845 1338 quem
2882 1268 3087 1322 aridam
3113 1266 3375 1320 Dominus
3397 1273 3593 1320 terram
3623 1263 3891 1318 nomina-

2291 1365 2397 1431 vit;
2428 1371 2483 1418 et
2505 1379 2615 1417 non
2635 1361 2817 1432 potius
2839 1359 3089 1418 tellurem,
3111 1357 3374 1413 vocitavit
3401 1355 3622 1410 aridam.
3644 1353 3890 1409 Siccitas

2290 1455 2432 1510 enim
2462 1469 2569 1508 non
2608 1451 2951 1523 postmodum
2991 1457 3176 1505 secuta
3206 1456 3311 1514 est,
3345 1447 3441 1503 sed
3470 1455 3585 1500 erat
3605 1446 3887 1508 anterion;

2289 1546 2486 1616 quippe
2508 1557 2626 1612 quae
2647 1542 2717 1597 sit
2743 1539 3199 1596 consummatoria
3219 1537 3529 1592 substantiae
3561 1535 3696 1604 ejus,
3722 1542 3890 1601 atque

2291 1638 2413 1692 ideo
2430 1637 2550 1704 jure
2581 1633 2826 1691 vocabuli
2855 1631 3016 1701 hujus
3047 1629 3345 1701 privilegiis
3371 1628 3697 1682 honoratur.
3729 1622 3890 1678 Unde

608 1742 953 1818 pmprietatis
979 1747 1059 1794 est
1084 1737 1310 1808 species,
1341 1733 1627 1801 designans
1656 1727 1781 1782 illud
1811 1724 1955 1795 quod
1985 1733 2192 1778 natura:
2229 1727 2263 1782 [ζ
2297 1729 2458 1782 etiam
2483 1726 2662 1791 melius,
2689 1732 2748 1778 ut
2770 1731 2900 1794 ροιο
2926 1720 3256 1792 principalis,
3289 1733 3480 1774 causas
3511 1731 3623 1772 sua;
3653 1712 3891 1770 nationis

609 1813 908 1903 subjectum
954 1837 1069 1893 est;
1105 1836 1245 1881 terra
1288 1839 1420 1878 vero
1462 1820 1602 1874 nuda
1645 1832 1821 1873 causa:
1868 1813 2192 1882 nuncupatio

609 1935 712 1983 est.
744 1924 890 1978 Sicut
914 1922 1058 1976 enim
1083 1915 1467 1972 rationabilitas
1496 1911 1712 1981 propria
1733 1916 1818 1963 est
1837 1905 2062 1970 homini,
2097 1904 2196 1956 ho-

611 2035 700 2074 mo
730 2024 907 2070 autem
940 2014 1073 2082 ipse,
1102 2025 1208 2064 vox
1237 2015 1321 2061 est
1347 2002 1727 2072 signiﬁcatoria
1751 2000 1892 2053 illius
1929 1997 2189 2060 animalis,

562 2179 564 2182 _
611 2110 764 2179 cujus
800 2117 882 2162 cst
909 2090 1228 2175 proprietas,
1263 2103 1333 2153 ita
1371 2107 1528 2152 terra:
1574 2093 1790 2165 pr0pria
1820 2091 2196 2163 praecipuaque

612 2201 836 2256 ariditas
863 2198 1109 2251 habetur.
1144 2191 1284 2260 Ergo
1317 2190 1640 2244 elementum
1667 2184 1810 2254 quod
1839 2181 2054 2254 proprie
2081 2195 2197 2234 sor-

615 2295 772 2348 titum
794 2299 877 2344 est
904 2288 1222 2352 siccitatem,
1249 2289 1392 2336 terra
1423 2295 1526 2334 non
1557 2277 1826 2332 immerito
1855 2273 2194 2345 nominatur;

612 2384 752 2438 sicut
773 2379 971 2435 animal
1001 2378 1087 2432 cui
1117 2374 1365 2445 proprius
1394 2380 1476 2426 est
1505 2370 1745 2424 hinnitus
1766 2382 1934 2436 cquus
1964 2363 2199 2435 appella-

614 2482 720 2527 tur.
753 2471 870 2525 Non
899 2469 1075 2523 solum
1105 2474 1288 2520 autem
1314 2465 1418 2517 hoc
1447 2461 1513 2516 de
1540 2461 1731 2514 tellure
1774 2456 2065 2512 notandum
2094 2460 2199 2521 est,

613 2563 708 2620 sed
737 2563 899 2617 etiam
931 2561 985 2614 in
1013 2559 1129 2613 aliis
1179 2554 1461 2611 clementis
1492 2552 1708 2622 propria
1739 2551 1932 2617 cuique
1971 2547 2200 2616 qualitas

613 2664 698 2710 est
726 2655 960 2716 decreta,
989 2666 1085 2721 per
1115 2649 1139 2687 ιι
1162 2662 1332 2719 quam
1359 2664 1386 2700 a
1419 2645 1629 2701 casteris
1657 2641 1864 2710 singula
1886 2639 2200 2694 discernun-

611 2757 720 2814 tur,
753 2755 806 2802 et
835 2745 994 2814 quale
1020 2745 1093 2798 sit
1120 2744 1296 2812 ipsum
1325 2739 1610 2794 manifeste
1637 2735 1985 2804 dignoscitur,
2012 2731 2061 2785 id
2093 2739 2195 2797 est,

613 2854 751 2909 aqua
799 2853 952 2892 suam
1001 2833 1239 2889 retinens
1287 2831 1624 2902 qualitatem,
1675 2842 1772 2897 per
1815 2840 1975 2896 quam
2006 2821 2201 2893 {rigida

612 2931 1030 2993 demonstratur,
1058 2942 1150 2982 aer
1173 2925 1338 2980 habet
1365 2923 1743 2986 humiditatem,
1774 2919 1909 2987 ignis
1939 2916 2196 2970 ardorem.

612 3023 720 3078 Sed
749 3039 812 3078 ea
841 3021 1054 3090 quidem
1087 3028 1142 3074 ut
1165 3027 1292 3089 pote
1314 3017 1628 3088 principalia
1659 3013 2076 3084 compositarum
2110 3025 2200 3064 rc-

2296 1819 2601 1888 assumpsit.

2367 1912 2418 1966 6.
2461 1909 2529 1962 Et
2550 1908 2675 1964 vidit
2705 1906 2846 1960 Deus
2873 1905 2993 1975 quia
3021 1902 3154 1958 bona
3182 1909 3258 1956 est
3283 1917 3436 1972 aqua.
3468 1897 3585 1954 Non
3616 1897 3888 1952 omnimo-

2297 2006 2380 2059 dis
2420 2001 2824 2072 speciositatem
2864 2012 2984 2051 eam
3012 2010 3132 2064 qua:
3160 2009 3229 2049 ex
3266 1992 3416 2046 vultu
3445 1990 3610 2044 maris
3647 1989 3888 2054 emicuit,

2297 2100 2494 2154 bonam
2523 2093 2752 2148 Domino
2799 2091 2964 2146 fuisse
3007 2089 3202 2153 visam,
3244 2100 3423 2140 sermo
3469 2081 3740 2150 signiﬁcat
3767 2081 3889 2150 pul-

2303 2188 2608 2246 chritudine
2655 2193 2945 2249 creaturae;
2995 2180 3094 2237 sed
3138 2177 3394 2234 ineﬁ‘abili
3433 2175 3725 2246 sapientia,
3772 2188 3892 2241 qua:

2307 2288 2432 2337 sunt
2459 2279 2600 2334 facta
2640 2278 2898 2331 intuetur.
2929 2272 3095 2328 Nobis
3121 2271 3267 2325 enim
3290 2283 3476 2323 revera
3508 2266 3889 2336 voluptuosum

2307 2380 2390 2428 est
2419 2385 2588 2434 mare,
2633 2383 2754 2424 cum
2797 2364 2978 2420 stabili
3004 2361 3234 2432 cmperit
3271 2357 3658 2428 tranquillitate
3687 2355 3889 2410 cande-

2306 2479 2477 2527 scere,
2501 2470 2734 2516 autcum
2756 2458 2968 2513 lenibus
2996 2462 3302 2526 asperatum
3331 2450 3529 2514 ﬂabris,
3555 2463 3884 2518 purpureum

2303 2556 2541 2610 colorem
2569 2549 2912 2607 cernentibus
2945 2557 2969 2595 Β
2999 2553 3264 2610 ostentat;
3296 2550 3352 2598 et
3383 2539 3598 2613 quando
3627 2555 3736 2593 non
3766 2538 3886 2591 vio-

2304 2646 2464 2703 lentis
2488 2644 2732 2698 tellurem
2762 2639 3011 2694 verberat
3038 2636 3307 2699 iluctibus,
3337 2632 3433 2688 sed
3477 2631 3619 2686 velut
3646 2628 3888 2700 paciﬁcis

2304 2755 2423 2796 eam
2467 2733 2835 2804 complexibus
2881 2729 3177 2785 osculatur.
3222 2725 3603 2781 Verumtamen
3646 2736 3754 2774 non
3805 2719 3882 2772 ita

2304 2831 2414 2884 Deo
2456 2827 2627 2881 videri
2669 2827 2871 2880 bonum
2912 2837 3059 2876 mare
3098 2818 3433 2888 Scripturam
3463 2815 3661 2869 dixisse
3685 2822 3883 2882 putan-

2305 2921 2432 2975 dum
2459 2927 2572 2984 est;
2619 2913 2692 2972 ibi
2731 2915 2872 2970 enim
2904 2913 3114 2981 bonum,
3144 2925 3252 2965 non
3283 2915 3521 2978 aspectu,
3546 2905 3641 2961 sed
3670 2903 3893 2958 factura:

2306 3012 2517 3067 ratione
2545 3015 2816 3065 censetur.
2848 3003 3029 3059 Primo
3054 3005 3179 3070 quia
3209 2999 3328 3056 fons
3354 2997 3573 3067 quidam
3595 2994 3766 3050 totius
3793 2993 3892 3047 hu—

612 3128 733 3168 rum
779 3113 1065 3177 elementa,
1111 3109 1407 3165 secundum
1447 3108 1714 3162 rationem
1744 3120 1864 3175 quae
1905 3103 2046 3157 dicta
2097 3109 2196 3166 est,
2229 3096 2276 3161 C
2308 3105 2473 3159 moris
2511 3102 2602 3170 qui
2634 3109 2833 3155 terram
2876 3096 3015 3164 rigat
3042 3101 3125 3148 est
3164 3106 3317 3147 mare
3348 3109 3361 3143 :
3393 3088 3540 3160 quod
3585 3089 3637 3141 in
3668 3086 3892 3142 occultis

614 3210 796 3256 mente
841 3203 955 3256 sola
983 3217 1271 3271 possumus
1299 3199 1673 3267 contemplari.
1723 3197 1799 3250 Ea
1829 3212 1960 3251 vero
1999 3211 2116 3265 qua:
2144 3194 2197 3247 in

614 3293 934 3364 corporibus
965 3303 985 3329 ε
1020 3292 1209 3360 illapsa
1247 3298 1391 3350 sunt,
1425 3298 1480 3342 et
1507 3289 1644 3341 visui
1669 3288 2041 3354 subjiciuntur,
2071 3299 2200 3339 con-

613 3385 826 3464 iunctas
855 3382 1069 3436 sibimet
1098 3375 1374 3450 possident
1415 3378 1726 3446 qualitates,
1763 3377 2075 3443 nullumque
2104 3390 2199 3430 eo-

611 3491 734 3532 rum
760 3474 1065 3531 absolutum
1095 3479 1274 3543 potest
1299 3485 1418 3526 esse
1461 3469 1550 3524 vel
1577 3469 1823 3539 simplex,
1855 3471 2052 3538 quippe
2083 3483 2200 3536 quae

613 3570 784 3626 oculis
822 3565 1372 3636 comprehenduntur,
1424 3570 1480 3618 et
1525 3577 1705 3621 sensu.
1740 3559 1870 3614 Nam
1917 3560 2073 3614 tellus
2121 3567 2203 3615 est

613 3659 764 3715 arida
805 3667 859 3715 et
899 3657 1108 3727 frigida,
1138 3671 1278 3726 aqua
1307 3653 1526 3709 humida
1556 3660 1612 3707 et
1641 3652 1973 3725 frigida,aer
2001 3652 2202 3708 calidus

613 3759 668 3804 et
710 3747 977 3813 humidus,
1009 3747 1146 3816 ignis
1173 3745 1378 3802 calidus
1420 3753 1477 3799 et
1525 3743 1733 3810 aridus;
1766 3742 1789 3778 ά
1824 3752 1983 3813 atque
2012 3745 2082 3798 ita
2108 3761 2204 3816 per

611 3836 728 3894 [nec
757 3846 961 3893 natura:
985 3837 1225 3908 potentia
1244 3843 1539 3907 provocata
1560 3833 1706 3901 facit,
1733 3844 1792 3889 ut
1813 3842 2204 3905 temperamen-

615 3931 684 3984 tis
719 3930 1094 4000 permixtionis
1139 3929 1361 3982 alterna:
1399 3921 1614 3981 sibimet
1649 3927 1833 3982 omnia
1863 3927 2199 3995 copulentur,

613 4023 900 4093 vicinoque
949 4022 1218 4076 elemento
1267 4036 1364 4091 per
1400 4020 1603 4076 sociam
1643 4020 1958 4088 qualitatem
2006 4035 2201 4074 unum-

614 4113 868 4184 quodque
897 4115 1190 4181 cohaereat,
1221 4122 1275 4168 et
1301 4122 1525 4184 propter
1549 4113 1767 4166 insitam
1799 4113 2021 4181 singulis
2050 4129 2201 4168 com-

584 4204 957 4272 munitatem,
996 4207 1281 4261 contrariis
1328 4206 1676 4271 misceantur,
1717 4205 1855 4257 sicut
1900 4213 2042 4258 terra
2083 4219 2204 4273 qua:

582 4375 584 4378 Ι
615 4292 768 4349 arida
808 4305 888 4350 est
919 4304 973 4349 et
1000 4295 1214 4364 frigida,
1263 4295 1604 4351 connectitur
1631 4294 1784 4361 aquis
1805 4308 1902 4362 per
1930 4293 2204 4360 cognatio-

615 4402 740 4442 nem
786 4385 1122 4455 frigiditatis;
1166 4389 1277 4441 aeri
1307 4387 1486 4440 autem
1517 4399 1613 4455 per
1644 4394 1667 4421 ε
1707 4399 1899 4452 aquam
1944 4366 2198 4440 sociatur.

2303 3194 2551 3252 diffusum
2576 3192 2751 3258 venis,
2782 3190 2925 3243 sicut
2963 3177 3268 3256 approbant
3305 3195 3533 3250 scrupea
3571 3177 3890 3245 defossaque

2302 3289 2442 3353 loca,
2463 3300 2561 3355 per
2584 3297 2702 3352 qum
2730 3292 3042 3335 commeans
3070 3289 3210 3345 aqua
3237 3273 3445 3328 marina
3471 3285 3596 3326 cum
3625 3268 3887 3338 aliquibus

2304 3375 2602 3432 montuosis
2631 3370 2920 3429 obstaculis
2939 3366 3213 3424 retardata
3235 3363 3414 3428 fuerit,
3441 3362 3672 3432 impulsa
3701 3359 3891 3430 spiritu

2305 3485 2412 3541 quo
2440 3476 2661 3538 urgetur
2690 3463 2959 3537 perruptis
2997 3460 3244 3518 obicibus
3283 3456 3531 3528 procedit
3579 3455 3648 3509 ad
3697 3455 3886 3519 lucent,

2305 3563 2556 3632 potabilis
2597 3560 2707 3628 jam
2755 3557 2968 3622 ell‘ecta,
3001 3552 3030 3591 ιι
3059 3568 3159 3624 per
3186 3549 3595 3614 defecationem,
3628 3545 3886 3601 amaritu-

2305 3655 2433 3710 dine
2461 3651 2704 3723 deposita
2736 3648 2992 3710 naturali;
3023 3645 3263 3715 itemque
3288 3639 3547 3695 fervidam
3573 3636 3890 3703 qualitatem

2305 3747 2516 3818 recipit,
2559 3759 2681 3800 cum
2722 3757 2821 3812 per
2857 3748 3005 3796 certa
3033 3734 3281 3808 quaedam
3307 3731 3523 3789 metalla
3548 3727 3885 3793 transcurrit,

2308 3851 2364 3898 et
2393 3816 2452 3894 ﬁt
2479 3853 2588 3894 non
2616 3836 2792 3891 solum
2828 3829 3024 3895 calida,
3055 3827 3146 3884 sed
3195 3834 3251 3881 et
3289 3823 3502 3878 ardens.
3539 3817 3691 3884 Quod
3717 3816 3882 3872 etiam

2309 3932 2364 3988 in
2398 3928 2588 3985 insulis
2615 3922 2860 3996 plurimis
2897 3929 2955 3976 et
2981 3919 3036 3973 in
3057 3916 3283 3972 diversis
3304 3912 3572 3968 littoribus
3595 3904 3882 3961 maritimis

2307 4022 2627 4083 invenimus,
2655 4014 2920 4086 siquidem
2940 4019 2994 4067 et
3026 4011 3080 4064 in
3111 4003 3516 4062 mediterraneis
3545 4002 3619 4055 ita
3645 3997 3760 4053 ﬁeri
3799 4011 3889 4052 re-

2307 4113 2552 4186 gionibus
2575 4116 2809 4166 constat.
2833 4105 2940 4162 Cur
2962 4112 3142 4159 autem
3168 4101 3272 4155 hoc
3300 4095 3630 4153 dixerimus?
3661 4102 3721 4147 ut
3749 4106 3892 4146 asse-

2307 4185 2483 4263 rerem
2525 4203 2653 4273 quia
2700 4199 2856 4255 tellus
2898 4195 3074 4252 omnis
3109 4207 3206 4265 per
3246 4188 3456 4245 abditas
3497 4185 3891 4252 invisibilesque

2308 4313 2493 4362 venas,
2527 4297 2680 4367 aquis
2711 4301 2794 4349 est
2821 4291 3027 4362 repleta
3052 4285 3395 4342 manantibus
3421 4296 3543 4351 qua:
3581 4279 3799 4333 trahunt
3823 4290 3890 4350 ex

2309 4394 2442 4448 mari
2472 4389 2813 4462 principium.

615 4473 828 4530 Etenim
851 4478 1027 4530 media
1063 4475 1258 4529 horum
1286 4490 1423 4544 aqua
1453 4475 1647 4544 posita,
1682 4482 1936 4544 tanquam
1979 4475 2204 4533 duarum
2234 4475 2285 4537 D
2383 4487 2437 4540 7,
2467 4485 2674 4539 Bonum
2704 4481 2867 4536 etiam
2897 4491 3048 4532 mare
3073 4473 3186 4529 Deo
3213 4485 3388 4540 visum
3434 4475 3538 4533 est,
3584 4473 3640 4520 et
3676 4470 3892 4535 propter

616 4570 960 4638 porrectione
999 4583 1274 4634 manuum,
1311 4567 1524 4636 gemina
1553 4567 1656 4623 illis
1685 4567 1943 4638 qualitate
1973 4571 2203 4641 conjun-

689 4716 717 4745 ι
740 4705 908 4791 βόίῐί,
957 4715 1139 4761 vocant
1163 4710 1352 4762 maria.
1387 4707 1456 4762 At
1483 4710 1652 4764 nostri
1671 4717 1780 4765 tres
1817 4725 1967 4778 mss.,
2001 4719 2197 4773 vocavit

615 4793 806 4834 nam.

687 4847 715 4887 δ
745 4845 905 4913 Editi,
935 4865 1040 4930 Aper
1065 4864 1229 4930 quam.
1253 4851 1473 4930 ocularis.
1517 4849 1733 4930 Antiqui
1776 4849 1879 4930 duo
1919 4854 2056 4920 libri,
2098 4874 2194 4928 per

617 4933 772 5005 quam
791 4931 824 4970 α
850 4913 1289 5005 εωςὲνὶείδξιρῐη
1314 4913 1466 4987 editi,
1491 4929 1620 5005 aqua
1651 4913 1799 4974 suam
1823 4925 1919 4976 vim
1943 4913 2188 4982 retine'n‘s.

663 4989 1017 5071 odexnoster
1044 4997 1100 5071 et
1125 4987 1278 5042 Colb.
1312 4987 1762 5071 secundus,_aqua
1791 5010 1938 5047 suam
1966 4997 2193 5052 retinens

616 5060 937 5136 qualitatem.
969 5057 1026 5112 ln
1055 5056 1260 5136 Graeco,
1279 5062 1560 5136 λςοιόῖητα.
1589 5056 1787 5136 Ibidem
1818 5062 1970 5136 Coll).
2000 5081 2194 5121 secun-

615 5123 732 5202 dus,
767 5129 1122 5184 demonstrata
1152 5135 1245 5202 est.
1279 5123 1388 5184 Nec
1417 5131 1489 5184 ita
1529 5129 1697 5184 multo
1744 5142 1867 5202 post
1914 5135 2054 5189 idem
2102 5153 2196 5192 co.

615 5199 1022 5271 dexd-ationem
1042 5216 1142 5271 qua
1170 5201 1362 5271 dictum
1389 5213 1482 5254 est.

692 5259 908 5352 incliti,
938 5259 1106 5352 ίιιωξᾱ
1134 5267 1453 5352 sant-Coll).
1493 5269 2004 5352 secundus,millapsa
2041 5290 2194 5343 mm;

609 5337 672 5412 ξι
695 5338 771 5390 ita
807 5337 1022 5408 qunque
1051 5339 1329 5412 legituril‘n
1361 5343 1530 5396 veteri
1560 5351 1746 5396 nostro
1766 5337 1935 5412 libro',
1985 5347 2078 5402 sed
2108 5337 2196 5403 so;

624 5405 738 5487 lum
766 5405 1203 5487 manu—secunda.
1231 5411 1436 5481 (ιιι-πθ,
1465 5416 1874 5487 κᾳτατεςταγμένα
1902 5405 1984 5470 iui
2011 5417 2198 5474 ὑποπί-

615 5485 811 5560 ῆδντα
838 5487 898 5555 τῇ
926 5483 1170 5560 uidelicet,
1207 5491 1321 5553 qua:
1347 5497 1461 5560 vero
1494 5484 1609 5554 jam
1639 5484 1693 5537 in
1722 5483 2018 5554 corporibus
2049 5487 2194 5560 dige-

612 5549 941 5620 nasum,“
981 5549 1069 5603 sub
1099 5549 1278 5614 sensus
1308 5549 1516 5607 cadunt.

597 5637 652 5702 1‘-
683 5617 714 5656 τι
935 5624 1085 5702 atque
1112 5621 1186 5702 ita
1214 5629 1400 5702 natura
1426 5639 1518 5693 per
1546 5627 1655 5684 hac
1684 5628 1934 5699 potentia.
1971 5623 2193 5700 Antiqui

615 5685 726 5743 duo
744 5689 864 5746 libri
890 5685 951 5747 ut
975 5685 1030 5746 in
1055 5698 1331 5749 contextu.

2313 4581 2601 4634 decursum
2630 4585 2792 4642 quem
2835 4567 3048 4639 peragit
3089 4566 3145 4619 in
3182 4559 3450 4633 profundo
3503 4569 3791 4623 terrarum,
3836 4565 3892 4610 et

2379 4725 2401 4754 θ
2428 4715 2649 4768 Veteres
2679 4709 2786 4763 duo
2808 4705 2948 4769 libri,
2979 4719 3070 4774 per
3099 4713 3287 4774 aquam
3313 4698 3606 4774 copulatur.

2379 4785 2395 4824 ί
2423 4767 2586 4850 Editi,
2601 4778 2836 4850 currunt}
2856 4767 2956 4850 pro
3234 4767 3560 4837 negligentia

2301 4831 2767 4925 Aliquam-(ipost
2793 4831 2951 4925 Co'lb:
2991 4831 3286 4925 secundus,
3311 4831 3726 4925 Eousummairix
3770 4831 3892 4925 sub:

2301 4865 2592 4925 Aliquanto
2635 4865 2760 4972 EOSE
2793 4865 2948 4901 UOH).
2991 4865 3278 4906 secunuus,
3319 4865 3725 4892 consummatum
3770 4865 3892 4887 ουν-

2299 4926 2527 4983 stanliw.
2561 4921 2632 4975 Su
2675 4918 2798 4973 inde
2828 4915 2976 4982 editi,
3014 4929 3188 4983 verum
3218 4911 3400 4983 etiam.
3439 4907 3507 4983 At
3555 4921 3708 4970 mss.,
3757 4903 3892 4956 unde

2296 4977 2476 5053 etiam.
2488 4977 2701 5051 ibidem
2731 4986 2883 5043 Colb.
2914 4977 3201 5053 secundus,
3234 4977 3567 5053 principales.

2378 5042 2896 5130 su'Editi—rostendat.
2945 5052 3015 5108 At
3049 5042 3198 5130 mssf
3227 5042 3356 5130 apo,-
3403 5042 3660 5130 ostentat;
3695 5042 3892 5098 Statim

2299 5109 2935 5218 editi-et-éblbiprimus,
2959 5121 3207 5194 scriptum
3239 5109 3458 5174 dixisse.
3494 5113 3598 5170 Alii
3625 5113 3732 5169 duo
3758 5128 3888 5167 mss.

2297 5208 2613 5284 scripturam
2642 5200 2856 5253 dixisse.
2938 5266 2949 5277 .
3192 5236 3194 5238 ,
3233 5259 3238 5266 ι
3395 5261 3404 5271 ο

2306 5342 2316 5350 ε
2374 5275 2400 5313 ιλ
2429 5271 2574 5350 _Editi
2605 5281 2658 5326 ct
2684 5269 2836 5350 Coll);
2871 5280 3073 5350 primus
3101 5251 3762 5350 perderegnqnem;

2305 5342 2513 5404 cundus
2556 5359 2646 5409 per
2694 5329 3111 5409 wdiﬁcationem'
3139 5329 3297 5406 (sic)!
3330 5329 3512 5386 Codex
3559 5331 3770 5409 nqster,
3801 5329 3892 5394 per

2306 5395 2699 5486 debat—itionem.
2732 5395 2901 5476 Quam
2931 5395 3458 5486 scripturamveram
3498 5395 3716 5486 quidem
3767 5407 3894 5449 esse
3925 5457 3936 5465 η

2303 5463 2694 5554 et'germanam
2723 5463 2882 5549 p~ut0;
2906 5476 3000 5554 sed
3029 5463 3140 5531 non
3163 5463 3530 5554 ﬂammicam;
3557 5463 3773 5554 Melius,
3798 5478 3893 5554 per

2303 5533 2881 5627 ῥὲνῖὀὶὶἱὶῖὁῆἑῆι,“οιιω’
2902 5545 3088 5603 Graece
3114 5535 3371 5617 scriptum
3397 5539 3468 5598 sit
3492 5537 3565 5594 ’ἐκ
3590 5543 3687 5598 τῆς
3718 5533 3896 5598 suos-

2307 5646 2454 5686 σεωςο
