4244 6254
284 392 487 495 ,θω

1316 410 1731 472 :HEXAEMERI
1768 409 2253 483 METAPHRASIS
2290 407 2494 466 LIBER
2531 407 2598 465 γ.

3523 402 3641 485 eis

331 540 602 603 ctualibus
633 542 693 594 et
730 532 1038 609 perniciosa
1075 527 1399 602 procedunt,
1435 528 1491 582 id
1513 534 1597 582 est
1614 542 1736 582 cum
1765 536 1793 565 ι
1824 529 1925 584 tri-
1954 530 2009 592 Α
2034 528 2214 598 ceptio
2242 525 2627 580 documentum
2647 529 2855 578 natura:
2871 520 3101 579 fieretad
3119 521 3385 578 rationem
3408 525 3640 593 sequen'

332 638 448 692 tico
473 634 649 689 cicuta
672 668 688 693 ,
740 642 863 684 cum
902 623 1130 695 reliquis
1173 619 1470 677 seminibus
1501 618 1814 675 helleborus
1834 661 1849 687 ,
1877 626 1934 674 et

332 725 635 789 aconitum,
667 728 722 775 et
744 717 1119 783 mandragora,
1151 722 1207 768 et
1232 711 1517 783 papaveris
1543 725 1757 766 succus.
1777 709 1929 777 Quid

333 817 508 886 ergo?
554 812 858 886 postposita
906 808 1201 878 gratiarum
1243 805 1460 861 actione
1504 819 1669 873 super
1708 799 1928 857 muniﬁ-

333 909 517 966 centia
540 903 870 969 Conditoris,
895 914 1211 955 accusemus
1240 912 1364 953 cum
1394 896 1462 951 de
1488 896 1774 952 noxiarum
1799 910 1935 966 pro-

336 1000 598 1057 ductione
618 994 928 1054 causarum?
948 991 1197 1046 Minime:
1221 989 1626 1045 considerantes
1647 989 1774 1043 illud
1784 989 1935 1059 ,quia

341 1110 454 1149 non
483 1091 668 1155 omnia
690 1096 913 1159 propter
940 1082 1186 1140 nostrum
1228 1081 1369 1159 facta
1391 1088 1518 1136 sunt
1538 1088 1812 1145 ventrem;
1840 1078 1940 1135 sed

342 1188 504 1244 nobis
532 1184 746 1257 quidem
792 1182 1062 1252 deputatae
1091 1178 1259 1248 dapes
1285 1220 1301 1244 ,
1350 1184 1461 1230 tam
1483 1184 1744 1246 prompta:
1773 1187 1941 1243 quam

341 1288 489 1336 nota:
520 1283 664 1333 sunt.
708 1271 1142 1343 Unumquodque
1162 1284 1294 1325 vero
1320 1282 1509 1323 eorum
1538 1280 1658 1337 qua:
1684 1271 1943 1334 generata

340 1379 502 1436 sum,
551 1368 753 1424 habent
792 1364 1069 1436 propriam
1098 1362 1384 1416 rationem.
1434 1358 1620 1428 Neque
1650 1358 1795 1412 enim
1815 1356 1944 1425 quia

344 1463 546 1519 taurini
591 1459 872 1529 sanguinis
914 1458 1142 1512 haustus
1193 1452 1408 1508 lethifer
1444 1452 1697 1518 habetur,
1745 1449 1946 1504 idcirco

348 1555 551 1611 animal
596 1554 771 1625 ipsum
819 1548 935 1605 fieri
980 1564 1089 1603 non
1137 1545 1418 1616 oportuit,
1462 1552 1555 1598 aut
1594 1543 1809 1613 penitus
1839 1557 1950 1596 non

347 1646 563 1712 videri,
613 1643 766 1714 cujus
810 1642 998 1712 utique
1045 1638 1220 1705 labor,
1267 1635 1335 1690 ad
1382 1635 1563 1689 varios
1600 1633 1724 1687 vita:
1752 1640 1950 1686 nostra:

352 1754 486 1795 usus
512 1734 675 1790 valde
703 1732 1041 1789 necessarius
1069 1729 1383 1784 testimatur.
1420 1724 1529 1779 Sed
1554 1723 1579 1763 δ
1606 1724 1702 1778 tibi
1729 1721 1950 1792 quidem

349 1827 586 1887 solliciet
631 1823 1026 1881 rationabilitas
1072 1819 1347 1875 familiaris
1376 1816 1705 1879 hominibus,
1754 1812 1823 1867 ad
1848 1812 1948 1868 de-

2037 621 2195 675 tium.
2242 618 2529 686 Quomodo
2560 632 2690 688 ergo
2718 618 3012 674 secundum
3038 632 3209 686 genus
3237 618 3440 690 semina
3489 627 3640 676 terra

2040 718 2319 790 producit,
2344 733 2465 773 cum
2490 716 2693 772 fulvum
2718 717 2957 772 triticum
2979 724 3242 785 serentes,
3268 711 3446 773 atrum
3468 714 3493 753 ἀ
3518 718 3640 787 ple-

2039 823 2269 879 rumque
2282 809 2621 876 colligimus?
2643 808 2803 875 Quod
2814 824 2923 864 non
2943 809 3180 879 pertinet
3194 808 3261 864 ad
3274 808 3639 866 mutationem

2040 902 2275 969 generis,
2306 900 2401 956 sed
2427 900 2794 956 infirmitatem
2815 901 3107 970 quamdam
3134 910 3190 957 et
3212 902 3527 971 languorem
3551 918 3643 958 sc-

2042 992 2203 1046 minis
2233 992 2398 1047 fuisse
2431 992 2694 1048 dicemus.
2719 992 2905 1061 Neque
2926 992 3071 1047 enim
3086 992 3247 1049 desiit
3268 1008 3388 1049 esse
3408 992 3644 1051 frumen—

2045 1092 2161 1140 tum
2179 1085 2327 1155 quod
2348 1085 2637 1141 adustione
2660 1086 2930 1154 nigratum
2952 1093 3059 1161 est,
3072 1087 3212 1141 sicut
3227 1100 3295 1141 ex
3311 1086 3427 1156 ipsa
3449 1101 3646 1155 possu~

2046 1190 2168 1231 mus
2192 1176 2555 1246 appellatione
2587 1191 2936 1246 cognoscere,
2960 1177 3087 1245 quia
3118 1177 3398 1232 nimietate
3426 1176 3645 1246 frigoris

2048 1275 2305 1323 excoctas
2319 1269 2527 1337 species
2544 1309 2558 1334 ,
2585 1269 2638 1323 in
2669 1268 2832 1322 alium
2844 1284 3030 1323 semen
3046 1276 3102 1323 et
3114 1269 3358 1325 colorem
3372 1270 3649 1325 transtulit

2050 1365 2105 1412 et
2133 1374 2407 1428 saporem.
2459 1358 2610 1415 Sicut
2655 1369 2911 1425 econtra,
2949 1361 2996 1414 si
3022 1375 3150 1429 ager
3187 1361 3448 1418 fecundus
3473 1363 3645 1418 exsti-

2052 1448 2211 1516 terit,
2242 1458 2297 1503 et
2318 1450 2441 1504 (εωιί
2470 1452 2757 1505 clementia
2785 1452 3028 1520 potiatur
3052 1490 3067 1515 ,
3101 1468 3230 1507 mox
3261 1453 3329 1507 ad
3359 1454 3648 1522 pristinum

2052 1541 2270 1617 schema
2300 1540 2614 1595 revertitur.
2663 1541 2871 1595 Lolium
2894 1558 3026 1595 vero
3056 1549 3325 1597 eteaetera
3348 1543 3651 1599 adulterina

2053 1646 2284 1701 genera,
2314 1647 2435 1701 quae
2468 1632 2671 1699 zizania
2707 1633 2849 1688 solet
2888 1648 3199 1703 nuncupare
3230 1633 3537 1705 Scriptura,
3570 1635 3654 1689 vi-

2055 1726 2322 1800 ctualibus
2368 1725 2606 1780 admixta
2651 1726 2958 1795 segetibus,
2978 1743 3105 1795 non
3132 1742 3201 1782 ex
3256 1726 3418 1782 tritici
3462 1743 3652 1783 corru-

2055 1817 2243 1887 ptione
2267 1819 2587 1887 gignuntur,
2618 1816 2713 1872 sed
2741 1833 2810 1872 ex
2844 1834 2941 1873 sua
2962 1820 3183 1890 propria
3214 1831 3508 1875 nascuntur
3535 1820 3652 1875 ori-

352 1920 605 1981 clinanda
634 1934 753 1989 qua:
785 1918 946 1972 noxia
977 1922 1120 1970 sunt.
1165 1912 1376 1967 Etenim
1403 1912 1450 1965 si
1478 1887 1670 1963 ovibus
1690 1914 1746 1961 et
1769 1906 1948 1975 capris
1978 1917 2030 1976 Β
2056 1911 2200 1977 gine.
2248 1908 2452 1963 Horum
2497 1909 2864 1982 consideratio
2913 1887 3017 1966 illis
3058 1887 3386 1966 conferenda
3410 1919 3525 1975 est,
3556 1912 3653 1981 qui

353 2028 546 2077 sensus
571 2009 813 2081 suppetit
852 2005 1113 2062 naturalis
1137 2001 1363 2060 cavendi
1392 1999 1688 2065 contraria,
1719 1997 1838 2052 solo
1869 1997 1956 2050 in-

356 2104 576 2161 tellectu
604 2098 1035 2155 discernentibus
1068 2095 1381 2149 lzesionem:
1414 2100 1467 2145 tu
1499 2091 1586 2145 eui
1613 2098 1670 2146 et
1690 2088 1959 2144 sermonis

356 2194 590 2251 facultas
635 2197 835 2262 praesto
865 2195 983 2255 est,
1010 2194 1067 2242 et
1107 2186 1239 2240 artis
1278 2182 1557 2239 medicinzc
1585 2180 1805 2236 solertia
1828 2195 1959 2249 sup-

358 2284 522 2356 petit,
552 2280 791 2338 remedia
815 2278 1061 2334 sanitatis
1091 2276 1402 2347 explorans,
1426 2281 1479 2329 et
1500 2287 1680 2327 rerum
1703 2272 1957 2341 frequens

356 2373 719 2447 experientia,
744 2372 1010 2427 malorum
1024 2369 1181 2425 nobis
1193 2367 1387 2436 effugia
1401 2362 1957 2431 demonstrando,dif-

359 2470 519 2533 licile,
533 2466 623 2523 dic
650 2466 801 2532 mihi,
815 2465 1020 2535 poteris
1035 2461 1337 2534 periculosa
1358 2460 1551 2525 vitare,
1574 2471 1802 2527 quorum
1825 2454 1960 2509 nihil

358 2560 630 2618 estotiose
644 2558 729 2614 vel
752 2555 1013 2626 inutiliter
1032 2552 1423 2609 constitutum?
1444 2549 1551 2603 Aut
1571 2548 1716 2604 enim
1745 2556 1959 2618 pastum

362 2654 670 2709 ministrant
688 2648 852 2705 certis
872 2646 1173 2716 quibusque
1188 2642 1501 2714 pecudibus,
1520 2640 1961 2705 autnobismgro-

363 2746 602 2801 tantibus
629 2741 822 2799 solatia
842 2738 1126 2796 conferunt
1143 2734 1220 2810 ad
1249 2734 1497 2790 salutem.
1549 2732 1681 2785 Nam
1728 2731 1960 2786 cicutam

362 2835 536 2893 sturni
551 2834 726 2891 solent
749 2830 942 2886 edere:
976 2827 1127 2897 cujus
1154 2840 1425 2881 venenum
1454 2839 1556 2895 pro
1586 2822 1848 2894 qualitate
1876 2820 1961 2876 sui

362 2926 611 2998 corporis
622 2923 877 2979 dicuntur
888 2919 1143 2989 effugere.
1158 2916 1494 2972 Tenuissima
1504 2915 1647 2970 enim
1671 2921 1796 2969 sunt
1810 2911 1959 2981 adja-

363 3017 548 3075 centia
573 3011 933 3076 eorumtcordi
954 3010 1268 3081 spiramina,
1289 3008 1543 3078 priusque
1566 3006 1667 3060 illis
1692 3004 1872 3060 evenit
1899 3010 1963 3057 ut

365 3108 617 3178 tigerunt
642 3119 763 3175 quas
791 3107 1164 3173 sumpserunt,
1194 3114 1356 3169 quam
1386 3096 1649 3165 frigiditas
1677 3095 1745 3150 ad
1773 3094 1961 3148 intima

364 3214 559 3256 eorum
579 3196 835 3252 intestina
855 3192 1154 3264 perveniat.
1185 3189 1564 3245 Coturnicibus
1584 3188 1744 3242 etiam
1774 3187 1830 3241 in
1857 3200 1960 3241 usu

2062 1991 2277 2067 Domini
2302 2000 2559 2075 mandata
2587 2002 2937 2069 subvertunt,
2969 2010 3025 2057 et
3050 2018 3162 2058 non
3188 2002 3403 2067 sincere
3426 2004 3652 2059 verbum

2062 2092 2381 2148 monitionis
2440 2093 2748 2162 accipiunt;
2796 2093 2891 2148 sed
2938 2093 3174 2162 maligno
3214 2093 3529 2162 magisterio
3548 2092 3655 2153 Ade-

2061 2184 2303 2255 pravati,
2341 2182 2545 2238 audent
2576 2199 2637 2240 se
2661 2185 2918 2239 membris
2945 2182 3199 2240 Ecclesia:
3226 2184 3529 2240 salubribus
3559 2184 3655 2240 ad-
3723 2218 3733 2229 ι

2062 2276 2313 2341 miscere,
2337 2282 2399 2329 ut
2436 2276 2613 2330 morbi
2638 2276 2721 2330 sui
2752 2276 3139 2331 clandestinam
3166 2276 3464 2346 perniciem
3488 2276 3656 2331 lateri-

2064 2376 2149 2423 ter
2175 2368 2447 2422 mentibus
2473 2369 2697 2436 integris
2726 2369 3055 2435 inolescant;
3089 2369 3217 2424 licet
3243 2369 3503 2424 Dominus
3532 2384 3657 2439 per-

2064 2459 2353 2514 fectionem
2382 2468 2404 2496 °
2430 2460 2770 2515 credentium
2800 2461 2854 2514 in
2883 2476 3008 2519 eum
3037 2463 3234 2517 merito
3259 2461 3480 2515 seminis
3507 2476 3658 2515 com-

2063 2557 2221 2620 parat
2258 2550 2645 2615 incrementis,
2697 2552 2770 2605 ita
2815 2550 2998 2607 dicens
3037 2570 3048 2604 :
3106 2550 3125 2589 ί
3175 2549 3244 2605 Ut
3286 2551 3436 2606 homo
3478 2552 3654 2604 mittat

2064 2649 2341 2695 sementem
2364 2658 2519 2711 super
2549 2650 2825 2708 terram,et
2845 2641 2933 2695 ille
2953 2642 3204 2709 dormiat,
3225 2651 3274 2695 et
3298 2651 3478 2712 surgat
3506 2650 3661 2697 nocte

2065 2749 2128 2785 ac
2147 2732 2263 2797 die,
2292 2734 2473 2786 messis
2506 2741 2679 2787 autem
2710 2734 2907 2787 levatur
2935 2742 2985 2787 et
3008 2735 3212 2799 crescit,
3235 2734 3346 2804 ipso
3377 2733 3656 2786 nesciente.

2064 2823 2265 2894 Sponte
2293 2826 2431 2879 enim
2479 2834 2616 2878 terra
2665 2826 2960 2897 fructiferat
3001 2843 3017 2879 :
3063 2826 3231 2895 primo
3256 2827 3453 2896 fenum,
3475 2831 3659 2895 postea

2065 2918 2283 2988 spicam.
2327 2915 2592 2971 Germinet
2620 2925 2757 2977 terra
2786 2915 3000 2970 herbam
3024 2915 3216 2988 (Marc.
3244 2932 3317 2983 iv,
3343 2914 3457 2983 26).
3489 2913 3659 2982 Igitur

2067 3010 2122 3065 in
2150 3008 2476 3065 brevissimo
2526 3008 2785 3078 temporis
2828 3014 3104 3061 momento
3128 3046 3143 3071 ,
3191 3021 3222 3060 a
3265 3004 3662 3073 germinatione

2067 3101 2228 3155 tellus
2277 3100 2539 3169 incipiens
2561 3142 2577 3167 ,
2629 3108 2690 3153 ut
2739 3099 2911 3167 legem
2958 3096 3232 3153 Creatoris
3260 3096 3529 3166 impleret,
3559 3110 3660 3165 per

2068 3207 2259 3246 omnes
2280 3191 2564 3246 crescendi
2595 3189 2836 3265 profecta
2865 3189 3094 3257 gradus,
3123 3203 3250 3243 mox
3281 3187 3348 3242 ad
3376 3186 3660 3241 maturita-

367 3306 509 3348 cseae
536 3289 767 3345 habetur
791 3286 1100 3342 helleborus
1119 3325 1133 3350 ,
1166 3281 1327 3351 huius
1353 3282 1501 3336 virus
1526 3278 1842 3350 pestiferum
1872 3292 1964 3331 Ila-
1990 3281 2038 3344 C
2070 3295 2184 3341 tem
2214 3300 2334 3356 quae
2372 3286 2732 3340 nascebantur
2762 3285 2961 3339 evexit.
2999 3284 3265 3339 Cerneres
3292 3299 3359 3339 eo
3392 3292 3662 3354 tempore,

371 3389 505 3437 tum
531 3395 642 3436 suae
662 3378 895 3450 quadam
922 3375 1316 3446 temperatione
1338 3372 1610 3437 devitant;
1640 3371 1754 3427 hmc
1779 3379 1963 3425 autem

370 3472 553 3528 omnia
579 3487 680 3528 nos
710 3472 857 3542 ipsos
884 3482 1103 3538 quoque
1122 3467 1317 3537 juvare
1346 3466 1664 3519 creduntur.
1700 3464 1781 3517 Ex
1812 3479 1967 3517 man-

370 3560 601 3632 ἀΐδεω-ει
636 3561 780 3617 enim
824 3555 1117 3615 somnifera
1167 3555 1521 3610 medicamina
1569 3564 1971 3625 componuntur

371 3654 702 3724 gravissimis
715 3651 1085 3708 membrorum
1107 3646 1389 3701 doloribus
1408 3645 1708 3716 profutura.
1734 3647 1969 3714 Quidam

373 3751 560 3799 autem
584 3758 684 3815 per
710 3743 949 3807 cicutam,
989 3737 1426 3795 molestissimam
1460 3738 1714 3794 vescendi
1760 3740 1970 3795 rabiem

375 3835 723 3904 mitigamnt;
752 3831 994 3889 nonnulli
1030 3846 1129 3902 per
1165 3829 1501 3885 helleborum
1548 3831 1798 3886 diuturna
1843 3834 1970 3889 vitia

377 3927 624 3998 corporis
649 3926 1047 3983 exstinxerunt.
1088 3922 1235 3992 Ergo
1264 3923 1407 3979 unde
1432 3926 1661 3994 putabas
1690 3925 1971 3983 Conditori

377 4017 585 4073 crinen
614 4017 878 4086 obiicere,
910 4016 1038 4072 inde
1072 4015 1253 4087 potius
1289 4013 1587 4072 referenda:
1620 4017 1722 4072 sibi
1750 4028 1772 4057 α
1796 4018 1970 4073 laudis

380 4116 674 4178 augmenta
701 4108 931 4163 sortiris.

424 4258 427 4267 η
453 4198 506 4254 5.
551 4197 812 4254 Germinet
834 4208 1005 4265 terra.
1024 4198 1287 4266 Quantam
1319 4199 1481 4269 igitur
1506 4198 1637 4256 dicit
1657 4201 1969 4257 alimoniam

379 4299 577 4365 sponte
606 4292 662 4347 in
683 4289 827 4347 loliis
847 4291 1137 4346 herbarum
1154 4331 1169 4356 ,
1204 4299 1259 4347 et
1287 4290 1564 4346 radicibus
1592 4300 1650 4346 et
1677 4294 1972 4349 seminibus

381 4380 642 4449 iweniri,
669 4381 755 4437 vel
782 4389 1041 4452 quantum
1070 4396 1138 4435 ex
1164 4381 1311 4437 cultu
1333 4389 1390 4436 et
1417 4380 1691 4449 diligentia
1713 4381 1970 4450 conferri,

382 4488 691 4544 quanquam
716 4488 825 4529 non
861 4472 1118 4528 continuo
1142 4472 1402 4543 prmcepit
1426 4473 1656 4527 fructum
1679 4487 1973 4541 semenque

387 4564 614 4636 produci
636 4603 652 4629 ,
698 4563 795 4619 sed
820 4564 1124 4634 germinare
1147 4565 1297 4634 prius
1320 4564 1537 4630 statuit,
1579 4570 1636 4617 et
1674 4562 1850 4619 virere
1871 4563 1972 4619 tel-

2073 3379 2246 3433 saltus
2301 3394 2489 3434 omnes
2548 3379 2840 3434 herbarum
2897 3377 3199 3433 viriditate.
3234 3377 3657 3447 splendescere:

2072 3485 2292 3540 campos
2316 3471 2477 3524 etiam
2503 3470 2729 3538 turgidis
2750 3470 3015 3525 messibus
3035 3477 3347 3535 exon-natos,
3370 3469 3661 3537 imaginem

2072 3560 2477 3629 quodammodo
2526 3560 2702 3629 pelagi
2748 3558 3057 3614 fluctuantis
3107 3560 3377 3629 spicarum
3419 3560 3660 3616 motibus

2072 3653 2334 3707 aemulari.
2377 3650 2547 3706 Omne
2596 3660 2725 3706 tunc
2770 3650 2950 3706 fenum
2993 3659 3048 3704 et
3094 3666 3257 3706 omne
3296 3664 3468 3719 genus
3498 3650 3661 3707 olito-

2073 3745 2246 3808 rium;
2278 3744 2403 3798 etsi
2433 3742 2562 3812 quid
2592 3743 2922 3798 arbustivnm
2950 3742 3037 3797 vel
3060 3743 3404 3798 seminarium
3426 3751 3540 3809 est,
3573 3759 3662 3799 co-

2073 3836 2240 3906 piosis
2267 3851 2431 3906 super
2464 3843 2665 3890 terram
2702 3834 2963 3893 fructibus
3001 3835 3293 3889 eminebat.
3346 3834 3501 3889 Nulla
3529 3844 3665 3892 tunc

2074 3939 2193 3987 erat
2236 3930 2545 3999 desperatio
2595 3927 2881 3983 metuenda
2923 3926 3255 3982 seminibus:
3302 3942 3411 3982 non
3448 3928 3661 3996 ignavia

2073 4021 2339 4092 culpanda
2368 4020 2654 4084 cultorum,
2687 4034 2795 4073 non
2821 4029 2845 4067 ε
2873 4033 3059 4073 aerum
3086 4018 3522 4087 intemperantia,
3550 4033 3664 4075 non

2078 4112 2236 4167 ullius
2280 4126 2457 4166 causas
2503 4110 2725 4180 querela
2769 4110 3127 4180 corruptelam
3175 4108 3437 4176 frugibus
3460 4124 3662 4180 appor-

2075 4205 2258 4270 tantis,
2289 4219 2399 4259 non
2427 4202 2824 4266 condemnatio,
2857 4216 2975 4270 qua:
2998 4200 3330 4255 fertilitatem
3357 4209 3542 4271 posset
3570 4201 3665 4255 im-

2075 4296 2263 4367 pedire
2289 4305 2577 4352 terrarum.
2619 4292 2815 4349 Postea
2844 4292 2987 4348 enim
3012 4292 3265 4349 delictum
3292 4293 3531 4359 exstitit;
3561 4310 3663 4363 pro

2075 4401 2185 4456 quo
2233 4402 2418 4443 sumus
2462 4385 2702 4451 addicti,
2754 4390 2813 4439 ut
2840 4384 2895 4439 in
2922 4382 3121 4439 sudore
3161 4383 3333 4440 nostri
3361 4384 3542 4438 vultus
3568 4398 3665 4452 pa-

2078 4491 2203 4532 nem
2230 4477 2699 4534 manducaremus.
3430 4524 3437 4540 .
3598 4546 3607 4553 υ

2150 4565 2202 4619 6.
2242 4565 2391 4621 Inter
2435 4566 2552 4622 haec
2595 4568 2849 4638 pnecepit
2888 4582 3105 4639 quoque
3146 4584 3347 4641 tignum
3376 4570 3523 4623 nasci
3552 4569 3666 4640 fru-

386 4654 585 4716 lurem.
612 4660 669 4711 et
705 4661 833 4710 tunc
871 4662 1146 4711 maturare
1170 4669 1385 4720 semen,
1430 4661 1491 4709 ut
1514 4653 1688 4724 prima
1718 4652 1808 4709 illa
1837 4669 1975 4725 prte-
2000 4650 2057 4712 D
2080 4666 2315 4713 ctuosum
2364 4657 2563 4729 faciens
2601 4659 2853 4728 [ructum;
2893 4660 3040 4728 cujus
3076 4675 3249 4714 semen
3293 4662 3351 4713 in
3395 4660 3565 4731 seipso
3592 4667 3669 4714 est

459 4823 487 4853 ⁸
523 4814 663 4870 Editi
683 4856 701 4880 ,
729 4814 865 4869 idem
884 4831 1000 4869 cum
1027 4816 1215 4869 tritico.
1250 4814 1468 4883 Antiqui
1497 4813 1605 4868 duo
1631 4814 1784 4882 libri,
1817 4815 1873 4869 id
1896 4824 1975 4871 est

385 4902 503 4944 cum
529 4886 719 4940 tritico.
768 4885 1058 4955 Aliquanto
1094 4893 1219 4955 post
1256 4884 1425 4947 editi,
1464 4885 1737 4955 proposita
1772 4888 1974 4955 gratia-

386 4970 504 5012 rum
530 4956 748 5010 actione.
788 4953 858 5008 At
875 4953 1053 5009 nostri
1078 4953 1189 5011 tres
1216 4970 1368 5019 mss.,
1399 4954 1707 5024 postposita,
1727 4953 1881 5024 bene.
1916 4955 1975 5010 In

386 5025 599 5095 Greco,
631 5028 853 5095 ἀφέντες.
905 5025 1144 5080 Subinde
1176 5026 1326 5090 editi,
1357 5021 1785 5095 seanbisAquod
1806 5024 1974 5095 depu-

387 5105 532 5151 ωιω.
563 5091 714 5151 Colb.
748 5096 1038 5158 secundus,
1069 5096 1161 5148 sed
1180 5095 1325 5149 nobis
1347 5094 1550 5163 quidem
1571 5091 1847 5163 de'putatre.

456 5164 486 5205 δ
523 5163 686 5236 Editi,
719 5165 820 5236 tibi
839 5166 975 5236 quod
1002 5166 1232 5236 sulﬁciet.
1257 5162 1410 5236 Colb.
1434 5162 1728 5236 secundus,
1752 5163 1840 5216 tibi
1860 5164 1975 5233 qui-

386 5237 507 5292 dem
524 5235 758 5305 suspiciet.
801 5231 1007 5290 Ibidem
1029 5231 1155 5290 editi
1181 5275 1211 5305 ,ί
1228 5235 1298 5288 ad
1314 5231 1665 5305 declaranda.
1701 5233 1771 5285 At
1798 5231 1969 5288 noStri

385 5316 501 5381 tres
524 5302 654 5361 mss.
674 5346 690 5372 ,
723 5305 1152 5381 addeclinanda.
1185 5304 1516 5381 B_asilianum_
1538 5302 1696 5381 ,
1730 5306 1972 5381 πρὸερήν

387 5378 607 5452 quan
649 5370 751 5452 es?
781 5378 1037 5450 ὀλεθρίων,
1089 5376 1391 5445 exprimere
1431 5372 1600 5429 voluit
1636 5370 1969 5440 Eustathius,

388 5446 491 5528 nec
518 5447 696 5528 inepte
726 5446 1107 5528 interpretatus
1136 5454 1237 5528 est.

430 5527 488 5555 ἐ
532 5514 670 5571 Editi
693 5557 706 5582 ,
734 5514 929 5589 claudis
967 5525 1288 5589 argumenta.
1335 5514 1481 5570 Libri
1517 5519 1757 5582 veteres,
1806 5515 1974 5571 laudis

392 5597 698 5662 augmenta,
832 5586 1140 5662 postulante
1169 5586 1375 5662 Graeco,
1404 5588 1788 5662 ﬁgapwﬁrixnu
1816 5589 1977 5662 εὐχα-

430 5654 611 5718 ιᾶτίας.
662 5654 866 5711 Ibidem
915 5658 1084 5726 editi,
1137 5665 1185 5711 et
1227 5658 1281 5710 in
1316 5654 1597 5710 radicibus.
1627 5654 1846 5724 Antiqui
1871 5654 1977 5712 duo

314 5751 334 5764 ο
390 5727 537 5794 libri,
563 5736 613 5781 et
633 5727 913 5782 radicibus.
1216 5776 1233 5792 ,

467 5795 495 5836 ἀ
534 5796 688 5869 Colb.
715 5798 997 5869 secundus,
1032 5807 1215 5852 tetrum
1240 5798 1551 5869 plerumque.

471 5878 496 5908 ο
536 5867 760 5922 Veteres
804 5866 911 5922 duo
956 5869 1078 5924 libri
1118 5876 1173 5924 et
1219 5866 1388 5934 editi,
1440 5866 1751 5922 credentium
1790 5870 1969 5923 merito

2083 4818 2240 4875 Colb.
2286 4817 2554 4873 secundus
2580 4858 2594 4883 ,
2644 4819 2958 4871 credentium
2998 4818 3053 4870 in
3100 4832 3216 4870 eum
3239 4857 3255 4883 ,
3302 4819 3508 4883 merito,
3560 4824 3664 4872 etc.

2083 4889 2287 4953 Grtece,
2320 4896 2421 4942 τῶν
2449 4892 2521 4947 εἰς
2545 4890 2695 4943 αὐτὸν
2724 4889 3152 4944 πεπιστευκότων.

2114 4969 2118 4972 ’
2160 4960 2178 4997 ί
2221 4958 2365 5013 Editi
2394 4966 2450 5013 et
2478 4956 2630 5029 Colb.
2663 4959 2988 5029 primustut
3015 4958 3165 5010 homo
3195 4958 3385 5029 mitta_t.
3427 4954 3531 5029 Alii
3558 4954 3669 5029 duo

2082 5045 2249 5094 mss.,
2300 5029 2433 5082 sicut
2470 5028 2623 5083 homo
2660 5025 2849 5085 mittat.
2914 5026 3051 5080 Puto
3097 5033 3276 5079 autem
3324 5025 3671 5080 Eustathium

2082 5100 2362 5169 scripsisse
2395 5107 2506 5163 aut,
2537 5110 2594 5151 ut
2620 5101 2667 5152 si
2707 5100 2857 5169 homo
2905 5097 3244 5169 πήματι-θυι,
3281 5095 3415 5169 sicut
3440 5095 3677 5169 siAhomo,

2083 5162 2293 5223 mittat:
2343 5169 2437 5223 sed
2484 5162 2730 5225 voculam
2778 5168 2823 5221 si
2869 5181 2900 5220 a
2942 5164 3171 5219 librariis
3201 5166 3456 5221 omissam
3482 5162 3669 5229 fuisse.

2078 5238 2258 5295 Locus
2282 5247 2369 5293 est
2396 5239 2560 5295 Marci
2590 5255 2660 5304 iV,
2705 5234 2775 5289 26
2799 5255 2811 5288 :
2839 5233 3300 5307 Quemadmodum
3325 5237 3370 5289 si
3398 5234 3551 5290 homo
3570 5235 3667 5307 ja-

2080 5311 2497 5364 ciatsementem.
2550 5307 2716 5363 Paulo
2752 5305 2875 5376 post
2898 5304 3051 5381 Colb.
3083 5305 3377 5373 secundus,
3425 5304 3672 5374 temporis

2080 5381 2268 5449 spatio.

2155 5460 2180 5498 8
2220 5450 2371 5507 Colb.
2423 5449 2726 5513 secundus,
2772 5465 2875 5503 non
2920 5448 3057 5501 aeris
3104 5447 3524 5519 intemperantia.
3565 5448 3673 5502 Alii

2083 5519 2191 5576 duo
2238 5537 2388 5587 mss.,
2421 5520 2646 5575 etediti
2676 5535 2779 5573 non
2814 5535 2991 5572 aerum
3017 5517 3436 5587 intemperantia.
3471 5517 3667 5573 Eusta—

2084 5590 2228 5647 thius
2267 5607 2457 5647 vocem
2501 5590 2740 5645 Graecam
2778 5592 2940 5662 o'tépew
2967 5589 3131 5662 paulo
3166 5588 3469 5656 religiosius
3497 5587 3669 5662 inter-

2082 5669 2327 5729 pretatus
2353 5670 2434 5716 est
2458 5702 2471 5726 ,
2520 5675 2642 5714 cum
2678 5676 2798 5713 eam
2828 5654 3020 5729 plurali
3049 5654 3519 5729 quoque'numero
3546 5654 3672 5729 red-

2080 5724 2235 5813 didit,
2254 5724 2587 5851 aerunpNec
2629 5730 2702 5784 ita
2728 5724 2898 5786 multo
2928 5724 3258 5784 infra-Colb.
3292 5724 3580 5795 secundus,
3610 5724 3669 5783 in

2080 5816 2132 5851 se
2154 5818 2266 5851 mso
2296 5815 2408 5851 esse
2437 5838 2451 5851 .

2076 5816 2132 5855 se
2154 5818 2266 5870 ipso
2296 5815 2451 5854 esset.
