4192 6258
588 419 698 479 9ὶῦ

2049 408 2414 469 ΕΠὸΤΑἸἮΙΙ

589 531 865 594 secundum
909 547 1072 606 genus
1107 537 1159 585 et
1201 528 1609 585 simititudinem.
1662 526 1829 595 Hujus
1859 527 2018 594 igitur
2046 526 2164 581 edi-

2281 554 2540 616 sarmenta
2572 543 2935 614 nuncupavit:
2976 541 2995 580 τ
3029 557 3329 613 provocans
3358 558 3457 598 nos
3484 542 3551 596 ad
3574 543 3864 602 fructifica-

589 632 733 684 tione
756 625 1019 681 sermonis
1043 622 1222 698 omnia
1239 620 1520 676 confestim
1543 634 1762 672 nemora
1783 618 2168 682 densabantur,

587 723 806 776 arbores
855 718 1020 772 etiam
1065 717 1260 784 quibus
1300 729 1415 768 mos
1453 721 1536 766 est
1564 713 1615 766 in
1645 712 1808 765 altum
1836 725 2086 778 surgere,
2117 710 2171 764 id

587 821 702 876 est,
744 811 895 877 olea,
939 807 1024 860 vel
1051 806 1273 869 cedrus,
1325 813 1381 858 et
1417 819 1736 873 cypressus,
1777 810 1832 856 et
1856 804 2038 871 pinus,
2073 816 2174 856 nec

589 919 696 956 non
722 899 941 954 frutices
966 897 1106 950 foliis
1137 893 1517 957 vestiebantur,
1542 901 1596 946 et
1617 891 1892 946 frondibus
1920 892 2168 959 virgulta.

591 992 729 1061 Quin
759 991 920 1045 etiam
952 999 977 1026 ι
1013 1002 1134 1058 quae
1161 985 1442 1040 coronaria
1475 985 1794 1048 vocitantur,
1825 993 2001 1038 roseta
2027 984 2168 1050 dico,

585 1093 642 1139 et
671 1090 902 1154 myrteta
923 1121 936 1145 ,
978 1089 1032 1133 et
1060 1079 1267 1132 laureta
1311 1077 1413 1132 sub
1450 1091 1556 1130 uno
1588 1075 1846 1144 temporis
1873 1084 2169 1140 momento,

588 1190 708 1232 cum
739 1181 866 1227 ante
909 1186 1016 1225 non
1067 1178 1276 1234 essent,
1326 1168 1532 1236 singula
1571 1181 1693 1221 cum
1735 1166 1818 1220 sui
1842 1166 2175 1236 proprietate

478 1256 490 1267 ’
589 1269 918 1337 surgebant:
951 1267 1181 1319 alterum
1229 1264 1295 1316 ab
1344 1261 1547 1324 altero,
1589 1259 2021 1325 manifestissima
2049 1275 2173 1328 pro-

592 1359 811 1414 batione
839 1357 1152 1417 discretum,
1186 1362 1241 1409 et
1269 1361 1417 1407 certa
1438 1351 1807 1419 designatione
1834 1349 2170 1418 productum.

593 1449 976 1504 Verumtamen
1018 1447 1112 1501 illo
1126 1455 1368 1514 tempore
1396 1459 1516 1498 rosa
1547 1443 1662 1496 sine
1689 1443 1841 1510 spina
1873 1441 1989 1494 fuit.
2043 1442 2175 1495 Nam

589 1553 776 1615 postea
797 1543 1179 1614 pulchritudini
1198 1543 1315 1610 ejus
1343 1543 1589 1610 adjuncta
1618 1550 1700 1596 est
1723 1581 1737 1604 ,
1770 1548 1830 1594 ut
1858 1546 1997 1593 esset
2024 1537 2174 1596 vide-_

589 1634 716 1690 licet
761 1633 1024 1704 voluptati
1053 1632 1353 1689 sollicitudo
1390 1633 1639 1700 contigua
1666 1674 1682 1700 ,
1712 1628 2177 1700 reminiscentibus

593 1725 750 1780 nobis
777 1732 1056 1794 peccatum
1073 1764 1088 1789 ,
1120 1722 1272 1792 cujus
1299 1723 1468 1792 gratia
1489 1723 1682 1776 dumos
1711 1730 1765 1777 et
1794 1734 1985 1790 vepres
2013 1732 2177 1786 gener

590 1833 716 1873 rane
765 1825 909 1872 terra
955 1818 1206 1872 damnata
1257 1823 1357 1871 est.
1426 1814 1602 1882 Quaeb
1635 1815 1852 1883 quidem
1873 1812 2094 1881 jubetur
2122 1818 2178 1865 et

2275 638 2477 690 tionem
2505 635 2798 704 copiosam,
2835 649 2901 688 ne
2945 633 3161 688 desidize
3191 633 3446 701 accusati,
3479 633 3710 690 ﬂammis
3735 651 3866 692 con-

2272 727 2550 780 tradamur
2585 726 2818 778 :eternis.
2855 723 3093 792 Denique
3131 741 3238 778 non
3266 733 3471 789 cessat;
3503 725 3704 797 ubique
3751 731 3851 785 ani-

2277 832 2391 870 mas
2418 816 2694 869 hominum
2724 815 2920 868 vitibus
2949 813 3332 884 comparando.
3367 813 3457 869 Sic
3498 817 3641 870 enim
3687 817 3816 874 dicit
3848 840 3861 875 ε

2286 909 2451 962 Vinea
2479 909 2617 978 facta
2646 914 2721 959 est
2749 905 2936 959 dilecto
2967 907 3020 958 in
3073 920 3234 957 cornu
3283 906 3466 977 pingui
3513 904 3670 976 (Isai.
3702 924 3751 972 v,
3788 908 3862 979 Ι).

2277 1000 2344 1054 Et
2362 1001 2582 1054 iterum:
2612 997 2825 1051 Vineam
2846 998 3096 1066 plantavi,
3112 1005 3161 1050 et
3182 1013 3300 1066 sepe
3315 997 3631 1051 circumdedi
3647 997 3860 1069 (dfatth.

2277 1109 2388 1157 xxi,
2434 1090 2546 1158 55),
2580 1089 2786 1142 animas
2807 1087 3058 1141 videlicet
3105 1087 3348 1142 indicans
3397 1087 3697 1154 hominum,
3732 1105 3867 1158 quas

2280 1181 2580 1235 cmlestium
2615 1177 2997 1232 mandatorum
3025 1178 3322 1232 munitione
3351 1180 3622 1249 consepsit
3654 1199 3679 1232 :.
3699 1196 3866 1251 appo-

2281 1272 2379 1325 sita
2407 1269 2754 1324 nihilominus
2793 1268 3104 1335 angelorum
3135 1268 3408 1331 custodia,
3440 1269 3866 1341 sicut‘scriptum

2281 1372 2363 1418 est
2396 1382 2406 1415 :
2442 1362 2682 1416 Immittit
2711 1363 2951 1431 angelum
2975 1358 3227 1414 Dominus
3256 1361 3310 1413 in
3334 1362 3546 1414 circuitu
3578 1363 3863 1418 timentium

2280 1472 2416 1522 eum,
2446 1464 2494 1508 et
2514 1455 2694 1524 eripiet
2720 1469 2804 1506 eos
2838 1451 3009 1522 (Psal.
3037 1469 3182 1516 χχιιι,
3213 1453 3285 1522 7).
3310 1452 3512 1508 Deinde
3534 1455 3684 1509 velut
3698 1457 3860 1512 vallos

2282 1545 2545 1614 quosdam
2593 1544 2784 1613 quibus
2840 1541 3154 1597 fulciremur
3203 1544 3375 1597 erexit
3409 1563 3419 1595 :
3452 1547 3758 1603 constitutis
3806 1550 3857 1602 in

2283 1634 2544 1703 Ecclesia,
2585 1635 2761 1705 primo
2787 1633 3064 1703 apostolis,
3097 1635 3336 1689 secundo
3374 1638 3670 1704 prophetis,
3708 1641 3866 1694 tertio

2283 1726 2553 1794 magistris
2581 1724 2636 1795 (Ι
2677 1722 2796 1778 Cor.
2829 1741 2921 1789 xu,
2939 1724 3052 1794 28).
3079 1725 3255 1796 Atque
3285 1726 3358 1779 ita
3388 1743 3484 1781 nos
3503 1729 3759 1799 exemplis
3783 1746 3866 1786 vce

2285 1827 2456 1871 terum
2479 1824 2786 1872 sanctorum
2815 1817 3080 1871 suscitans
3107 1817 3159 1870 in
3189 1816 3417 1873 sublime
3442 1821 3690 1888 provexit
3723 1839 3734 1872 :
3768 1837 3865 1876 nec

590 1909 793 1978 lignum
834 1907 1037 1962 faciens
1075 1909 1304 1961 fructum
1336 1906 1669 1975 producere;
1712 1904 1807 1959 sed
1836 1903 2002 1956 multa
2031 1903 2174 1968 ligna
2207 1907 2251 1964 Β
2282 1910 2506 1964 omnino
2535 1925 2724 1979 passus
2749 1917 2834 1963 est
2861 1917 3096 1963 mentem
3123 1917 3362 1964 nostram
3402 1910 3546 1964 humi
3570 1910 3863 1979 iacentem,

590 2000 870 2064 videmus,
929 2014 1106 2068 neque
1141 2013 1325 2056 semen
1350 2037 1364 2063 ,
1424 2012 1600 2066 neque
1646 1996 1875 2050 fructum
1925 1994 2170 2049 ferentia.

591 2091 675 2148 Ad
709 2090 816 2146 hoc
869 2091 1112 2145 dicemus
1139 2129 1155 2154 ,
1213 2089 1337 2158 quia
1385 2103 1504 2156 qua:
1553 2095 1676 2140 sunt
1714 2086 1965 2150 utiliora,
2024 2100 2176 2139 man-

590 2180 713 2237 dari
735 2180 1012 2236 memoriae
1032 2180 1399 2250 principaliter
1420 2189 1765 2240 meruerunt,
1809 2175 2005 2232 deinde
2046 2177 2176 2231 sub-

589 2274 758 2331 tiliter
775 2274 1168 2345 inquirentibus
1204 2271 1423 2343 pateﬁet
1449 2279 1542 2325 aut
1577 2263 2039 2326 seminariasesse
2059 2285 2177 2324 om-

590 2381 691 2420 nes
731 2366 983 2428 arbores,
1017 2374 1111 2419 aut
1136 2364 1364 2419 similem
1415 2362 1605 2417 semini
1661 2362 1860 2416 habere
1898 2361 2174 2416 virtutem.

590 2455 829 2528 Populus
857 2458 998 2512 enim
1028 2457 1110 2510 vel
1141 2456 1332 2518 ulmus,
1365 2463 1419 2508 et
1442 2454 1577 2508 salix
1621 2461 1676 2507 et
1704 2452 1822 2506 alia:
1869 2451 2021 2516 tales,
2064 2448 2176 2506 fru-

594 2557 742 2604 ctum
771 2547 987 2617 quidem
1018 2547 1220 2601 nullum
1253 2557 1272 2583 ε
1307 2545 1554 2599 videntur
1583 2542 1774 2597 aderre
1801 2541 2176 2607 manifestum;

592 2655 774 2695 semen
805 2647 985 2693 tamen
1016 2639 1068 2692 in
1098 2638 1194 2702 eis,
1227 2638 1272 2692 si
1295 2638 1413 2706 quis
1442 2637 1697 2690 attentius
1735 2642 2004 2689 scrutetur
2031 2633 2181 2687 inve-

592 2731 724 2786 niet.
748 2730 775 2767 ά
793 2729 1102 2799 Snbjectum
1119 2736 1201 2783 est
1225 2728 1368 2782 enim
1396 2741 1580 2780 earum
1610 2726 1758 2783 loliis‘
1779 2739 2002 2792 granum
2034 2721 2178 2792 quod

591 2823 842 2877 mischum
871 2833 1180 2891 nuncupare
1207 2820 1382 2875 solent
1408 2820 1461 2874 hi
1502 2819 1592 2888 qui
1622 2817 2002 2873 vocabulorum
2031 2831 2181 2870 com-

592 2915 948 2984 positionibus
977 2929 1198 2982 operam
1239 2912 1519 2976 dederunt,
1551 2911 1657 2964 hoc
1697 2910 1802 2962 vim
1831 2908 2049 2962 seminis
2077 2907 2178 2960 ob-

593 3004 748 3060 tinet.
767 3003 900 3058 Nam
923 3019 985 3057 ea
997 3018 1116 3072 quzr
1136 3003 1202 3056 de
1224 3017 1494 3056 ramorum
1517 2999 1847 3069 plantatione
1865 3004 2174 3059 nascuntur,

594 3108 662 3150 ex
687 3095 1010 3164 semetipsis,
1040 3094 1493 3162 quamplurimum
1510 3091 1719 3145 radices
1731 3089 1978 3143 fundunt.
1999 3087 2179 3141 Forsi-

595 3192 686 3236 tan
716 3191 770 3236 et
786 3183 885 3235 illa}
905 3199 1128 3251 gemma:
1151 3200 1268 3250 qua}
1283 3183 1350 3236 de
1378 3183 1545 3250 stirpe
1581 3180 1886 3246 truduntur,
1909 3179 2174 3232 rationem

2285 2002 2400 2056 ﬁeri
2449 2002 2664 2070 dignam
2694 2001 3079 2060 calcationibus
3107 2001 3352 2055 aliorum.
3386 2001 3510 2056 Vult
3557 2005 3720 2057 etiam
3769 2021 3862 2059 nos

2286 2093 2431 2146 velut
2459 2101 2484 2138 8
2516 2091 2834 2161 quibusdam
2880 2091 3037 2145 viteis
3060 2091 3350 2158 claviculis,
3385 2091 3434 2145 id
3464 2101 3569 2158 est,
3602 2095 3863 2164 amplexi-

2283 2185 2383 2239 bus
2411 2183 2650 2238 caritatis
2673 2183 2940 2245 astrictos,
2973 2192 3030 2237 et
3080 2185 3384 2252 proximum
3427 2201 3697 2256 quemque
3742 2187 3864 2243 dili-

2283 2284 2490 2344 gentes,
2524 2276 2726 2344 impetu
2775 2273 2940 2328 animi
2991 2289 3206 2344 semper
3230 2274 3296 2329 ad
3329 2276 3608 2345 superiora
3638 2287 3864 2332 conten-

2286 2367 2416 2421 dere
2449 2385 2460 2418 :
2493 2365 2693 2420 similes
2713 2364 2934 2420 effectos
2956 2364 3242 2420 sarmentis
3262 2381 3379 2444 quae
3405 2367 3582 2422 solent
3609 2369 3864 2438 paulatim

2286 2459 2594 2520 crescendo,
2629 2457 2694 2512 ad
2723 2473 2962 2512 summos
3003 2458 3256 2512 arborum
3302 2459 3531 2514 vertices
3561 2463 3857 2530 pervenire.

2287 2548 2462 2616 Exigit
2481 2565 2579 2603 nos
2600 2549 2760 2608 etiam
2788 2546 3077 2602 fossionem
3099 2550 3230 2617 pati.
3255 2547 3475 2603 Foditur
3487 2558 3666 2604 autem
3691 2566 3857 2615 mens,

2286 2641 2617 2696 smcularium
2640 2640 2978 2710 depositione
3003 2655 3284 2705 curarum;
3316 2655 3434 2708 quae
3479 2640 3728 2694 cordibus
3759 2657 3860 2695 no-

2285 2733 2409 2788 stris
2427 2748 2562 2786 onus
2583 2746 2746 2800 grave
2762 2731 2786 2768 1'
2818 2731 3128 2786 conficiunt.
3158 2729 3301 2799 Ergo
3323 2731 3415 2801 qui
3445 2730 3712 2785 illecebras
3731 2747 3858 2785 cor-

2285 2839 2462 2893 porcae
2508 2823 2796 2892 voluptatis
2826 2821 3103 2890 abiecerit,
3131 2831 3185 2876 et
3213 2821 3557 2876 exsecrabilis
3602 2821 3855 2876 ambitum

2284 2916 2465 2982 glorim
2513 2915 2925 2982 divitiarumque
2954 2914 3359 2982 contempserit,
3391 2923 3645 2983 tanquam
3676 2913 3860 2968 fossio—

2284 3008 2366 3059 nis
2413 3006 2621 3060 cultura
2673 3006 2959 3070 nitescens,
2994 3004 3234 3073 aspirare
3271 3004 3437 3058 libere
3482 3004 3690 3073 incipit,
3723 3005 3866 3063 omni

2288 3097 2406 3151 labe
2431 3104 2656 3150 terrena:
2679 3094 3102 3150 conversationis
3124 3096 3383 3148 abstersa.
3417 3091 3684 3148 Convenit
3707 3095 3865 3149 etiam

2285 3206 2384 3244 nos
2413 3189 2706 3244 secundum
2728 3188 2998 3257 proverbii
3028 3189 3312 3250 rationem,
3347 3185 3567 3239 minime
3592 3186 3865 3240 luxurian-

595 3274 878 3343 ίιωιηάεηι
906 3273 1122 3326 seminis
1166 3274 1384 3333 habent,
1431 3286 1564 3339 quas
1590 3271 1938 3335 agricunorcs
1965 3270 2178 3322 θνυ¹ε²8
2207 3287 2252 3348 C
2285 3287 2364 3334 tcs
2391 3279 2630 3346 ellluere,
2662 3280 2711 3333 id
2742 3287 2843 3344 est,
2876 3294 2983 3332 non
3014 3279 3365 3332 ostentatorie
3393 3277 3598 3341 vivere,
3632 3293 3732 3332 nec
3778 3293 3858 3332 ca-

594 3363 878 3436 reparandi
924 3378 1083 3418 causa
1131 3363 1382 3432 generis,
1438 3363 1709 3431 pastinare
1757 3369 2172 3414 consueverunt.

594 3453 772 3513 Primo
800 3467 1001 3522 tamen,
1032 3464 1090 3508 ut
1134 3470 1292 3524 supra
1322 3454 1570 3518 diximus,
1601 3455 1822 3508 arbores
1865 3453 1966 3505 illa:
2006 3451 2179 3519 digna:

594 3558 894 3605 memoratu
937 3548 1226 3615 habentur,
1273 3563 1392 3616 qua:
1423 3555 1660 3601 nostram
1701 3547 1866 3600 vitam
1913 3546 2024 3600 suis
2067 3545 2178 3600 fru-

593 3641 768 3698 ctibus
789 3649 1176 3704 sustentantes,
1211 3648 1371 3709 atque
1393 3640 1663 3694 hominem
1693 3638 1992 3692 nutrientes
2035 3637 2175 3691 invi-

593 3735 800 3789 diosam
848 3735 898 3788 ei
943 3733 1161 3789 facturae
1198 3743 1352 3787 erant
1403 3731 1611 3787 fruendi
1659 3732 2001 3786 libertatem:
2039 3731 2180 3785 sicut

564 3851 565 3854 η
594 3825 717 3880 vitis
743 3839 864 3894 qua:
890 3826 1070 3880 vinum
1112 3833 1333 3894 generat
1359 3823 1657 3880 .ltetificans
1707 3839 1803 3878 cor
1829 3824 2083 3885 hominis,
2124 3831 2180 3875 et

594 3917 714 3972 olea
742 3916 971 3972 fructum
995 3917 1191 3983 ferens,
1218 3917 1309 3984 qui
1333 3916 1540 3970 vultum
1568 3914 1849 3976 exhilarat,
1883 3915 1936 3966 in
1967 3913 2178 3966 miseri-

593 4007 798 4064 cordia.
851 4018 872 4045 ε
912 4007 1122 4073 Quanta
1161 4007 1265 4060 alia
1314 4015 1442 4060 tunc
1486 4005 1650 4058 simul
1692 4003 2038 4070 emergebant
2083 4018 2176 4054 ur-

593 4107 800 4168 genter,
832 4098 949 4154 htec
976 4097 1309 4168 producente
1352 4105 1561 4150 natura.
1615 4095 1798 4164 Itaque
1827 4094 1978 4148 radix
2007 4093 2179 4146 vineae

592 4189 760 4245 habet
783 4191 836 4244 in
858 4191 1004 4262 circo
1033 4198 1301 4245 sarmenta
1327 4190 1578 4256 virentia,
1599 4187 1788 4242 difl'usa
1818 4202 1914 4255 per
1939 4194 2134 4239 terram
2159 4204 2173 4237 :

592 4296 662 4336 ex
707 4282 902 4352 quibus
927 4284 1101 4352 primo
1128 4297 1347 4350 germen
1395 4283 1584 4343 oritur,
1631 4278 1774 4347 quod
1805 4277 1863 4330 fit
1910 4277 2174 4341 labrusca,

592 4380 718 4441 post
743 4372 849 4428 hoc
872 4388 998 4426 uva.
1028 4371 1235 4427 Sullicit
1262 4372 1422 4437 igitur
1449 4371 1605 4422 vinea
1643 4381 1858 4435 quoque
1886 4365 2180 4435 prudenter

593 4463 855 4532 inspecta,
883 4462 1315 4516 recordationem
1357 4460 1452 4513 tibi
1483 4466 1687 4512 natura;
1725 4457 2008 4526 subjicere.
2063 4456 2175 4511 Me-

592 4552 794 4605 ministi
821 4551 966 4605 enim
1009 4550 1264 4604 dominici
1312 4549 1576 4608 sermonis
1614 4550 1915 4619 exemplum
1936 4588 1951 4614 ,
1981 4565 2088 4618 quo
2116 4564 2175 4603 se

592 4637 724 4694 dicit
748 4652 869 4693 esse
891 4639 1072 4706 vitem,
1101 4637 1317 4694 Patrem
1345 4653 1474 4694 vero
1501 4638 1784 4694 cultorem.
1813 4639 2060 4707 Singulos
2079 4655 2177 4693 au-

663 4853 691 4882 ³
728 4843 870 4899 Editi
899 4845 1159 4900 cor-inuria
1204 4861 1303 4914 pro
1348 4846 1642 4910 coronario,
1678 4844 1840 4914 utikin
1867 4842 2076 4900 duobus
2105 4843 2172 4898 li-

590 4914 703 4972 bris
750 4915 1019 5003 veteribus
1074 4911 1334 4986 scriptum
1380 4915 1702 4972 invenimus.
1753 4911 1939 4969 Graece
1981 4935 2172 4986 στεφα-

590 5007 868 5042 νωματικα.

725 5052 859 5128 ψιιᾲ
885 5055 1088 5128 quidem
1107 5054 1346 5128 additum
1377 5063 1461 5110 est
1487 5069 1554 5128 ex
1570 5050 1736 5128 _Colb.
1769 5052 2025 5108 secundo.

665 5135 689 5166 ο
715 5122 880 5206 Editi,
896 5122 1148 5206 'videntur
1176 5125 1387 5206 diferre,
1408 5125 1746 5206 manifestum
1767 5132 1938 5206 tamen
1959 5138 2164 5206 semen:

592 5210 711 5264 qua:
759 5196 924 5251 verba
971 5196 1128 5252 aliter
1180 5191 1578 5264 distinguuntur
1625 5194 1680 5246 in
1707 5191 1860 5264 Colb.
1892 5192 2163 5264 secundo;

594 5261 754 5334 idque
778 5266 991 5333 melius,
1022 5272 1080 5322 et
1122 5267 1300 5322 verbis
1326 5261 1526 5323 Graecis
1571 5263 1998 5320 convenientius.
2025 5262 2168 5331 Lege

595 5341 926 5388 contextum.

667 5399 696 5440 ά
725 5400 801 5456 Ex
823 5402 1032 5460 duobus
1058 5403 1208 5460 libris
1227 5406 1498 5461 veteribus
1528 5417 1715 5459 vocem
1743 5411 1820 5458 est
1847 5402 2162 5458 addidimus.

595 5471 797 5528 Ibidem
824 5470 975 5528 Colb.
1002 5474 1286 5540 secundus,
1317 5483 1367 5530 et
1394 5475 1487 5530 hoc
1510 5476 1610 5527 vim
1640 5475 1868 5528 seminis.

669 5551 692 5579 ⁸
733 5539 929 5599 Totum
956 5543 1105 5606 illud,
1137 5539 1328 5606 quanta
1358 5546 1464 5597 alia
1495 5554 1614 5597 tunc
1640 5543 1793 5598 simul
1839 5543 2164 5606 emergebant

596 5624 854 5683 urgenter,
883 5615 993 5669 haec
1022 5611 1330 5683 producente
1361 5622 1574 5675 natura,
1601 5629 1670 5668 ex
1699 5613 1930 5682 antiquis
1955 5611 2164 5666 duobus

597 5681 744 5738 libris
784 5681 1054 5753 adjectum
1091 5691 1473 5759 est.:_quo_rum
1520 5683 1576 5736 in
1622 5699 1731 5739 uno
1758 5681 1952 5752 legitur
1979 5689 2159 5735 tamen

597 5760 1134 5824 corrupte,_urgentes
1166 5753 1187 5805 Ξ
1213 5754 1266 5806 in
1310 5753 1479 5807 altero
1509 5761 1760 5822 corrupte
1805 5767 2040 5824 quoque,
2070 5767 2161 5804 ur-

598 5831 826 5882 ﬂuenter.
852 5822 1055 5882 Graece.
1083 5825 1414 5886 ἠπειζγιιένως,
1439 5830 1696 5884 urgenter.
1829 5822 1837 5833 ἶ

2285 3381 2435 3442 ptare
2461 3372 2622 3426 decus
2648 3371 2817 3425 laudis
2846 3380 3114 3434 extorum;
3146 3370 3238 3425 sed
3265 3369 3466 3423 fertiles
3482 3385 3584 3423 nos
3610 3385 3739 3424 vero
3765 3368 3861 3424 de-

2283 3471 2643 3518 monstratore
2683 3461 2877 3515 cultori
2928 3461 3190 3514 bonorqu
3239 3475 3461 3530 operum
3516 3459 3864 3529 pneferentes

2285 3553 2618 3606 industriam.
2651 3551 2730 3606 Tu
2761 3560 2936 3606 autem
2963 3552 3101 3606 sicut
3130 3551 3270 3606 oliva
3312 3550 3588 3606 fructifera
3631 3553 3771 3605 nulla
3811 3561 3863 3606 te

2283 3660 2377 3713 spe
2405 3644 2708 3704 nudaveris,
2741 3643 2836 3697 sed
2864 3658 3078 3712 semper
3109 3643 3308 3697 habeto
3332 3639 3451 3696 fidei
3482 3643 3708 3696 viridem
3735 3641 3862 3696 vali-

2283 3736 2510 3804 damque
2536 3725 2913 3788 constan'tiam.
2945 3733 3022 3786 ita
3063 3734 3206 3786 enim
3234 3733 3573 3787 vivacitatem
3603 3733 3744 3786 illius
3770 3748 3858 3785 ar-

2283 3826 2450 3893 boris,
2481 3835 2535 3879 et
2565 3826 2893 3894 opulentiam
2946 3823 3275 3879 fructuosam
3324 3823 3583 3878 videberis
3611 3823 3803 3876 imitari
3832 3839 3850 3874 :

2283 3917 2325 3969 si
2357 3917 2627 3971 uberrime
2657 3915 3078 3970 misericordiam
3108 3915 3253 3969 unmi
3289 3923 3525 3982 tempore
3553 3913 3812 3982 largiaris.

2355 4008 2405 4058 1.
2437 4006 2665 4073 Sedjam
2697 4006 2979 4060 redeamus
3009 4005 3018 4041 ί
3051 4005 3115 4058 ad
3145 4006 3524 4060 scrutationem
3548 4003 3858 4072 dispositio--

2285 4097 2364 4150 nis
2395 4094 2632 4149 artificis.
2665 4095 2872 4160 Quanta
2902 4102 3028 4148 tunc
3057 4108 3251 4162 genera
3285 4095 3542 4148 exstitere
3571 4094 3856 4161 lignorum,

2281 4202 2503 4255 quorum
2545 4185 2784 4254 quaedam
2841 4184 3069 4239 fecunda
3120 4193 3285 4247 sunt,
3335 4185 3436 4237 alia
3483 4183 3854 4253 projectibilia,

2283 4278 2534 4330 nonnulla
2597 4277 2820 4331 navibus
2883 4276 3204 4331 fabricandis
3268 4274 3652 4338 accommoda,
3709 4289 3858 4343 qum-

2281 4369 2403 4422 dam
2469 4367 2600 4422 focis
2659 4368 3011 4423 necessaria?
3076 4367 3280 4422 Rursus
3344 4368 3395 4420 in
3458 4367 3541 4421 his
3601 4367 3614 4416 i
3683 4367 3858 4421 varius

2283 4466 2559 4528 spectatur
2608 4469 2866 4524 ornatus,
2932 4474 3159 4528 quorum
3213 4469 3266 4513 et
3320 4457 3664 4528 proprietatis
3711 4456 3858 4512 inve-

2282 4549 2496 4619 stigatio
2546 4550 2776 4605 diﬂicilis
2796 4550 3024 4604 habetur
3071 4558 3126 4604 et
3176 4548 3474 4603 differentia
3505 4549 3855 4617 singulorum.

3757 405 3858 468 9η
3893 452 3900 456 .

2282 4641 2416 4696 Nam
2445 4643 2546 4696 alia
2577 4641 3026 4714 profundioribus,
3054 4642 3160 4695 alia
3189 4640 3410 4695 summis
3430 4649 3485 4693 et
3512 4639 3719 4693 levibus
3737 4647 3859 4692 sunt
3885 4677 3888 4679 -

591 4740 703 4788 tem
730 4741 992 4798 nostrum,
1015 4733 1106 4803 qui
1135 4748 1230 4802 per
1258 4733 1418 4787 fidem
1464 4733 1652 4787 inserti
1691 4747 1873 4786 sumus
1899 4729 2174 4800 Ecclesiae,
2207 4722 2255 4780 D
2281 4748 2490 4787 annexa
2518 4731 2784 4786 radicibus
2819 4750 2831 4784 :
2864 4731 2966 4784 alia
3010 4733 3062 4784 in
3107 4731 3270 4784 altum
3300 4737 3571 4800 porrecta,
3605 4726 3851 4796 singulis-

2363 4843 2378 4880 τ
2416 4843 2642 4898 Veteres
2668 4843 2774 4898 duo
2803 4842 2942 4907 libri,
2974 4858 3256 4912 provocans
3288 4857 3400 4896 nos.
3432 4839 3550 4895 Vox
3585 4839 3856 4912 posterior

2277 4915 2344 4968 ab
2373 4913 2529 4968 editis
2558 4914 2762 4968 aberat.
2788 4909 2988 4967 Ibidem
3021 4912 3189 4967 nostri
3221 4920 3330 4967 tres
3357 4925 3487 4966 mss.
3523 4909 3855 4980 ad'fructife.

2282 4983 2552 5063 ratio-nem.
2587 4982 2730 5063 Editi
2759 4983 2826 5063 ad
2850 4983 3318 5063 fructi/irationem.

2349 5063 2373 5098 ε
2405 5053 2565 5116 Editi,
2593 5047 2897 5123 quibusdam
2923 5047 3057 5106 vitis.
3121 5052 3261 5106 Libri
3291 5059 3522 5116 veteres,
3553 5047 3858 5121 quibusdam

2272 5125 2434 5178 viteis.

2345 5193 2370 5228 ¹ι
2403 5193 2622 5260 Antiqui
2651 5192 2758 5246 duo
2813 5191 2972 5257 libri,
3019 5191 3303 5260 conﬁgunt.
3337 5189 3515 5260 Alius,
3550 5188 3851 5258 conﬁciunt.

2273 5262 2432 5327 Editi,
2465 5259 2784 5331 conﬁngunt.
2813 5260 3004 5317 Statim
3033 5259 3184 5314 Colb’.
3215 5259 3500 5322 secundus,
3530 5267 3576 5312 et
3610 5273 3855 5329 exsecra-

2273 5333 2404 5402 biles
2417 5331 2639 5402 ambitus
2663 5332 2844 5402 gloria:
2866 5333 2940 5385 vel
2963 5331 3278 5402 divitiarum.

2351 5402 2361 5437 ί
2393 5401 2547 5463 Editi,
2571 5401 2638 5452 ad
2662 5395 3027 5454 scrutationem
3065 5399 3429 5468 disputationis
3451 5397 3692 5468 artiﬁcis.
3715 5395 3859 5450 Libri

2270 5479 2480 5524 veteres
2495 5470 2562 5520 ad
2573 5473 2939 5525 scrutationem
2951 5464 3304 5540 dispositionis
3315 5464 3627 5590 artigcian
3643 5464 3858 5526 Greco,

2270 5546 2396 5590 1:0':
2436 5546 2522 5590 τήν
2549 5540 2760 5590 saeuum:
2789 5550 3032 5590 τεννικῶν
3080 5539 3375 5590 διατάξεων.
3456 5536 3578 5590 aulo
3607 5543 3737 5590 ante
3761 5549 3858 5590 ιιι-ο

2270 5546 2396 5613 πρ-’ς
2431 5546 2522 5613 ῖήν
2549 5540 2760 5613 prum?
2789 5536 3044 5613 τςχγικνζιί
3080 5539 3379 5613 διᾳιτεξξεωνἶ
3414 5536 3578 5613 Paulo
3607 5543 3859 5613 ant_e_pro

2265 5605 2356 5663 sed
2375 5610 2528 5662 etiam
2544 5605 2606 5662 c'x
2632 5605 3091 5678 antiquis'duobus
3112 5609 3257 5664 libris
3278 5605 3709 5678 scripsimus_sed
3723 5605 3858 5675 jam.

2331 5679 2368 5728 'i
2401 5678 2624 5731 Veteres
2653 5673 2908 5732 duo'libri
2935 5688 2988 5732 et
3019 5678 3168 5740 editi,
3201 5673 3548 5748 exspectatur.
3579 5673 3738 5730 Colbl
3773 5688 3857 5748 se_-
3940 5722 3950 5731 .

2273 5748 2498 5874 cpnkduz,
2531 5757 2809 5814 spectatur.
2854 5749 3142 5816 Aliquanto
3169 5743 3306 5818 post
3319 5747 3423 5802 duo
3454 5760 3609 5810 mss.,
3644 5743 3858 5798 summis

2274 5836 2300 5871 e
2391 5834 2444 5872 nt
2481 5833 2558 5870 us.

2274 5833 2320 5871 et
2343 5833 2538 5872 tantum
2547 5857 2558 5870 .

3881 5529 3901 5576 :J

3877 5575 3906 5646 ι
