4192 6258
325 396 447 460 (117

1355 370 1745 444 numnum
1779 387 2254 445 METAPHRASIS
2293 388 2496 447 LIBER
2529 389 2593 449 v.
2645 418 2648 422 -

3508 392 3632 451 918»

343 528 453 584 qm
489 510 662 568 deﬁxa
687 507 976 580 stipitibus,
1001 506 1105 561 alia
1145 504 1473 568 humiliora;
1500 511 1557 559 et
1582 504 1651 558 de
1676 513 1704 544 ιι
1733 505 1917 576 stirpi-
1945 509 2001 569 Α
2024 506 2365 561 hortensibus
2393 512 2642 564 narratur
2671 501 2986 576 apponere:
3016 507 3262 563 nonnulli
3289 511 3452 564 etiam
3497 512 3612 567 fru-

343 606 453 661 bus
473 604 588 660 suis
613 601 799 658 oculos
825 599 1002 670 plures
1031 597 1322 652 fundentia.
1355 595 1422 650 Et
1449 610 1677 666 quorum
1692 598 1932 653 vertices

342 705 476 754 sunt
503 695 732 762 excelsi,
780 706 968 747 eorum
1005 689 1212 743 radices
1254 687 1580 757 multiplices
1608 695 1664 741 et
1707 687 1934 757 profung

343 790 530 846 diores
558 786 854 845 habentur,
903 782 956 835 in
1008 780 1259 848 circoque
1306 777 1513 834 dilfusae
1551 795 1565 830 :
1598 792 1732 847 quas
1785 777 1933 836 velut

354 879 661 947 fundamina
705 874 952 946 quasdam
996 880 1188 926 natura
1242 870 1489 940 subjecit,
1521 870 1717 938 quibus
1765 869 1934 924 moles

344 969 690 1040 superposita
729 967 904 1021 valeat
931 962 1239 1019 sustentari.
1269 960 1479 1028 Quanta
1515 960 1680 1024 etiam
1709 958 1933 1014 diversi-

354 1068 438 1117 tas
467 1061 521 1114 iu
542 1057 828 1116 corticibus
848 1061 949 1119 est,
977 1052 1003 1092 ⁸³
1033 1068 1262 1123 quorum
1310 1051 1401 1106 alii
1425 1051 1578 1106 lenes
1614 1057 1744 1106 sunt
1770 1055 1824 1104 et
1852 1048 1934 1103 nis

355 1151 470 1216 tidi,
503 1148 743 1206 nonnulli
777 1145 972 1204 nodosi
1018 1153 1074 1200 et
1115 1143 1315 1214 asperi,
1344 1143 1436 1197 alii
1462 1141 1770 1211 simplices,
1801 1141 1936 1195 certi

354 1241 522 1300 etiam
547 1239 730 1302 multis
747 1235 986 1294 conserti
1008 1233 1358 1290 caudicibus?
1379 1231 1449 1286 Et
1468 1232 1615 1302 quod
1641 1233 1809 1299 magis
1830 1232 1934 1286 min

338 1331 582 1398 lraberis,
608 1329 905 1386 senectutis
932 1334 988 1384 et
1014 1325 1310 1396 juventutis
1352 1326 1598 1381 humanae
1641 1323 1934 1405 similitudo

337 1420 622 1491 reperitur
644 1421 704 1482 in
731 1419 830 1475 eis.
873 1417 1006 1476 Nam
1034 1416 1370 1473 novellorum
1397 1423 1451 1471 et
1478 1415 1802 1486 pollcntium'
1822 1416 1933 1469 vir...

349 1511 622 1581 gultoruttt
649 1509 908 1580 deductus
957 1515 1013 1563 et
1041 1517 1225 1562 tensus
1252 1514 1336 1562 est
1380 1513 1600 1571 cortex;
1647 1520 1934 1561 εθιιθεεθιις

353 1602 494 1660 tium
522 1614 654 1662 vero
701 1613 928 1667 rugosus
959 1605 1014 1654 et
1039 1598 1248 1653 scaber.
1296 1595 1373 1650 Ex
1403 1597 1487 1652 bis
1524 1597 1768 1666 quaedam
1814 1612 1937 1651 cum

333 1692 555 1757 fuerint
605 1698 880 1762 amputata
923 1692 1303 1759 regerminant,
1335 1689 1439 1742 alia
1469 1705 1594 1744 mox
1625 1704 1745 1758 cum
1785 1697 1936 1743 trun-

332 1789 547 1838 cantur
573 1787 853 1844 arescunt,
890 1770 1142 1862 tauquam
1190 1785 1418 1834 mortem
1447 1778 1732 1846 quamdam
1761 1794 1825 1832 ex
1856 1779 1938 1832 in-

2032 605 2177 653 ctum
2206 599 2442 668 capriﬁci
2469 597 2781 653 domesticis
2798 599 3038 668 alligant,
3061 600 3399 658 conferendae
3417 604 3613 659 valitu-

2031 687 2171 744 dinis
2191 703 2375 754 causa,
2399 704 2507 758 quo
2528 690 2739 758 possint
2764 680 3007 757 germina
3026 705 3122 746 sua
3150 692 3385 749 retinere
3413 694 3614 749 caden-

2033 779 2126 833 tia.
2156 778 2323 848 Cujus
2349 779 2427 835 rei
2457 779 2708 834 videlicet
2735 778 2901 849 ﬁgura
2953 796 3176 837 monere
3224 798 3323 838 nos
3378 783 3616 841 creditur

2035 878 2092 923 ut
2137 881 2491 938 agnoscamus
2537 870 2661 939 quia
2710 877 2924 940 oportet
2978 871 3296 942 plerumque
3341 875 3502 928 etiam
3545 874 3614 929 ab

2034 960 2347 1029 alienigenis
2367 974 2562 1030 capere
2589 975 2690 1015 nos
2730 958 2855 1016 ﬁdei
2880 961 3282 1028 documentum,
3308 965 3370 1018 ad
3402 963 3613 1034 profes-

2034 1051 2241 1114 sionem
2270 1051 2536 1106 bonorum
2563 1065 2785 1121 operum
2813 1051 3206 1108 declarandam.
3239 1054 3295 1109 Si
3325 1054 3343 1093 ί
3368 1057 3514 1110 enim
3535 1057 3614 1110 vi-

2035 1141 2180 1197 deris
2208 1143 2512 1212 quempiam
2557 1141 2624 1196 de
2671 1143 2960 1212 gentilibus
2993 1151 3088 1199 aut
3115 1145 3382 1200 haereticis
3410 1146 3477 1200 ab
3506 1144 3612 1200 Ec-

2035 1235 2196 1291 clesia
2226 1235 2437 1289 Domini
2477 1241 2837 1305 segregatum,
2861 1236 2988 1290 vita:
3032 1251 3351 1305 morumque
3379 1227 3610 1292 cultibus

2035 1327 2374 1384 honestatum
2391 1343 2405 1390 ;
2424 1327 2555 1381 eniti
2570 1326 2791 1384 debebis
2805 1318 3195 1397 impensius,“
3206 1328 3439 1383 studium
3463 1334 3616 1382 tuum

2035 1419 2206 1487 magis
2229 1434 2293 1472 ac
2317 1419 2486 1486 magis
2515 1432 2714 1486 augere
2734 1433 2842 1488 quo
2857 1420 3046 1489 possis
3069 1401 3512 1489 accedere‘prope
3551 1420 3623 1473 il-'

2034 1511 2141 1564 lam
2172 1509 2500 1565 fructiferam
2553 1508 2732 1576 ﬁcum,
2761 1525 2880 1579 qua;
2921 1511 2988 1566 de
3012 1513 3270 1566 societate
3293 1512 3615 1566 silvestrium

2036 1602 2275 1667 vigorem
2325 1608 2569 1656 mutuata
2617 1600 2926 1667 fecundum,
2969 1603 3100 1655 vitia
3138 1600 3354 1669 quidem
3404 1601 3617 1656 molesti

2037 1691 2212 1750 ﬂuxus
2240 1691 2489 1758 inhibuit,
2529 1693 2764 1748 subsidia
2800 1708 2932 1748 vero
2970 1694 3159 1747 vicina:
3195 1691 3488 1747 fertilitatis
3525 1707 3615 1746 ar-

2038 1785 2220 1855 ripuit.

352 1873 575 1928 cisionis
603 1871 796 1941 injuria
828 1870 1164 1940 perferendo.
1192 1869 1372 1940 Multis
1394 1885 1524 1924 sane
1549 1871 1832 1939 probatum
1852 1878 1934 1925 est
1963 1869 2010 1930 Β
2108 1876 2159 1930 8.
2191 1876 2357 1945 Igitur
2384 1876 2429 1930 si
2460 1883 2610 1930 tanta
2636 1876 2775 1931 ratio
2796 1876 3157 1945 generationis
3180 1875 3530 1939 illarum-est,
3557 1881 3619 1928 ut

335 1967 478 2035 _quia
509 1973 711 2020 exustae
728 1965 814 2020 vel
841 1963 1020 2026 incisae
1051 1973 1074 2002 ο
1100 1963 1258 2031 pinus
1287 1962 1342 2016 iu
1373 1977 1561 2015 nemus
1583 1960 1934 2028 glandiferum

353 2072 417 2112 se
448 2056 855 2117 transformant.
886 2053 1083 2108 Notum
1104 2061 1186 2107 est
1216 2053 1378 2108 etiam
1405 2052 1665 2121 quasdam
1714 2053 1938 2120 diligen-

358 2148 431 2202 tia
460 2147 728 2210 cultorum
775 2151 1011 2208 curatas,
1038 2129 1273 2198 naturali
1319 2144 1532 2212 penitus
1583 2141 1785 2196 malitia
1841 2156 1936 2197 ca-

338 2221 553 2294 ruisse.
599 2236 732 2292 Nam
780 2236 918 2290 mala
967 2235 1156 2304 punica
1211 2250 1330 2304 quae
1385 2242 1511 2289 sunt
1557 2233 1824 2303 acidiora,
1852 2236 1937 2290 vel

334 2345 578 2386 _amaras
622 2328 952 2400 amygdalas,
980 2326 1084 2382 hoc
1122 2325 1285 2380 modo
1313 2326 1491 2380 ferunt
1530 2340 1688 2395 posse
1716 2325 1935 2393 molliri,

356 2420 403 2476 si
427 2420 580 2488 juxta
613 2418 864 2482 radicem,
901 2417 1101 2471 truncis
1127 2430 1312 2471 earum
1355 2415 1640 2470 terebratis
1671 2416 1819 2470 taeda:
1845 2432 1939 2470 cu-

331 2523 497 2569 .neus
526 2522 621 2576 per
650 2505 882 2566 medium
909 2505 1141 2560 cardinis
1189 2503 1550 2572 transﬁgatur,
1578 2521 1795 2561 omnem
1822 2522 1939 2561 mo—

332 2601 572 2656 .lestiam
629 2599 837 2670 saporis
901 2598 1180 2667 incongrui
1201 2639 1216 2663 ,
1275 2598 1575 2656 mutatione
1641 2598 1938 2664 dulcedinis

360 2700 726 2761 exempturus.
758 2690 962 2746 Idcirco
991 2690 1168 2746 nullus
1195 2691 1472 2746 hominum
1520 2691 1748 2759 caligine
1785 2693 1938 2746 mali-

335 2783 580 2856 gnitatis
611 2777 639 2819 ἀ
669 2780 872 2836 otiosus
899 2780 966 2835 de
1005 2780 1219 2852 propria
1248 2781 1422 2836 salute
1466 2781 1734 2850 desperet,
1753 2783 1939 2857 \sciens

360 2873 511 2943 quod
555 2870 878 2941 agricultura
907 2869 1125 2939 quidem
1155 2884 1435 2939 pomorum
1464 2871 1751 2938 qualitates
1781 2871 1940 2925 redu-

337 3021 341 3026 ί
365 2964 444 3018 cit
473 2962 528 3018 in
555 2962 764 3027 melius,
811 2961 962 3016 labor
1011 2969 1189 3016 autem
1217 2961 1468 3029 spiritalis
1495 2970 1687 3030 potens
1710 2971 1793 3018 est
1819 2978 1938 3018 om-

365 3054 514 3108 nium
544 3052 849 3109 morborum
876 3067 1132 3122 superare
1170 3053 1478 3121 nequitiam.
1529 3053 1596 3107 Et
1643 3070 1775 3110 sane
1823 3064 1940 3110 tan-

341 3155 479 3223 .tam
510 3146 563 3198 in
604 3145 855 3199 arborum
895 3144 1305 3199 fecunditatibus
1335 3131 1575 3203 videmus
1597 3161 1714 3204 esse
1735 3147 1940 3202 distan-

2037 1970 2128 2025 vix
2153 1985 2326 2040 pauca
2354 1984 2455 2039 pro
2481 1958 2663 2023 multis
2691 1969 3024 2038 potuerimus
3047 1980 3336 2037 exponere,
3361 1967 3480 2036 quis
3509 1970 3630 2020 οιηἸ

2037 2063 2184 2117 nium
2236 2061 2504 2116 fructuum
2557 2061 2882 2127 varietates,
2933 2060 3221 2128 qualitates
3275 2059 3633 2114 schematave'

2036 2159 2346 2223 percurrat,
2379 2160 2433 2206 et
2459 2160 2658 2221 quanta
2709 2152 2762 2204 in
2809 2150 3030 2217 singulis
3078 2149 3340 2202 habeatur
3388 2149 3615 2213 utilitas,

2038 2259 2160 2298 cum
2187 2244 2294 2297 sint
2322 2243 2439 2296 alite
2467 2256 2587 2310 quae
2616 2241 2730 2294 sole
2756 2250 2780 2286 ε
2812 2240 3047 2294 decocta:
3073 2244 3473 2303 maturescunt,
3499 2236 3618 2289 alia;

2037 2351 2158 2406 quae
2178 2343 2607 2403 tegumentorum
2639 2333 2885 2402 praesidio
2914 2331 3148 2386 defensae
3174 2329 3526 2400 plenescunt?
3548 2327 3629 2382 Et-
3703 2400 3714 2406 '

2037 2428 2308 2500 quomodo
2339 2442 2526 2480 eorum
2556 2441 2674 2494 qua:
2728 2422 2942 2479 molle’m
2991 2423 3224 2478 fructum
3269 2424 3444 2475 ferunt
3491 2419 3630 2473 folia"

2041 2519 2264 2574 fortiora
2297 2525 2439 2582 sunt,
2473 2517 2610 2570 sicut
2641 2514 2753 2580 fici;
2777 2530 3004 2583 quorum
3054 2520 3233 2568 autem
3286 2512 3487 2564 fructus
3514 2509 3628 2561 (lu--

2030 2607 2150 2662 Arior
2175 2608 2402 2662 habetur
2439 2604 2872 2660 membranarum
2921 2611 3133 2657 textura
3166 2600 3195 2640 ιι
3231 2599 3466 2654 tenerior
3511 2606 3615 2664 est,

2039 2702 2179 2757 sicut
2206 2715 2372 2753 nuces
2398 2717 2410 2753 :
2445 2699 2570 2768 quia
2599 2695 2728 2752 licus
2757 2695 3007 2750 videlicet
3034 2701 3253 2763 propter
3283 2691 3626 2745 imbecillita-

2039 2802 2149 2848 tem
2171 2793 2364 2846 merito
2387 2791 2591 2859 ﬂagitat
2611 2805 2767 2859 opem
2795 2787 3014 2856 majoris
3034 2776 3239 2852 auxilii,
3268 2784 3493 2838 nucibus
3522 2800 3589 2837 au
3612 2822 3614 2824 -

2035 2892 2148 2939 tem
2174 2883 2446 2937 laesionem
2474 2879 2652 2936 facere
2679 2879 2942 2950 potuisset
2964 2879 3181 2932 densior
3201 2877 3438 2946 opacitas
3459 2875 3616 2929 folio-

2042 2990 2178 3029 rum.
2217 2972 2507 3041 Pampinus
2537 2971 2697 3025 etiam
2743 2985 2903 3038 quam
2933 2968 3322 3022 rationabiliter
3360 2965 3618 3021 multiﬁda

2040 3063 2362 3118 formatione
2389 3045 2658 3132 perfectus
2680 3068 2781 3124 est,
2806 3069 2866 3114 ut
2893 3074 2992 3114 uva
3018 3074 3114 3129 per
3133 3074 3253 3113 eam
3275 3065 3479 3128 partem
3499 3069 3619 3124 quat

2041 3153 2258 3224 tegitur,
2292 3154 2433 3208 aeris
2461 3153 2688 3222 repellat
2734 3152 3002 3220 injuriam,
3028 3166 3126 3222 per
3169 3165 3289 3204 eam
3342 3164 3471 3203 vero
3500 3156 3621 3217 qua!

331 3235 343 3302 ί
366 3237 515 3302 liam,
543 3244 797 3305 quantam
844 3250 944 3292 nec
971 3237 1138 3291 verbo
1172 3235 1384 3306 (Illide
1435 3254 1718 3306 Possumus
1767 3239 1939 3309 expli-
1969 3238 2015 3302 C
2046 3253 2210 3315 patet,
2243 3243 2484 3300 fomenta
2512 3243 2686 3298 solani
2729 3244 2922 3298 caloris
2950 3243 3205 3312 etcipiat.
3256 3241 3396 3296 Nihil
3440 3241 3627 3307 itaque

362 3343 509 3382 care.
534 3327 719 3398 Neque
741 3327 882 3382 enim
925 3327 1098 3382 solmn
1129 3327 1183 3381 in
1213 3328 1422 3383 alterno
1444 3343 1644 3397 genere
1691 3331 1939 3386 discretio

341 3401 568 3472 Ifetuum
594 3419 927 3482 continetur;
953 3418 1049 3472 sed
1081 3417 1135 3469 in
1163 3419 1384 3486 singulis
1411 3421 1571 3473 etiam
1599 3421 1824 3489 plurima
1855 3422 1937 3476 di-

363 3507 589 3560 versitas
617 3507 900 3562 invenitur.
933 3505 1208 3573 Siquidem
1237 3505 1382 3560 aliud
1408 3509 1679 3576 specimen
1728 3525 1933 3573 mascuo

362 3597 460 3652 lini
487 3599 707 3663 fructus,
732 3596 878 3651 aliud
900 3596 1160 3660 feminini,
1178 3597 1443 3651 cultorum
1467 3599 1636 3654 fertur
1663 3602 1942 3659 tradidisse

363 3688 584 3743 solertia
611 3706 623 3740 :
660 3688 803 3756 {qui
834 3688 995 3741 etiam
1025 3687 1228 3756 palmas
1255 3689 1449 3754 gemini
1476 3705 1593 3744 esse
1614 3707 1773 3746 sexus
1799 3692 1941 3748 aflir-

363 3786 534 3832 mant.
568 3777 697 3832 Nam
731 3777 935 3832 videtur
977 3777 1248 3848 quomodo
1278 3778 1420 3847 apud
1457 3795 1549 3834 eos
1579 3796 1696 3849 qua:
1745 3782 1941 3839 femina

363 3869 693 3936 nominatur,
725 3873 902 3923 r'amos
922 3869 1171 3938 proprios
1198 3869 1445 3923 incurvat
1467 3871 1536 3926 ad
1567 3867 1767 3927 marem
1796 3875 1941 3930 velut

362 3961 703 4018 concubitum
746 3968 964 4030 petens,
1017 3969 1074 4014 ut
1121 3961 1290 4032 possit
1335 3977 1402 4016 ex
1457 3963 1572 4032 ejus
1613 3965 1941 4024 admixtione

364 4053 671 4121 concipere.
693 4050 844 4106 Unde
873 4052 1132 4120 ingeniosi
1159 4054 1426 4122 agricolae,
1457 4057 1696 4113 sublatos
1722 4058 1789 4124 de
1817 4075 1934 4113 ma-

363 4143 515 4199 sculo
543 4149 718 4197 certos
744 4141 951 4208 oculos,
981 4141 1188 4196 femina:
1219 4143 1466 4198 dicuntur
1495 4147 1760 4214 inserere;
1785 4159 1840 4204 et
1861 4150 1932 4203 ita

363 4233 520 4306 quasi
547 4233 694 4287 coitu
731 4231 1032 4287 desiderato
1075 4234 1282 4303 repleta
1329 4235 1611 4292 confestim
1665 4240 1941 4298 subductis

362 4323 596 4380 brachiis
618 4323 899 4394 pristinum
927 4323 1154 4380 recurrit
1183 4323 1250 4378 ad
1270 4334 1483 4381 statum.
1514 4325 1641 4392 llaec
1669 4338 1847 4384 autem
1870 4330 1940 4386 de

365 4401 479 4491 licis
506 4429 719 4484 quoque
739 4421 1046 4469 narrantur.
1078 4414 1206 4469 Nam
1229 4417 1447 4485 quidam
1468 4419 1676 4486 plantas
1697 4431 1938 4488 agrestes

2042 3334 2343 3397 fortuitum,
2373 3333 2507 3386 nihil
2536 3333 2900 3386 irrationabile
2926 3332 3122 3387 factum
3155 3328 3415 3386 videmus.
3448 3328 3542 3384 Est
3562 3329 3618 3384 in

2044 3424 2291 3480 omnibus
2317 3422 2604 3478 ineliabilis
2648 3422 2892 3492 quaedam
2946 3421 3294 3488 mirandaque
3331 3419 3612 3488 sapientia.

2043 3515 2173 3581 Quae
2195 3523 2374 3571 autem
2396 3528 2548 3568 mens
2573 3519 2667 3567 aut
2704 3513 2854 3580 cujus
2882 3510 3125 3566 facundia
3161 3509 3388 3562 sulticiet
3417 3507 3431 3544 ί
3467 3523 3619 3562 com-

2043 3607 2376 3676 prehendere
2404 3609 2597 3660 cuncta
2626 3593 2907 3662 subtiliter,
2939 3609 3000 3654 ut
3027 3608 3080 3654 et
3102 3598 3454 3667 contemplari
3487 3611 3603 3666 pro:

2043 3696 2299 3766 prietates
2317 3695 2514 3760 valeat,
2531 3699 2587 3748 et
2604 3693 2908 3748 discernere
2927 3689 3252 3745 diﬁ‘erentias
3265 3688 3618 3756 singulorum,

2042 3787 2126 3842 vel
2150 3785 2432 3842 latentium
2457 3783 2669 3852 penitus
2699 3795 2979 3836 causarum
3002 3787 3208 3834 secreta
3240 3778 3452 3832 rimari?
3473 3776 3620 3843 Quo-

2003 3883 2014 3933 ’.
2042 3877 2203 3935 modo
2233 3891 2371 3931 unus
2401 3874 2647 3942 idemque
2681 3874 2876 3927 humor
2909 3887 3007 3939 per
3034 3870 3374 3924 arbustorum
3407 3867 3621 3922 radices

2040 3975 2323 4034 attractus,
2348 3966 2400 4020 in
2443 3962 2618 4020 ofﬁcia
2645 3977 2930 4023 numerosa
2961 3960 3306 4030 dispergitur,
3346 3959 3502 4013 aliter
3529 3958 3616 4027 ip,-

2042 4071 2158 4112 sam
2175 4055 2409 4110 radicem
2428 4052 2692 4117 nutriens,
2711 4051 2868 4106 aliter
2881 4050 3154 4113 corticem,
3170 4048 3326 4101 aliter
3348 4055 3622 4114 truncum,

2044 4156 2099 4203 et
2145 4147 2298 4201 aliter
2327 4143 2654 4198 medullam?
2683 4149 2738 4196 et
2783 4141 3054 4211 quomodo
3107 4155 3249 4193 nunc
3302 4137 3489 4192 folium
3540 4135 3617 4202 fit,

2044 4254 2186 4296 nunc
2233 4238 2284 4291 in
2333 4235 2583 4306 palmites
2638 4229 2922 4301 ramosque
2949 4233 3228 4298 formatur,
3258 4238 3314 4286 et
3357 4227 3629 4307 fructibus,

2042 4331 2243 4402 praebet
2267 4329 2521 4384 alimenta
2542 4324 2850 4381 crescendi?
2869 4322 3156 4395 Lacrymas
3175 4322 3340 4377 etiam
3359 4319 3622 4390 quasdam

2041 4439 2138 4477 uer
2175 4436 2353 4476 ramos
2380 4417 2570 4474 eadem
2593 4415 2766 4470 fundit
2792 4413 3036 4480 materia,
3057 4425 3285 4484 quarum
3311 4417 3515 4482 quanta
3551 4410 3624 4466 sit

440 4625 467 4652 ει
494 4613 647 4693 coll).
679 4617 966 4693 secundus,
995 4626 1044 4672 et
1091 4617 1153 4693 de
1181 4617 1790 4693 stipi_t_ibus_suisoculos,
1822 4628 1929 4693 etc.
1960 4626 2014 4690 ι)
2107 4621 2134 4658 ά
2152 4618 2317 4693 βου).
2350 4617 2640 4693 secundum,
2673 4604 2918 4685 suffusus.
2945 4615 3138 4672 Statim
3159 4613 3317 4693 editi,
3339 4615 3618 4686 primorum

353 4685 682 4759 Eustathius
718 4685 1017 4759 exprimere
1038 4685 1405 4759 Avoluit’illud
1437 4688 1634 4759 Basilii,
1667 4696 1748 4745 καὶ
1792 4691 1935 4752 εὐθὺς

363 4759 464 4839 ᾁπὸ
493 4765 607 4840 Δτῆς
656 4757 796 4829 ρἰηζ
845 4759 914 4840 ςὶς
969 4757 1154 4840 uoltu;
1207 4758 1435 4840 ἐυξφιξσεις
1466 4756 1939 4840 ’διῃρημέναλιιθε

365 4828 565 4906 inepte,
589 4823 712 4880 cum
751 4827 925 4880 oculus
961 4823 1165 4880 de‘vite
1212 4823 1280 4896 et"
1294 4827 1361 4880 de
1403 4823 1687 4882 arboribus
1735 4823 1953 4906 uSitate-

365 4897 589 4952 dicatur.

433 4965 462 5004 ι)
491 4964 650 5028 Editi,
683 4982 896 5035 quorum
924 4967 1044 5020 alia:
1068 4967 1206 5021 lenes
1229 4976 1278 5020 et
1316 4967 1515 5031 nitidae,
1545 4968 1808 5021 nonnulla:
1839 4984 1935 5022 uo-

365 5037 504 5090 dosa:
541 5045 587 5088 et
627 5051 849 5107 asperat,
875 5035 992 5089 alia:
1030 5038 1305 5107 simplices,
1350 5045 1545 5106 autem
1568 5037 1721 5092 etiam
1761 5039 1935 5092 multis

365 5114 610 5159 conserta:
630 5104 960 5158 caudicibus:
992 5120 1110 5174 quae
1131 5104 1396 5175 scriptura
1427 5104 1470 5160 si
1492 5108 1577 5160 cui
1607 5107 1836 5176 placeat,
1862 5108 1935 5160 le—

366 5183 454 5242 gat
482 5181 698 5245 oportet
725 5191 962 5245 quarum,
981 5191 1102 5229 cum
1124 5176 1382 5244 scriptum
1403 5177 1471 5230 sit
1492 5177 1629 5239 alim,
1647 5177 1931 5241 nonnulla,

366 5253 468 5298 etc.
502 5243 718 5310 Antiqui
737 5243 844 5296 duo
875 5243 1012 5306 libri,
1046 5254 1102 5297 ut
1126 5245 1176 5297 in
1225 5243 1496 5298 contextu.
1537 5246 1736 5300 Ibidem
1781 5246 1932 5300 Colb.

365 5313 645 5384 secundus,
676 5313 880 5384 etquod
908 5315 1070 5384 magis
1099 5315 1348 5367 mirabile.

440 5391 461 5418 ο
494 5380 634 5436 Editi
661 5391 720 5458 _e_t
743 5380 1153 5458 Col_b.__prim_us,
1185 5385 1336 5458 pinus
1375 5385 1722 5458 glandiferum
1762 5393 1936 5440 trans-

368 5452 611 5528 forma‘nt.
645 5452 993 5528 Alter_Co.lb.,
1022 5452 1254 5528 pinus'in
1278 5452 1456 5528 uenias
1494 5452 1850 5528 gr'andiferum
1879 5471 1933 5508 se

367 5523 761 5596 transfprmanl.
793 5521 975 5596 (_Iodex
1004 5521 1207 5588 noster,
1239 5525 1390 5596 pinus
1428 5525 1482 5596 in
1496 5521 1851 5596 'glandi'ferum
1881 5540 1934 5596 se

368 5593 760 5664 trausformant.
793 5590 1022 5664 Dubium
1046 5608 1155 5647 non
1181 5601 1275 5664 est,
1299 5594 1426 5660 quin
1454 5590 1559 5662 legi
1585 5590 1831 5664 oporteat
1858 5594 1934 5664 uti

372 5676 418 5712 in
449 5659 599 5716 coll).
631 5660 867 5716 secundo
897 5663 1153 5730 scriptum
1182 5671 1236 5716 et
1266 5659 1563 5719 invenimus
1613 5659 1666 5719 et
1721 5661 1941 5720 notavi-.

343 5743 514 5793 ,mus;
546 5731 587 5783 si
618 5739 797 5800 tamen
829 5747 926 5798 pro
949 5732 1303 5800 grandiferum
1331 5748 1395 5786 ex
1426 5734 1543 5787 aliis
1573 5733 1844 5788 codicibus
1865 5731 1935 5784 le-

374 5809 554 5859 gamus
574 5799 938 5870 qlandiferum.

2040 4689 2334 4767 qualitutes.
2396 4686 2537 4767 Libri
2568 4694 2799 4767 veteres
2823 4702 3134 4767 ,λοιπον-αξη
3174 4687 3451 4766 qualitates
3475 4703 3492 4767 ξ
3520 4700 3622 4767 nec

2040 4754 2306 4830 putandus
2344 4764 2426 4812 est
2443 4755 2777 4830 _Eustathius
2806 4754 2964 4830 aliter
3000 4754 3281 4830 scripsisse
3328 4772 3340 4805 :
3380 4756 3486 4830 _qui
3535 4755 3621 4805 ta-i

2038 4822 2165 4884 inen
2231 4841 2386 4880 secus
2442 4825 2779 4892 interpretari
2855 4824 3334 4892 debuisset,_cum
3365 4822 3632 4892 legamus

2040 4898 2182 4967 apud
2222 4895 2498 4968 Basilium,
2531 4887 2628 4968 τῷν
2657 4902 2850 4968 φυτῶν,
2884 4893 3147 4968 ανροηιηι.
3181 4889 3416 4960 Subinde
3461 4887 3616 4959 (39112..

2039 4962 2322 5036 secundus,
2348 4962 2630 5036 spiritualis
2652 4962 2815 5036 potest
2835 4963 3080 5036 omnium.

2115 5047 2137 5074 ο
2167 5027 2328 5126 Editi,
2349 5027 2470 5116 quin
2517 5027 2690 5100 etiam.
2721 5033 2944 5087 Veteres
2977 5031 3083 5086 duo
3113 5029 3256 5096 libri,
3283 5027 3368 5098 qui
3415 5028 3573 5081 etiam
3593 5041 3612 5079 :

2040 5106 2246 5162 Gnece.
2278 5125 2377 5162 om
2410 5108 2511 5158 καί.

2089 5122 2246 5171 nece,
2278 5122 2377 5171 0275
2410 5122 2511 5158 καί.
2745 5163 2754 5168 _

2119 5131 2551 5244 ῗῆίῧίγξίῖῗιέὶη
2589 5163 2782 5232 videret.
2804 5170 3103 5244 ιιιιεηιρίρηι-
3119 5167 3184 5221 άθ
3212 5167 3465 5244 9⁸³⁸⁸99⁸

2044 5233 2179 5318 tiqui
2204 5233 2327 5300 duo.
2349 5244 2476 5318 libri
2503 5245 2577 5297 uti
2607 5243 2659 5295 in
2701 5233 2960 5296 contextu
3000 5238 3106 5318 legi
3150 5233 3346 5318 potest.
3388 5233 3614 5318 Eccita

2043 5306 2212 5370 multo
2233 5323 2356 5384 post
2394 5313 2544 5376 edit.,
2575 5319 2808 5384 mutuata
2850 5307 3148 5362 secundum.
3205 5306 3274 5359 At
3314 5306 3480 5360 nostri
3510 5313 3620 5366 tres

2044 5381 2460 5456 mss.,mutuatu
2485 5381 2776 5456 fecundum.
2828 5454 2835 5456 _
3016 5449 3026 5456 _
3069 5452 3085 5456 _
3260 5446 3305 5456 __
3424 5447 3436 5456 _
3567 5446 3578 5456 ο

2119 5428 2958 5520 Elii}?'"JéieiEs";”JéEscza...,
2985 5449 3237 5520 defensa.
3260 5446 3374 5502 Hoc
3422 5447 3538 5520 ipso
3566 5446 3619 5498 in

2046 5524 2167 5578 loco
2197 5523 2345 5588 editi,
2382 5513 2750 5592 tegmentorum
2802 5513 3069 5588 prmidiol
3124 5518 3279 5574 Colb.
3327 5513 3615 5580 secundus,

2039 5602 2460 5664 tegumentorum.

2122 5660 2327 5734 Fgolb.
2360 5657 2644 5734 secundus,
2676 5659 2879 5734 tenuior
2906 5665 3001 5712 est.
3111 5725 3123 5734 Δ
3187 5725 3214 5734 γ’
3298 5725 3308 5734 ι
3361 5723 3372 5734 Ι
3480 5723 3508 5734 ν

2074 5734 2081 5740 ’
2124 5729 2137 5766 ε
2174 5729 2336 5793 Editi,
2361 5723 2792 5796 comprehendere
2833 5734 3067 5780 cunctas.
3096 5725 3313 5792 Antiqui
3344 5723 3448 5776 duo
3480 5723 3619 5787 liim,

2037 5807 2242 5860 cuncta.
