4244 6254
563 361 664 424 919
688 393 690 396 ν

2021 357 2383 417 EUSTATHII

3757 365 3874 431 θω

563 487 703 539 inter
743 495 804 538 se
830 479 1130 538 diderentia
1159 478 1282 552 quis
1327 476 1528 548 poterit
1573 475 1883 545 explicare?
1919 473 2037 528 Alia
2066 486 2153 530 est
2182 483 2239 544 Α
2262 477 2459 550 faciens
2493 477 2732 548 fructum.
2783 475 2908 531 Mox
2942 483 3003 542 ut
3041 484 3374 548 pmceptum
3401 485 3486 535 est
3511 477 3716 550 datum,
3735 461 3885 556 iuga;

563 575 706 629 enim
739 582 765 610 τι
806 572 1043 642 lacryma
1096 569 1302 637 schini,
1333 568 1470 623 alius
1497 567 1722 623 balsami
1769 582 1983 633 succus,
2018 567 2157 622 alius

563 660 814 717 etiam'de
843 659 1112 732 Egyptiis
1155 659 1477 731 Libycisque
1503 658 1689 713 ferulis
1720 657 1887 713 sudor
1913 665 2152 713 emanat.

564 751 731 805 Fama
761 758 844 807 est
871 765 1088 821 quoque
1116 751 1260 820 quod
1306 751 1564 806 electrum
1609 750 1844 820 lacryma
1873 750 1942 804 sit
1969 749 2159 818 cujus-

565 843 688 897 dam
717 842 867 912 ligni,
901 858 1053 898 more
1081 841 1276 912 lapidis
1304 843 1591 897 obdurata.
1623 841 1788 910 Cujus
1815 842 1893 896 rei
1922 842 2162 935 testimo-

565 933 656 988 nio
687 940 812 988 sunt
839 933 1059 998 surculi,
1092 934 1182 987 vel
1211 934 1463 988 muscula:
1490 948 1687 1002 parvzc,
1720 947 1839 1001 qua:
1871 932 2161 987 co'nsiden-~

567 1021 651 1080 tes
680 1026 735 1079 in
767 1024 955 1079 electri
983 1024 1252 1078 manantis
1279 1039 1461 1088 succo,
1494 1040 1617 1079 cum
1663 1023 1939 1092 gelaretur
1988 1024 2161 1078 haese-

567 1124 713 1170 runt.
741 1115 810 1169 Et
831 1115 1056 1169 omnino
1086 1114 1153 1170 de
1183 1130 1371 1169 eorum
1395 1115 1769 1186 qualitatibus,
1793 1115 1894 1169 nisi
1943 1115 2035 1182 qui
2064 1129 2163 1168 ex-

568 1205 830 1276 periendo
853 1205 1047 1261 doctus
1076 1205 1258 1270 fuerit,
1283 1206 1497 1275 plenam
1515 1206 1780 1260 rationem
1799 1205 2040 1275 proferre
2057 1208 2167 1261 non’

568 1298 775 1369 poterit
801 1315 813 1350 :
845 1297 1127 1368 quomodo
1155 1298 1350 1352 iterum
1379 1314 1447 1352 ex
1475 1299 1591 1367 ipso
1615 1298 1873 1365 humore,-
1893 1298 2018 1352 vitis
2046 1298 2166 1367 qui-

574 1387 699 1443 dem
724 1388 911 1443 vinum
941 1397 1184 1457 generat,
1215 1389 1333 1443 olea
1375 1389 1574 1444 oleum.
1606 1388 1674 1442 Et
1704 1405 1813 1443 non
1861 1390 2034 1444 solum
2062 1391 2168 1445 hoc

571 1479 823 1533 mirabile
849 1487 952 1545 est,
982 1479 1108 1547 quia
1133 1478 1308 1533 dulcis
1331 1465 1447 1546 hic,
1471 1487 1527 1532 et
1556 1480 1630 1533 ibi
1655 1480 1868 1548 pinguis
1897 1480 2162 1534 eﬂicitur:

571 1568 672 1625 sed
696 1568 842 1637 quod
866 1569 919 1621 in
947 1569 1075 1637 ipsis
1105 1569 1368 1622 fructibus
1396 1570 1681 1638 multiplex
1709 1570 1996 1624 admodum
2026 1569 2052 1608 δ
2076 1587 2166 1625 sa-

571 1658 726 1729 poris
755 1657 1054 1712 mutatione
1082 1658 1502 1727 demonstratur.
1528 1659 1646 1713 Alia
1670 1670 1753 1715 est
1774 1661 1917 1716 enim
1935 1661 2167 1718 dulcedi-

571 1749 658 1805 nis
679 1750 910 1818 qualitas
940 1748 992 1802 in
1023 1764 1148 1813 uva,
1176 1749 1280 1802 alia
1318 1750 1374 1803 in
1403 1751 1566 1816 malo,
1600 1752 1704 1805 alia
1734 1752 1787 1805 in
1814 1751 1948 1819 ﬁcu,
1977 1754 2082 1808 alia
2112 1755 2166 1808 in

2267 567 2529 622 montium
2578 566 2862 623 arboribus
2911 569 3181 623 comantia
3233 570 3673 639 crebrescebant,
3722 575 3869 635 hort!

2265 659 2625 729 cernebantur
2646 658 2866 724 exculti,
2890 658 3020 729 ripas
3046 658 3325 715 ﬂuminum
3345 661 3573 719 diversis
3594 664 3868 723 frondium

2262 728 2550 818 generibus
2596 728 2966 820 replebantur.
3019 750 3258 819 Quarum
3307 755 3553 823 quaedam
3594 757 3870 829 dispositae

2265 850 2390 894 sunt
2425 857 2640 897 mensas
2682 858 2950 899 exornare
2995 844 3330 911 mortalium,
3363 849 3633 922 nonnulla;
3670 851 3869 921 pabula

2267 936 2507 1007 praebere
2538 936 2852 1006 pecudibus,
2885 937 3002 993 alite
3041 939 3350 994 medicandi
3377 941 3563 998 usibus
3605 954 3628 980 θ
3670 953 3866 1016 aptan—

2267 1036 2383 1094 tur;
2415 1036 2490 1095 et,
2526 1037 2587 1083 ut
2622 1031 2849 1101 carptim
2883 1031 3081 1097 dicam,
3125 1047 3463 1105 quascunque
3504 1038 3660 1094 nobis
3697 1054 3866 1111 expe-

2266 1121 2460 1175 rientia
2487 1137 2670 1177 rerum
2697 1121 2948 1177 diuturna
2976 1125 3266 1192 congessit,
3297 1125 3534 1195 undique
3561 1131 3868 1196 necessaria

2268 1213 2546 1281 colligens,
2577 1214 2694 1269 hiec
2721 1214 3058 1270 velocissime
3079 1215 3409 1286 dispensatio
3436 1217 3768 1286 Conditoris,
3797 1224 3868 1280 ab

2269 1304 2424 1358 initio
2463 1303 2640 1358 futura
2679 1305 3012 1375 prospiciens
3051 1308 3300 1375 generari
3341 1309 3632 1365 constituit.
3665 1311 3778 1367 Sed
3811 1321 3867 1368 tu

2271 1409 2395 1450 cun
2431 1395 2629 1450 videris
2673 1395 2988 1463 domestica,
3038 1398 3304 1454 silvestria
3343 1409 3573 1468 terrena,
3615 1405 3863 1472 aquaria,

2273 1485 2459 1554 ﬂorea,
2493 1488 2754 1556 majorem
2793 1504 3121 1558 recognosce
3166 1507 3262 1562 per
3306 1494 3550 1561 minima,
3579 1495 3654 1549 ita
3679 1504 3866 1553 tamen

2274 1585 2334 1632 ut
2361 1578 2704 1634 admirationi
2753 1578 2984 1651 propria:
3025 1581 3367 1638 dilectionem
3412 1585 3687 1641 Creatoris
3735 1588 3871 1657 adji-

2272 1670 2403 1735 cias,
2436 1671 2756 1741 inquirendo
2787 1670 3242 1741 quemadmodum
3272 1685 3422 1758 certa
3449 1677 3719 1746 lignorum
3747 1679 3874 1736 facit

2273 1777 2486 1831 semper
2511 1777 2631 1817 esse
2658 1763 2906 1830 virentia,
2940 1765 3196 1819 nonnulla
3220 1780 3344 1842 qua:
3374 1768 3647 1823 nudantur
3671 1770 3872 1841 hyber-

572 1841 818 1912 dactylo.—
842 1840 984 1895 Volo
1013 1851 1033 1879 ο
1062 1841 1244 1909 itaque
1266 1849 1322 1896 te
1348 1842 1524 1897 adhuc
1552 1842 1658 1898 hoc
1679 1845 2010 1901 enucleatius
2036 1863 2167 1902 exa-
2202 1855 2247 1916 Β
2275 1869 2367 1917 no,
2399 1861 2455 1907 et
2481 1868 2667 1910 rursus
2695 1869 2883 1908 eorum
2911 1871 3030 1924 quae
3060 1840 3274 1928 semper
3301 1858 3531 1915 virentia
3554 1869 3696 1926 sunt,
3715 1840 3872 1932 qua:-

573 1933 782 1987 minare
813 1934 1118 2001 negotium;
1143 1934 1417 2002 quomodo
1449 1935 1713 1990 labiorum
1735 1939 1936 2004 sensui,
1967 1942 2168 2007 gustui-

573 2039 682 2095 que
711 2024 1103 2094 placidissimus
1132 2025 1345 2079 videtur
1371 2027 1589 2093 humor,
1613 2043 1737 2083 cum
1769 2029 1821 2082 in
1849 2031 2168 2100 quibusdam

573 2115 757 2185 pomis
808 2114 972 2168 alma
1025 2116 1362 2183 maturitate,
1392 2117 1678 2182 dulcescit,
1713 2119 1767 2173 in
1797 2120 1916 2176 aliis
1945 2123 2169 2179 acerbus

486 2195 502 2208 ”
574 2208 809 2264 habetur
831 2214 891 2264 et
911 2207 1104 2262 anxius
1133 2224 1254 2263 cum
1285 2209 1504 2263 acescit.
1525 2209 1824 2265 Contristat
1844 2220 2026 2267 autem
2049 2229 2171 2270 sen-

574 2317 695 2357 sum
725 2317 823 2370 per
851 2301 1262 2356 amaritudinem
1292 2301 1514 2355 nimiam
1540 2321 1552 2355 :
1587 2318 1707 2358 cum
1728 2320 1787 2359 se
1809 2306 1863 2359 in
1885 2307 2170 2378 absynthio

573 2391 664 2445 vel
714 2391 767 2444 in
820 2391 1093 2445 scamonia
1123 2390 1412 2445 diffuderit.
1445 2391 1503 2446 In
1544 2395 1766 2460 quernis
1819 2411 1969 2463 vero,
2001 2399 2089 2453 vel
2119 2399 2173 2453 in

573 2481 790 2537 corneis
812 2482 1004 2550 pomis,
1027 2481 1274 2551 stipticus
1294 2491 1350 2537 et
1379 2483 1546 2541 durus
1563 2485 1823 2553 efﬁcitur;
1855 2489 1911 2543 in
1935 2491 2174 2546 terebin-

575 2571 673 2626 tho
703 2578 884 2626 autem
911 2571 1000 2627 vel
1018 2587 1172 2638 nuce,
1205 2573 1424 2630 mollem
1448 2577 1641 2648 recipit
1661 2579 2022 2651 pinguemque
2054 2587 2177 2641 sub-

575 2667 856 2722 stantiam.

657 2759 709 2811 9.
740 2758 847 2812 Sed
879 2773 976 2812 cur
1005 2756 1028 2794 ἀ
1051 2759 1357 2832 longinqua
1386 2763 1766 2834 prosequimur
1790 2806 1805 2832 ,
1837 2780 1961 2820 cum
1990 2767 2045 2821 in
2073 2783 2179 2823 una

589 2835 888 2917 eademque
912 2849 1031 2916 licu,
1047 2852 1210 2925 modo
1231 2855 1599 2910 amarissimus
1613 2856 1685 2912 sit
1706 2857 1900 2912 humor
1921 2857 1976 2912 in
1997 2875 2176 2925 succo,

584 2939 749 2993 modo
777 2924 1118 2996 dulcissimus
1148 2943 1205 2997 in
1238 2943 1445 3012 fructu,
1487 2947 1543 3002 in
1578 2947 1684 3002 vite
1721 2956 1902 3003 autem
1931 2951 2002 3004 sit
2028 2965 2182 3006 acer-

582 3028 684 3082 bus
721 3043 842 3082 cum
881 3031 1165 3098 germinat,
1198 3036 1377 3100 suavis
1406 3037 1461 3090 in
1504 3053 1606 3092 uva
1650 3041 1899 3094 matura?
1926 3039 2182 3097 Colorum

584 3133 801 3188 quoque
855 3129 1086 3188 quantas
1122 3124 1270 3179 dicas
1325 3141 1444 3181 esse
1497 3128 1896 3186 discretiones?
1941 3131 2183 3202 Denique

2272 1943 2395 1997 dam
2417 1943 2592 1998 solent
2612 1944 2737 1999 folia
2760 1955 2970 2001 mutare
2991 1947 3238 2015 latenter,
3265 1958 3326 2004 ut
3345 1966 3445 2021 per
3464 1951 3569 2008 hoc
3595 1968 3870 2023 nunquam

2272 2034 2482 2103 possint
2519 2036 2750 2104 propriis
2793 2036 3072 2094 frondibus
3113 2041 3351 2112 spoliari,
3381 2043 3521 2098 sicut
3558 2043 3575 2082 ί
3619 2053 3702 2100 est
3731 2048 3872 2102 oliva

2274 2123 2360 2178 vel
2390 2124 2580 2194 pinus;
2607 2125 2710 2180 alia
2738 2129 3084 2198 sempiternis
3105 2131 3287 2195 induta
3309 2134 3450 2192 foliis
3471 2151 3590 2191 esse
3611 2140 3872 2210 praecipit,

2275 2222 2334 2267 ut
2378 2216 2626 2284 palmam,
2659 2219 2854 2286 quibus
2882 2235 2949 2274 ex
2990 2222 3270 2292 principali
3309 2227 3702 2293 germinatione
3744 2247 3872 2300 per-

2275 2307 2444 2373 ceptis
2481 2322 2650 2376 usque
2690 2309 2759 2363 ad
2802 2319 3107 2367 extremum
3139 2314 3299 2370 tinem
3333 2317 3569 2374 creditur
3595 2336 3716 2375 esse
3738 2337 3877 2378 con-

2275 2404 2442 2451 tenta.
2473 2397 2606 2452 lllud
2627 2415 2843 2470 quoque
2865 2403 3165 2470 considera,
3190 2408 3461 2474 quomodo
3484 2411 3649 2466 arbor
3669 2429 3730 2468 ea
3752 2429 3874 2483 qua!

2278 2491 2480 2561 myrice
2505 2493 2833 2558 nominatur,
2866 2495 3014 2551 velut
3042 2499 3277 2568 ambigui
3305 2503 3518 2569 generis
3543 2512 3644 2570 est,
3674 2507 3872 2577 quippe

2277 2601 2398 2655 quae
2428 2603 2536 2641 non
2563 2587 2742 2643 minus
2770 2589 2905 2644 locis
2934 2590 3324 2648 humidioribus
3362 2611 3521 2664 quam
3558 2598 3875 2656 siccioribus

2279 2676 2597 2732 delectatur.
2634 2675 3035 2750 Proptcr'quod
3065 2675 3363 2740 Hieremias
3394 2686 3538 2756 (xvn,
3571 2687 3658 2758 16)
3687 2705 3872 2748 mores

2281 2769 2460 2837 varios
2477 2777 2532 2824 et
2551 2770 2837 2826 mutabiles
2856 2773 2980 2828 huic
3002 2773 3230 2842 virgulto
3247 2777 3534 2844 prudenter
3550 2782 3865 2850 :equiparat.

2267 2885 2276 2889 -
2353 2860 2438 2914 10.
2474 2859 2738 2916 Germinet
2764 2873 2921 2917 terra.
2949 2864 3116 2934 Igitur
3141 2882 3304 2936 parva
3333 2869 3433 2923 ista
3462 2873 3746 2942 praeceptio
3770 2890 3871 2931 eo-

2281 2953 2358 3021 git
2387 2967 2507 3006 eam
2544 2953 2687 3008 vires
2718 2956 2965 3025 proprias
2994 2967 3019 3003 ις
3049 2966 3279 3025 quantas
3314 2960 3493 3026 habet,
3526 2964 3746 3033 singulis
3773 2983 3873 3021 an-o

2283 3061 2475 3100 norum
2521 3046 2800 3101 curriculis
2840 3048 2908 3122 ad
2947 3047 3338 3105 informandum
3363 3036 3531 3121 genus
3559 3056 3869 3128 herbarum,

2282 3137 2548 3190 seminum
2593 3137 2964 3208 lignorumque
3003 3140 3321 3208 producere.
3371 3142 3504 3199 Nam
3542 3147 3680 3202 sicut
3713 3151 3870 3220 turbo

579 3209 629 3262 si
664 3210 879 3276 quando
922 3213 1086 3272 ﬂorea
1129 3231 1255 3270 rura
1300 3222 1633 3288 respexeris,
1684 3222 1888 3278 videbis
1933 3225 2182 3283 eumdem
2210 3225 2256 3288 C
2288 3228 2496 3297 pineus,
2527 3229 2637 3283 ictu
2667 3230 2861 3300 prioris
2890 3232 3128 3288 verberis
3159 3235 3428 3303 incitatus,
3460 3243 3695 3296 curvatis
3737 3260 3865 3314 spa-

588 3299 840 3366 iquorem
864 3341 878 3366 ,
937 3304 1208 3370 quomodo
1266 3309 1523 3374 puniceus
1571 3311 1788 3378 quidem
1837 3314 2067 3370 habetur
2122 3319 2178 3373 in

575 3392 682 3450 hoc
730 3393 891 3462 ﬂore,
940 3412 1242 3467 purpureus
1288 3408 1467 3456 autem
1517 3404 1597 3458 vel
1632 3405 1929 3474 candidus,
1962 3410 2047 3464 vel
2077 3426 2175 3464 au-

576 3499 732 3540 rosus
760 3487 834 3540 in
867 3488 991 3554 alio,
1041 3489 1406 3561 majoremque
1455 3510 1640 3550 rursus
1687 3497 1870 3553 odoris
1917 3499 2174 3558 diﬂeren—

493 3565 497 3567 ’
575 3577 728 3646 tiam,
760 3593 922 3647 quam
951 3581 1147 3638 coloris
1193 3585 1446 3640 ostendit.
1497 3586 1605 3643 Sed
1654 3588 1765 3658 jam
1820 3591 1995 3647 sentio
2041 3595 2173 3648 mihi

573 3685 884 3725 sermonem
913 3672 966 3726 in
994 3673 1253 3729 immensa
1287 3677 1461 3746 spatia
1491 3680 1964 3749 contemplationis
1994 3683 2169 3750 avidi-

575 3767 690 3814 tate
743 3777 1078 3832 proserpere.
1135 3765 1306 3831 Quem
1358 3769 1461 3823 nisi
1509 3771 1749 3826 vinctum
1813 3773 1880 3827 ad
1931 3777 2169 3832 necessi-

577 3857 747 3906 tatem
774 3862 1034 3909 creaturae
1078 3855 1360 3926 redegero,
1398 3859 1513 3915 dies
1540 3877 1627 3917 me
1663 3862 1908 3932 profecto
1936 3864 2166 3934 deliCiet,

575 3946 913 4014 magniﬁcam
943 3949 1096 4005 vobis
1122 3953 1463 4022 sapientiam,
1489 3969 1556 4008 ex
1590 3952 1857 4011 minorum
1885 3973 2169 4027 compara-

574 4037 725 4118 tione
764 4039 1105 4108 pandentem.
1139 4041 1401 4098 Germinet
1433 4053 1569 4098 terra
1607 4045 1805 4116 lignum
1850 4049 2168 4118 fructuosum

593 4164 596 4168 ’
648 4175 676 4204 ιι
696 4165 858 4232 Editi,
891 4169 1121 4240 lacryma
1144 4173 1293 4226 acini.
1321 4171 1506 4229 Codex
1533 4183 1740 4240 noster,
1767 4179 1950 4232 schini.
1975 4179 2161 4236 Gnece

593 4236 720 4289 apud
747 4236 1000 4289 Basilium
1030 4247 1252 4289 ayivouJ

577 4250 720 4306 apud
747 4250 1000 4316 nasuium
1030 4250 1252 4320 σ’χίνοιζ.ε
1753 4315 1763 4326 .
2120 4322 2131 4329 _

646 4303 675 4344 δ
704 4303 868 4386 Edtti,
898 4323 1102 4388 saporis
1129 4311 1436 4388 imitatione.
1489 4313 1643 4388 Colb.
1686 4330 1920 4384 primus,
1952 4336 2158 4388 saporis

574 4376 877 4451 mulatione.
911 4375 1065 4451 Gelb.
1115 4384 1415 4451 secundus,
1463 4384 1666 4450 saporis
1687 4375 1965 4451 'mutatio;
1997 4375 2053 4443 et
2081 4391 2155 4444 ita

574 4460 792 4520 quoque
801 4447 870 4520 _in
899 4448 1068 4520 veteri
1097 4457 1282 4520 nostro
1311 4449 1448 4503 libro
1478 4447 1738 4520 scriptum
1763 4464 1846 4509 est
1874 4447 2037 4512 manu
2071 4476 2155 4515 se-

573 4512 769 4588 (funda.
793 4512 996 4588 Graece,
1020 4518 1049 4572 ἡ
1075 4517 1375 4588 πᾳρᾳλλαγή
1396 4527 1486 4580 τῆς
1514 4512 1803 4586 ποῖότητος.

650 4580 685 4661 ο,
704 4581 922 4649 Antiqui
950 4581 1057 4636 duo
1077 4580 1217 4651 libri,
1249 4580 1360 4641 volo
1381 4589 1553 4661 itaque
1579 4601 1645 4647 te.
1677 4580 1812 4652 illud
1839 4604 1889 4650 te
1918 4599 1972 4653 in
1995 4600 2154 4656 editis
2185 4631 2236 4693 ι)

650 4649 924 4693 sulm-amr.

573 4648 928 4705 desideratur.

570 4717 862 4864 ῃὺίἰᾳαιὶἀίιὶ,
894 4721 1167 4798 longinque
1192 4733 1567 4801 prosequimur.
1601 4735 1747 4793 Libri
1773 4715 2005 4806 veteres,
2039 4742 2156 4797 lon-

2280 3322 2370 3376 tiis
2415 3336 2575 3393 gyros
2624 3324 2857 3394 explicat
2902 3333 3193 3392 tortuosos,
3237 3337 3507 3401 acutoque
3555 3334 3865 3394 fundamine

2279 3414 2450 3468 semel
2475 3412 2683 3468 deﬁxus
2711 3418 3001 3486 semetipse
3028 3419 3333 3474 circumfert
3357 3439 3370 3487 ;
3405 3422 3476 3477 ita
3501 3435 3704 3482 naturas
3729 3431 3866 3485 ratio

2279 3520 2348 3558 ex
2377 3506 2554 3574 priore
2576 3505 2670 3562 Dei
2700 3509 2953 3564 mandato
2981 3511 3169 3565 sortita
3195 3512 3533 3585 principium,
3569 3535 3666 3588 per
3702 3538 3863 3576 omne

2276 3598 2680 3665 transitaevum,
2711 3599 2882 3654 donec
2912 3601 2978 3654 ad
3007 3617 3345 3659 communem
3370 3609 3652 3664 terminum
3683 3609 3861 3668 ﬁnem-

2279 3703 2385 3756 que
2420 3691 2714 3760 pcrveniat.
2755 3691 2834 3746 Ad
2875 3695 3033 3762 quem
3065 3712 3164 3751 nos
3193 3707 3404 3767 quoque
3433 3701 3692 3757 bonorum
3724 3722 3859 3775 ope-

2279 3798 2396 3836 rum
2425 3784 2616 3853 repleti
2647 3785 2903 3840 fructibus
2943 3804 3310 3858 properemus,
3342 3799 3397 3846 ut
3425 3793 3642 3866 plantati
3673 3797 3726 3850 in
3754 3797 3849 3852 ilo-

2279 3889 2368 3928 mo
2399 3874 2630 3940 Domini,
2653 3875 2938 3933 ﬂoreanius
2961 3880 3012 3933 in
3035 3881 3154 3935 aula
3179 3881 3271 3937 Dei
3296 3883 3527 3952 piissimi,
3554 3885 3605 3938 in
3633 3885 3852 3944 Christo

2276 3962 2421 4030 Jesu,
2445 3967 2528 4020 cui
2558 3968 2724 4036 gloria
2752 3976 2806 4023 et
2829 3970 3004 4025 honor
3025 3972 3094 4026 sit
3117 3989 3353 4045 semper,
3379 3983 3433 4030 et
3460 3975 3512 4031 in
3538 3979 3732 4034 secula
3756 3995 3860 4035 sie-

2275 4055 2537 4110 culorum.
2565 4057 2753 4113 A°men.

2340 4196 2362 4277 ς
2395 4186 2546 4277 Colb.
2593 4192 2880 4273 secundus,
2913 4197 3107 4277 usibus_
3127 4201 3460 4277 optabuntur.
3491 4205 3766 4277 Sequitur
3804 4211 3859 4266 in

2264 4256 2508 4335 vulgatis,
2542 4262 2678 4335 quia,
2711 4275 2766 4315 ut
2807 4256 3024 4334 carptim
3055 4256 3241 4324 dicunt.
3288 4256 3357 4326 At

2261 4327 2533 4402 veteribus
2554 4327 2819 4401 scriptum
2850 4327 3148 4392 invenimus
3179 4342 3254 4394 ita
3277 4353 3335 4396 ut
3363 4327 3646 4402 edidit—tinus“.

2337 4394 2356 4433 ί
2388 4395 2525 4476 illud
2549 4410 2625 4453 est
2654 4394 2728 4476 erg
2750 4406 2982 4476 antiquis
3009 4408 3220 4464 duobus
3244 4394 3811 4476 librisadde-redimiit.

2331 4476 2356 4512 8
2549 4487 2670 4525 cum
2690 4471 2842 4554 Colb.
2870 4465 3066 4560 lirium,
3089 4465 3860 4560 ιμιαιιιαὲῨῙιξ-ίᾷξὲἦάιλῖδιῖἶηι

2257 4538 2547 4630 curriculis,
2579 4543 2826 4630 pessime.
2870 4535 3065 4630 Codex'
3092 4535 3277 4606 noster

2259 4616 2480 4697 qugntas
2524 4610 2695 4697 habet,
2737 4616 2978 4697 singulis.
3006 4635 3261 4697 annontm
3307 4610 3854 4697 curriculis:

2263 4680 2371 4772 ἔξιθ’
2395 4681 2611 4772 ἐκῐὰἷτην
2635 4682 2778 4772 ἕτξους
2805 4680 3054 4772 τξερίξᾷωρ
3082 4689 3284 4772 Ibidem
3315 4694 3465 4766 editi,

2263 4746 2404 4801 dum.
2438 4747 2584 4805 Libri
2606 4760 2838 4819 veteres,
2871 4746 2942 4810 'ad
2962 4746 3371 4830 informandum:

587 4924 2530 4978 ~___.______________

2541 4964 3831 5000 —.___._____________

1589 5011 2067 5120 LIBER
2137 5019 2530 5130 SEX]
2583 5024 2812 5135 U'S.

637 5162 690 5216 1.
735 5162 1126 5221 Athleticorum
1156 5172 1513 5227 certaminum
1553 5184 1905 5248 Spectatores,
1939 5192 2154 5253 oportet

565 5251 938 5310 dimicantium
969 5257 1292 5341 valet/udinis
1318 5277 1437 5318 esse
1467 5274 1762 5333 consortes,
1795 5271 1939 5337 quod
1969 5251 2036 5327 ab
2058 5275 2166 5328 edi-

564 5341 773 5395 toribus
820 5343 1068 5400 ludorum
1122 5347 1422 5408 lustralium
1473 5356 1629 5411 facile
1680 5358 2018 5440 probabitur,
2066 5366 2158 5434 qui

562 5439 916 5500 congregatos
954 5436 1008 5489 in
1054 5440 1227 5495 stadio
1273 5443 1474 5500 nudato
1519 5449 1693 5527 capite
1732 5436 1920 5508 sedere
1965 5459 2156 5523 princi-

560 5522 733 5593 piunt.
767 5521 1077 5596 Propterea,
1103 5540 1161 5584 ut
1182 5534 1309 5587 mihi
1333 5537 1560 5605 videtur,
1594 5557 1663 5596 ne
1685 5525 1799 5598 non
1829 5521 2002 5601 solum
2026 5565 2158 5622 spe-_

559 5623 735 5673 ctator
789 5619 1001 5676 intersit
1054 5627 1451 5696 unusquisque,
1510 5632 1603 5687 sed
1657 5637 1820 5692 etiam
1878 5641 2151 5722 particeps

627 5772 657 5813 ά
682 5775 826 5834 Editi
855 5793 907 5836 et
933 5784 1039 5840 duo
1068 5800 1216 5842 mss..
1251 5792 1435 5845 uartiri
1464 5793 1655 5851 laboris
1691 5799 1860 5870 hujus,

2260 5188 2474 5244 sudoris
2503 5193 2718 5248 existat.
2757 5195 2836 5251 lta
2876 5199 3126 5256 videlicet
3157 5204 3510 5263 maximorum
3554 5218 3715 5280 atque
3755 5229 3856 5270 cx-

2264 5281 2571 5336 cellentium
2619 5289 3048 5354 spectaculorum
3100 5296 3474 5364 qum'sitorem,
3527 5310 3581 5355 et
3629 5318 3854 5359 summm

2261 5375 2536 5443 sapientiae
2558 5386 2720 5446 atque
2743 5380 3024 5438 ineﬂ‘abilis
3046 5387 3350 5445 auditorem
3375 5396 3628 5448 convenit
3656 5395 3855 5453 aﬂ‘erre

2259 5469 2504 5538 proprias
2540 5486 2728 5529 causas
2771 5475 2839 5531 ad
2879 5482 3390 5552 contemplationem
3429 5489 3507 5543 rei
3535 5493 3848 5561 prepositm,

2256 5575 2573 5630 mecumque
2605 5575 2630 5601 τι
2659 5569 2848 5637 partiri
2887 5571 3084 5629 laboris
3115 5591 3270 5642 onus,
3302 5588 3363 5633 ut
3388 5582 3606 5650 poterit,
3637 5584 3850 5655 socium

2255 5665 2314 5705 se
2354 5653 2523 5722 magis
2549 5657 2815 5717 arbitrans
2854 5671 3032 5721 astare
3079 5682 3240 5736 quam
3277 5669 3545 5740 judicem;
3597 5653 3667 5731 ne
3703 5675 3847 5734 forte

1893 5812 1948 5856 ut
1987 5810 2375 5907 poterin-Coll).
2404 5816 2692 5889 secundus,
2713 5823 2898 5891 partiri
2927 5823 3118 5880 laboris
3140 5843 3290 5894 onus,
3321 5835 3376 5881 ut
3393 5831 3608 5896 poterit.
