4192 6258
296 329 402 386 ΩἮ

1312 321 1706 379 HEXAEMERI
1743 321 2224 383 METAPHRASIS
2261 324 2466 382 LIBER
2500 323 2590 379 Vl.

3464 322 3574 384 9‘22

269 456 271 459 '
299 445 486 504 lateat
521 459 619 502 nos
653 443 894 500 veritatis
929 441 1184 504 inventio,
1216 448 1271 495 et
1306 454 1425 495 mea
1464 439 1618 510 culpa
1647 437 1737 493 ﬁat
1765 454 1886 493 cum
1914 443 1965 502 Α
1992 447 2100 496 tem
2131 441 2427 510 transgredi
2448 456 2555 496 non
2584 439 2781 512 queat?
2805 437 2978 494 Decor
2999 445 3176 492 autem
3203 444 3406 494 naturae
3427 439 3573 496 velut

303 538 654 595 auditoribus
688 549 973 592 commune
1000 530 1355 602 dispendium.
1403 530 1642 596 Quorsus
1677 531 1787 584 hare
1813 529 1896 587 di-

309 631 531 687 xerim?
552 630 684 696 Quia
729 627 976 682 videlicet
1009 624 1283 695 proposita
1319 623 1472 678 nobis
1500 630 1584 676 est
1610 622 1899 691 disputatio

307 722 381 778 de
413 721 602 777 mundi
630 719 1041 790 compositione,
1088 732 1196 771 non
1242 731 1310 770 ex
1348 713 1589 769 saeculari
1638 712 1900 783 sapientia

309 822 483 869 nacta
511 811 846 882 principium,
875 808 967 864 sed
991 823 1057 862 ex
1075 797 1268 877 quibus
1292 804 1546 860 famulum
1574 819 1728 859 suum
1749 803 1901 874 Moy-

309 917 414 958 sen
464 901 720 956 Dominus
757 899 937 954 docuit
972 897 1026 950 iu
1069 896 1268 966 specie,
1303 911 1410 950 non
1438 910 1537 964 per
1567 893 1789 963 ﬁguram
1818 893 1901 948 lo-

310 1000 484 1046 cutus
518 991 584 1045 ad
609 1004 749 1044 eum.
794 987 935 1056 Ergo
965 1001 1182 1042 necesse
1222 993 1304 1040 est
1333 985 1686 1040 maximarum
1723 997 1903 1038 rerum

311 1080 744 1136 studiosissimos
767 1084 1118 1148 spectatores,
1146 1086 1173 1114 ι
1197 1091 1304 1131 non
1329 1076 1680 1130 inexercitato
1703 1075 1900 1139 animo,

310 1171 708 1240 quzestionibus
732 1170 988 1225 interesse
1017 1167 1386 1238 prtesentibus.
1409 1165 1592 1234 Itaque
1618 1165 1664 1219 si
1693 1164 1905 1234 quando

312 1263 420 1318 sub
440 1263 734 1317 serenitate
755 1267 1034 1324 nocturna,
1067 1257 1386 1321 ineﬁ‘ahilem
1415 1257 1649 1312 siderum
1671 1257 1906 1328 pulchri-

313 1351 564 1406 tudinem
594 1351 621 1390 ιι
651 1350 1028 1420 desuspexisti,
1062 1349 1223 1404 credo
1263 1357 1316 1404 te
1359 1357 1573 1418 captum
1617 1348 1684 1403 de
1728 1363 1906 1402 rerum

310 1443 567 1498 omnium
609 1442 888 1498 conditore
929 1441 1202 1511 quaesisse,
1226 1441 1344 1510 quis
1386 1439 1604 1496 ﬁoribus
1644 1439 1906 1509 ejusmodi

2001 533 2190 588 oculus
2213 532 2430 600 quidam
2461 531 2773 600 perspicuus
2812 536 3183 584 ornamentum
3224 529 3418 583 mundo
3445 546 3572 600 per-

2001 625 2166 678 hibet.
2199 623 2256 677 Si
2285 615 2600 677 insatiabilis
2627 630 2708 676 est
2745 621 2861 689 ejus
2889 621 3147 690 aspectio,
3176 619 3349 690 qualis
3377 621 3431 675 in
3454 622 3571 692 pul-

2002 715 2303 778 chritudine
2331 714 2410 776 sol
2433 713 2704 783 putabitur
2723 728 2840 766 esse
2858 711 3111 781 iustitiae?
3134 710 3191 766 Si
3210 727 3352 768 ceco
3366 713 3576 782 jactura

2003 814 2087 862 est
2125 808 2265 861 hunc
2314 821 2419 860 non
2468 805 2658 868 visere,
2697 812 2954 874 quantum
2997 803 3330 875 dispendium
3377 807 3576 876 patitur

2002 909 2274 970 peccator,
2301 915 2424 954 vera
2454 899 2572 952 luce
2597 896 2908 951 fraudatus?

2073 990 2128 1044 2.
2159 989 2230 1043 Et
2258 990 2388 1043 diait
2426 988 2566 1044 Deus
2597 1004 2613 1041 :
2644 986 2806 1041 Fiant
2834 987 3111 1042 luminaria
3155 987 3209 1040 in
3255 989 3581 1058 ﬁrmamento

2006 1081 2116 1135 cali
2145 1080 2214 1133 ad
2239 1079 2636 1133 illuminandam
2677 1087 2885 1141 terram,
2929 1087 2980 1131 et
3016 1077 3246 1132 dividant
3287 1079 3420 1134 inter
3446 1081 3582 1136 diem

2005 1180 2054 1226 et
2088 1181 2307 1226 noctem.
2339 1169 2546 1224 Caelum
2574 1168 2778 1223 scilicet
2805 1175 2862 1222 et
2891 1175 3030 1222 terra
3058 1179 3459 1237 praecesserant,
3491 1171 3584 1228 lux

2006 1280 2168 1334 super
2189 1263 2271 1317 his
2295 1261 2409 1330 jam
2439 1260 2612 1314 fuerat
2631 1259 2904 1325 fabricata,
2933 1259 3046 1314 dies
3067 1274 3097 1313 a
3121 1267 3276 1316 nocte
3302 1261 3584 1332 discretus,

2007 1353 2155 1408 arida
2173 1353 2283 1422 jam
2311 1351 2547 1406 revelata
2570 1357 2706 1416 erat,
2729 1365 2865 1419 aqua
2887 1357 3205 1419 congregata
3228 1351 3281 1404 in
3301 1352 3584 1407 stationem

2007 1445 2108 1499 sibi
2152 1443 2494 1513 deputatam,
2543 1449 2683 1494 terra
2730 1441 2839 1495 suis
2889 1449 3006 1495 erat
3051 1441 3308 1496 fructibus
3350 1443 3583 1511 repleta;

167 1891 174 1897 ’
260 1957 268 1963 _
315 1894 487 1948 betur
527 1892 808 1947 invisibilis
838 1893 1115 1963 reputasti,
1147 1893 1367 1947 omnino
1414 1902 1693 1963 promptus
1722 1893 1787 1948 ad
1817 1910 1910 1948 au-

311 1534 526 1589 coslum
553 1533 860 1598 variaverit,
889 1540 945 1586 et
980 1533 1250 1601 quomodo
1293 1533 1346 1587 in
1385 1533 1448 1587 iis
1476 1548 1594 1603 qua:
1620 1540 1910 1587 cernuntur
2009 1535 2205 1605 quippe
2233 1549 2352 1602 qua:
2383 1540 2462 1588 tot
2489 1532 2775 1587 herbarum
2804 1531 2967 1584 millia
2995 1531 3387 1598 geminaverat
3415 1537 3471 1584 et
3489 1545 3587 1586 va-

312 1623 504 1692 major
540 1623 896 1678 delectatione
938 1622 1198 1692 probatur
1232 1623 1450 1688 utilitas,
1487 1623 1723 1691 itemque
1751 1623 1796 1677 si
1824 1623 1907 1677 in-
2011 1626 2103 1679 riis
2124 1625 2424 1694 plantarum
2451 1621 2736 1688 generibus
2764 1619 3068 1674 abundabat
3101 1637 3112 1671 :
3145 1619 3430 1674 solantem
3459 1633 3588 1675 nec-

315 1713 529 1778 terdiu;
558 1715 735 1768 sobria
781 1722 963 1768 mente
1000 1713 1310 1777 discutiens,
1343 1713 1693 1768 considerasti
1721 1713 1908 1767 diurna
2015 1715 2140 1770 dum
2167 1723 2282 1769 erat
2309 1722 2363 1768 et
2390 1713 2535 1778 luna,
2567 1727 2635 1766 ne
2672 1711 2967 1780 principem
3001 1709 3240 1764 videlicet
3279 1717 3590 1779 patremque

318 1813 344 1843 ο
379 1803 666 1868 miracula,
687 1809 792 1871 per
818 1802 1212 1871 visibiliumque
1239 1803 1524 1869 rationem,
1546 1818 1668 1857 eum
1693 1804 1782 1871 qui
1810 1803 1906 1857 ha—
1935 1800 1983 1860 B
2009 1804 2220 1859 luminis
2248 1819 2368 1858 eum
2397 1808 2673 1864 vocarent,
2703 1800 2787 1854 vcl
2815 1807 3089 1853 auctorem
3120 1814 3151 1853 e
3188 1805 3328 1853 terra
3359 1813 3583 1854 nascen-

2015 1900 2164 1963 tium,
2216 1898 2307 1967 qui
2359 1896 2526 1949 Deum
2580 1892 2841 1957 nesciunt,
2889 1890 3252 1960 opinarentur.
3303 1889 3590 1961 Propterea

315 1981 585 2040 diendum
615 1982 828 2047 venisti,
860 1981 1076 2050 dignum
1107 1989 1160 2036 te
1190 1981 1569 2036 demonstrans
1599 1984 1911 2038 celebritate
2011 1996 2204 2056 quarto
2232 1987 2318 2041 die
2345 1985 2514 2038 dixit:
2539 1982 2702 2036 Fiant
2731 1982 3025 2044 luminaria,
3051 1989 3100 2034 et
3129 1989 3155 2025 κ
3181 1982 3299 2051 fecit
3324 1979 3461 2034 Deus
3490 1981 3591 2036 duo

317 2069 544 2126 honesti
569 2071 727 2140 hujus
747 2071 1000 2139 beatique
1025 2071 1334 2140 spectaculi.
1361 2070 1698 2142 Quapropter
1721 2072 1912 2128 faciam
2012 2080 2310 2133 luminaria.
2342 2076 2471 2142 Quis
2509 2073 2798 2144 praecepit?
2825 2072 2954 2138 Quis
2981 2072 3267 2125 obsecutus
3294 2073 3414 2125 est?
3456 2071 3591 2126 Num

321 2165 482 2234 quod
509 2164 684 2218 solent
702 2165 756 2218 hi
781 2164 874 2232 qui
899 2163 1109 2218 urbium
1129 2164 1460 2233 peregrinos,
1485 2181 1642 2220 manu
1667 2181 1913 2235 compre-

309 2254 557 2323 hensos,
590 2255 617 2292 ά
648 2255 714 2309 ad
748 2255 1009 2310 destinata
1050 2255 1368 2324 perducunt,
1399 2256 1449 2310 id
1487 2257 1585 2323 est,
1627 2266 1684 2312 ut
1718 2274 1814 2313 vos
1846 2259 1916 2312 ad

325 2347 548 2404 occulta
585 2347 839 2401 miracula
868 2346 1112 2400 maximae
1136 2345 1292 2415 hujus
1321 2347 1568 2414 civitatis,
1601 2356 1787 2418 utpote
1818 2365 1914 2404 ne-

327 2439 481 2499 scios
510 2437 864 2493 introducam.
898 2437 953 2491 In
977 2438 1080 2492 hac
1110 2438 1272 2506 igitur
1299 2438 1429 2492 urbe
1455 2439 1556 2492 sita
1586 2447 1670 2495 est
1699 2441 1915 2510 antiqua

327 2531 512 2601 patria
537 2537 740 2596 nostra,
764 2543 830 2584 ex
849 2543 954 2598 qua
980 2543 1082 2583 nos
1110 2529 1346 2583 traduxit
1365 2529 1630 2584 homicida
1650 2529 1913 2594 diabolus,

331 2625 449 2678 suis
498 2622 818 2678 sollicitatos
853 2621 1138 2676 illecebris.
1179 2621 1279 2677 Hic
1320 2623 1657 2692 conspiciens
1691 2623 1918 2693 primam

293 2773 298 2778 ,
334 2714 578 2771 hominis
605 2714 1028 2782 generationem,
1058 2721 1113 2768 et
1157 2722 1383 2769 mortem
1409 2729 1528 2788 qua:
1561 2730 1660 2770 nos
1696 2714 1920 2770 subinde

296 2863 299 2865 _
338 2815 364 2844 ο
390 2814 580 2862 secuta
609 2812 712 2870 est,
745 2818 904 2872 quam
951 2805 1162 2874 peperit
1188 2813 1491 2875 peccatum,
1519 2806 1664 2875 quod
1692 2814 1775 2862 est
1813 2805 1920 2876 pri-

336 2898 677 2968 mogenitum
701 2898 894 2952 vetusti
923 2897 1176 2952 daemonis
1202 2912 1449 2966 germen;
1483 2898 1554 2953 ibi
1581 2898 1922 2967 recognoscis

337 2991 642 3056 hominem,
691 2997 880 3044 natura
917 2989 1129 3058 quidem
1161 2997 1452 3058 terrenum,
1491 2991 1587 3046 sed
1636 3007 1769 3061 opus
1804 3005 1923 3046 esse

340 3095 604 3136 manuum
653 3079 979 3144 divinarum;
1027 3079 1330 3134 valetudine
1373 3081 1595 3135 multum
1641 3081 1923 3151 pecoribus

2014 2171 2320 2226 consideras
2350 2171 2400 2223 in
2430 2169 2513 2222 his
2537 2165 2948 2237 duplicationem
2979 2165 3366 2234 personarum?
3397 2164 3592 2233 ubique

2017 2261 2177 2328 igitur
2214 2260 2406 2328 dogma
2436 2257 2659 2312 Deitatis
2693 2255 2915 2325 mystica
2951 2253 3257 2308 narratione
3286 2261 3591 2308 consertum

2018 2361 2100 2408 est
2127 2352 2380 2415 historize,
2413 2363 2680 2418 causaque
2707 2354 2904 2417 prtesto
2931 2355 3012 2400 est
3039 2345 3389 2400 creandorum
3434 2345 3590 2399 lumi-
3623 2364 3632 2372 τ

2019 2446 2290 2498 uariorum
2320 2441 2389 2494 ad
2432 2439 2794 2494 illustrandum
2833 2448 3041 2492 terram.
3085 2435 3362 2502 Quomodo
3389 2449 3518 2503 ergo
3547 2436 3593 2491 si

2019 2536 2110 2589 lux
2136 2541 2515 2595 antecesserat,
2545 2545 2687 2584 nunc
2715 2529 2783 2582 ad
2810 2528 3236 2582 illuminationem
3279 2526 3359 2580 sol
3399 2525 3594 2580 dicitur

2019 2625 2376 2682 constitutus?
2398 2623 2578 2677 Primo
2605 2621 2820 2691 quidem
2853 2618 3112 2673 sermonis
3140 2617 3308 2671 nostri
3337 2615 3590 2685 simplici-

2022 2725 2105 2772 tas
2123 2715 2322 2770 nullum
2353 2714 2449 2767 tibi
2478 2713 2644 2766 risum
2667 2717 2898 2774 moveat,
2923 2710 2967 2762 si
2995 2706 3250 2762 laeundiae
3279 2715 3466 2761 vestrae
3486 2721 3594 2761 non

2022 2807 2333 2863 affectamus
2361 2803 2700 2870 elegantiam,
2735 2815 2834 2855 nec
2871 2797 3284 2868 compositiones
3325 2797 3595 2866 sequimur

2023 2899 2400 2957 clausularum.
2441 2894 2558 2949 Non
2598 2893 2740 2948 enim
2784 2890 3154 2946 consuevimus
3195 2888 3478 2942 verborum
3515 2886 3596 2940 in-

2023 3000 2336 3054 structuras,
2364 2988 2446 3042 vel
2483 2985 2802 3055 euphoniam
2844 2980 3292 3053 pronuntiationis
3320 2979 3596 3044 exeolere;

2025 3085 2122 3141 sed
2151 3084 2428 3137 honestam
2459 3076 2900 3144 signiﬁcationem
2938 3073 3210 3127 nominum
3239 3071 3435 3138 ubique
3459 3069 3598 3124 duci-

341 3169 695 3235 deteriorem,
725 3167 821 3223 sed
849 3170 1198 3223 animantium
1233 3169 1746 3239 inanimatorumque
1775 3171 1922 3240 prin-
1947 3170 1993 3232 C
2025 3189 2143 3229 mus
2171 3170 2196 3209 ιι
2228 3167 2660 3241 prmponendam.
2705 3164 2936 3218 Adverte
2982 3163 3162 3230 itaque
3197 3160 3466 3230 quomodo
3506 3175 3600 3230 per

341 3261 522 3330 cipem
558 3259 933 3324 constitutum;
976 3259 1342 3314 instrumentis
1391 3261 1717 3315 naturalibus
1754 3261 1922 3316 imbe-

343 3352 547 3416 cillem,
574 3351 667 3406 sed
697 3350 762 3404 ad
790 3350 983 3406 caelum
1014 3353 1186 3421 ipsum
1216 3367 1318 3422 ope
1349 3353 1572 3407 rationis
1602 3353 1818 3408 clatum.
1865 3353 1923 3408 Si

304 3439 308 3444 ’
343 3444 464 3498 1]ωο
489 3442 853 3509 didicerimus,
883 3458 982 3496 nos
1026 3442 1240 3510 quidem
1285 3443 1429 3511 ipsos
1458 3458 1922 3512 recognoscemus,

344 3533 518 3590 Deum
557 3535 978 3596 reminiscemur,
1023 3533 1368 3588 Conditorem
1415 3535 1772 3601 adorabimus,
1816 3537 1924 3591 Do-

345 3627 499 3678 mino
518 3625 831 3689 serviemus,
854 3630 1062 3692 patrem
1077 3622 1509 3691 gloriﬁcabimus,
1533 3625 1924 3681 benefactorem

345 3716 734 3779 revercbimur,
777 3722 1048 3769 auctorem
1076 3715 1197 3770 vita:
1238 3723 1430 3770 nostra:
1459 3718 1733 3786 praesentis
1759 3725 1814 3772 et
1843 3717 1926 3771 fu-

348 3813 487 3861 turae
517 3821 623 3860 non
653 3805 980 3860 cessabimus
1007 3806 1272 3870 venerari,
1303 3806 1393 3875 qui
1423 3822 1520 3875 per
1546 3822 1639 3861 eas
1665 3822 1797 3875 quas
1825 3807 1944 3861 lar-.

347 3898 494 3968 gitus
517 3904 598 3951 est
620 3897 774 3952 nobis
803 3896 1035 3961 divitias,
1069 3898 1233 3950 etiam
1257 3911 1440 3950 earum
1467 3895 1624 3951 ﬁdem
1654 3912 1786 3966 quas
1811 3914 1928 3967 pro-

349 3989 500 4042 misit
526 3995 778 4051 ostentat,
815 3995 870 4041 et
902 3988 992 4058 qui
1033 3987 1402 4058 experimento
1442 3989 1804 4058 mmsentiuui,
1840 3990 1928 4046 illa

349 4091 568 4148 quoque
596 4091 714 4144 quae
741 4085 1026 4147 sperantur
1052 4078 1299 4132 afﬁrmat.
1339 4077 1394 4132 Si
1435 4081 1577 4134 enim
1618 4083 1930 4151 temporalia

349 4175 478 4224 sunt
517 4166 802 4235 ejusmodi,
833 4168 1010 4236 qualia
1057 4170 1412 4238 sempiterna?
1452 4169 1508 4224 Si
1552 4172 1778 4226 visibilia
1821 4181 1930 4227 tam

347 4259 511 4324 bona,
543 4257 718 4329 qualia
754 4273 872 4326 quae
911 4274 1019 4312 non
1047 4258 1328 4313 videntur?
1367 4259 1423 4314 Si
1465 4261 1585 4316 coeli
1624 4262 1931 4328 magnitudo

348 4363 656 4403 mensuram
695 4348 944 4402 humanae
990 4349 1184 4403 mentis
1227 4349 1455 4414 excedit,
1489 4353 1608 4421 quis
1651 4353 1933 4420 sempiter-

349 4454 543 4494 norum
574 4446 817 4492 naturam
851 4438 1080 4494 sufﬁciat
1117 4441 1418 4495 :estimare?
1459 4441 1516 4496 Si
1552 4441 1568 4479 ί
1601 4443 1932 4512 corruptioni

2025 3273 2270 3321 naturam
2301 3260 2626 3316 suﬁicienter
2663 3255 2807 3326 quod
2835 3254 3023 3317 voluit,
3054 3253 3346 3307 declaravit
3371 3269 3382 3304 :
3416 3267 3512 3322 pro
3538 3252 3596 3305 il-

2025 3357 2364 3411 luniinatione
2400 3350 2543 3405 enim
2588 3346 2868 3402 luminaria
2916 3344 3177 3409 nominat,
3227 3341 3370 3411 quod
3423 3342 3602 3411 utique

2009 3463 2132 3501 .non
2167 3450 2427 3514 repugnat
2456 3441 2538 3494 his
2565 3455 2683 3508 quae
2719 3437 2785 3490 de
2835 3435 2953 3490 luce
3006 3433 3252 3504 prmdicta
3283 3439 3421 3486 sunt.
3455 3431 3602 3487 Tunc

2027 3538 2168 3592 enim
2197 3543 2388 3589 natura
2417 3529 2629 3584 luminis
2657 3535 2740 3582 est
2769 3525 3056 3594 producta;
3089 3537 3229 3575 nunc
3257 3529 3434 3574 autem
3462 3521 3602 3574 sola-

2028 3643 2154 3681 num
2185 3638 2382 3691 corpus
2411 3618 2655 3674 effectura
2683 3621 2786 3680 est,
2821 3627 2929 3680 quo
2957 3609 3285 3679 superfertur
3327 3606 3456 3660 illud
3493 3607 3602 3675 pri.

2030 3714 2354 3782 mogenitum
2385 3710 2582 3762 lumen.
2616 3705 2767 3759 Sicut
2810 3701 2951 3756 enim
2993 3698 3134 3753 aliud
3163 3706 3246 3752 est
3274 3697 3427 3765 ignis,
3459 3695 3600 3750 aliud

2030 3805 2266 3868 lucerna,
2295 3813 2523 3869 quorum
2547 3810 2709 3849 unum
2730 3788 3024 3847 illustrandi
3047 3789 3152 3842 vim
3180 3785 3434 3855 possidet,
3460 3784 3601 3839 aliud

2030 3891 2360 3951 ministrandi
2391 3902 2552 3944 causa
2581 3884 2811 3947 luminis,
2858 3881 2942 3934 his
2982 3878 3074 3946 qui
3115 3876 3231 3944 ejus
3260 3875 3496 3944 indigent
3522 3882 3602 3928 est

2029 3987 2341 4048 formatum;
2373 3981 2448 4037 sic
2471 3987 2526 4035 ct
2549 3973 2905 4032 mtmdissima:
2925 3970 2997 4026 illi
3027 3977 3080 4025 et
3103 3967 3472 4024 sincerissima:
3497 3965 3603 4023 luci

2030 4095 2128 4150 pro
2149 4075 2402 4131 vehiculis
2429 4072 2747 4141 quibusdam
2778 4065 3055 4122 luminaria
3079 4065 3178 4117 ista
3201 4060 3439 4128 subjecta
3458 4067 3602 4127 sunt,

2031 4171 2156 4226 licet
2204 4164 2492 4236 Apostolus
2539 4161 2704 4233 (Phil.
2764 4176 2819 4219 ιι,
2873 4155 2960 4226 l5)
3011 4153 3269 4224 quosdam
3326 4151 3603 4207 luminaria

2032 4259 2214 4316 mundi
2240 4257 2496 4312 nominat.
2529 4251 2638 4308 Sed
2665 4251 2768 4306 alia
2795 4257 2878 4304 est
2904 4262 3031 4302 vera
3060 4246 3150 4301 lux
3187 4243 3390 4309 mundi,
3420 4257 3486 4297 ex
3512 4258 3604 4297 cu-

2027 4353 2115 4422 jus
2145 4347 2500 4406 transfusione
2522 4343 2735 4400 lustrati
2759 4339 2946 4405 sancti,
2977 4335 3258 4392 luminaria
3281 4335 3479 4389 ﬁebant
3501 4333 3606 4386 ani-

2033 4443 2228 4512 mabus
2250 4439 2352 4504 his,
2381 4452 2515 4508 quas
2540 4434 2820 4491 veritatem
2847 4429 3124 4495 docentes,
3154 4425 3220 4480 de
3255 4423 3490 4480 tenebris
3517 4437 3608 4478 eas

349 4529 435 4584 sol
462 4529 746 4595 obnoxius,
775 4538 884 4584 tam
927 4532 1100 4586 bonus
1141 4540 1195 4586 et
1239 4546 1462 4600 magnus
1493 4544 1596 4600 est,
1628 4533 1924 4589 mobilitate
1949 4531 2000 4593 D
2029 4533 2341 4603 ignorantiae
2385 4529 2702 4584 liberabant.
2749 4523 2841 4580 Sic
2884 4531 2939 4578 et
2986 4521 3067 4577 sol
3115 4521 3215 4576 iste
3257 4516 3476 4574 visibilis
3519 4515 3609 4594 illo

349 4621 529 4688 velox,
559 4620 884 4678 discursibus
922 4623 1222 4691 ordinatus,
1260 4623 1468 4678 habens
1496 4638 1786 4692 congruam
1813 4640 1930 4679 am-

349 4714 685 4787 plitudinem,
715 4731 818 4786 qua
844 4723 1099 4771 statutam
1126 4717 1287 4770 rebus
1313 4715 1558 4770 omnibus
1583 4715 1926 4772 mediocrita-

355 4916 368 4928 .
423 4853 450 4883 ⁸
480 4844 695 4928 Antiqui
732 4846 838 4902 duo
886 4846 1006 4902 libri
1051 4855 1107 4902 et
1149 4829 1298 4912 editi,
1331 4847 1722 4902 inexercitatos.
1763 4849 1930 4918 Alius,

351 4925 708 4970 inexercitato.
958 4933 963 4938 '

422 4983 450 5022 ι’
485 4984 701 5058 Veteres
722 4986 843 5058 _dno
871 4987 994 5042 libri
1037 4997 1092 5044 et
1131 4987 1278 5051 editi,
1322 4987 1754 5058 pulchritudinem
1785 4989 1936 5042 desu-

349 5054 585 5128 spexisti.
619 5055 686 5109 At
703 5054 888 5128 iColb._
913 5059 1198 5122 secundus,
1242 5054 1458 5128 desuper
1496 5058 1764 5128 aspexisti.
1798 5058 1933 5113 Ver-

352 5124 830 5204 bumﬂesuspicere
869 5126 1114 5204 Latinum
1149 5144 1256 5204 non
1284 5124 1542 5204 esscscig
1558 5124 1816 5204 quidem;
1828 5128 1936 5204 sed

353 5196 534 5266 nescio
562 5203 742 5250 tamen
770 5197 1040 5265 quomodo
1069 5198 1353 5266 legendum
1382 5198 1468 5251 sit.
1494 5196 1626 5252 Cum
1658 5198 1796 5250 enim
1827 5196 1933 5251 Eu-

350 5264 580 5336 stathius
616 5281 757 5334 saepe
793 5264 974 5321 Utatur
1002 5264 1178 5321 verbis
1209 5282 1315 5321 non
1343 5267 1570 5330 Latinis,
1602 5275 1654 5321 et
1685 5267 1771 5321 hic
1799 5284 1935 5336 quo-

352 5349 458 5404 que
487 5334 746 5403 ejusmodi
772 5338 937 5392 verbo
965 5337 1193 5392 fortasse
1219 5352 1344 5390 usus
1373 5345 1472 5390 est.
1509 5336 1674 5404 Leget
1709 5334 1935 5407 quisque

354 5407 624 5475 quomodo
653 5409 820 5475 magis
849 5407 1053 5462 libebit.
1834 5448 1836 5450 -

429 5474 621 5548 {Edlti
648 5483 715 5548 iet
749 5474 902 5532 Colb.
951 5479 1174 5548 primus,
1205 5477 1448 5531 diuturna
1487 5477 1752 5530 miracula.
1787 5477 1936 5548 Alter

356 5542 536 5608 Colb.,'
553 5544 729 5598 divina
751 5542 1018 5601 miracula.
1051 5549 1215 5602 Vetus
1244 5556 1426 5602 noster
1450 5547 1604 5613 liber,
1629 5548 1814 5600 diurna
1837 5547 1934 5599 mi-

359 5615 563 5678 racula;
596 5624 649 5670 et
686 5617 758 5670 ita
787 5618 891 5685 legi
933 5625 1187 5686 oportere
1221 5625 1372 5688 patet
1399 5633 1468 5673 ex
1504 5615 1718 5681 Graecis,
1749 5621 1810 5673 τὰ
1845 5626 1936 5676 τῆς

360 5686 546 5737 ἡμέρας
573 5688 828 5737 enumera.

397 5704 450 5736 με
487 5707 546 5744 ας
639 5713 649 5726 ν
815 5725 828 5740 ο

343 5705 400 5770 ἠ’
431 5704 1026 5813 δρΕᾱῇῗίέἔτὲεειὶηαια
1055 5758 1360 5820 producunt,
1383 5758 1518 5813 idem
1546 5765 1600 5810 ut
1629 5772 1721 5811 nos
1743 5756 1813 5810 ad
1841 5770 1930 5811 oc-

2033 4622 2313 4697 principali
2343 4619 2548 4688 fulgore
2578 4618 2877 4672 flammatus
2904 4615 3100 4669 elucet.

2109 4715 2159 4768 5.
2195 4711 2268 4766 Et
2295 4709 2423 4764 nulli
2444 4707 2691 4762 videatur
2711 4704 3038 4768 incredibile,
3055 4701 3200 4770 quod
3219 4702 3450 4757 diximus
3471 4697 3612 4753 aliud

2015 4819 2199 4905 iculta.
2228 4845 2376 4900 Libri
2397 4849 2607 4898 veteres
2635 4849 2694 4895 ut
2723 4841 2774 4894 in
2805 4843 3078 4894 contextu.

2115 4897 2636 4976 rCo—lbjisecundus,
2673 4911 2942 4965 subsecuta
2982 4914 3076 4959 est.
3113 4903 3237 4976 Mox
3263 4901 3350 4976 ubi
3375 4899 3427 4952 in
3456 4897 3612 4976 editis

2035 4968 2237 5058 legitur
2251 4968 2556 5058 ualetudine,
2673 4987 2739 5058 et_
2747 4980 2864 5058 aliis
2876 4977 3016 5058 locis
3036 4974 3292 5058 scriptum
3317 4968 3610 5058 invenimus

2038 5038 2222 5114 iniiinii
2258 5038 2347 5108 luis
2369 5054 2516 5107 libris
2545 5038 2842 5107 ualitudine.
2875 5043 3110 5101 Subinde
3139 5038 3292 5106 editi,
3317 5053 3469 5108 quam
3489 5053 3611 5108 pro-

2038 5129 2196 5178 misit.
2227 5072 2425 5178 glostcr
2451 5123 2637 5178 codex.
2670 5136 2796 5178 quas
2826 5115 3080 5178 μνοηιίείισ
3314 5137 3326 5147 ’
3439 5177 3448 5178 ,
3604 5177 3611 5178 ,

2036 5129 2196 5182 misit.
2232 5115 2425 5178 Noster
2451 5123 2637 5183 codex,
2670 5115 3109 5190 quas_pron_tisit._
3151 5181 3182 5190 __
3314 5137 3326 5147 -
3437 5177 3452 5190 ε
3601 5177 3614 5190 ο

2113 5177 2333 5257 i"Editi,
2357 5177 2399 5247 si
2429 5177 2741 5262 cormpt’io'ni
2768 5177 3039 5262 alr-noxius.
3071 5181 3222 5262 μοιβ.
3242 5177 3538 5262 secundus,
3568 5177 3614 5230 si

2028 5247 2356 5336 corruptioni
2387 5264 2464 5316 sol
2505 5247 2776 5336 «Lbnaxius,
2809 5257 2888 5336 ita_
2908 5252 3212 5331 postulante
3238 5247 3428 5336 Graeco
3461 5249 3610 5308 ἥλως.

2046 5324 2332 5405 Aliquanto
2361 5340 2484 5405 post
2509 5330 2660 5405 (ξομ).
2681 5324 2976 5405 secundus,
3008 5324 3118 5405 ejus
3144 5326 3405 5405 aspectus.

2115 5386 2330 5470 alid—itii,
2364 5386 2485 5474 quia
2513 5401 2650 5471 fecit.
2681 5396 2900 5449 Veteres
2928 5386 3046 5447 duo'
3064 5386 3279 5459 libri,'et
3308 5388 3446 5461 fecit.
3477 5386 3617 5441 ϐπε-

2042 5493 2124 5540 ce,
2152 5481 2235 5531 καὶ
2257 5479 2482 5532 ἐποίησε.
2649 5537 2658 5540 _
2811 5533 2822 5540 Α
2986 5505 2988 5508 -

2031 5599 2034 5602 .
2115 5533 2138 5583 ll
2166 5545 2327 5608 Editi,
2357 5537 2763 5613 proponendum.
2797 5533 2864 5587 At
2891 5533 3074 5613 nostri
3097 5540 3208 5613 tres
3233 5542 3619 5613 ipssqprﬁpo:

2043 5593 2479 5677 nenthii';"ei'ii3
2499 5593 2618 5673 legi
2645 5605 2837 5677 debere
2869 5593 3452 5677 ostendit'liasilianum
3487 5593 3619 5676 illud

2041 5665 2420 5759 ﬂagitans...
2455 5665 2667 5734 Nec'ita
2701 5674 2871 5730 multo
2898 5681 3021 5746 post
3045 5671 3197 5727 Colb.
3227 5665 3509 5731 secundus,
3536 5665 3618 5722 cui

2040 5755 2375 5815 superfertur.
3509 5769 3514 5774 ’
