4244 6254
576 334 683 434 ὸεδ

2019 374 2389 441 EUSTATI'III

579 488 696 579 esse
717 492 933 550 luminis
952 478 1313 562 splendorem,
1336 489 1482 549 aliud
1506 491 1808 562 subjectum
1834 492 2025 551 lumini
2044 509 2167 551 cor-
2198 501 2245 558 Α
2274 504 2387 571 tum
2415 494 2726 566 discrepare
2752 492 2969 551 videtur
2996 507 3028 553 a
3053 493 3213 562 iusta;
3232 492 3397 576 quod
3531 495 3753 565 quidem
3779 513 3872 557 su-

579 602 701 670 pus,
728 587 904 657 primo
936 584 1062 656 quia
1099 598 1218 653 qua:
1245 584 1541 653 composita
1568 594 1709 651 sunt,
1743 587 1794 642 in
1823 585 1956 642 duas
1982 594 2167 658 partes

580 676 904 741 dividuntur,
937 674 991 729 id
1031 681 1133 738 est,
1179 674 1234 730 in
1281 674 1561 731 materiam
1604 679 1977 747 receptricem,
2015 686 2071 734 et
2112 678 2168 733 in

580 768 698 823 eam
733 782 853 840 quas
894 768 996 825 sibi
1025 766 1267 824 evenerit
1300 768 1633 837 qualitatem.
1679 769 1829 826 Sicut
1862 783 1992 839 ergo
2023 759 2169 831 aliud

581 856 663 918 est
686 864 943 919 naturalis
970 865 1194 934 candor,
1221 874 1277 922 et
1302 867 1446 931 aliud
1468 866 1615 938 quod
1639 866 1914 924 candescit
1938 884 1951 921 :
1975 866 2054 929 sic
2079 866 2170 922 illa

582 970 699 1035 qua:
728 955 873 1019 dicta
904 966 1029 1021 sunt
1056 958 1257 1015 distare
1284 974 1316 1014 a
1344 973 1404 1015 se
1436 958 1653 1032 quidem
1682 966 1874 1029 natura
1902 957 2167 1027 videntur,

583 1048 679 1113 sed
705 1046 979 1111 Creatoris
1019 1050 1218 1111 virtute
1264 1051 1551 1122 conjuncta
1596 1059 1740 1109 sunt.
1776 1050 1847 1105 Et
1886 1067 1995 1107 non
2041 1051 2175 1111 mihi

584 1128 732 1207 dicas
772 1140 1103 1210 impossibile
1139 1148 1223 1199 est
1263 1143 1377 1199 haec
1402 1152 1429 1182 ι
1459 1143 1527 1198 ab
1556 1143 1873 1201 alterutrum
1901 1145 2170 1213 separari;

586 1222 760 1317 neque
788 1233 933 1288 enim
960 1245 1062 1302 ego
1090 1234 1489 1309 separationem
1535 1234 1749 1290 luminis
1776 1250 1809 1301 a
1834 1235 2024 1290 solano
2054 1250 2175 1292 cor-

585 1332 719 1404 pore
758 1324 1299 1394 comprehensibilem
1336 1326 1466 1381 mihi
1512 1326 1714 1396 tibique
1758 1324 2040 1392 conﬁrmo,
2081 1327 2176 1389 sed

587 1415 714 1495 quia
734 1417 889 1475 nobis
914 1417 1224 1489 opinatione
1244 1419 1359 1474 sola
1380 1419 1658 1475 divisibilis
1677 1420 1988 1476 sistimatur.
2013 1418 2178 1481 Plane

590 1514 725 1585 nutu
765 1507 1073 1567 Conditoris
1101 1518 1327 1580 possunt
1361 1510 1474 1566 haec
1501 1525 1533 1567 a
1560 1519 1747 1569 natura
1781 1528 1878 1568 sua
1905 1510 2061 1569 facile
2089 1528 2177 1569 so-

589 1598 755 1667 jungi.
783 1597 1026 1667 Denique
1046 1602 1202 1657 nobis
1228 1602 1557 1670 impossibile
1586 1604 1801 1672 penitus
1827 1610 1909 1659 est
1931 1603 2179 1661 ardorem

588 1688 722 1765 solis
758 1705 790 1743 a
830 1690 1121 1760 splendore
1149 1690 1477 1759 discernere,
1503 1694 1597 1751 sed
1626 1694 1768 1753 Deus
1794 1695 1981 1753 volens
2004 1696 2180 1752 famu-

590 1780 700 1841 lum
738 1796 897 1836 suum
940 1781 1167 1839 miriﬁca
1196 1784 1405 1841 visione
1430 1794 1772 1853 convertere,
1818 1790 1899 1845 sic
1933 1791 2184 1858 apposuit

2262 570 2511 659 saeptam
2558 588 2728 645 semel
2772 588 3096 658 insitamque
3139 570 3247 645 sibi
3276 588 3470 644 lucem
3509 589 3737 655 minans
3770 590 3869 650 (ιο-

2228 682 2441 753 .ponit,
2482 681 2573 743 illa
2621 695 2750 737 vero
2797 681 2993 751 saepius
3038 688 3221 746 exuta,

2322 682 2441 759 init,
2482 681 2573 743 illa
2621 695 2750 737 vero
2797 681 2993 751 sapius
3038 688 3221 746 exuta,
3265 692 3289 733 σε
3330 681 3640 759 itemmqne
3678 684 3872 747 indutu

2272 773 2473 839 lumen.
2507 772 2665 833 iacile
2705 774 3003 844 poteritex
3024 788 3086 829 so
3111 772 3278 830 etiam
3311 788 3439 843 qua
3466 768 3702 841 de'saie
3725 777 3874 837 dicta

2271 873 2398 923 sunt
2443 863 2786 923 confirmare.
2837 864 2965 922 Haec
3003 879 3134 935 ergo
3173 866 3464 923 luminaria
3497 875 3705 925 statuta
3749 879 3877 927 sunt

2272 958 2516 1016 dividere
2553 959 2696 1014 inter
2739 958 2882 1015 diem
2923 966 2981 1014 et
3024 966 3270 1025 noctem,
3304 960 3325 1003 ί
3359 975 3596 1033 quorum
3627 969 3875 1018 naturam

2277 1059 2408 1108 tunc
2434 1051 2503 1107 ab
2532 1050 2745 1107 altema
2772 1050 3156 1109 contrarietate
3181 1050 3449 1117 destituit,
3478 1061 3539 1108 ut
3564 1067 3692 1123 erga
3720 1068 3782 1109 se
3805 1054 3863 1109 ir-

2277 1142 2774 1214 reprehensibiiiter
2817 1142 3167 1211 haberentur,
3213 1138 3469 1213 nullaque
3513 1145 3864 1201 communia:

2279 1233 2520 1291 tenebris
2548 1247 2670 1289 esse
2697 1232 2871 1303 possit
2896 1247 3021 1296 eum
3046 1232 3189 1290 luce.
3212 1232 3371 1300 Quod
3399 1242 3426 1282 ι
3452 1234 3594 1289 enim
3635 1243 3723 1290 est
3752 1250 3873 1290 mn-

2279 1326 2377 1383 hra
2401 1324 2655 1391 interdiu,
2681 1326 2788 1381 hoc
2807 1324 3107 1380 obscuritas
3126 1325 3361 1381 habetur
3387 1324 3440 1378 in
3462 1320 3639 1381 nocte.
3669 1324 3741 1379 Et
3764 1325 3858 1381 sie

2281 1426 2341 1475 ut
2367 1418 2542 1475 omnis
2570 1417 2760 1473 umbra
2785 1416 2855 1473 de
2880 1415 3200 1488 corporibus
3228 1416 3418 1472 lumini
3440 1416 3691 1487 subjectis
3710 1417 3858 1473 emit

2282 1513 2433 1577 titur,
2474 1526 2636 1566 mane
2675 1510 2891 1581 quidem
2941 1509 3170 1566 tendens
3212 1510 3279 1566 ad
3328 1524 3599 1577 occasum,
3648 1526 3876 1581 vespere

2284 1618 2514 1674 vergens
2540 1602 2609 1658 ad
2635 1600 2931 1668 Orientem,
2964 1599 3273 1657 meridianis
3300 1615 3360 1657 se
3386 1602 3535 1657 horis
3568 1600 3637 1656 ad
3664 1608 3877 1672 partem

2283 1693 2682 1765 Septentrionis
2706 1694 2992 1762 inclinans,
3021 1708 3130 1749 nox
3168 1707 3388 1763 quoque
3413 1694 3549 1764 ipsa,
3578 1700 3878 1750 retrorsum

2287 1788 2422 1842 lucis
2466 1786 2631 1853 radiis
2668 1800 2985 1856 repercussa
3013 1784 3237 1841 secedit.
3267 1782 3435 1855 Cujus
3457 1783 3587 1853 quid
3621 1784 3767 1840 aliud
3793 1784 3876 1839 in-

590 1873 731 1933 rubo
758 1872 1052 1941 ﬂammam,
1087 1882 1148 1932 ut
1181 1876 1352 1935 solam
1399 1878 1506 1936 vim
1545 1879 1880 1936 claritudinis
1917 1880 2056 1950 ejus,
2087 1881 2183 1937 de—
2216 1885 2260 1943 Β
2289 1878 2575 1947 telligenda
2604 1884 2795 1932 natura
2815 1883 2920 1944 est,
2941 1890 3103 1946 quam
3123 1875 3303 1931 mundi
3332 1873 3881 1932 obumbratio?Sicut

600 1966 779 2037 posita
821 1966 1144 2033 torriditate,
1176 1976 1521 2050 monstraret.
1564 1970 1714 2026 Sicut
1751 1980 1806 2026 et
1840 1974 2077 2041 psalmus
2106 1982 2187 2029 te—

598 2064 769 2117 tiatur
806 2057 990 2114 dicens
1033 2076 1046 2111 :
1102 2058 1212 2115 Vos:
1263 2059 1476 2117 Domini
1522 2063 1876 2119 intercidentis
1921 2066 2188 2134 ﬂammam

593 2150 730 2221 .gnis
760 2148 934 2220 (Psat.
966 2166 1145 2217 xxvm,
1179 2151 1256 2224 7).
1289 2152 1440 2209 Unde
1468 2154 1630 2209 etiam
1660 2155 1714 2209 in
1742 2156 2190 2215 retributionihus

594 2240 909 2299 delictorum
938 2257 1059 2311 qua:
1104 2243 1157 2298 in
1200 2243 1312 2299 vita
1357 2246 1743 2313 contraximus,
1773 2249 1913 2303 ratio
1938 2251 2186 2320 quaedam

595 2344 700 2386 nos
725 2331 989 2386 secretior
1014 2332 1176 2389 docet
1218 2334 1559 2402 partiendatn
1586 2336 1724 2405 ignis
1749 2352 1868 2393 esse
1895 2347 2142 2395 naturam
2170 2358 2183 2394 :

594 2420 751 2491 cujus
778 2421 869 2485 lux
901 2421 969 2477 ad
1009 2422 1389 2481 illuminandos
1426 2425 1771 2496 deputabitur
1802 2428 1997 2498 justas,
2030 2430 2193 2488 ardor

598 2522 781 2579 autem
806 2513 875 2569 ad
901 2516 1330 2572 concremandos
1354 2516 1382 2557 δ
1403 2517 1650 2587 proﬁciet
1673 2527 2012 2590 peccatores.
2042 2521 2191 2577 Licet

595 2610 656 2659 et
680 2603 749 2659 de
776 2603 917 2659 inme
941 2619 1157 2675 quoque
1186 2608 1528 2677 passionibus
1554 2609 1711 2666 facile
1738 2626 2001 2681 queamus
2027 2613 2189 2668 ﬁdem

596 2709 797 2764 capere
826 2696 1194 2764 quassitorum,
1225 2698 1548 2757 decrescens
1587 2702 1753 2767 enim,
1786 2719 1893 2757 non
1922 2712 2037 2759 toto
2065 2720 2189 2760 cor-

599 2797 733 2856 pore
776 2802 997 2858 prorsus
1043 2781 1393 2858 expenditur;
1442 2793 1538 2848 sed
1586 2794 1842 2849 insertam
1876 2796 1977 2851 sibi
2016 2797 2191 2852 lucem

592 2877 768 2935 modo
800 2878 1100 2948 deponens,
1137 2881 1299 2936 modo
1328 2883 1612 2953 recipiens,
1643 2887 2004 2942 concretionis
2027 2895 2087 2942 et
2112 2887 2192 2942 di-

601 2969 914 3027 minutionis
941 2972 1173 3040 propriae
1194 2972 1459 3042 quasdam
1489 2975 1644 3031 nobis
1668 2977 1890 3033 exhibet
1916 2978 2188 3034 fantasias.

602 3058 736 3115 Nam
764 3062 892 3131 quia
920 3072 1236 3120 senescente
1266 3080 1330 3120 ea
1358 3066 1579 3122 minime
1619 3075 1792 3124 totum
1838 3084 2034 3141 corpus
2077 3071 2193 3140 ejus

600 3151 946 3220 expenditur,
980 3154 1289 3211 testimonio
1309 3164 1435 3212 sunt
1452 3173 1572 3227 quae
1592 3158 1842 3214 videntur
1865 3180 1878 3213 :
1903 3161 2026 3218 licet
2045 3163 2193 3221 enim

2290 1969 2432 2024 enim
2462 1952 2638 2023 lucido
2666 1967 2755 2023 die
2781 1974 3013 2023 stantem
3038 1966 3345 2036 quempiam
3383 1965 3484 2021 sub
3517 1979 3714 2020 aurora
3752 1963 3882 2021 solis

2288 2077 2415 2117 mox
2444 2061 2633 2115 umbra
2654 2059 2961 2125 comitatur,
2992 2057 3074 2113 sic
3100 2056 3422 2113 obumbrato
3451 2071 3580 2112 aere
3599 2056 3692 2125 qui
3721 2062 3882 2111 terra

2288 2153 2565 2224 proximus
2593 2158 2698 2219 est,
2748 2167 2857 2206 nox
2897 2148 3146 2215 efﬁcitur,
3179 2156 3236 2203 et
3282 2149 3388 2204 hoc
3432 2155 3516 2203 est
3552 2147 3699 2217 quod
3730 2147 3880 2215 dicit,

2290 2242 2564 2314 Separauit
2584 2241 2723 2296 Deus
2750 2241 3073 2295 interlucent
3094 2249 3144 2294 et
3162 2239 3419 2294 tenebras.
3444 2237 3576 2293 Nam
3599 2237 3716 2294 fere
3734 2253 3882 2295 sem-

2288 2351 2387 2406 per
2415 2335 2717 2391 obscuritas
2742 2332 2937 2402 refugit
2966 2332 3100 2388 lucis
3128 2330 3437 2398 adventum,
3465 2331 3668 2404 quippe
3685 2331 3883 2402 quibus

2291 2443 2359 2483 ex
2385 2427 2561 2497 prima
2586 2425 2936 2494 generatione
2959 2423 3216 2479 alienatio
3252 2423 3394 2477 inter
3421 2420 3451 2460 ι
3478 2437 3539 2477 se
3566 2422 3884 2478 naturaliter

2292 2528 2374 2576 est
2394 2528 2596 2590 aptata.
2622 2518 2774 2574 Nunc
2801 2525 2980 2573 autem
3011 2516 3180 2571 solem
3210 2516 3468 2586 praecepit
3494 2515 3665 2587 spatia
3687 2513 3882 2570 diurna

2290 2630 2568 2687 peragere,
2594 2616 2773 2670 lunam
2798 2629 2926 2669 vero
2955 2628 3078 2668 cum
3106 2612 3293 2667 orbem
3321 2626 3477 2667 suum
3504 2609 3879 2682 compleverit,

2292 2706 2703 2762 moderatricem
2751 2706 2926 2760 noctis
2965 2705 3157 2759 statuit
3188 2722 3201 2757 :
3238 2719 3347 2774 pro
3382 2712 3635 2774 certaque
3670 2702 3884 2757 dimen-

2292 2798 2446 2853 sione
2472 2798 2697 2853 invicem
2717 2798 2821 2852 sibi
2847 2797 3128 2853 luminaria
3150 2797 3252 2851 ista
3272 2797 3582 2853 succedunt.
3608 2794 3739 2850 Nam
3763 2795 3884 2852 sole

2293 2889 2639 2960 procedente,
2670 2889 2795 2944 luna
2825 2889 2871 2943 si
2900 2889 3061 2960 plena
3094 2895 3197 2954 est,
3240 2888 3423 2943 statim
3454 2888 3668 2944 ducitur
3693 2886 3760 2941 ad
3784 2901 3884 2943 oc-

2294 2996 2498 3037 casum.
2533 2980 2740 3036 Rursus
2767 2989 2948 3037 autem
2978 2996 3100 3036 cum
3129 2981 3211 3037 sol
3241 2982 3421 3037 cursui
3450 2996 3551 3037 suo
3578 2989 3750 3037 metas
3783 2995 3886 3052 po-

2294 3075 2492 3142 suerit,
2532 3074 2647 3129 bmc
2694 3074 2880 3145 incipit
2921 3074 3139 3129 exoriri.
3190 3073 3298 3130 Sed
3343 3075 3389 3130 si
3436 3074 3732 3130 secundum
3780 3074 3885 3131 alia

2294 3166 2569 3222 schemata
2597 3160 2819 3221 minime
2845 3167 3021 3237 spatio
3052 3166 3227 3222 noctis
3266 3166 3458 3222 lunare
3494 3166 3678 3222 lumen
3716 3167 3885 3236 requi-

606 3243 704 3297 tibi
729 3257 856 3297 aere
882 3244 1053 3300 libero
1081 3246 1462 3317 nebulosisqne
1485 3259 1704 3306 carente
1732 3254 2040 3323 vaporibus,
2071 3271 2193 3324 spe—
2220 3250 2267 3316 C
2297 3268 2471 3330 parat,
2496 3276 2603 3315 non
2625 3260 2851 3315 interest
2870 3258 3159 3329 propositas
3180 3257 3509 3327 quazstionis,
3533 3258 3711 3314 solum
3729 3257 3884 3313 nobis

607 3343 755 3391 ctare
790 3335 971 3390 lunam
1011 3335 1369 3403 deﬁcientem,
1396 3341 1611 3410 quando
1639 3345 1869 3399 rotunda
1897 3342 2193 3405 secundum

611 3437 632 3465 ο
660 3427 880 3482 schema
910 3435 1014 3492 est,
1045 3428 1264 3497 quando
1292 3430 1484 3498 globus
1512 3431 1646 3501 ejus,
1678 3448 1745 3488 ex
1773 3450 1840 3490 eo
1861 3437 2030 3493 latere
2049 3441 2195 3509 quod

552 3526 561 3541 ’
609 3518 953 3573 tenebrosum
980 3526 1082 3585 est,
1116 3518 1208 3573 tali
1237 3520 1370 3575 orbe
1397 3522 1869 3591 circumscribitur,
1902 3528 2047 3597 quali
2071 3545 2193 3584 cum

608 3609 728 3664 luce
751 3608 911 3678 plena
934 3617 1034 3664 est.
1066 3608 1238 3676 Quem
1265 3611 1548 3668 evidenter
1573 3614 1839 3685 integrum
1869 3618 2193 3688 perfectum-

607 3715 716 3770 que
752 3702 1110 3771 conspiciens,
1141 3718 1207 3758 ea
1244 3705 1644 3763 manifestatum
1685 3720 1839 3779 parte
1870 3727 1974 3782 qua
2007 3712 2187 3783 fulget.

608 3792 676 3847 Et
706 3810 813 3848 non
845 3794 975 3849 mihi
999 3795 1147 3852 dicas
1173 3798 1300 3867 quia
1337 3799 1426 3855 lux
1455 3800 1571 3871 ejus
1599 3803 1890 3861 adventitia
1920 3816 2021 3868 est,
2052 3823 2191 3878 quo-

607 3884 754 3938 niam
776 3886 1035 3941 minuitur
1058 3889 1275 3958 quidem
1300 3894 1517 3960 quando
1539 3903 1723 3950 contra
1753 3898 1921 3952 solem
1942 3901 2188 3965 vertitur,

607 3976 803 4031 crescit
838 3985 1019 4033 autem
1048 3995 1169 4034 cum
1201 3980 1269 4036 ab
1291 3996 1357 4037 eo
1384 3982 1710 4040 discesserit.
1744 3986 1875 4040 Nam
1908 4004 2008 4043 nec
2036 3991 2192 4048 nobis

606 4066 711 4121 hoc
751 4068 912 4124 modo
948 4069 1217 4125 discutere
1256 4073 1590 4142 propositum
1628 4082 1729 4142 est,
1773 4076 1866 4132 sed
1893 4080 2019 4149 quia
2047 4081 2193 4136 aliud

605 4166 691 4213 est
713 4158 832 4227 ejus
859 4176 1071 4230 corpus,
1105 4163 1246 4219 aliud
1275 4178 1437 4220 causa
1466 4165 1699 4223 luminis.
1734 4166 1863 4223 Tale
1887 4166 1913 4207 ‘1
1936 4170 2193 4238 quiddam

606 4263 738 4318 ergo
758 4252 910 4315 mihi,
935 4261 991 4308 et
1017 4253 1084 4308 de
1104 4264 1294 4311 natura
1323 4258 1452 4313 solis
1472 4258 1725 4329 intelligo,
1752 4261 1842 4328 qui
1864 4261 1935 4315 ob
1955 4261 2055 4317 hoc
2075 4271 2195 4318 tan-

680 4413 705 4443 ι
732 4405 1014 4489 ¹δυενίίξεμή
1060 4407 1292 4489 fortasse
1327 4411 1497 4489 possit
1532 4413 1798 4489 quispiam
1834 4416 1951 4489 vitii
1968 4418 2182 4489 aliquid

2299 3353 2426 3409 illud
2466 3353 2846 3417 asserentibus,
2889 3352 3014 3422 quia
3067 3348 3281 3420 quando
3327 3349 3569 3420 perfecta
3612 3356 3695 3405 est
3737 3349 3886 3415 luna,

2297 3446 2471 3501 noctis
2511 3446 2718 3501 obtinet
2754 3443 3132 3515 principatum,
3172 3443 3393 3512 proprio
3439 3454 3702 3517 superans
3744 3450 3887 3509 asu-a

2297 3536 2539 3605 fulgore,
2602 3544 2910 3604 terramque
2966 3532 3334 3607 perlustrans;
3394 3533 3654 3604 temporis
3707 3541 3885 3588 autem

2296 3643 2600 3683 mensuram
2630 3625 2908 3696 aequaliter
2929 3640 3052 3680 cum
3080 3624 3196 3679 sole
3225 3624 3470 3695 partitur.

2369 3720 2422 3774 4.
2460 3718 2532 3773 Et
2568 3720 2693 3787 sint,
2725 3718 2914 3788 inquit,
2943 3718 2999 3771 in
3025 3719 3210 3790 signis,
3234 3718 3360 3771 etin
3388 3718 3718 3787 temporibus,
3740 3725 3792 3771 et
3813 3719 3872 3771 ii.

2254 3828 2269 3841 ο
2300 3812 2495 3875 diebus,
2527 3820 2576 3865 et
2600 3812 2655 3865 in
2676 3812 2849 3865 annis.
2879 3809 3221 3865 Necessarias
3251 3808 3408 3877 igitur
3431 3807 3674 3860 humana:
3722 3805 3881 3875 vitae,

2298 3903 2435 3957 sicut
2462 3902 2673 3969 longior
2695 3917 2823 3955 usus
2850 3901 3028 3964 docet,
3058 3900 3323 3968 signorum
3353 3897 3654 3951 notationes
3691 3905 3751 3951 et
3777 3897 3888 3953 ob—

2298 3991 2631 4047 servationes
2659 3992 2931 4055 invenies,’
2949 3991 2992 4046 si
3016 4001 3195 4046 tamen
3221 4006 3324 4045 non
3350 3988 3575 4058 amplius
3597 4003 3694 4043 eas
3721 4005 3891 4060 quam

2299 4090 2517 4152 oportet
2562 4081 2819 4151 inquiras.
2861 4080 3024 4137 Multa
3053 4081 3195 4137 enim
3224 4095 3385 4151 super
3409 4077 3601 4134 futuris
3627 4080 3892 4137 imbribus

2306 4172 2324 4211 ι
2357 4188 2640 4243 possumus
2685 4173 2919 4239 discere;
2951 4174 3177 4244 plurima
3225 4186 3438 4242 quoque
3482 4172 3551 4228 de
3595 4174 3893 4243 vaporibus

2302 4272 2587 4332 terrarum,
2615 4266 2953 4336 motibusque
2977 4272 3282 4330 ventorum,
3312 4280 3407 4320 seu
3440 4280 3536 4347 per
3583 4274 3763 4336 partes
3791 4280 3891 4322 ve-

2367 4422 2383 4461 τ
2415 4422 2557 4479 Editi
2586 4433 2640 4479 et
2661 4424 2815 4481 Colb.
2841 4426 3062 4495 primus,
3091 4439 3308 4495 quorum
3334 4435 3525 4481 neutra
3553 4437 3675 4482 mne
3700 4430 3767 4484 ab
3795 4433 3883 4486 at-

608 4475 1135 4569 hocnlnogo‘subessci
1146 4477 1263 4569 fed
1280 4475 2018 4569 ineptiq'uislibrisperinde
2048 4475 2188 4546 litin
2219 4495 2269 4569 ι)
2297 4475 3067 4569 {gradientrarietaie_Hostilii:
3093 4475 3884 4569 Co'ihiut—inwcdngxa.

605 4543 1050 4632 vulgatisLlegitulr
1073 4542 1267 4597 eodem
1296 4547 1477 4632 modo,
1493 4542 1606 4605 'hazc
1626 4552 1689 4605 ab
1716 4542 2018 4632 qllérutrunt
2040 4542 2191 4632 {ele

608 4610 1069 4700 Laﬁ‘ll‘i'iiiifaczile
1094 4616 1406 4700 persuaderi
1425 4610 1614 4700 posset
1641 4624 1838 4680 malum
1868 4610 2189 4700 scriptorem

606 4677 945 4745 Eustathium
982 4680 1053 4737 ita
1092 4677 1329 4747 locutum
1365 4677 1544 4747 fuisse.
1870 4677 2189 4700 η--τ-υη...

616 4747 1131 4839 ρξ’βδξξῖέῗίκθυὼς
1159 4756 1381 4839 Primus,
1412 4762 1662 4839 Perﬁgiet.
1690 4764 1841 4819 Alter
1860 4765 2037 4833 Colb.,
2063 4787 2194 4839 ριω,

811 4819 975 4904 Vetus
1014 4819 1197 4904 unoste—r
1237 4819 1393 4904 liber,
1412 4819 1670 4902 'proﬁciet
1696 4851 1713 4888 :
1743 4819 1987 4904 quorum
2002 4819 2189 4895 $025.}.

607 4890 755 4972 nulla
781 4891 1271 4972 verbumCrmcum
1299 4890 1445 4954 bene
1464 4890 1688 4972 exprimi
1715 4890 2190 4964 cénstatiiEteniin

607 4961 1371 5047 xﬁrbum‘iqrorérrnogut,qup
1410 4961 1579 5047 nillil-If
1611 4971 1860 5047 Basilius,
1887 4961 2189 5047 longe

757 5030 1023 5118 redditum
1077 5030 1293 5092 fuisset'
1317 5039 1674 5118 destinabitur.
1728 5030 2040 5114 Aliquanto
2069 5030 2194 5118 psit

607 5098 781 5178 Co|h_._
793 5103 1075 5178 secundus,
1094 5121 1231 5178 nam
1257 5110 1394 5178 quod
1416 5120 1707 5166 senescente
1724 5130 1806 5167 ea.

513 5184 523 5195 ·
596 5181 601 5187 '
684 5182 707 5210 α
739 5170 897 5244 Editi,
929 5175 1134 5244 quando
1174 5170 1428 5244 rotantia;
1460 5181 1551 5234 sed
1583 5182 1789 5237 scirem
1814 5196 1910 5240 est.
1940 5186 2010 5241 At
2032 5187 2186 5244 Colb.

608 5241 890 5318 secundus,
924 5241 1154 5318 rotunda.
1170 5241 1449 5318 secundum
1475 5252 1682 5305 schema
1709 5262 1784 5307 est
1814 5271 1831 5307 :
1862 5241 2190 5313 conveniet;-

610 5308 903 5393 terlG‘rzeeo
931 5318 1062 5393 aurci
1087 5308 1154 5393 τᾷ
1170 5327 1375 5389 σχῆμα.
1407 5317 1606 5393 ibidem
1631 5320 1788 5393 Colb.
1818 5308 2190 5393 secunda-st

596 5379 856 5461 “fatere
881 5379 1300 5461 quo'tenebro's'us'
1326 5399 1421 5443 est.
1444 5390 1681 5446 Subinde
1710 5379 1838 5448 mss.
1861 5379 2189 5461 ddd‘fei'ii};

619 5446 933 5533 milhindic‘ai.
957 5450 1158 5533 Yocuia
1187 5466 1235 5509 et
1262 5459 1314 5533 in
1337 5461 1494 5533 editis
1520 5446 1937 5533 desiderabatur:

680 5515 710 5608 ει
733 5517 898 5608 geni,
915 5521 1019 5608 tota
1033 5526 1251 5595 ipsum
1274 5526 1492 5608 Antiqui
1512 5515 1621 5587 duo
1642 5515 1909 5608 ιίιιέίζῐᾱξ
1921 5515 2185 5608 quiddam.

684 5599 708 5628 ο
739 5587 897 5673 hiditi,
940 5587 1222 5673 iterumque
1249 5587 1443 5673 nudato
1472 5617 1627 5673 :_quo
1660 5587 1787 5671 quid
1826 5587 2189 5664 iiieiiiiiﬁiéi

607 5662 922 5747 possit,_non
941 5662 1359 5747 _video."Antiqui
1381 5679 1489 5726 tres
1508 5662 1647 5737 libri,
1673 5662 1955 5747 iterumque
1972 5662 2185 5732 induta—5

607 5744 765 5811 quam
796 5730 1115 5811 scripturam
1142 5730 1323 5790 veram
1345 5754 1463 5793 esse
1492 5749 1545 5794 et
1576 5730 2093 5811 genuinam'constat
2118 5730 2184 5804 es

608 5795 721 5856 illo,
751 5802 836 5851 καὶ
862 5795 1007 5853 πᾶλιν
1030 5806 1452 5874 ἐπαιιφιαζομένη.

2294 4562 2496 4637 ibidem
2544 4565 2632 4637 ubi
2673 4566 2724 4618 in
2769 4566 2926 4637 editis
2963 4566 3158 4637 legitur
3199 4568 3797 4637 incomprehensibiliter,
3826 4572 3887 4635 in

2293 4635 2695 4722 nostrisltribus
2724 4636 3017 4722 codicibus.
3038 4635 3295 4722 scripturn
3330 4636 3631 4721 invenimus
3659 4635 3883 4722 inepte-

2295 4703 2612 4778 (amabiliter
2639 4721 2656 4757 :
2687 4720 2794 4778 qu_a
2829 4721 2896 4760 ex
2930 4703 3391 4778 interpretatione
3427 4709 3686 4778 suspicari
3731 4703 3883 4775 licet,

2294 4773 2473 4858 inepte
2514 4773 2718 4858 legisse
2744 4773 3104 4858 Eustathium:
3127 4778 3425 4858 ᾀμὲμπτως,
3457 4773 3579 4833 cuin
3608 4773 3887 4851 scripserit

2296 4842 2523 4915 Basilius
2550 4848 2794 4915 ἀμέκτως,
2821 4847 2934 4899 sine
2956 4842 3292 4901 admixtione.

2364 4924 2389 4957 κ
2428 4913 2607 4969 ϐοόθῂ
2634 4931 2790 4981 unus,
2821 4914 2954 4980 quod
2983 4915 3119 4968 enim
3146 4925 3223 4969 est
3249 4914 3429 4970 umbra
3457 4917 3511 4971 in
3541 4926 3705 4973 nocte.
3743 4918 3871 4975 Mox

2291 4982 2440 5059 editi.
2459 5000 2611 5059 mane
2643 4986 2872 5059 tendens.
2902 4984 3736 5059 Libri__vet_eres,_ma_ne_rquidem
3769 4996 3890 5047 ten-

2293 5052 2438 5107 dens.
2463 5053 2698 5109 Subinde
2722 5056 2871 5120 editi,
2898 5054 3208 5109 meridianis
3229 5053 3387 5111 horis.
3413 5052 3570 5112 Colb'.
3593 5052 3886 5122 secundus,

2291 5123 2596 5178 meridianis
2623 5142 2676 5179 se
2696 5126 2855 5179 horis.

2365 5190 2389 5229 ιι
2431 5191 2568 5247 Editi
2598 5203 2653 5249 et
2672 5194 2828 5271 Colb.
2854 5194 3077 5266 primus,
3108 5202 3187 5248 est
3205 5197 3514 5271 naturaliter
3540 5205 3741 5271 optata.
3776 5199 3885 5255 Alii

2286 5261 2397 5317 duo
2423 5279 2574 5330 mss.,
2600 5261 2909 5342 naturaliter
2935 5272 3011 5318 est
3031 5273 3231 5336 aptata.
3263 5263 3470 5334 Ome,
3493 5261 3587 5331 τῆξ
3615 5269 3892 5342 mergis-

2293 5353 2423 5392 σεως
2445 5338 2967 5396 κατασκευασθείσης.

2369 5400 2383 5437 ί
2428 5401 2591 5473 Editi,
2609 5421 2889 5481 possumus
2909 5406 3099 5481 dicere.
3123 5407 3353 5481 Antiqui
3369 5408 3477 5481 duo
3507 5408 3888 5481 libri,_discere

2290 5476 2666 5552 possunt-432]}!
2687 5476 2897 5540 Graeco,
2928 5479 3058 5552 ἐστὶΔ
3076 5476 3281 5552 μᾳθεῖνξ
3308 5477 3417 5534 Nec
3456 5478 3531 5532 ita
3559 5476 3729 5552 multo
3760 5488 3889 5552 post

2289 5540 2437 5608 editi,
2465 5543 2670 5618 plgcide
2711 5556 2831 5599 sunt
2858 5540 3086 5618 venturi:
3109 5546 3177 5602 At
3216 5548 3325 5603 duo
3373 5563 3501 5604 mss.
3531 5547 3737 5618 placide
3764 5540 3889 5604 ’δίκε

2288 5610 2505 5691 genteri.
2521 5610 2682 5691 C0_lb._
2705 5615 3431 5691 secundus,_utrum‘niolenti
3447 5636 3515 5671 an
3530 5610 3748 5691 placidi,
3774 5629 3883 5691 etc.

2288 5679 2523 5761 Subinde
2551 5682 2640 5761 ubi
2670 5684 2893 5761 legimus
2921 5679 3056 5739 etin
3079 5686 3443 5761 duobusmss.
3465 5679 3604 5744 et'in
3628 5679 3883 5759 vulgatis,
3922 5750 3929 5761 ,

2286 5749 2429 5815 satis,
2460 5749 2656 5821 legitur
2683 5749 2740 5810 in
2762 5752 2917 5811 Colb.
2940 5757 3196 5822 secundo,
3225 5756 3413 5811 totum.
