4192 6258
300 355 410 412 925

1324 355 1721 410 HEXAEMERI
1759 354 2247 423 MKTAWSIS
2286 355 2492 411 LIBER
2532 356 2625 413 VI.

3355 287 3361 291 .
3396 286 3442 293 κ-

303 472 585 539 nientium,
600 486 695 528 seu
717 470 1038 547 generaliter
1063 470 1261 543 ubique
1286 464 1623 541 spirantium,
1644 476 1701 527 et
1720 477 1905 529 utrum
1930 477 1984 556 Α
2008 472 2186 537 monis
2232 472 2534 533 inﬂectunt.
2580 471 2790 539 Ferunt
2835 474 2987 541 enim
3023 476 3202 539 vitam
3244 484 3495 549 nostram

302 565 594 632 violenter,
624 580 690 619 an
719 564 933 638 placide
962 564 1069 618 sint
1116 559 1345 618 venturi.
1381 560 1557 618 Unum
1606 562 1789 630 itaque
1835 577 1905 625 ex

305 656 856 715 demonstrationihus
876 654 1107 709 habetur
1135 653 1329 719 solum,
1361 651 1510 725 quod
1538 651 1775 707 ostendit
1804 666 1908 706 no-

256 723 269 744 ’
303 748 389 804 bis
427 747 704 813 Dominus,
736 745 920 803 dicens
947 745 1182 800 futuram
1211 723 1593 815 tempestatem
1623 757 1747 797 cum
1792 756 1905 796 cte-

303 843 415 898 lum
446 842 674 913 coeperit
701 841 858 913 igneo
906 839 1104 895 rubore
1153 836 1355 895 tristari
1395 834 1625 907 (Matth.
1670 850 1783 901 xvr,
1814 832 1904 901 5).

306 932 530 988 Nebulis
551 933 693 991 enim
721 929 1091 999 subeuntibus,
1122 926 1386 984 obfuscati
1424 924 1560 985 radii
1592 924 1754 979 rutilo
1782 927 1908 978 san-

305 1024 615 1095 guineoque
638 1022 819 1079 colore
834 1027 1163 1087 cernuntur;
1196 1018 1336 1073 aeris
1364 1016 1616 1072 videlicet
1638 1014 1908 1070 densitate

308 1116 476 1171 talem
505 1115 740 1186 speciem
766 1113 966 1170 nostris
993 1112 1270 1168 obtutibus
1315 1110 1627 1177 exbibente,
1658 1108 1749 1181 qui
1776 1122 1910 1163 nec-

240 1238 245 1243 -
308 1208 437 1263 dum
467 1207 520 1261 vi
565 1206 759 1263 caloris
788 1220 1097 1279 expressus,
1131 1212 1158 1241 κ
1188 1211 1411 1279 propter
1438 1201 1754 1257 exhalantes
1782 1199 1910 1256 sub-

307 1301 435 1356 inde
478 1314 725 1371 vapores,
764 1306 820 1356 et
841 1296 1144 1367 augmentis
1165 1309 1425 1365 aquarum
1443 1293 1612 1361 magis
1632 1293 1913 1365 magisque

305 1400 614 1457 crassatus;
668 1392 1024 1447 certissimam
1071 1372 1449 1458 tempestatem
1493 1382 1804 1453 regionibus
1852 1381 1909 1434 in

303 1486 502 1556 quibus
528 1484 691 1539 fuerit
727 1484 1058 1551 glomeratus
1088 1481 1336 1535 intentat.
1365 1476 1628 1537 Similiter
1650 1476 1811 1533 etiam
1850 1473 1911 1528 lit

302 1575 527 1648 quando
545 1575 778 1629 habetur
804 1574 932 1628 luna
960 1568 1295 1637 circumﬂua,
1337 1568 1421 1623 vel
1450 1582 1573 1625 cum
1600 1567 1772 1623 solem
1800 1566 1910 1621 cir—

305 1665 650 1721 cumdederit
663 1680 788 1720 area
809 1679 928 1737 qum
945 1670 1184 1728 vocatur,
1215 1660 1467 1715 nimirum
1489 1673 1749 1728 aquarum
1772 1657 1911 1712 mul-

309 1757 623 1823 titudinem,
655 1763 749 1811 aut
768 1764 1051 1811 ventorum
1082 1752 1328 1823 fremitus
1352 1751 1565 1805 futuros
1604 1750 1906 1815 annuntiat,

2012 577 2163 623 m0tu
2182 564 2420 637 pendere
2449 566 2778 635 caelestium;
2799 576 3088 642 propterea
3114 568 3352 631 Chaldaei
3370 572 3609 633 notatio-

2015 670 2112 713 nes
2140 664 2411 717 astrorum
2438 657 2511 714 ad
2530 674 2689 729 casus
2712 660 2984 735 humanos
3024 669 3275 740 asserunt
3310 664 3611 737 pertinere,

2012 747 2350 835 simplexque
2378 748 2582 826 dictum
2607 749 2898 829 Scriptum
2922 753 3071 829 quod
3095 754 3174 810 ait
3198 755 3253 817 in
3280 754 3467 825 signis,
3496 771 3609 819 non

2014 840 2085 895 ad
2103 841 2459 899 mutationem
2483 842 2739 902 videlicet
2758 846 2900 904 aeris
2928 847 3012 905 vel
3030 855 3338 918 temporum
3367 850 3604 920 qualita-

2013 936 2143 994 tem,
2174 930 2271 987 sed
2298 931 2366 989 ad
2387 941 2591 991 sortem
2617 935 2739 990 vitae
2760 936 3143 997 transferentes
3161 938 3427 1004 humanm,
3445 945 3609 1010 prout

2013 1020 2119 1087 sibi
2144 1014 2376 1089 vidett'tr,
2406 1033 2721 1094 exponunt;
2751 1027 2995 1089 dicentes
3022 1031 3377 1099 quorumdam
3405 1032 3609 1101 discurs

2014 1111 2248 1181 rentium
2278 1113 2519 1170 siderum
2546 1117 3004 1188 complexionem,
3032 1136 3155 1176 cum
3181 1120 3251 1181 ad
3279 1122 3399 1179 illas
3426 1124 3611 1179 stellas
3650 1123 3659 1134 ’

2013 1217 2132 1273 quae
2158 1204 2214 1260 in
2242 1204 2463 1261 zodiaco
2486 1215 2769 1263 moventur
2796 1210 3017 1278 circulo,
3042 1212 3089 1267 si
3112 1222 3135 1250 ε
3165 1214 3460 1287 secundum
3493 1215 3611 1273 tale

2012 1296 2162 1351 verbi
2190 1296 2361 1366 gratia
2388 1298 2606 1353 schema
2635 1300 2883 1370 coierint,
2907 1310 3116 1359 certam
3149 1306 3372 1374 genesin
3420 1308 3614 1374 solere,

2014 1385 2301 1456 perﬁcere;
2333 1403 2623 1463 rursusque
2652 1390 2699 1445 si
2744 1391 2882 1448 alter
2908 1393 3123 1453 habitus
3162 1396 3375 1453 illarum
3422 1396 3613 1465 fuerit,

2013 1476 2283 1533 contraria
2313 1476 2530 1534 decreta
2559 1482 2854 1551 componit.
2890 1482 2966 1539 De
3005 1485 3198 1554 quibus
3226 1502 3336 1541 non
3364 1489 3467 1541 erit
3493 1478 3606 1544 for-

2016 1567 2175 1622 tassis
2204 1568 2409 1634 inutile,
2450 1570 2497 1625 si
2519 1572 2825 1639 aperienda:
2867 1575 3183 1644 qtunstionis
3220 1577 3414 1647 gratia,
3446 1580 3616 1649 paulo

2015 1660 2259 1729 superius
2285 1661 2516 1731 repetita
2546 1663 2686 1719 serie
2715 1665 3041 1723 narrationis
3061 1668 3337 1729 exordiar.
3355 1668 3487 1726 Dico
3515 1686 3613 1729 aue

2017 1758 2125 1805 tem
2150 1767 2257 1806 non
2278 1767 2454 1809 meum
2484 1753 2614 1823 quid
2643 1755 2937 1825 proprium,
2969 1756 3067 1813 sed
3090 1757 3470 1819 confutationis
3489 1762 3609 1821 illo,-

306 1848 390 1903 vel
420 1864 548 1904 cum
576 1847 674 1903 visi
716 1848 859 1904 circa
902 1861 1025 1901 eum
1075 1844 1272 1900 fuerint
1315 1843 1709 1909 discurrentes,
1743 1843 1779 1898 ii
1826 1840 1920 1917 qui
1946 1842 1997 1923 ’Β
2028 1857 2145 1896 mm
2173 1858 2353 1910 causa,
2385 1845 2495 1900 suis
2524 1852 2643 1900 utar
2670 1847 2857 1914 elogiis
2883 1865 2895 1899 :
2928 1856 2989 1903 ut
3016 1856 3071 1904 et
3092 1849 3127 1903 ii
3155 1851 3248 1923 qui
3274 1866 3458 1907 errore
3477 1869 3609 1922 pne-

304 1939 332 1980 δ
356 1942 504 1999 soles
532 1940 787 1996 contrarii
830 1940 1178 1995 nominantur
1202 1957 1214 1990 :
1245 1937 1490 2008 profecto
1519 1952 1675 1992 casus
1700 1938 1911 2014 aliquos

305 2033 534 2089 aetherei
555 2039 759 2088 tractus
780 2033 1065 2088 imminere
1105 2030 1456 2103 portendunt.
1488 2027 1639 2084 Sicut
1667 2037 1723 2085 et
1752 2029 1910 2103 virgae

286 2118 423 2196 illa:
449 2137 574 2193 quas
602 2124 659 2177 in
688 2121 841 2178 iridis
865 2122 1050 2177 colore
1096 2121 1196 2177 sub
1235 2120 1510 2175 matutinis
1539 2120 1770 2175 nubibus
1816 2136 1908 2175 os-

311 2217 634 2284 tenduntur,
664 2216 1012 2271 vehementes
1039 2214 1247 2287 pluvias
1294 2221 1350 2269 et
1375 2212 1662 2284 procellas,
1686 2220 1778 2266 aut
1805 2212 1907 2266 ali-

310 2325 480 2380 quam
533 2307 850 2364 omnimodo
911 2306 1032 2363 cocli
1080 2307 1539 2378 perturbationem
1582 2303 1906 2373 signiﬁcant.

307 2398 551 2457 Plurima
579 2401 745 2456 etiam
774 2399 966 2454 indicia
996 2404 1275 2453 crescente
1296 2396 1382 2451 vel
1410 2404 1725 2452 senescente
1756 2396 1904 2461 luna,

306 2491 403 2562 qui
426 2491 554 2546 huic
582 2490 819 2546 scientiae
846 2488 1167 2545 studuerunt
1195 2494 1413 2542 notasse
1440 2486 1690 2542 dicuntur
1718 2505 1730 2539 :
1762 2501 1908 2541 asse-

307 2590 497 2638 rentes
522 2581 667 2652 quod
688 2595 784 2636 aer
807 2589 964 2636 terrae
984 2579 1284 2651 proximus,
1311 2579 1618 2634 necessario
1640 2594 1739 2650 pro
1768 2579 1908 2635 lunte

308 2674 675 2732 schematibus
721 2672 1173 2744 qualitatibusque
1218 2679 1480 2726 vertatur.
1512 2669 1645 2725 Nam
1705 2683 1725 2710 ε
1784 2688 1908 2727 cum

310 2765 478 2822 fuerit
498 2766 681 2830 tertia,
712 2765 758 2820 si
810 2765 1022 2834 gracilis
1075 2771 1130 2819 et
1169 2764 1390 2818 minime
1418 2763 1673 2819 cornibus
1704 2764 1909 2819 obtusis

309 2865 606 2930 appareat,
646 2855 993 2912 serenitatem
1028 2854 1277 2909 stabilem
1305 2853 1620 2923 ﬁrmamque
1648 2853 1905 2908 declarat.

311 2946 410 3004 Sin
435 2954 617 3002 autem
639 2945 961 3012 rubicunda,
993 2945 1313 3015 pinguisque
1338 2944 1594 2999 cornibus
1622 2943 1915 3005 habeatur,

313 3038 519 3096 imbres
566 3038 782 3104 nimios,
838 3037 1234 3106 australemque
1279 3035 1592 3090 violentiam
1649 3034 1904 3088 minatur.

315 3127 527 3185 Bomm
549 3127 714 3197 igitur
740 3126 1045 3183 observatio
1074 3133 1331 3196 quantum
1378 3124 1775 3179 commoditatis
1818 3123 1911 3177 im-

2017 1935 2333 1999 ventisunt,
2368 1935 2605 1991 remedia
2634 1944 2913 2008 conceptae
2950 1939 3183 1996 laesionis
3221 1943 3509 2013 accipiant,
3553 1955 3615 2005 et
3720 1940 3736 1958 °

2014 2028 2193 2082 caeteri
2224 2029 2495 2083 munimen
2525 2028 2760 2098 aliquod,
2795 2045 2863 2085 ne
2892 2031 3086 2091 similia
3136 2034 3425 2103 patiantur,
3457 2036 3607 2092 inve-

2016 2119 2186 2175 niant.
2210 2119 2538 2207 Repertores
2562 2122 2726 2190 igitur
2768 2124 3068 2191 genesiacre
3090 2126 3316 2183 rationis
3335 2128 3605 2189 diuturni-

2015 2217 2125 2265 tate
2140 2198 2396 2280 temporis
2424 2212 2654 2282 experti,
2678 2212 2824 2283 quod
2846 2230 2940 2270 eos
2959 2214 3025 2269 de
3047 2216 3413 2277 schematibus
3434 2198 3617 2281 multa,

2013 2300 2311 2370 diﬂ'ugiant,
2342 2302 2396 2356 in
2435 2312 2720 2372 angustum
2776 2305 2993 2376 penitus
3043 2308 3301 2390 temporis
3344 2286 3617 2387 redegerd

2012 2407 2339 2458 mensuram,
2400 2400 2459 2446 ut
2501 2393 2664 2447 etiam
2712 2394 3073 2451 minutissime
3113 2396 3417 2464 intervallo,
3468 2399 3613 2465 sicut

2011 2480 2143 2537 dicit
2197 2482 2487 2553 Apostolus
2521 2501 2533 2536 :
2568 2472 2635 2537 In
2665 2494 2943 2549 momento,
2969 2475 3024 2545 et
3059 2488 3113 2543 in
3152 2496 3342 2565 puncto
3385 2489 3448 2563 (1
3472 2472 3617 2549 Cors

2013 2590 2100 2639 xv,
2127 2571 2238 2643 52),
2264 2588 2455 2643 magna
2477 2575 2547 2628 sit
2574 2572 2594 2612 ί
2620 2575 2762 2629 inter
2783 2577 3024 2645 genesim
3042 2578 3388 2655 genesimque
3407 2580 3605 2641 distuli~

2013 2666 2104 2731 tia,
2136 2672 2443 2720 asserentes
2468 2665 2612 2735 quod
2644 2666 2733 2720 ille
2759 2666 2852 2736 qui
2879 2675 3038 2722 natus
3065 2676 3149 2724 est
3175 2669 3229 2723 in
3272 2670 3379 2733 hoc
3399 2680 3609 2743 puncto

2010 2775 2107 2815 rex
2135 2761 2238 2814 erit
2265 2759 2503 2829 gentium
2545 2761 2903 2835 princepsque
2939 2763 3283 2834 populorum,
3312 2746 3616 2829 maximam.

2012 2852 2308 2922 potentiam
2337 2850 2638 2920 multasque
2666 2850 2880 2907 divitias
2902 2848 3222 2921 sortiturus;
3262 2869 3387 2917 eum
3424 2864 3607 2931 autem

2010 2942 2103 3012 qui
2128 2942 2181 2996 in
2210 2941 2302 2995 illo
2330 2948 2606 2996 momento
2632 2950 2847 2997 creatus
2866 2950 2971 3009 est,
2990 2943 3315 3013 mendicum,
3339 2944 3603 3022 etvagum

2011 3030 2155 3100 fore,
2187 3032 2604 3104 quotidianique
2632 3034 2804 3089 victus
2832 3050 3015 3109 causa,
3045 3036 3380 3097 diversorum
3410 3039 3609 3110 ianuas

2012 3126 2306 3180 obiturum.
2336 3124 2463 3180 Ideo
2494 3140 2729 3201 namque
2750 3126 3011 3191 circulum
3049 3129 3142 3198 qui
3164 3130 3387 3199 signifer
3414 3132 3606 3207 appels

315 3219 527 3293 pendat
550 3219 880 3287 hominibus,
903 3219 1024 3289 quis
1063 3218 1313 3287 ignorat?
1341 3214 1574 3273 Possunt
1598 3217 1742 3272 enim
1763 3216 1915 3271 navi—
1939 3206 1986 3269 C
2018 3218 2161 3283 latur
2181 3219 2233 3272 in
2277 3228 2301 3264 κ
2323 3217 2607 3274 duodecim
2650 3219 2893 3293 partibus
2919 3220 3191 3292 dividunt;
3239 3206 3497 3297 quoniam
3524 3227 3615 3298 soi

316 3312 497 3384 gattri
523 3312 663 3367 intra
689 3319 906 3382 portum
934 3311 1169 3366 retinere
1195 3310 1443 3377 classem,
1472 3308 1650 3365 futura
1672 3308 1913 3381 pericula

315 3402 728 3479 praeﬁdentes;
779 3402 959 3457 viator
994 3403 1123 3456 item
1171 3409 1363 3456 cautus
1410 3399 1632 3456 eﬂ‘ectus
1685 3416 1754 3456 ex
1792 3400 1914 3457 caeli

314 3494 560 3560 tristitia,
590 3493 992 3564 tranquillitatis
1032 3500 1244 3562 tempus
1272 3500 1587 3561 exspectat;
1620 3492 1912 3561 agriculto-

314 3597 421 3642 res'
436 3599 655 3655 quoque
673 3583 970 3639 seminibus
992 3590 1047 3637 et
1059 3581 1256 3652 plantis
1281 3582 1563 3637 sollicitam
1583 3583 1911 3651 diligentiam

316 3674 748 3742 commodantes,
769 3690 837 3729 ex
855 3674 1168 3730 memoratis
1194 3675 1443 3730 instructi
1467 3675 1632 3744 signis
1644 3684 1907 3746 opportu-

316 3769 550 3823 nitatem
578 3780 869 3835 congruam
906 3766 1301 3836 praestolantur.
1351 3765 1509 3832 Quid,
1539 3766 1683 3835 quod
1710 3764 1736 3802 ἀ
1760 3767 1927 3821 solum

318 3859 484 3914 tionis
512 3858 675 3913 etiam
706 3873 885 3912 rerum
909 3857 1147 3915 omnium
1178 3857 1230 3911 in
1258 3857 1395 3923 sole,
1426 3857 1656 3927 lunaque
1682 3866 1737 3913 et
1778 3858 1911 3914 stel-

320 3950 421 4015 lis,
450 3948 672 4004 visenda
720 3949 966 4019 prodigia
1017 3946 1276 4004 Dominus
1322 3948 1637 4018 pmdicavit
1680 3949 1906 4005 dicens:

320 4043 418 4098 Sol
444 4042 751 4107 verteturjn
799 4041 1119 4113 sanguinem,
1152 4049 1203 4095 et
1241 4042 1367 4095 luna
1405 4058 1510 4097 non
1556 4041 1700 4096 dabit
1751 4044 1913 4098 lucem

322 4149 473 4188 suam
522 4132 680 4204 (Joel.
711 4149 782 4199 ιι,
812 4131 876 4185 Si
905 4150 921 4197 ς
951 4134 1065 4187 Act.
1097 4148 1153 4199 ιι,
1183 4131 1295 4202 ‘20).
1327 4132 1525 4187 Verum
1576 4133 1691 4189 haec
1719 4133 1912 4190 indicia

321 4234 451 4281 sunt
479 4223 763 4278 mundana:
791 4224 1269 4279 consummationis
1286 4266 1301 4290 ,
1328 4232 1387 4279 ut
1406 4224 1656 4279 diximus.

395 4312 446 4371 ὅ.
478 4314 587 4371 Sed
619 4315 695 4370 illi
724 4315 814 4387 qui
845 4316 983 4370 ultra
1030 4313 1224 4371 fossam
1274 4316 1443 4372 saltus
1481 4332 1609 4371 suos
1648 4325 1914 4371 conantur

323 4407 637 4475 extendere,
664 4404 734 4461 ad
759 4407 1023 4463 rationem
1044 4407 1254 4479 genesis
1281 4422 1495 4463 cursum
1516 4407 1778 4478 propositi
1800 4421 1915 4462 ser—

2018 3325 2117 3381 per
2162 3310 2379 3378 triginta
2427 3307 2545 3363 dies
2588 3310 2860 3379 egreditur
2919 3312 3297 3371 duodecimum
3347 3315 3374 3353 ιι
3430 3318 3609 3381 locum

2016 3404 2271 3475 sphaerae,
2319 3403 2436 3473 ejus
2476 3418 2597 3475 qua:
2633 3406 2879 3473 ἀπλανής,
2913 3406 2969 3462 id
2995 3416 3098 3476 est,
3132 3409 3435 3467 inerrabilis
3464 3411 3607 3466 γεεί-ι

2019 3494 2183 3550 t'atur.
2216 3492 2285 3549 Et
2324 3508 2511 3550 rursus
2557 3495 2979 3567 unumquodque
3020 3499 3319 3555 membrum
3373 3500 3611 3570 partium
3652 3510 3661 3522 '

2020 3586 2345 3640 tricenarum
2386 3600 2487 3656 per
2524 3584 2697 3655 spatia
2737 3584 2987 3641 duodena
3027 3586 3300 3647 deducunt
3329 3606 3344 3642 :
3375 3603 3614 3660 quorum,

2015 3677 2253 3746 singulas
2268 3676 2463 3757 iterum
2484 3674 2826 3745 portionesin
2843 3675 2946 3730 alia
2966 3677 3243 3744 sexaginta
3258 3676 3607 3751 distribuunt,

2017 3784 2313 3842 eorumque
2362 3771 2642 3841 sexaginta
2672 3770 2917 3838 sexagies
2941 3770 3222 3842 portiones
3262 3784 3614 3847 enumerant.

2016 3858 2335 3930 Hujusmodi
2382 3874 2511 3930 ergo
2562 3862 2902 3917 nascentium
2937 3862 3181 3929 genesim
3226 3862 3605 3935 disponentes,

2018 3950 2294 4006 videamus
2321 3951 2367 4006 si
2386 3960 2611 4022 possunt
2638 3952 2776 4007 hanc
2801 3950 3172 4014 subtilitatem.
3212 3952 3313 4008 sub
3342 3956 3609 4025 temporis

2016 4042 2355 4098 dimensione
2380 4059 2617 4100 servare.
2649 4043 2774 4099 Mox
2799 4044 2944 4103 enim
2974 4051 3032 4098 ut
3075 4042 3254 4100 infans
3280 4047 3603 4115 processerit

2017 4149 2084 4189 ex
2115 4140 2289 4197 utero,
2314 4135 2578 4204 speculari
2609 4149 2829 4189 necesse
2849 4142 2932 4189 est
2959 4134 3305 4190 obstetricem
3324 4150 3446 4206 quas
3464 4136 3603 4193 dicat

2014 4241 2150 4296 puer
2175 4224 2244 4279 sit
2272 4238 2339 4278 an
2367 4224 2545 4294 puella
2572 4223 2716 4294 quod
2765 4232 2948 4279 natum
2979 4231 3094 4291 est,
3126 4232 3181 4280 et
3209 4233 3489 4305 exspectat
3514 4209 3605 4287 va-

2015 4316 2184 4383 gitum
2211 4329 2320 4383 quo
2349 4314 2528 4385 capiat
2556 4313 2762 4384 parvuli
2811 4313 3037 4369 viventis
3079 4314 3353 4373 indicium.
3394 4313 3604 4385 Quanta

2024 4406 2100 4461 vis
2142 4406 2270 4461 dum
2299 4407 2413 4464 hare
2441 4415 2687 4477 aguntur,
2718 4405 2963 4476 sexagies
3009 4406 3159 4465 dicas
3202 4408 3460 4471 transisse
3486 4390 3605 4467 mo-

398 4680 426 4710 ⁸
466 4668 611 4727 Editi
631 4680 687 4727 et
705 4672 810 4727 duo
830 4686 985 4737 mss,
1013 4672 1324 4743 exultantes,
1342 4679 1612 4743 corrupte.
1629 4671 1711 4743 _At
1733 4685 1916 4743 emen-
1941 4672 1994 4733 D
2034 4740 2059 4743 _
2094 4680 2117 4707 ο
2146 4668 2302 4735 Editi,
2336 4671 2380 4724 si
2403 4671 2522 4743 tale.
2547 4671 2766 4743 Antiqui
2792 4672 2898 4727 duo
2920 4673 3063 4743 libri,
3095 4676 3141 4727 si
3168 4674 3447 4729 secundum
3476 4684 3600 4730 tate.

325 4743 451 4818 date
495 4743 755 4813 scriptum
802 4743 1101 4818 invenimus
1156 4743 1210 4796 in
1257 4739 1412 4797 Colb.
1446 4739 1703 4807 secundo,
1753 4742 1917 4795 exha-

325 4812 650 4940 latgmdodex
674 4898 816 4939 nam
831 4896 955 4938 cum
982 4880 1142 4937 edim
1181 4882 1307 4937 solis
1335 4882 1606 4937 contrarii.
1637 4880 1739 4935 Alii
1784 4881 1914 4948 duo,

324 4952 458 5010 soles
483 4952 755 5010 contrarii.

403 5020 599 5093 °7Editl
623 5038 741 5078 cunt
786 5021 941 5093 fuerit
966 5030 1119 5077 tersa.
1151 5020 1295 5076 Libri
1329 5029 1573 5093 veteres,
1602 5036 1717 5074 cum
1763 5023 1917 5093 fuerit

329 5092 501 5168 tertia,
527 5093 602 5153 ita
646 5088 898 5162 exigente
942 5098 997 5145 et
1025 5106 1208 5160 sensu,
1237 5098 1293 5147 et
1319 5088 1514 5147 Graeco
1566 5096 1686 5163 περὶ
1731 5088 1905 5168 τρίτην

653 5231 953 5315 solutiones.
983 5230 1468 5315 Codex_n9‘ster.et
1507 5232 1658 5315 ροιι).
1685 5247 1911 5315 primus,

326 5302 623 5371 solutionis,
674 5302 837 5367 bene,
889 5317 1013 5372 eum
1056 5300 1199 5372 apud
1246 5299 1497 5372 Basiliuin
1529 5299 1788 5370 legamus,
1822 5311 1918 5362 nir-

329 5363 670 5443 διαλύσεωςξ..
697 5363 907 5443 auria,
936 5363 1207 5429 “Iulianis
1233 5371 1404 5443 signa.
1430 5363 1735 5428 Alter-vero
1755 5363 1907 5427 Colb.

330 5442 405 5497 ita
432 5442 610 5505 habet,
644 5440 966 5505 diligentiam
1012 5440 1341 5499 commodam
1386 5459 1452 5497 ea:
1490 5444 1789 5498 memoratis
1826 5444 1911 5496 in-

328 5511 710 5583 unctionibus.
743 5511 1137 5583 Etiamrerunt
1158 5513 1386 5568 omnium
1406 5513 1459 5567 in
1489 5513 1617 5581 sole,
1634 5512 1909 5579 etc.Quod

304 5581 397 5653 'ad
423 5579 668 5653 Graecum
687 5579 902 5653 quidem
922 5580 1139 5653 facilius
1165 5583 1563 5653 accommodari
1586 5579 1782 5653 potest,
1814 5583 1910 5641 ἤδη

245 5658 265 5675 ’
331 5651 387 5710 δὲ
414 5657 498 5708 καὶ
529 5651 671 5717 :sed
721 5667 789 5712 eo
838 5652 891 5711 in
919 5652 1057 5711 libro
1102 5667 1210 5709 vox
1256 5652 1525 5711 solutionis
1553 5651 1906 5708 desideratur.

331 5716 517 5791 Codex
537 5716 741 5788 noster,
774 5722 1156 5790 prcestolantur,
1190 5723 1439 5791 siquidem
1465 5723 1736 5779 solutionis
1803 5731 1907 5775 ctc.

333 5788 526 5861 Statim
555 5807 684 5873 litis.
711 5788 840 5859 duo,
869 5792 1086 5849 videnda
1115 5788 1368 5863 prodigia.

2020 4740 2223 4815 graue,
2255 4739 2614 4815 κατὰ-τόιόνδς
2665 4739 2872 4815 ᾆχῆμοί.
2910 4739 3312 4815 Δδιτιιὶηἱᾲσὲςξίῑὶ,
3338 4743 3385 4797 st'
3429 4743 3602 4815 aliter.

2021 4810 2173 4866 Colb.
2206 4809 2493 4875 secundus,
2546 4811 2592 4863 si
2636 4807 2791 4864 ult'érI
2830 4810 3066 4866 Subinde
3106 4807 3263 4867 Colb.
3316 4810 3605 4878 secundus,

2021 4882 2288 4950 repetitam
2316 4881 2516 4933 seriem.
3324 4945 3368 4950 _
3414 4938 3427 4945 ,

2097 4951 2116 4993 ί
2152 4950 2312 5023 Editi,
2343 4952 2478 5023 inin
2505 4951 2663 5023 gesim
2687 4952 3009 5023 genesimque
3027 4950 3290 5023 distantia.
3324 4945 3490 5023 Yetus
3517 4945 3602 5023 hic

2021 5028 2206 5092 noster
2232 5020 2386 5085 liber,
2408 5015 2543 5074 inter
2562 5015 2787 5092 genesim
2801 5015 3120 5091 genesimque
3138 5015 3406 5085 distantia,
3429 5022 3595 5073 recte.

2020 5090 2076 5145 In
2105 5106 2301 5165 διξερε,
2332 5090 2678 5165 γένβσει-ῖξρρς
2714 5090 2954 5165 γένέσιγί·
3057 5156 3069 5165 _
3154 5155 3166 5165 _
3259 5154 3270 5165 .
3335 5157 3345 5165 _
3538 5156 3564 5165 __
3606 5118 3607 5121 π

2091 5154 2133 5210 ἰ
2149 5154 2365 5229 Antiqui
2394 5161 2501 5216 duo
2532 5154 2652 5214 libri
2679 5154 2801 5215 cum
2829 5158 3015 5229 editis_,
3049 5156 3114 5229 ίη⁸
3131 5154 3400 5229 duodecim
3427 5156 3591 5224 parti-

2015 5231 2126 5286 bus.
2152 5222 2321 5294 Alius,
2354 5233 2408 5285 in
2438 5230 2705 5298 duodecim
2748 5237 2942 5298 partes.
2965 5225 3314 5298 ngdmagis
3342 5222 3593 5298 idoneum

2016 5316 2135 5383 esse
2162 5293 2557 5383 nonﬁdiﬂlteor;
2599 5297 2696 5383 sed
2718 5293 2825 5379 non
2857 5295 2980 5383 inde
3000 5293 3139 5351 ellici
3167 5301 3317 5353 nuto.
3342 5301 3401 5348 ut
3429 5293 3601 5348 malus

2016 5371 2246 5441 scriptor
2272 5370 2582 5426 Eustathius
2612 5370 2682 5421 ita
2706 5370 2998 5437 scripserit.

2032 5458 2045 5510 κν
2090 5438 2116 5477 ιι
2144 5438 2314 5505 Editi,
2369 5442 2535 5497 locum
2569 5440 2711 5510 ferte.
2754 5436 2939 5510 codex
2987 5443 3217 5510 noster,
3253 5436 3421 5491 locum
3468 5435 3598 5507 fere.

2015 5509 2167 5566 Colb.
2198 5504 2600 5580 primus,locurit
2628 5509 2757 5577 fore.
2783 5506 2933 5562 Alter
2979 5504 3157 5571 Colb.,
3192 5504 3367 5580 locum
3394 5504 3559 5580 spem
3578 5516 3599 5555 :

2014 5595 2132 5649 quae
2155 5574 2424 5649 scriptura
2445 5579 2514 5649 ita
2541 5574 2794 5646 corrupta
2820 5584 2922 5649 est,
2951 5584 3009 5631 ut
3030 5574 3304 5649 emendari
3332 5574 3478 5649 nullo
3506 5585 3600 5624 ne-

2014 5642 2162 5717 gotio
2189 5642 2374 5719 possit.
2406 5647 2569 5719 Igitur
2589 5662 2687 5716 pro
2704 5642 3183 5719 sperwilcgendum
3213 5651 3297 5698 est
3336 5642 3553 5719 sphera:
3579 5654 3615 5695 τ’

1978 5764 1981 5767 λ
2018 5713 2162 5787 Quod
2192 5713 2313 5773 eum
2361 5713 2496 5771 satis
2514 5713 2612 5785 per
2631 5732 2690 5771 se
2719 5713 3057 5787 perspicuum
3088 5715 3179 5779 sit,
3210 5713 3381 5782 magis
3423 5719 3601 5769 tamen

2020 5789 2366 5843 conﬁrmatur
2393 5803 2462 5841 ex
2490 5787 2757 5842 Basiliano
2784 5788 2896 5855 illo,
2937 5788 3170 5861 σφαίρας.
