4192 6258
518 377 624 436 92⁸7

2023 343 2391 404 EUSTATﬂ'll

3746 343 3884 396 993

519 492 720 546 menta.
747 492 782 523 ι
802 481 990 553 Itaque
1033 479 1163 535 dum
1191 459 1565 533 manifestatur
1603 469 1778 527 editus
1817 480 1953 537 puer
1993 477 2111 518 ma-
2139 461 2194 522 Α
2216 452 2398 529 poi-tio
2419 469 2500 515 est
2528 461 2767 530 signiferi
2789 460 2997 518 circuli.
3028 459 3310 528 Quomodo
3340 474 3472 530 ergo
3497 458 3884 531 principales

523 578 836 645 thematico,
861 580 1062 646 quanta
1089 571 1315 626 dicimus
1342 568 1526 637 elapsa
1572 578 1691 619 esse
1718 567 1919 631 puncta
1937 598 1950 623 ,
1982 555 2114 609 dum

522 673 698 729 media
728 682 983 738 responsa
1015 664 1331 720 redduntur.
1353 659 1506 728 Quod
1527 658 1628 714 etsi
1650 653 1938 722 contigerit
1959 658 2115 706 extra

521 767 666 822 fores
687 747 920 819 cubiculi
945 742 1090 814 stare
1117 772 1241 813 eum
1261 756 1354 824 qui
1386 752 1654 809 nascentis
1668 750 1858 805 horam
1889 745 2113 813 colligit,

524 861 741 925 oportet
767 850 970 907 visitari
988 847 1328 910 laterculum,
1360 852 1413 899 ut
1449 843 1754 911 diligenter,
1783 847 1840 893 et
1866 838 1982 892 sine
2006 835 2115 890 ulla

526 943 926 1000 intermissione
955 939 1207 995 calculari
1234 936 1408 1008 possit
1446 949 1634 990 cursus
1668 932 1945 1001 horarum,
2001 926 2118 980 sive

526 1037 702 1096 diurni
731 1035 949 1112 fuerint,
974 1034 1088 1088 sive
1117 1030 1384 1086 nocturni.
1419 1027 1750 1095 Quantorum
1775 1023 1936 1090 igitur
1957 1033 2116 1074 sexa-

526 1109 856 1200 gesimorum
870 1139 1144 1188 numerus,
1162 1137 1229 1177 eo
1252 1122 1372 1190 ipso
1385 1127 1628 1188 tempore
1639 1109 1957 1186 praeteriisse
1969 1117 2123 1180 puta-

527 1223 710 1280 bitur?
739 1220 970 1276 Necesse
990 1225 1073 1272 est
1101 1215 1246 1270 enim
1276 1221 1334 1267 ut
1365 1211 1665 1266 inveniatur
1685 1206 1858 1271 stella,
1874 1219 1992 1274 quae
2009 1218 2119 1256 non

529 1313 704 1369 solum
730 1311 784 1364 in
811 1315 976 1377 quota
1003 1313 1158 1376 parte
1178 1301 1484 1359 duodecimi
1514 1298 1707 1370 spatii,
1748 1297 1843 1352 sed
1872 1294 2035 1349 etiam
2062 1292 2119 1346 in

530 1413 699 1474 quoto
728 1409 928 1471 puncto
948 1397 1240 1453 duodecies
1267 1395 1455 1448 divisa:
1485 1389 1750 1462 portionis
1787 1387 2004 1450 assistit,
2030 1384 2121 1439 vel

530 1497 712 1569 potius
741 1495 793 1546 in
821 1500 989 1560 quoto
1019 1497 1297 1544 momento
1325 1486 1781 1552 sexagesimorum
1831 1479 2116 1549 reperitur,

534 1587 588 1640 in
617 1585 811 1654 quibus
831 1581 1062 1635 diximus
1082 1579 1424 1660 decretorum
1453 1584 1654 1630 sortem
1679 1574 1841 1627 fuisse
1869 1571 2116 1634 divisam,

535 1684 628 1732 aut
647 1685 706 1731 ut
735 1672 954 1729 omnino
983 1671 1181 1726 veritas
1239 1669 1557 1738 inquiratur,
1603 1668 1655 1721 in
1705 1673 1874 1734 quoto
1929 1677 2121 1718 eorum

534 1767 992 1836 sexagesimbrum
1021 1769 1255 1827 ostento,
1280 1776 1398 1830 quae
1426 1776 1456 1813 a
1477 1758 1666 1828 primis
1691 1765 1818 1811 sunt
1844 1753 2089 1821 sexagesi
2105 1782 2120 1793 -

537 1950 1086 2024 comprehensibilem
1107 1948 1368 2017 temporis
1405 1947 1792 2010 inventionem,
1827 1944 1879 1998 in
1908 1941 2132 2009 singulis

537 2045 839 2116 quibusque
880 2040 1110 2111 planetis
1157 2038 1294 2106 fieri,
1351 2036 1715 2093 necessarium
1754 2051 1872 2091 esse
1927 2031 2132 2088 confir-

539 2145 691 2192 mant
723 2154 735 2188 :
760 2143 819 2189 ut
839 2140 1160 2203 agnoscatur
1177 2131 1393 2200 qualem
1419 2129 1662 2184 habitum
1690 2125 1916 2194 gesserit
1947 2123 2136 2178 adver-

541 2245 633 2286 sus
655 2226 912 2284 erraticas
937 2223 1143 2287 stellas,
1168 2223 1254 2278 vel
1283 2222 1441 2291 quale
1464 2222 1602 2274 inter
1617 2234 1676 2279 se
1696 2218 1919 2296 schema
1953 2224 2139 2270 tenue-

542 2323 674 2389 rint,
696 2335 819 2376 cum
849 2323 1161 2373 nasceretur
1180 2314 1492 2370 infantulus.
1521 2312 1654 2366 Nam
1675 2312 1718 2365 si
1747 2313 1879 2366 liora
1909 2310 2138 2365 sollicite

545 2430 653 2469 non
684 2411 846 2466 fuerit
871 2409 1157 2475 custodita,
1181 2407 1575 2476 contigeritque
1603 2406 1690 2461 vel
1710 2405 1980 2460 modicum
2009 2403 2140 2474 quid

546 2504 614 2560 de
642 2503 731 2558 illa
760 2501 1106 2558 subtilissima
1153 2501 1366 2555 ratione
1413 2498 1610 2554 mutari
1637 2516 1648 2550 :
1678 2512 1899 2567 prorsus
1947 2495 2139 2549 obser-

546 2583 690 2651 vatio
721 2602 835 2650 tota
879 2591 1242 2649 confunditur.
1287 2590 1426 2646 Sunt
1480 2590 1696 2660 quidem
1726 2591 1837 2643 risu
1873 2587 2019 2656 digni
2048 2587 2142 2656 qui

548 2686 708 2757 hujus
737 2685 1130 2756 inexplicabilis
1175 2683 1470 2753 disciplina:
1523 2682 1715 2737 studiis
1760 2687 2140 2736 vacaverunt:

550 2779 644 2836 sed
676 2779 847 2834 multo
877 2778 1050 2846 magis
1080 2777 1156 2832 illi
1197 2777 1291 2847 qui
1339 2775 1546 2831 avidius
1569 2776 1621 2830 in
1644 2790 1739 2831 eos
1762 2774 1990 2842 inhiant,
2021 2781 2136 2827 tan-

552 2886 712 2941 quam
739 2870 970 2926 scientes
999 2869 1217 2940 aliquid.
2071 2857 2073 2860 ⁴

576 2965 578 2968 ’
625 2961 676 3015 6.
719 2961 906 3031 Itaque
935 2961 1113 3016 solent
1141 2970 1386 3026 eventus,
1419 2971 1474 3018 et
1495 2961 1699 3030 efﬁgies
1718 2977 1933 3032 quoque
1962 2961 2150 3032 praedi-

554 3067 680 3108 cere
702 3054 1056 3122 singulorum,
1087 3054 1428 3112 declarantes
1457 3056 1607 3110 illum
1637 3055 1816 3126 crispo
1841 3055 2034 3125 capillo
2065 3055 2148 3110 fu-

557 3152 734 3198 turum
763 3155 817 3199 et
844 3146 1109 3212 alacrem;
1143 3149 1400 3215 quoniam
1429 3149 1482 3203 in
1523 3150 1693 3204 ariete
1721 3150 1900 3218 posita
1926 3158 2008 3204 est
2035 3150 2152 3217 ejus

2227 565 2249 592 ο
2282 555 2406 610 inde
2434 570 2625 609 causas
2668 553 2957 608 asscrendo
2985 554 3110 608 vita:
3136 553 3466 618 mortalium,
3489 553 3562 608 de
3594 551 3882 607 terrenis

2221 647 2518 720 pecudibus
2547 647 2882 701 nascentium
2907 646 3110 700 formas
3133 653 3366 710 mentes,
3395 653 3452 700 et
3480 644 3625 700 dicis
3647 643 3880 698 muni-
3935 661 3938 668 ·

2223 742 2382 798 ﬁcum
2432 741 2547 797 fore
2577 741 2865 795 arietinum
2905 740 3225 794 hominem:
3272 753 3383 792 non
3429 738 3558 808 quia
3611 753 3880 793 morum

2223 835 2487 905 ejusmodi
2516 850 2642 904 pars
2670 834 2760 888 illa
2778 832 2900 888 caeli
2926 831 3219 902 perfectrix
3235 838 3342 897 est,
3360 830 3458 886 sed
3479 831 3608 901 quia
3633 839 3879 884 natura

2223 913 2461 983 talis'est
2505 927 2658 982 ovis?
2698 925 2946 981 llortaris
2976 937 3104 992 ergo
3147 939 3249 979 nos
3289 923 3515 992 prmlata
3558 922 3876 992 dignitate

2223 1020 2659 1098 stellarnm,vaut
2685 1018 2870 1088 potius
2923 1015 3153 1071 suadere
3180 1015 3421 1082 conaris,
3471 1029 3573 1083 per
3619 1013 3873 1068 bestias

2224 1121 2404 1167 mutas
2433 1109 2846 1166 accommodare
2873 1107 2970 1163 tibi
2989 1120 3337 1162 consensum.
3361 1104 3515 1171 Quod
3542 1104 3589 1158 si
3618 1103 3692 1158 de
3719 1102 3872 1158 ani-

2225 1205 2457 1260 malibus
2486 1211 2790 1273 assumptas
2812 1215 3025 1257 morum
3059 1198 3419 1269 proprietates
3445 1196 3611 1251 habet
3640 1196 3864 1266 polus,

2227 1298 2343 1367 ipse
2371 1309 2590 1365 quoque
2611 1293 2854 1363 subjacet
2884 1290 3299 1347 necessitatibus
3326 1289 3531 1353 alienis;
3555 1286 3582 1324 ά
3613 1288 3864 1357 quippe

2226 1391 2352 1460 quia
2400 1399 2588 1444 nactus
2631 1397 2716 1444 est
2759 1404 2828 1443 ex
2869 1385 3306 1456 quadrupedibus
3341 1398 3614 1438 causarum
3651 1382 3850 1437 ducta

2228 1487 2513 1557 principia.
2547 1485 2604 1540 Si
2651 1493 2834 1539 autem
2874 1483 2979 1537 hoc
3021 1481 3157 1537 dicis
3187 1481 3426 1550 ineptum
3469 1493 3618 1542 esse,
3647 1477 3848 1531 multo

2228 1581 2359 1635 illud
2386 1578 2764 1650 pronuntiabis
2808 1576 3064 1646 ineptius,
3095 1583 3155 1630 ut
3189 1572 3416 1628 auderes
3443 1571 3512 1626 de
3539 1571 3625 1626 his
3667 1570 3851 1625 rebus

2229 1673 2560 1728 assertiones
2585 1669 2799 1734 allenre,
2819 1683 2938 1738 qua:
2966 1666 3098 1720 nihil
3140 1665 3421 1720 nobiscum
3449 1663 3705 1717 videntur
3729 1661 3852 1714 ba-

2227 1765 2357 1819 bere
2382 1777 2686 1818 commune.
2726 1759 2921 1815 Verum
2947 1759 3062 1812 haec
3091 1757 3305 1812 illorum
3334 1762 3656 1824 argumenta
3685 1752 3852 1807 simi-

421 1931 437 1948 .
535 1862 638 1916 mis
678 1858 704 1898 ¹³
727 1865 995 1928 reparata.
1027 1855 1228 1910 Verum
1276 1855 1434 1909 istam
1460 1853 1538 1908 sic
1581 1853 1940 1916 enucleatam,
1963 1858 2020 1904 et
2048 1848 2131 1902 in—
2162 1845 2214 1905 B
2242 1857 2311 1910 lia
2341 1864 2465 1911 sum
2496 1863 2520 1891 ο
2545 1853 2786 1909 cassibus
2813 1864 3161 1913 aranearum,
3212 1847 3265 1901 in
3308 1846 3506 1917 quibus
3559 1844 3608 1900 si
3655 1843 3844 1909 culex,

2237 1957 2330 2002 aut
2349 1961 2535 2002 musca
2557 1943 2882 2008 consederit,
2908 1948 3123 1996 tenetur
3151 1941 3377 2004 innexa;
3409 1953 3533 1993 cum
3557 1943 3739 1990 autem
3764 1933 3844 1990 de

2235 2039 2548 2095 fortioribus
2573 2035 2773 2107 aliquid
2803 2033 3070 2105 inciderit,
3104 2032 3278 2102 ipsum
3318 2028 3539 2102 quidem
3578 2043 3705 2084 mox
3737 2042 3842 2099 pe-

2237 2141 2434 2210 netrat,
2465 2140 2643 2186 textus
2672 2145 2803 2184 vero
2831 2128 3131 2199 perrumpit
3153 2124 3434 2180 invalidos.

2313 2230 2362 2282 7.
2398 2228 2596 2293 Tamen
2620 2227 2704 2282 his
2735 2243 2843 2281 non
2873 2239 3264 2295 usquequaque
3290 2222 3534 2278 contenti
3555 2229 3714 2286 sunt,
3740 2225 3843 2277 sed

2241 2320 2585 2390 longinquius
2610 2319 3030 2389 progrediuntur
3057 2324 3323 2373 errantes.
3349 2315 3484 2369 Nam
3521 2330 3610 2370 res
3637 2329 3762 2384 quae
3787 2314 3844 2369 in

2243 2412 2451 2468 arbitrii
2482 2411 2652 2466 nostri
2695 2410 2942 2465 libertate
2984 2418 3109 2464 sunt
3155 2409 3362 2480 positae,
3395 2407 3450 2462 id
3479 2414 3582 2472 est,
3610 2407 3841 2461 virtutes

2246 2513 2338 2560 aut
2358 2505 2507 2569 vitia,
2533 2503 2836 2558 caelestium
2866 2503 3278 2559 necessitatibus
3304 2500 3594 2572 applicant.
3634 2499 3843 2566 Quibus

2245 2597 2626 2655 contradicere,
2645 2598 2888 2666 quamvis
2916 2592 3117 2652 risibile
3145 2597 3246 2662 sit,
3279 2602 3461 2650 tamen
3487 2593 3611 2662 quia
3655 2592 3846 2662 plures

2203 2715 2207 2719 «
2248 2694 2352 2748 hac
2383 2690 2402 2730 ί
2434 2690 2750 2746 seductione
2771 2689 3010 2758 prolapsi
3039 2695 3184 2754 sunt,
3207 2699 3505 2754 congruum
3524 2682 3655 2738 mihi
3681 2681 3842 2736 vide-

2251 2794 2341 2840 tur
2392 2799 2502 2840 non
2549 2783 2780 2838 transire
2823 2781 3058 2836 silentio.
3112 2780 3157 2834 A
3200 2779 3396 2850 quibus
3441 2777 3565 2832 illud
3594 2775 3841 2846 principe

2252 2879 2306 2932 in
2352 2879 2473 2933 loco
2501 2876 2838 2947 postulamus
2884 2887 3178 2942 agnoscere
3211 2891 3224 2948 ς
3269 2872 3317 2946 si
3347 2887 3455 2927 non
3497 2871 3686 2926 diebus
3725 2869 3843 2924 sin-

2254 2972 2392 3040 gulis
2433 2970 2625 3025 millies
2665 2968 2942 3023 schemata
2991 2973 3267 3020 mutantur
3295 2973 3584 3037 astrorum.
3623 2961 3851 3032 Semper

2255 3064 2399 3119 enim
2443 3070 2728 3116 moventur
2773 3067 2936 3127 atque
2978 3067 3002 3104 8
3051 3057 3360 3111 discurrunt
3399 3070 3479 3110 ea:
3520 3053 3692 3110 stella:
3730 3068 3852 3124 quia

2255 3156 2484 3226 planetm
2531 3161 2808 3215 vocantur,
2860 3165 3083 3220 quarum
3126 3148 3242 3202 alia:
3279 3146 3547 3202 celeribus
3593 3161 3654 3200 se
3691 3145 3853 3200 vesti-

556 3234 721 3299 hOI‘a.
753 3235 875 3288 talis
904 3236 1050 3289 enim
1092 3238 1303 3306 ερεοίθε
1343 3247 1427 3293 est
1475 3239 1592 3307 ejus
1623 3240 1900 3303 animalis;
1942 3240 2154 3308 eritque
2181 3213 2227 3276 Ο
2259 3247 2358 3315 giis
2403 3251 2825 3312 consequuntur,
2887 3238 3154 3295 nonnullae
3202 3237 3408 3291 tardius
3461 3236 3847 3300 discurrentes,

557 3336 764 3390 magna:
791 3324 1068 3393 potentiae,
1093 3326 1348 3393 quoniam
1371 3327 1686 3396 principalis
1715 3336 1797 3381 est
1825 3328 1984 3382 aries.
2019 3326 2157 3382 Prte-

558 3413 782 3470 sidalem
811 3429 1027 3484 quoque
1055 3414 1314 3481 futurum,
1357 3425 1412 3472 et
1462 3425 1848 3486 quiestuosum,
1897 3420 2154 3488 quoniam

518 3500 526 3508 ’
560 3522 726 3577 pecus
753 3506 896 3561 istud
925 3507 1041 3562 sine
1069 3509 1317 3564 molestia
1345 3510 1646 3581 depositam
1675 3513 1856 3568 lanam
1888 3513 2044 3569 facile
2063 3531 2155 3570 rc-

561 3597 728 3652 sumit
755 3596 1096 3671 ministrante
1122 3606 1334 3654 natura.
1363 3599 1466 3667 Qui
1494 3610 1674 3658 autem
1704 3605 1804 3659 sub
1833 3611 1991 3660 tauro
2011 3621 2158 3661 crea-

565 3695 651 3744 tus
677 3695 761 3744 est
791 3690 1102 3760 tyrannicus
1122 3691 1246 3759 erit,
1271 3699 1326 3746 et
1355 3692 1677 3758 laboriosus,
1709 3695 1960 3766 idemque
1988 3699 2159 3753 servi-

564 3782 652 3850 lis,
669 3789 856 3838 taurus
882 3783 1026 3837 cnim
1049 3782 1179 3853 jugo
1209 3784 1525 3841 submittere
1553 3787 1693 3842 colla
1721 3791 2020 3844 consuevit.
2055 3790 2160 3858 Qui

564 3889 696 3929 vero
725 3875 878 3944 signo
905 3876 1106 3945 scorpii
1137 3876 1391 3944 nascitur,
1424 3877 2051 3945 vulnificuslhabebitur,
2101 3893 2160 3938 ut

565 3974 695 4038 pote
715 3967 903 4024 similis
926 3966 1032 4032 illi;
1063 3967 1154 4038 qui
1181 3977 1360 4024 autem
1388 3971 1488 4025 sub
1513 3971 1648 4026 hora
1678 3971 1827 4026 librze
1855 3972 2014 4027 fuerit
2043 3975 2158 4028 edi-

567 4065 673 4122 tus,
698 4057 876 4127 justus
898 4059 1160 4125 elltcitur;
1194 4069 1418 4130 propter
1435 4063 1742 4131 mquitatem
1765 4079 1884 4133 quae
1911 4075 2158 4121 servatur

567 4150 624 4205 in
644 4153 866 4206 trutina.
899 4151 1053 4217 Quod
1077 4152 1162 4206 his
1191 4153 1448 4208 risibilius
1478 4154 1596 4208 fieri
1619 4157 1853 4225 poterit?
1877 4157 2029 4210 Aries
2058 4159 2156 4224 igi-

568 4247 655 4293 tur
682 4255 751 4294 ex
769 4256 878 4309 quo
907 4243 1144 4310 genesim
1174 4245 1438 4300 mutuaris
1467 4247 1774 4300 hominibus
1793 4289 1807 4313 ,
1837 4247 2153 4303 duodecima

569 4348 696 4403 pars
717 4334 839 4388 coeli
869 4335 1124 4400 habetur;
1156 4338 1210 4390 in
1237 4354 1344 4408 quo
1370 4339 1416 4393 si
1451 4339 1532 4392 sol
1562 4339 1885 4404 constiterit,
1917 4342 2154 4400 :ctherea

571 4425 720 4495 signa
769 4429 1062 4494 contingit;
1105 4429 1241 4482 libra
1265 4444 1479 4496 quoque
1511 4431 1592 4484 vel
1622 4438 1809 4489 taurus
1835 4433 2153 4492 duodecima

2260 3338 2358 3394 sub
2387 3337 2574 3392 eadem
2618 3336 2752 3390 hora
2781 3335 2997 3403 sacpius,
3027 3341 3081 3386 et
3109 3331 3379 3401 aspiciunt
3407 3344 3487 3394 se,
3529 3338 3586 3384 et
3625 3329 3853 3383 abscon-

2259 3429 2477 3485 duntur.
2512 3425 2742 3480 Maxima
2789 3438 2922 3479 sane
2952 3422 3030 3476 vis
3059 3421 3287 3476 habetur
3328 3420 3384 3474 in
3432 3419 3639 3488 genesi,
3679 3426 3738 3472 ut
3777 3418 3855 3474 illi

2260 3520 2463 3584 dicunt,
2513 3518 2558 3572 si
2606 3524 2698 3570 aut
2742 3518 2883 3571 bona
2931 3513 3084 3569 stella
3130 3511 3446 3582 respexerit,
3481 3517 3574 3565 aut
3621 3509 3852 3577 maligna

2260 3619 2590 3666 nascentem.
2622 3608 2707 3662 Fit
2734 3616 2913 3662 autem
2940 3606 3256 3676 plerumque
3283 3611 3341 3658 ut
3363 3618 3428 3658 eo
3449 3612 3714 3673 tempore,
3743 3617 3855 3672 quo

2265 3705 2409 3760 bona
2436 3702 2586 3757 stella
2625 3698 2917 3770 praefuerit,
2965 3696 3376 3752 mathematicus
3416 3710 3524 3749 non
3568 3695 3854 3748 inveniens

2267 3807 2477 3866 tempus
2505 3795 2716 3850 edicere
2745 3799 2964 3863 propter
3004 3790 3392 3858 ignorationem
3421 3788 3573 3841 unius
3597 3787 3852 3842 minutis-

2264 3891 2541 3952 simarum,
2573 3901 2708 3957 quas
2734 3899 2893 3954 supra
2915 3882 3195 3937 retulimus
3215 3879 3535 3951 porticuum,
3559 3876 3658 3932 sub
3683 3891 3855 3932 caco-

2265 3979 2511 4034 daemone
2540 3978 2687 4031 illum
2713 3976 2896 4044 jacere
2918 3973 3206 4038 describat,
3234 3979 3290 4026 ut
3319 3971 3556 4041 ipsorum
3581 3970 3858 4024 sermoni-

2265 4071 2365 4125 bus
2385 4082 2549 4135 cogar
2571 4067 2666 4132 uti,
2700 4066 2752 4120 in
2773 4065 2969 4134 quibus
2995 4063 3317 4134 estquidem
3345 4044 3540 4130 magna
3561 4059 3861 4127 dementia,

2263 4161 2358 4216 sed
2387 4158 2560 4227 major
2583 4157 2812 4213 habetur
2840 4156 3106 4227 impietas.
3140 4154 3272 4208 Nam
3302 4154 3648 4223 maligniores
3687 4151 3860 4208 stella:

2262 4268 2452 4309 causas
2480 4251 2728 4320 nequitia:
2757 4250 2986 4320 propriae
3025 4248 3080 4301 in
3120 4262 3278 4302 suum
3309 4245 3639 4300 transferunt
3665 4242 3861 4299 condi-

2263 4355 2436 4402 torem
2465 4364 2476 4397 :
2501 4345 2693 4414 quibus
2713 4345 2756 4400 si
2779 4358 2846 4398 ex
2867 4350 3060 4401 natura
3089 4341 3338 4396 subesset
3363 4339 3698 4410 improbitas,
3725 4351 3862 4392 con-

2261 4439 2406 4495 ditor
2443 4437 2688 4509 profecto
2732 4433 3079 4504 malignitatis
3122 4430 3151 4471 ιι
3195 4439 3385 4487 auctor
3426 4427 3712 4486 exstiterit.
3764 4427 3864 4487 Sin

598 4697 610 4764 '_
643 4681 879 4764 αβοᾱεχ
907 4699 1063 4764 unus,
1093 4687 1215 4742 dum
1241 4691 1624 4764 manifestatur.
1654 4693 1789 4750 Illud
1811 4698 1934 4751 dum
1963 4699 2017 4753 in
2046 4699 2161 4754 edi—
2267 4712 2403 4756 sunt.

571 4757 641 4842 tis
662 4755 865 4811 deerat.
900 4755 1342 4842 Aliquantoipost'
1357 4755 1490 4842 editi
1520 4764 1700 4842 et_duo
1731 4782 1881 4833 mss.,
1914 4769 2035 4823 dum
2058 4787 2160 4825 mo-

572 4830 952 4910 diceresponsa
982 4829 1284 4910 redduntur.
1302 4831 1465 4910 Yetus
1489 4834 1660 4910 codex
1689 4829 1896 4905 noster,
1927 4842 2162 4896 secunda

571 4898 792 4981 quidem
834 4913 1037 4981 manu,
1071 4901 1452 4981 s‘ednantiqua,
1512 4905 1634 4981 dum
1687 4898 2164 4981 rmedia'responsa

572 4969 877 5091 Ζιιξὲαὲἔὲιγ.
909 4969 1147 5025 Subinde
1173 4969 1326 5026 Colb.
1346 4969 1646 5040 secundus,
1677 4980 1897 5033 inveniet
1936 4969 2158 5047 stellam,

619 5058 636 5091 ι
690 5080 706 5091 .
825 5079 838 5091 ο

573 5054 838 5110 φιωιβμοο

646 5110 672 5148 h
703 5108 842 5187 Ε(ιίξί
867 5118 922 5165 et
950 5109 1058 5165 duo
1089 5128 1241 5178 mss.,
1274 5124 1536 5185 reparata.
1571 5113 1725 5169 Colb.
1757 5119 2042 5187 secundus,
2075 5139 2159 5175 re-

576 5189 778 5252 putate,
805 5179 1030 5235 fortasse
1053 5179 1340 5252 amputata:

578 5249 928 5371 dismgocem
983 5252 1104 5306 inde
1140 5249 1218 5308 ex
1271 5256 1469 5310 nostris
1494 5256 1766 5312 veteribus
1816 5258 1964 5314 libris
2017 5261 2166 5315 addi-

650 5386 889 5480 ῗίὲῗὲθκ
911 5395 1280 5480 Εηιὲξνλειερρε
1308 5392 1454 5480 ἀνέρι.
1480 5397 1857 5480 Είέἐρίρησιιίρρε
1884 5401 1988 5480 qui
2041 5381 2182 5480 iter

581 5456 688 5534 [luo
719 5473 878 5534 mss.,
904 5460 962 5534 si
991 5456 1164 5515 autem
1184 5456 1194 5464 ’
1213 5456 1331 5518 ἦσθ’
1352 5467 1500 5520 dicis.
1532 5456 1695 5534 Editi,
1725 5456 1770 5521 si
1795 5456 1979 5523 Iaut'em
2019 5456 2162 5525 dicit.

583 5526 843 5654 ggctiipbsg
865 5529 920 5584 in
951 5530 1068 5587 loco
1099 5535 1386 5605 mss.,duo,
1414 5526 1792 5606 pronuntiabis.
1825 5539 1988 5604 Editi,
2041 5558 2165 5609 pro-

658 5681 682 5706 θ
710 5671 942 5729 Verbum
963 5686 1082 5728 sunt
1102 5674 1400 5730 addidimus
1411 5691 1477 5730 ex
1503 5678 1709 5734 duobus
1731 5681 2022 5736 codicibus.
2042 5681 2166 5735 Mox

586 5738 735 5820 Editi,
760 5749 946 5820 tamen
986 5746 1066 5820 liis
1112 5760 1226 5812 qua:
1266 5761 1462 5820 quaque
1491 5765 1593 5801 non
1632 5753 1858 5804 contenti
1887 5761 2023 5804 sunt.
2052 5752 2163 5805 An-

589 5808 722 5872 tiqui
742 5808 848 5864 duo
895 5814 1033 5874 libri,
1066 5808 1238 5864 tanten
1278 5808 1512 5866 'Itis'non
1554 5835 1907 5882 usquequaque
1944 5822 2165 5876 contenti

2342 4772 2361 4811 ί
2396 4771 2580 4828 Codex
2627 4783 2781 4833 unus,
2815 4769 2911 4823 hac
2934 4768 3131 4823 seducti
3173 4778 3396 4833 ratione,
3447 4769 3681 4838 prolapsi
3721 4781 3864 4824 sunt.

2268 4842 2420 4897 Haud
2450 4843 2608 4910 longe
2633 4841 2763 4896 editi
2785 4849 2842 4895 et
2868 4839 3022 4894 Colb.
3055 4839 3276 4910 primus,
3310 4838 3444 4910 ίιιαμ
3461 4840 3706 4910 principii
3729 4841 3870 4896 loco.

2266 4911 2447 4967 Codex
2480 4906 2684 4981 noster,
2705 4911 2835 4964 illud
2857 4906 3089 4981 principe
3116 4909 3347 4981 inloco.
3382 4906 3537 4981 Golb.
3573 4909 3872 4981 alteriuud

2265 4984 2433 5052 primo
2463 4983 2595 5036 loco.
2627 4977 2835 5056 G'rzecc,
2858 4977 3102 5056 ents-ma.-
3142 4977 3365 5056 [_Jltim_a_s
3413 4977 3546 5032 duas
3571 4980 3874 5056 _lectiones

2267 5049 2334 5106 ex
2375 5068 2530 5123 aequo
2570 5052 2690 5106 voci
2716 5049 2917 5123 Gnecze
2941 5050 3228 5123 convenire
3257 5049 3466 5123 vident,
3493 5050 3709 5123 opinor,
3745 5067 3872 5123 om.

2267 5138 2362 5200 nes
2384 5141 2399 5200 _:
2433 5121 2563 5193 puto
2592 5130 2772 5200 tamen
2802 5121 2979 5200 potius
3003 5121 3103 5189 legi
3135 5121 3334 5200 debere
3349 5121 3592 5200 principe
3637 5122 3877 5200 inloco,

2271 5194 2350 5247 uti
2383 5189 2635 5248 in'vetcri
2661 5189 2847 5246 nostro
2878 5191 3016 5245 libro
3043 5190 3303 5260 scriptum
3348 5189 3670 5260 inveriiinus.
3703 5191 3856 5245 νῆά(-

2274 5271 2363 5318 tur
2386 5264 2544 5334 enim,
2563 5263 2836 5334 librarius,
2866 5258 3170 5334 quicunque
3212 5262 3318 5334 ille
3345 5258 3444 5314 fuit
3491 5262 3608 5334 qui'
3635 5262 3863 5334 alterm:

2277 5334 2425 5388 illum
2452 5333 2691 5388 codicem
2709 5330 3079 5388 Colbertinum
3119 5330 3352 5401 scripsit,
3378 5332 3638 5386 nonnulla
3670 5330 3740 5386 de
3777 5348 3859 5386 sua

2275 5412 2331 5457 et
2360 5412 2614 5467 mutasse,
2663 5410 2718 5456 et
2737 5402 3058 5466 correxisse,
3097 5401 3243 5467 sive,
3273 5415 3396 5456 cum
3439 5402 3726 5471 scriberet,
3789 5420 3876 5456 re-

2281 5474 2522 5544 spexerit
2548 5473 2620 5544 ad
2657 5473 2934 5541 exemplar
2961 5472 3203 5526 Grzccum
3222 5513 3236 5538 ,
3267 5472 3382 5527 sive
3409 5473 3465 5528 id
3492 5472 3608 5527 solo
3637 5475 3878 5528 ratiOni;

2272 5542 2432 5598 ductu
2463 5542 2668 5598 fecerit.
3096 5565 3099 5568 -

2299 5613 2564 5738 tellsll'lditi,
2615 5613 2911 5667 discurrunt
2957 5615 3141 5670 stellae.
3173 5614 3243 5669 At
3283 5614 3440 5670 Colb.
3471 5614 3765 5682 secundus,
3797 5631 3872 5668 ea

2361 5724 2363 5728 .
2389 5701 2452 5738 (ιξ.

2270 5701 2452 5738 meum.

2325 5753 2769 5827 .h_Edili,-nctor
2815 5756 3085 5812 exstiterit.
3137 5755 3292 5813 Colb.
3342 5759 3646 5827 secundus,
3683 5759 3866 5812 auem

2191 5896 2212 5907 -
2275 5825 2549 5878 exstiterit.
