4244 6254
392 302 497 366 93'9

1449 286 1850 346 HEXAE-MERI
1889 272 2370 351 METAPHRASIS
2412 268 2618 339 LIBER
2659 268 2744 337 vi.

3573 276 3677 345 950

394 437 579 482 autem
605 420 886 494 proposito
913 417 1145 475 faciente
1182 423 1306 471 sunt
1343 414 1619 484 pessimae,
1665 413 1842 484 primo
1870 410 1989 480 qui-
2014 411 2070 472 Α
2093 417 2142 462 et
2170 410 2225 462 in
2252 408 2426 461 antiis.
2475 405 2718 460 Diximus
2740 401 2856 472 jam
2900 401 2968 457 de
3014 393 3181 468 signis
3225 416 3237 452 :
3283 408 3526 469 tempora
3552 413 3684 452 sane

397 521 524 576 dem
543 527 580 557 ια
615 515 867 572 animalia
895 513 1135 584 quaedam
1165 509 1404 582 putanda
1439 517 1566 565 sunt
1613 508 1838 563 arbitrio
1887 521 1986 561 suo

399 593 733 678 famulantia,
785 607 1138 675 absolutoque
1185 611 1242 659 et
1289 603 1462 658 libero
1514 603 1740 673 impetu,
1790 600 1856 655 ad
1885 600 1990 655 hoe

402 703 549 775 quod
576 703 678 759 sibi
709 698 944 758 libuerit
989 699 1226 761 incitata,
1269 695 1535 766 siquidem
1563 696 1729 752 totius
1773 693 1990 749 modum

402 793 600 850 luroris
651 792 864 849 excedit
913 790 1222 846 insimulare
1288 803 1376 843 res
1437 787 1731 841 exanimes.
1791 783 1994 840 Deinde

402 883 606 955 quanta
652 883 1092 940 irrationabili'tas
1129 889 1238 946 est,
1290 880 1510 942 bonum,
1555 879 1843 943 malumve,
1886 890 1993 931 non

404 991 504 1048 pro
532 993 630 1033 sua
658 976 916 1046 cujusque
956 975 1215 1042 dignitate
1243 972 1602 1040 distinguere,
1637 969 1732 1026 sed
1777 985 1844 1024 ex
1891 969 1995 1024 loci

403 1067 688 1135 qualitate,
719 1075 812 1120 aut
857 1073 1107 1135 respectu
1151 1064 1401 1129 alterius,
1453 1064 1539 1119 vel
1587 1063 1847 1132 optimum
1880 1060 1997 1115 ﬁeri

407 1157 650 1225 deﬁnire,
682 1159 769 1214 vel
797 1158 1128 1229 pessimum?
1156 1156 1222 1210 Et
1248 1172 1370 1212 cum
1399 1156 1673 1226 paulisper
1720 1154 1788 1209 de
1837 1154 1996 1209 sche-

407 1261 551 1307 mate
579 1251 736 1307 stella
763 1250 1045 1306 diverterit
1065 1291 1079 1316 ,
1111 1257 1222 1305 sua:
1251 1249 1485 1319 propriae
1513 1248 1711 1303 dicitur
1753 1245 2000 1314 maligni-

409 1346 536 1401 tatis
561 1345 748 1400 oblita.
781 1343 889 1399 Sed
918 1344 1032 1398 haec
1058 1342 1276 1412 quidem
1305 1341 1571 1397 hactenus
1598 1355 1729 1395 sane
1757 1355 1854 1410 per
1891 1339 2002 1393 sin-

410 1437 534 1505 gula
562 1442 838 1490 momenta
867 1434 1145 1503 temporis,
1197 1441 1255 1487 ut
1295 1433 1501 1498 dicunt,
1553 1432 1605 1485 in
1652 1430 1796 1485 aliud
1841 1437 2004 1498 atque

411 1527 558 1582 aliud
584 1528 802 1583 schema
831 1542 890 1581 se
927 1524 1277 1580 transferunt.
1307 1524 1366 1578 In
1395 1525 1479 1578 his
1504 1525 1686 1593 itaque
1716 1530 1798 1577 tot
1826 1529 2004 1575 tanta-

415 1631 646 1686 rumque
672 1617 1030 1671 mutationum
1060 1615 1313 1680 millibus,
1348 1623 1550 1684 quanta
1578 1613 1820 1682 quotidie
1849 1621 2004 1666 nata-

415 1705 547 1761 lium
595 1707 865 1775 regiorum
893 1705 1112 1761 decreta
1153 1704 1374 1760 formari
1420 1703 1656 1774 putanda
1705 1710 1848 1756 sunt.
1897 1700 2008 1755 Cur

2093 498 2440 568 intelligimus
2487 511 2605 551 esse
2650 501 2832 565 partes
2878 499 3111 562 quatuor
3151 490 3277 544 anni
3320 487 3599 551 vertentis,
3632 487 3688 542 id

2094 596 2601 656 est,ver,:estatem,
2629 591 3147 652 autumnum,atque
3173 582 3424 637 hiemem.
3458 579 3588 633 Haec
3609 579 3685 634 si-

2093 681 2262 737 bimet
2281 678 2620 736 succedendo
2632 677 2868 734 vicissim
2887 675 3402 746 proluminariorum
3417 670 3692 742 dispositis

2097 772 2345 829 cursibus
2374 779 2760 842 temperantur.
2806 769 2988 824 Hiems
3029 769 3173 823 enim
3203 766 3262 821 ﬁt
3289 767 3344 821 in
3371 763 3692 820 australibus

2099 867 2217 922 sole
2242 865 2552 933 regionibus
2579 871 2974 928 commorante,
3005 869 3432 928 nocturnamque
3461 856 3696 928 opacita-

2099 967 2234 1024 tem,
2262 958 2403 1014 circa
2433 957 2614 1021 clima,
2655 967 2677 994 ο
2709 953 2855 1024 quod
2884 969 2983 1009 nos
3009 953 3332 1017 habitamus,
3365 950 3542 1022 spatio
3568 949 3690 1004 Ion-

2101 1052 2254 1120 giore
2277 1049 2527 1105 ducente.
2547 1046 2700 1102 Unde
2723 1045 2780 1098 lit
2800 1053 2860 1099 ut
2883 1060 2978 1099 aer
2997 1052 3155 1098 terra:
3173 1043 3454 1116 proximus
3475 1039 3697 1109 frigidus

2102 1139 2388 1207 efﬁciatur,
2424 1154 2723 1208 omnesque
2750 1136 2996 1192 nebulosi
3029 1150 3258 1204 vapores
3287 1132 3693 1202 conglomerati,

2101 1237 2315 1308 pluvias
2346 1243 2401 1290 et
2428 1236 2597 1298 nives,
2631 1233 2938 1302 glaciesque
2985 1230 3287 1300 perﬁciant.
3334 1229 3467 1284 Cum
3517 1235 3700 1283 autem

2105 1328 2175 1384 de
2210 1327 2504 1382 meridiana
2533 1326 2690 1396 plaga
2717 1324 2928 1379 rediens
2953 1321 3066 1388 sol,
3097 1321 3335 1376 medium
3361 1320 3550 1375 orbem
3579 1318 3703 1374 οωιὶ

2108 1420 2371 1484 tenuerit;
2421 1427 2548 1473 tunc
2595 1417 2785 1472 diebus
2833 1431 2896 1471 ac
2944 1413 3190 1470 noctibus
3236 1421 3449 1482 tempus
3496 1410 3705 1480 :equale

2109 1511 2401 1566 distribuit.
2435 1497 2758 1575 Quantoque
2787 1505 2946 1560 altius
2968 1521 2997 1559 a
3024 1512 3167 1558 terra
3195 1503 3530 1567 subvehitur,
3555 1509 3705 1555 tanto

2111 1601 2284 1668 magis
2313 1599 2572 1669 paulatim
2599 1597 2880 1667 componit
2921 1595 3256 1664 temperiem,
3287 1609 3387 1664 per
3425 1608 3587 1664 quam
3613 1607 3709 1647 ver

2111 1695 2377 1766 procedit,
2412 1692 2562 1761 cujus
2608 1687 2870 1747 beneﬁcio
2911 1687 3133 1744 frutices
3180 1687 3512 1758 arboresque
3559 1684 3709 1741 fron-

414 1812 546 1868 ergo
575 1812 685 1852 non
713 1797 934 1865 singulis
962 1795 1153 1851 diebus
1175 1795 1457 1865 lprincipes
1485 1793 1872 1864 procreantur?
1901 1789 2009 1844 Aut
2038 1779 2087 1839 Β
2116 1789 2365 1852 descunt,
2415 1795 2471 1842 et
2518 1785 2770 1840 animalia
2813 1791 3005 1838 cuncta
3054 1792 3285 1847 terrena,
3335 1781 3421 1836 vel
3469 1780 3706 1850 aquaria,

415 1902 584 1958 quare
612 1887 753 1958 apud
777 1887 897 1943 illos
925 1886 1199 1942 successio
1227 1901 1445 1956 semper
1473 1885 1683 1956 paterni
1708 1882 2010 1938 custoditur

419 1979 669 2050 imperii?
693 1977 959 2046 Quoniam
1003 1993 1165 2033 nemo
1212 1977 1468 2033 videlicet
1513 1985 1740 2031 eventus
1787 1990 2010 2030 suorum

417 2071 714 2128 liberorum
740 2069 906 2127 refert
927 2069 993 2125 ad
1015 2071 1234 2126 schema
1262 2070 1566 2135 stellarum;
1597 2071 1796 2140 quippe
1816 2069 2012 2138 quibus

420 2179 649 2234 regnum
678 2179 788 2219 non
827 2162 1040 2232 genesis
1069 2161 1198 2228 lato,
1231 2161 1323 2216 sed
1367 2161 1578 2230 generis
1603 2159 1724 2228 jure
1753 2159 2007 2214 defertur.

421 2255 614 2311 Nonne
641 2254 801 2324 igitur
827 2255 1079 2310 Joatham
1099 2254 1377 2324 generavit
1397 2250 1574 2318 Ozias,
1599 2260 1656 2306 et
1676 2251 1743 2306 de
1763 2251 2013 2306 Joatbam

427 2357 588 2404 natus
618 2348 820 2404 Acham
847 2350 968 2403 est?
996 2347 1063 2402 Et
1109 2356 1289 2402 tamen
1338 2346 1515 2401 nullus
1562 2345 1776 2400 illorum
1805 2345 2016 2399 servilis

424 2439 618 2495 horam
645 2438 973 2494 conditionis
993 2438 1236 2493 incurrit.
1264 2435 1466 2492 Deinde
1491 2436 1537 2491 si
1563 2436 1823 2489 virtutum
1851 2435 2015 2489 vitio-

423 2545 652 2600 rumque
697 2530 959 2600 priucipia
1006 2545 1114 2585 non
1163 2544 1232 2583 ex
1279 2528 1504 2583 arbitrio
1550 2535 1757 2592 nostro,
1808 2526 1904 2582 sed
1949 2542 2019 2581 ex

424 2619 636 2689 genesis
662 2619 981 2676 necessitate
1010 2619 1288 2684 sortimur,
1310 2616 1567 2688 superﬂui
1587 2623 1731 2680 sunt,
1756 2623 1817 2669 ut
1836 2615 2016 2680 video,

424 2709 626 2765 latores
653 2710 853 2779 legum,
882 2708 1156 2778 sequenda
1179 2709 1342 2763 nobis
1362 2709 1449 2763 vel
1478 2707 1731 2776 fugienda
1759 2704 2020 2760 mandan-

424 2810 507 2857 tes
532 2821 545 2855 :
577 2801 835 2872 superﬁui
863 2816 1079 2872 quoque
1103 2800 1318 2870 judices
1345 2801 1606 2856 honestos
1649 2800 1896 2855 laudibus
1925 2814 2021 2854 ex-

427 2901 686 2950 ornantes
710 2933 726 2960 ,
772 2893 1050 2963 improbos
1104 2891 1382 2963 suppliciis
1436 2892 1722 2962 punientes
1771 2910 1784 2944 :
1834 2892 2026 2945 insons

427 2986 593 3041 etiam
622 2985 891 3040 censenda
921 2992 1002 3040 est
1029 2985 1340 3051 homicidae,
1371 2985 1456 3039 vel
1474 2984 1617 3039 furis
1645 2983 1887 3048 audacia,
1929 2981 2024 3052 qui

429 3077 534 3133 etsi
561 3076 816 3134 cohibere
857 3091 1046 3131 manus
1075 3077 1321 3146 proprias
1349 3092 1380 3129 a
1418 3074 1658 3130 facinore
1685 3074 2022 3138 maluissent,

2118 1879 2340 1948 genitali
2387 1878 2569 1933 calore
2615 1877 2886 1932 stimulata
2916 1873 2942 1912 ά
2988 1874 3432 1945 propagationem
3475 1873 3707 1942 generis,

2119 1969 2461 2026 successione
2489 1969 2657 2039 prolis
2685 1967 2998 2023 extendunt.
3032 1963 3161 2020 Inde
3188 1965 3270 2019 sol
3296 1979 3421 2019 mox
3465 1964 3532 2018 ad
3571 1964 3714 2017 :esti-
3755 1950 3759 1954 ’

2097 2048 2243 2116 vam
2270 2061 2467 2116 lineam
2497 2057 2852 2122 dellectendo,
2894 2072 2990 2127 per
3018 2053 3252 2111 conﬁnia
3283 2055 3474 2108 transit
3507 2062 3711 2118 arctoa,

2121 2155 2237 2210 dies
2259 2155 2414 2210 nobis
2441 2153 2711 2221 longiores
2739 2150 2998 2216 eﬂiciens,
3021 2148 3328 2215 diutiusque
3356 2153 3716 2201 commoratus

2122 2247 2179 2300 in
2209 2261 2354 2311 aere,
2401 2245 2574 2313 ipsum
2605 2241 2822 2311 quidem
2869 2238 3186 2308 ﬂagrantem
3232 2236 3408 2292 reddit
3449 2251 3513 2290 ac
3558 2235 3716 2290 torri-

2123 2339 2280 2402 dum,
2308 2336 2552 2390 tellurem
2597 2348 2726 2388 vero
2755 2328 2968 2401 perﬁcit
3009 2328 3317 2390 sicciorem,
3365 2325 3508 2380 unde
3535 2334 3713 2380 matu-

2100 2429 2308 2485 vrandis
2336 2426 2648 2491 seminibus,
2689 2432 2851 2491 atque
2877 2420 3074 2492 pomis,
3111 2419 3342 2475 facultas
3369 2424 3552 2488 optata
3581 2431 3719 2486 pra:-

2125 2528 2320 2576 statur.
2350 2517 2536 2586 quue
2567 2525 2810 2586 tempore
2838 2513 3069 2568 habetur
3103 2510 3398 2575 ardentior,
3425 2519 3480 2562 et
3507 2507 3723 2562 umbras

2127 2611 2454 2667 meridianas
2501 2608 2627 2663 facit
2681 2605 2988 2669 breviores,
3040 2602 3296 2672 quoniam
3326 2600 3394 2656 de
3421 2601 3534 2654 alto
3564 2599 3724 2654 nimis

2127 2703 2251 2758 loco
2295 2711 2534 2756 nostram
2592 2699 2808 2770 respicit
2854 2697 3130 2765 regionem
3152 2736 3166 2760 ,
3217 2693 3438 2763 diesque
3492 2691 3726 2760 majores

2130 2795 2417 2858 habentur,
2465 2801 2592 2846 tunc
2618 2789 2836 2859 quando
2863 2789 3056 2842 breves
3095 2791 3221 2840 sunt
3251 2784 3453 2838 umbra:
3481 2800 3492 2835 :
3525 2783 3666 2836 sicut
3694 2798 3726 2836 e

2129 2895 2318 2944 contra
2349 2887 2464 2940 dies
2485 2883 2632 2954 parvi
2660 2890 2804 2948 sunt,
2827 2895 2950 2936 cum
2970 2877 3170 2932 fuerint
3191 2875 3393 2931 umbrae
3422 2873 3723 2942 longiores:

2131 2983 2276 3054 quod
2299 2980 2439 3051 apud
2463 2993 2560 3052 nos
2581 2977 2673 3046 qui
2701 2989 2722 3013 υ
2745 2975 2978 3029 eleroscii
3000 2971 3361 3033 nominamur,
3386 2969 3438 3023 id
3463 2976 3564 3032 est,
3588 2966 3724 3022 alias

2104 3075 2353 3129 umbras
2381 3071 2668 3133 habentes,
2723 3077 2778 3122 et
2825 3075 3006 3137 partes
3053 3062 3360 3118 habitamus
3388 3067 3620 3124 arctoas,
3652 3059 3728 3113 ita

430 3171 654 3226 minime
674 3170 998 3241 potuissent,
1023 3178 1250 3240 prapter
1277 3169 1709 3225 indeclinabilem
1738 3168 2027 3224 necessita-
2049 3153 2097 3215 Ο
2131 3164 2415 3233 contingit.
2448 3161 2580 3216 Nam
2601 3167 2728 3215 sunt
2745 3157 2962 3227 quidam
2984 3156 3077 3225 qui
3098 3170 3198 3225 per
3217 3155 3483 3222 integrum
3503 3149 3728 3205 biduum

430 3261 500 3318 tis
527 3262 834 3333 impulsum.
867 3261 1004 3316 Vani
1049 3276 1239 3317 omnes
1267 3259 1503 3316 artiﬁces
1547 3261 1842 3336 aestimandi
1876 3269 2020 3326 sunt,

432 3355 553 3410 vita:
577 3355 812 3412 subsidia
840 3369 1098 3409 manuum
1125 3354 1309 3409 labore
1331 3366 1651 3424 quaarentes.
1681 3351 2022 3423 Supervaca-

430 3460 567 3503 nens
587 3461 751 3517 porro
771 3445 938 3500 sudor
959 3445 1334 3512 agricolarum,
1353 3446 1546 3514 quibus
1566 3445 1734 3514 copia:
1755 3443 2024 3498 fructuum

433 3538 640 3608 possint
668 3538 830 3592 etiam
860 3551 970 3590 non
1017 3535 1369 3606 operantibus
1416 3534 1710 3590 abundare.
1756 3535 2026 3590 Mercator

438 3631 604 3684 etiam
631 3629 781 3685 dives
808 3628 1118 3685 efﬁceretur
1147 3631 1200 3683 in
1231 3629 1364 3695 otio,
1398 3630 1485 3684 cui
1513 3629 1598 3683 vel
1627 3628 1832 3684 nolenti
1857 3643 2025 3698 pecu-

439 3721 584 3776 niam
610 3721 823 3788 genesis
852 3729 1214 3791 apportasset.
1266 3720 1693 3776 Christianorum
1722 3736 1853 3776 vero
1881 3735 2025 3790 spes,

435 3828 557 3884 qua:
583 3827 779 3883 magna
808 3821 908 3880 est,
942 3813 1165 3869 sublata'
1181 3814 1397 3884 penitus
1438 3813 1739 3878 interisset,
1773 3812 2028 3882 quoniam

439 3904 634 3961 frustra
654 3906 738 3961 vel
763 3905 974 3975 justitia
1003 3906 1218 3973 colitur,
1243 3905 1329 3960 vel
1352 3904 1637 3960 damnatur
1665 3906 1951 3974 iniquitas;
1983 3907 2030 3960 si

443 3999 658 4052 omnino
681 3997 811 4052 nihil
831 4014 899 4052 ex
919 3998 1186 4052 sententia
1210 3996 1388 4052 facere
1408 3998 1789 4069 permittimur.
1817 3995 2031 4051 Etenim

441 4089 654 4158 quando
698 4090 977 4158 genesiaca
1006 4091 1103 4154 vis,
1135 4099 1191 4145 et
1234 4089 1472 4145 decretio
1519 4089 1694 4145 fatalis
1741 4089 2028 4154 incumbit,

442 4180 646 4234 nullum
678 4179 858 4235 locum
895 4195 1116 4250 prorsus
1163 4181 1370 4235 invenit
1408 4182 1738 4236 examinatio
1766 4181 1916 4249 .justi
1941 4180 2031 4249 ju-

442 4271 583 4326 dicii.
616 4271 741 4326 Ηξεο
781 4272 999 4342 quidem
1028 4273 1287 4328 adversus
1331 4273 1452 4327 illos
1481 4273 1796 4328 disseruisse
1822 4272 1849 4311 ι’
1881 4272 2032 4327 sufﬁ-

441 4365 567 4419 ciat.
612 4363 795 4434 Neque
824 4366 968 4420 enim
1009 4375 1102 4421 aut
1132 4381 1230 4421 vos
1260 4365 1646 4436 prolixioribus
1691 4367 2035 4421 sermonibus

443 4453 709 4522 indigetis,
741 4464 801 4509 ut
828 4461 956 4526 pote
984 4457 1180 4511 mentis
1206 4457 1440 4512 sanitate
1465 4457 1750 4526 pollentes,
1777 4465 1871 4510 aut
1897 4465 2036 4510 tem-

445 4563 546 4618 pus
563 4549 766 4619 patitur
793 4549 1018 4606 ulterius
1047 4551 1274 4605 limitem
1302 4551 1684 4620 disputationis
1714 4550 1955 4604 extendi.

517 4639 570 4694 8.
604 4639 712 4696 Sed
747 4657 1053 4714 sermonem
1077 4643 1248 4712 magis
1271 4641 1336 4696 ad
1365 4643 1571 4712 reliqua
1601 4652 2030 4712 retorqueamus.

445 4730 598 4802 Sint,
628 4734 826 4806 inquit,
854 4736 912 4792 in
947 4735 1113 4810 tignis
1142 4743 1191 4790 et
1226 4735 1281 4788 in
1311 4736 1640 4805 temporibus,
1673 4744 1722 4790 et
1748 4736 1802 4790 in
1835 4734 2034 4804 diebus,

520 5000 545 5030 ι
575 4989 738 5056 Editi,
765 4989 1018 5061 animalia
1044 4992 1282 5061 quwdam
1309 4986 1540 5061 putando
1581 4985 1807 5061 arbitrio
1824 5002 1916 5061 suo
1950 4987 2036 5059 fa-

448 5062 708 5117 mulanti:
738 5059 887 5130 quod
923 5056 1258 5131 cumfaperte
1283 5056 1535 5115 vitiosum
1556 5057 1645 5122 sit,
1673 5073 1741 5113 ex
1769 5056 1924 5112 Colb.
1950 5056 2042 5113 Sed

451 5133 626 5188 cundo
655 5131 1010 5186 correximus.
1306 5133 1310 5135 ’

522 5203 548 5242 ιι
577 5203 799 5274 Antiqui
827 5201 939 5274 duo
960 5201 1100 5274 libri,
1127 5203 1358 5274 sufficiet.
1389 5201 1540 5254 Alius
1569 5198 1765 5274 code},
1796 5199 2040 5274 sufﬁciat.

449 5272 643 5327 Statim
669 5269 798 5327 editi
828 5271 1018 5343 etAduo
1055 5269 1213 5338 mssi,’
1256 5283 1597 5343 torqueamus.
1654 5269 1803 5324 Alius
1844 5269 2042 5334 codex,

451 5353 852 5414 retorqueamus.
876 5340 1081 5410 (ῖιηεοθ,
1108 5340 1468 5414 ἐπανέλθώμεν.

526 5425 547 5453 ο
580 5409 715 5468 Illud
758 5430 854 5469 nos
898 5417 984 5470 ex”
1013 5409 1223 5470 duobus
1264 5409 1415 5470 libris
1442 5414 1714 5470 veteribus
1742 5409 2046 5468 addendum
2128 5417 2130 5419 '

448 5482 827 5553 judicavimus.
959 5518 961 5521 -

525 5554 936 5639 {Antiquinduo
975 5557 1133 5639 libri,
1156 5556 1678 5639 '_propaginationem.
1712 5555 1882 5639 illius,
1914 5568 2045 5639 pro-

452 5627 712 5698 paginem.
746 5625 1037 5700 Aliquanto
1056 5625 1184 5700 post
1209 5625 1358 5695 editi,
1383 5645 1444 5682 ac
1464 5629 1687 5684 aridum.
1721 5626 1866 5682 Libri
1894 5630 2046 5678 vete-

455 5709 560 5764 res,
595 5697 867 5756 torridam.
1910 5762 1931 5764 -

531 5762 555 5809 δ
584 5768 745 5832 Editi.
777 5772 1084 5831 wthcrmii.
1104 5769 1290 5832 Codex
1309 5777 1514 5836 noster.
1534 5769 1791 5827 eteroscii.
1815 5765 1876 5822 ln
1895 5762 2046 5820 Grac-

2129 3256 2357 3326 singulis
2383 3253 2537 3308 annis
2565 3250 2878 3307 omnimodo
2918 3249 3034 3303 sine
3076 3246 3265 3301 umbra
3311 3251 3436 3299 sunt
3480 3256 3600 3296 cum
3629 3242 3730 3318 sub

2132 3348 2432 3404 meridiano
2460 3344 2576 3399 sole
2624 3341 2983 3406 constiterint,
3027 3353 3184 3408 quos,
3235 3335 3361 3404 quia
3406 3332 3486 3389 sol
3536 3341 3728 3387 contra

2101 3444 2311 3512 ipsum
2359 3439 2616 3495 verticem
2659 3435 2868 3506 positus
2917 3431 3213 3501 aequalibus
3261 3427 3500 3496 undique
3545 3424 3733 3496 spatiis

2135 3537 2422 3602 illuminat,
2475 3536 2528 3588 in
2579 3523 2776 3585 nullam
2823 3527 3038 3597 penitus
3083 3531 3292 3593 partem
3341 3519 3560 3574 ﬂectere
3605 3518 3733 3573 sinit

2133 3631 2376 3684 umbras.
2409 3625 2543 3679 Nam
2573 3630 2628 3676 et
2653 3618 2882 3692 putealis
2911 3613 3051 3686 apud
3086 3629 3182 3670 eos
3211 3627 3379 3683 aqua,
3408 3610 3500 3664 vix
3530 3608 3734 3666 tenuis-

2137 3728 2337 3782 simum
2365 3726 2546 3792 potest
2593 3715 2611 3754 ί
2649 3714 2714 3769 .in
2744 3711 2954 3766 alveum
2983 3707 3050 3762 de
3090 3706 3205 3762 sole
3250 3704 3430 3759 lumen
3461 3701 3734 3772 excipere,

2137 3824 2366 3889 propter
2409 3810 2554 3882 quod
2585 3823 2679 3863 eos
2708 3802 2926 3875 quidam
2976 3800 3162 3864 auios,
3210 3796 3263 3851 id
3310 3803 3414 3860 est,
3447 3793 3732 3848 exumbres

2137 3883 2431 3982 appellant.
2463 3903 2542 3959 lIIi
2571 3907 2751 3955 autem
2774 3895 2866 3966 qui
2889 3901 3042 3948 extra
3066 3899 3241 3945 terras
3261 3885 3560 3982 odoriferas
3581 3883 3733 3982 habi:

2139 3973 2277 4067 tant,
2310 4001 2365 4054 in
2407 4007 2688 4063 utramque
2723 3995 2931 4064 partem
2960 3988 3170 4038 mutant
3195 3977 3429 4033 umbras.
3460 3973 3593 4067 Nam
3633 3973 3736 4029 soli

2140 4095 2234 4164 qui
2266 4066 2523 4146 nostram
2567 4085 2819 4140 videntur
2858 4075 3094 4133 incolere
3140 4071 3448 4140 regionem,
3480 4066 3738 4121 adversus

2142 4159 2386 4242 austrum
2416 4191 2648 4247 semper,
2682 4173 2735 4228 id
2763 4179 2872 4236 est,
2922 4167 2991 4222 ad
3038 4162 3318 4220 meridiem
3368 4159 3586 4215 umbras
3615 4173 3735 4212 cre-

2142 4279 2344 4335 duntur
2371 4271 2618 4329 emittere
2645 4285 2658 4320 :
2691 4263 2832 4320 unde
2861 4262 3022 4316 etiam
3044 4274 3074 4312 a
3095 4254 3411 4326 quibusdam
3442 4250 3736 4322 amphiscii,

2147 4380 2174 4418 ις
2205 4369 2259 4424 id
2281 4375 2363 4423 est
2386 4362 2660 4419 biumbres
2678 4355 3045 4412 nominantur.
3068 4348 3265 4403 Verum
3288 4346 3402 4399 bzec
3422 4341 3605 4398 omnia
3625 4340 3743 4395 sole

2147 4460 2217 4514 ad
2245 4467 2428 4530 partes
2476 4451 2724 4509 boreales
2772 4450 3111 4502 commeante
3156 4436 3504 4511 proveniunt.
3553 4431 3635 4487 Ex
3663 4432 3745 4487 his

2057 4524 2118 4586 D
2143 4524 2596 4612 considerandum
2625 4552 2708 4602 est
2726 4583 2740 4608 ,
2773 4547 3007 4613 quantus
3034 4535 3309 4593 radiorum
3338 4532 3521 4587 fervor
3546 4528 3746 4584 habea-

2147 4659 2259 4717 tur,
2291 4652 2345 4701 et
2372 4648 2602 4713 quantos
2629 4634 2937 4692 hominibus
2980 4645 3136 4686 casus
3189 4625 3404 4684 efﬁciat.
3450 4620 3584 4678 Post
3627 4620 3740 4673 haec

2149 4711 2315 4808 igitur
2344 4711 2556 4804 tempus
2585 4725 2895 4783 autumnale
2941 4719 3208 4785 succedit,
3260 4714 3409 4788 quod
3452 4711 3668 4785 frigoris
3694 4717 3748 4765 et

2085 5003 2102 5020 '
2148 5000 2247 5058 eo,
2269 4979 2390 5058 1r_ap'
2397 4982 2521 5058 ᾑμζν
2549 4983 2658 5058 τοῖς
2687 4959 3340 5058 έεεηοσίξίοιςξεἐξαείρας,ξὲ

2229 5027 2248 5093 ’r
2274 5022 2519 5119 ’ἶϐιίῖἧίἶῖ
2534 5022 2651 5102 ςὶιῖἱῖ
2687 5022 2909 5119 ἱεᾘὲίξξέὶ
2938 5022 3086 5119 gain
3103 5073 3142 5119 τι
3157 5023 3241 5119 ξηᾷ
3263 5031 3476 5119 nam.
3496 5026 3576 5119 At
3586 5022 3745 5119 Aegii}:

2151 5096 2780 5185 secun-d-usjui-n'a—liyeuni.
2808 5109 2899 5164 Sic
2937 5103 3250 5161 Eustathius
3290 5097 3480 5185 Latine
3521 5096 3752 5185 reddidit

2559 5167 2890 5254 didieropim
2919 5185 3124 5254 στεκέῶν,
3155 5186 3278 5254 eum
3298 5167 3487 5254 potius
3513 5167 3751 5254 scribere

2155 5235 2820 5331 Hii‘ﬁi‘s's‘iii,";,'er'£h§asta
2845 5266 2970 5305 orre.
3018 5235 3161 5312 Lege
3190 5235 3469 5304 Basilium,
3513 5235 3658 5292 hom.
3694 5237 3749 5304 6,

2159 5334 2459 5466 "ﬁliiﬁlii-ti,
2508 5400 2564 5454 id
2607 5405 2682 5452 est
2723 5391 2919 5466 umbrat:
2962 5387 3316 5466 nominantur.
3350 5381 3771 5466 vetusnoster.

2156 5450 2853 5540 6οάθῖἷῖἀέέῖὺέιὶτηὸναε.
2881 5460 3034 5516 Colb.
3067 5457 3369 5540 secundus,
3483 5459 3557 5540 est
3570 5450 3748 5540 fiant:

2526 5519 2912 5599 ⁷1ἱὶίιέἰῖνριετθς,
2938 5540 2986 5584 et
3007 5538 3244 5602 quantos.
3265 5524 3468 5602 Vocula
3493 5530 3542 5575 et
3563 5519 3750 5574 deerat

2156 5548 2287 5602 brcs.
2313 5548 2513 5599 Ibidem
2539 5548 2659 5593 libri
2681 5548 2912 5599 veteres,
2938 5548 2986 5584 et
3041 5548 3244 5582 uanws.
3276 5548 3468 5579 νυυυω
3493 5548 3540 5575 ει
3563 5548 3744 5574 πωσ-

2155 5620 2210 5673 in
2241 5615 2491 5682 vulgatis.
2535 5609 2735 5666 Ibidem
2766 5605 2915 5673 editi,
2948 5548 3120 5673 eﬁi’cit.
3153 5603 3222 5654 At
3250 5594 3421 5650 nostri
3450 5599 3563 5648 tres
3590 5603 3744 5653 mss.,

2136 5761 2138 5768 ε
2155 5690 2362 5762 efﬁciat.
