4192 6258
552 493 725 548 ιτθὰἰι
751 491 1002 546 adventui
1035 498 1061 524 ἰ
1101 487 1376 556 sequentis
1404 485 1655 547 hibernii,
1685 485 1865 540 denuo
1900 483 2151 538 videlicet

555 585 677 640 sole
722 581 790 636 ad
835 579 1124 634 australem
1168 578 1449 646 regionem
1497 577 1565 631 de
1593 576 1860 645 aquilonis
1911 576 2150 645 partibus

553 680 853 729 “remeante.
915 669 1012 723 lia:
1059 676 1184 724 sunt
1227 667 1624 722 vicissimdines
1663 675 1985 734 temporum,
2032 678 2152 733 qua

563 766 696 822 solis
725 763 1058 820 discursibus
1087 761 1427 824 famulantes,
1472 760 1635 814 vitam
1665 767 1905 814 nostram
1933 757 2153 826 dispen-

559 872 681 911 sare
710 856 1020 910 creduntur.
1054 852 1122 905 Et
1143 854 1264 916 sint,
1291 852 1484 919 inquit,
1517 851 1571 903 in
1595 851 1757 920 signis
1778 858 1826 903 et
1850 851 1901 902 in
1926 847 2106 902 diebus
2129 865 2148 903 :

568 956 673 1003 non
696 957 755 1002 ut
776 948 915 1010 diem
939 947 1140 1000 faceret
1161 945 1264 1009 sol,
1286 945 1377 997 sed
1401 951 1460 996 ut
1477 943 1584 997 diei
1609 942 1996 996 moderaretur.
2019 940 2153 995 Nam

559 1039 694 1093 olim
726 1053 831 1092 nox
861 1046 916 1091 et
962 1037 1104 1100 dies,
1150 1043 1438 1102 antequam
1491 1032 1770 1085 luminaria
1817 1037 2150 1095 crearentur,

569 1130 776 1184 eﬁ'ectaa
803 1136 945 1191 sunt,
970 1127 1112 1194 quod
1139 1125 1378 1179 declarat
1395 1133 1453 1178 et
1472 1123 1708 1193 psalmus
1727 1122 1912 1176 dicens
1935 1139 1948 1173 :
1971 1121 2154 1175 Posuit

563 1222 724 1276 uelem
753 1220 808 1274 in
835 1226 1136 1287 potestatem
1163 1215 1297 1279 diei,
1339 1216 1537 1278 lunam,
1563 1221 1612 1267 et
1639 1213 1817 1266 stellas
1845 1213 1898 1265 iu
1924 1221 2152 1281 potesta-

565 1321 667 1366 tem
705 1313 871 1366 noctis
901 1310 1084 1380 (.Paal.
1121 1324 1316 1371 cxxxv,
1357 1306 1450 1375 8).
1500 1305 1783 1372 Quomodo
1814 1303 1840 1341 δ
1871 1305 2035 1371 igitur
2072 1303 2155 1358 sol

561 1403 735 1458 habet
762 1403 867 1456 diei
893 1400 1253 1470 potestatem?
1279 1399 1403 1468 quia
1429 1398 1603 1452 lucem
1625 1398 1679 1451 in
1709 1412 1767 1451 se
1793 1397 1908 1466 ipse
1928 1396 2156 1450 circum-

565 1492 766 1555 ferens,
800 1506 920 1545 cum
951 1489 1018 1544 ad
1047 1490 1235 1544 orbem
1263 1503 1421 1556 quem
1452 1503 1551 1540 nos
1573 1477 1880 1540 habitamus
1908 1499 2153 1539 accesse-

563 1582 659 1648 rit,
683 1580 878 1635 solntis
899 1579 1157 1643 tenebris,
1198 1578 1341 1631 diem
1372 1585 1608 1647 praestat.
1640 1575 1758 1630 Non
1799 1589 1929 1643 ergo
1958 1574 2157 1629 fallitur

564 1674 804 1744 quisquis
831 1672 973 1726 diem
1017 1671 1333 1726 vocitaverit
1377 1683 1557 1725 aerem
1587 1669 1745 1723 istum
1765 1711 1779 1735 ,
1825 1669 1954 1724 solis
1994 1667 2156 1722 radiis

2253 487 2568 555 reperimus.
2593 485 2688 542 Sol
2705 493 2890 541 autem
2911 487 3042 541 nulli
3061 501 3318 556 unquam,
3340 489 3427 542 vel
3455 488 3672 558 longius
3695 507 3848 550 asse-

2253 577 2389 631 ritur
2415 578 2442 613 ά
2466 591 2605 642 esse,
2634 576 2720 632 vel
2747 578 2985 646 propius,
3017 579 3091 632 ita
3117 593 3184 633 ex
3212 579 3362 632 omni
3391 587 3548 649 parte
3569 584 3850 652 quaeb-

2248 666 2392 736 jecta
2417 676 2574 732 sunt,
2606 681 2761 736 aequa
2788 668 2943 723 lance
2982 675 3252 738 respectat
3285 686 3298 721 :
3327 683 3492 738 quem
3519 669 3640 727 Indi
3683 681 3852 743 atque

2255 758 2496 813 Britanni
2525 758 2774 813 similiter
2811 759 3105 814 intuentur.
3150 757 3336 828 Neque
3359 760 3505 816 enim
3533 773 3770 834 vergens
3797 767 3854 821 in

2252 867 2525 917 occasum,
2557 851 2924 907 habitantibus
2968 850 3263 918 Orientem,
3313 853 3383 908 de
3425 869 3525 909 sua
3563 855 3853 926 quippiam

2253 941 2621 1011 magnitudine
2649 942 2880 996 sentitur
2899 942 3178 1005 amittere;
3209 956 3313 997 nec
3339 943 3393 998 in
3423 942 3718 1001 Occidente
3744 963 3853 1018 po-

2252 1029 2394 1091 sitis,
2428 1030 2606 1084 minor
2632 1038 2859 1100 apparet
2905 1031 3190 1099 exoriens,
3236 1045 3340 1087 nec
3364 1033 3583 1102 quando
3611 1035 3852 1093 medium

2253 1122 2378 1178 cali
2401 1130 2548 1176 tenet
2568 1138 2746 1190 axem,
2769 1123 3048 1190 utriusque
3070 1123 3256 1178 lateris
3273 1125 3526 1179 immutat
3544 1137 3851 1197 aspectum.

2254 1213 2372 1268 Non
2403 1221 2458 1268 te
2483 1228 2612 1282 ergo
2656 1214 2890 1268 brevitas
2916 1213 3035 1282 ejus
3052 1215 3431 1284 contemplata
3459 1215 3714 1286 decipiat,
3745 1234 3853 1276 nec

2253 1304 2380 1373 quia
2407 1304 2654 1359 cubitalis
2680 1304 2972 1358 visentibus
2999 1303 3146 1358 orbis
3173 1319 3303 1359 suus
3326 1311 3539 1374 putatur
3563 1320 3709 1371 esse,
3741 1323 3846 1362 ne-

2255 1411 2384 1450 vera
2408 1397 2528 1451 talis
2551 1397 2734 1451 haberi
2755 1395 3024 1466 putandus
3041 1403 3143 1450 est.
3157 1395 3388 1466 Semper
3407 1398 3545 1452 enim
3564 1399 3848 1455 cohaerere

2257 1489 2395 1543 solet
2420 1489 2822 1543 intervallorum
2845 1489 3039 1544 tractui
3063 1503 3242 1543 rerum
3262 1489 3543 1559 prolixitas
3569 1499 3844 1560 spectata-

2257 1597 2397 1647 rum;
2420 1581 2669 1651 aciesque
2689 1581 2967 1636 oculorum
2987 1579 3256 1647 interjecti
3273 1582 3434 1650 spatii
3455 1581 3847 1650 longitudinem

2257 1690 2364 1730 non
2396 1673 2698 1743 assequitur
2724 1672 2982 1728 intuendo
3000 1714 3014 1737 ,
3047 1672 3143 1727 sed
3169 1681 3424 1742 tanquam
3452 1672 3720 1728 deﬁciens
3747 1690 3852 1729 ex-

563 1766 908 1829 illustratum,
938 1773 994 1818 et
1021 1764 1159 1817 hanc
1186 1762 1363 1816 diurni
1401 1761 1663 1830 temporis
1683 1775 1801 1815 esse
1823 1774 2150 1824 mensuram,
2184 1755 2233 1816 B
2259 1764 2528 1836 penditur,
2559 1773 2616 1819 et
2655 1766 2825 1832 magis
2863 1765 3227 1820 mstimatione
3254 1779 3417 1833 quam
3448 1765 3601 1829 visu,
3631 1781 3699 1820 ea
3725 1780 3852 1834 qua:

569 1857 716 1926 quod
745 1857 800 1910 in
829 1854 1228 1923 hemisphrerio,
1259 1859 1319 1906 ut
1358 1852 1666 1921 opinantur,
1691 1849 1836 1919 quod
1848 1865 2018 1918 supra
2048 1857 2158 1902 ter-

487 1972 492 1977 '
568 1965 685 2005 ram
715 1958 819 2016 est,
857 1952 1240 2002 commoratur.
1273 1943 1379 1998 Sed
1407 1952 1459 1998 et
1493 1943 1544 1996 in
1574 1943 1749 2009 annis,
1783 1942 1976 2009 inquit,
2006 1941 2157 2010 signa

567 2041 670 2095 ista
699 2038 962 2108 disposita
989 2045 1133 2092 sunt.
1166 2035 1301 2090 Cum
1343 2033 1631 2088 duodecies
1660 2033 1821 2100 igitur
1864 2032 2035 2100 spatia
2075 2031 2157 2084 sui

561 2146 752 2186 cursus
781 2129 905 2183 luna
934 2126 1226 2198 peregerit,
1256 2139 1454 2179 annum
1484 2121 1644 2178 facit:
1678 2137 1840 2176 unum
1869 2129 2049 2174 tamen
2078 2120 2158 2174 in-

563 2223 670 2278 seri
699 2223 800 2277 sibi
823 2221 1026 2290 llagitat
1045 2236 1307 2283 mensem,
1338 2227 1397 2274 ut
1425 2218 1728 2286 diligentius
1759 2218 2011 2272 horarum
2030 2232 2157 2286 pos-

563 2313 634 2368 sit
661 2312 840 2378 colligi
868 2309 1109 2380 perfecta
1139 2310 1424 2366 concursio
1469 2328 1483 2361 :
1529 2309 1668 2366 sicut
1697 2307 1904 2362 Hebrazi
1955 2322 2155 2361 annum

563 2403 857 2470 antiquitus
903 2401 1280 2468 observabant,
1324 2409 1380 2455 et
1425 2398 1739 2454 Gmcorum
1786 2397 2153 2453 vetustissimi.

561 2496 752 2552 Annus
799 2504 982 2552 autem
1031 2496 1249 2551 solantis
1294 2504 1519 2550 vocatur
1555 2494 1830 2550 ordinatio
1878 2493 2040 2558 solis,
2087 2492 2158 2547 de

563 2597 722 2645 certo
745 2590 900 2658 signo
921 2589 975 2644 in
997 2588 1190 2645 eodem
1216 2603 1401 2642 rursus
1423 2602 1520 2656 per
1538 2602 1634 2642 sua
1662 2601 1721 2641 se
1739 2584 1963 2654 vestigia
1987 2583 2157 2638 revol-

572 2681 764 2737 ventis.
1941 2672 1965 2679 ’

635 2772 690 2827 9.
724 2771 794 2825 Et
825 2772 946 2842 fecit
971 2769 1114 2824 Deus
1139 2771 1242 2824 duo
1269 2770 1552 2824 unauana
1577 2784 1789 2838 magna.
1821 2765 2155 2833 Nuncupatto

567 2863 728 2932 igitur
748 2877 1067 2930 magnorum
1093 2861 1294 2931 duplex
1313 2869 1415 2926 est,
1439 2875 1669 2929 quorum
1700 2874 1802 2912 una
1825 2857 2153 2912 intellectum

563 2953 730 3009 habet
755 2953 1078 3019 absolutum,
1107 2953 1212 3006 alia
1245 2967 1375 3006 vero
1402 2958 1487 3006 est
1514 2963 1633 3018 quae
1657 2956 1907 3018 respectu
1934 2947 2156 3000 minoris

567 3044 697 3099 illud
715 3045 859 3112 quod
880 3051 964 3099 est
983 3044 1156 3112 majus
1177 3043 1419 3114 assignat
1442 3059 1454 3094 :
1480 3049 1538 3096 ut
1559 3049 1688 3112 puta
1713 3040 1937 3108 magnus
1963 3053 2151 3108 equus,

2260 1865 2556 1912 cernuntur
2597 1856 2812 1924 attingit
2854 1874 2866 1908 :
2913 1863 2970 1909 et
3016 1855 3138 1910 ideo
3183 1870 3283 1924 pro
3324 1869 3421 1909 sua
3466 1855 3735 1910 tenuitate
3756 1861 3853 1910 res

2261 1947 2455 2020 parvas
2482 1949 2755 2003 existimat
2782 1963 2902 2003 esse
2928 1962 3048 2017 quae
3077 1961 3282 2016 magna:
3309 1955 3468 2012 sunt,

2261 2049 2368 2093 tem
2415 2039 2664 2094 videlicet
2710 2054 2860 2094 suam
2905 2038 2989 2093 his
3029 2053 3149 2106 quae
3194 2040 3460 2109 conspicit
3507 2039 3850 2095 asaibendo.

2262 2128 2510 2185 Profecto
2538 2143 2668 2197 ergo
2695 2128 2951 2183 falluntur
2990 2129 3244 2193 obtutus,
3293 2137 3350 2184 et
3387 2128 3652 2198 judicium
3695 2128 3853 2184 ﬁdele

2260 2237 2367 2276 non
2397 2221 2615 2275 habent.
2670 2220 2978 2275 Recordare
3025 2235 3259 2289 namque
3306 2219 3678 2275 inﬁrmitatem
3725 2235 3853 2289 pro-

2259 2313 2450 2384 priam,
2481 2322 2537 2367 et
2572 2328 2640 2367 ex
2669 2321 2722 2367 te
2753 2313 2888 2382 ipso-
2927 2311 3108 2380 capies
3146 2327 3336 2366 eorum
3385 2326 3505 2379 qua:
3531 2311 3677 2366 dicta
3723 2319 3854 2365 sunt

2221 2477 2226 2481 ι
2260 2414 2656 2472 argumentum.
2680 2402 2866 2471 Itaque
2887 2404 2932 2458 si
2951 2403 3168 2472 quando
3188 2419 3258 2458 ex
3278 2404 3390 2458 alto
3418 2403 3620 2458 montis
3648 2403 3852 2458 vertice

2259 2489 2559 2564 subjectam
2606 2509 2920 2563 camporum
2968 2494 3245 2563 planitiem
3297 2492 3620 2563 respexisti,
3666 2506 3846 2548 nonne

2253 2589 2379 2657 juga
2407 2587 2572 2640 boum
2604 2595 2711 2639 tam
2733 2584 2976 2654 grandia,
3004 2585 3088 2640 vel
3108 2589 3354 2638 aratores
3371 2598 3583 2650 eorum,
3611 2582 3849 2638 formica

2257 2679 2462 2734 similes
2482 2677 2776 2744 judicasti?
2803 2675 3158 2730 Nihilominus
3186 2675 3352 2730 etiam
3391 2675 3518 2730 dum
3545 2675 3598 2729 in
3628 2674 3844 2729 excelsa

2257 2771 2474 2840 specula
2505 2770 2732 2834 locatus,
2754 2767 2941 2822 oculos
2969 2767 3023 2819 in
3051 2766 3274 2836 pelagus
3299 2765 3630 2827 convertisti.
3653 2763 3843 2833 quales

2261 2862 2353 2915 tibi
2382 2860 2701 2914 videbantur
2730 2858 2952 2911 insulae?
2979 2857 3168 2911 Nonne
3189 2855 3558 2912 columbarum
3583 2856 3845 2926 parvissi-

2258 2966 2463 3005 marum
2494 2950 2588 3004 tibi
2618 2948 2949 3018 phantasiam
2976 2947 3263 3017 quamdam
3306 2947 3706 3018 perhibebant?
3745 2955 3846 3000 aut

2261 3055 2423 3096 naves
2449 3040 2712 3107 ingentes,
2742 3037 2874 3092 velis
2906 3048 2928 3075 θ
2963 3039 3384 3092 tumescentibus
3426 3035 3676 3092 candidis
3720 3053 3846 3108 pro-

557 3142 660 3188 aut
685 3146 913 3201 magnus
939 3135 1058 3189 bos.
1105 3133 1224 3189 Non
1272 3135 1416 3190 enim
1438 3206 1443 3212 ~
1465 3149 1535 3188 ex
1578 3133 1748 3187 nimia
1795 3130 2158 3196 immensitate
2183 3117 2231 3179 (ἶ
2261 3143 2459 3204 specta:
2500 3133 2683 3204 procul
2731 3131 2895 3199 nigra:
2924 3131 3283 3201 putabantur?
3319 3129 3400 3186 0b
3427 3130 3537 3186 hoc
3572 3130 3846 3204 videlicet,

568 3239 789 3280 suorum
842 3239 1148 3292 corporum,
1202 3225 1297 3280 sed
1345 3239 1414 3278 ex
1463 3223 1868 3293 comparatione
1915 3222 2155 3284 alterius,

522 3303 539 3313 ’
565 3313 938 3368 testimt‘mium
992 3314 1290 3368 sortiuntur
1343 3312 1632 3382 ejusmodi.
1692 3311 1975 3378 Quomodo
2029 3324 2158 3378 ergo

559 3419 714 3464 nunc
738 3419 953 3465 sensum
995 3420 1155 3476 super
1182 3420 1502 3477 magnorum
1546 3404 1963 3474 appellationem
1991 3403 2157 3456 duca-

534 3521 535 3524 η
559 3499 726 3553 mus?
754 3497 862 3553 Sed
888 3499 1126 3568 priorem
1153 3497 1270 3552 sine
1309 3496 1471 3552 dubio
1498 3510 1743 3560 sensum,
1776 3503 2028 3564 tanquam
2053 3493 2156 3546 mi-

567 3602 703 3644 nora
757 3589 1050 3658 majoribus
1097 3587 1459 3655 conferentes,
1518 3585 1666 3642 velut
1717 3585 2015 3649 formicam,
2068 3593 2158 3637 aut

561 3681 713 3736 aliud
740 3681 1011 3749 quoddam
1057 3679 1261 3734 animal
1306 3688 1499 3734 natura
1548 3692 1773 3748 parvum
1802 3675 2155 3742 maximorum

569 3773 859 3828 collatione
888 3773 1279 3843 postpositum;
1328 3786 1396 3825 an
1427 3770 1604 3840 potius
1633 3770 1757 3837 quia
1808 3782 1906 3837 pro
1956 3765 2156 3834 ingenti

570 3864 739 3919 forma
767 3879 863 3919 sua
892 3865 1086 3920 merito
1111 3863 1397 3918 luminaria
1425 3875 1617 3930 magna
1646 3859 1928 3914 dicuntur?
1959 3856 2025 3909 Et
2054 3872 2158 3909 ma-

525 3971 527 3974 ‘
561 3956 650 4022 gis
673 3956 872 4025 opinor
898 3955 972 4008 ita
1002 3954 1200 4009 debere
1228 3951 1474 4021 intelligi.
1497 3950 1614 4007 Non
1636 3951 1778 4004 enim
1801 3948 1925 4018 quia
1953 3947 2155 4015 majora

569 4048 698 4102 sunt
737 4047 857 4101 aliis
885 4046 1054 4102 stellis
1079 4059 1276 4114 magna
1301 4051 1702 4114 nuncupantur,
1732 4040 1825 4096 sed
1853 4040 1978 4110 quia
2009 4047 2155 4092 tanta

569 4138 862 4208 amplitudo
910 4148 994 4195 est
1037 4137 1184 4192 orbis
1237 4137 1470 4201 illorum,
1513 4142 1572 4189 ut
1600 4132 1774 4202 fulgor
1803 4132 1895 4202 qui
1924 4146 1991 4185 ex
2023 4131 2150 4200 ipsis

567 4229 795 4293 eradiat,
823 4244 1003 4284 aerem
1027 4236 1200 4284 totum
1229 4225 1556 4283 sullicienter
1582 4226 1865 4290 illuminet,
1897 4232 1951 4277 et
1984 4235 2004 4260 ε
2041 4223 2158 4274 nbi-

559 4334 674 4389 que
689 4328 993 4389 porrectus,
1021 4329 1192 4373 terras
1213 4334 1401 4374 omnes
1428 4317 1704 4386 mariaque
1732 4315 2024 4381 contingat.
2053 4313 2153 4380 Qui

563 4425 690 4466 cum
718 4413 772 4465 in
793 4412 1030 4480 qualibet
1049 4411 1161 4480 poli
1192 4419 1363 4478 parte,
1387 4407 1472 4462 vel
1510 4405 1732 4459 oriende
1753 4405 1839 4458 vel
1861 4404 2153 4459 occidendo

2257 3229 2383 3296 quia
2413 3243 2599 3280 sensus
2631 3235 2688 3280 ut
2717 3223 2950 3278 diximus
2979 3223 3285 3284 oculorum,
3329 3225 3475 3278 aeris
3515 3223 3846 3282 distentiom

2260 3325 2505 3372 tenuatus
2563 3333 2671 3372 non
2715 3315 2914 3372 sufficit
2967 3313 3423 3384 comprehendere
3464 3315 3679 3384 plenius
3722 3328 3842 3383 qua!

2257 3409 2517 3464 visuntur.
2541 3403 2672 3462 Nam
2703 3414 2758 3462 et
2785 3405 2998 3477 rupium
3023 3406 3378 3460 maximarum
3403 3406 3454 3459 in
3479 3405 3652 3460 altum
3680 3420 3840 3460 cava-

2259 3509 2433 3554 tarum
2469 3499 2699 3554 rotunda
2730 3499 2994 3570 plenaque
3009 3504 3225 3568 putatur
3253 3497 3524 3566 aspectio;
3554 3495 3680 3551 dum
3708 3497 3840 3551 emi-

2257 3591 2506 3646 nentibus
2535 3589 2768 3660 undique
2796 3588 3124 3657 marginibus
3152 3594 3434 3656 occupata,
3466 3585 3704 3641 medium
3741 3600 3833 3640 ca-

2257 3681 2487 3734 vationis
2515 3680 2713 3743 locum,
2737 3696 2844 3733 non
2873 3661 3018 3733 valet
3042 3678 3177 3732 visio
3205 3676 3520 3731 defectionis
3547 3676 3832 3744 attingere.

2255 3772 2332 3827 lta
2361 3789 2462 3828 nec
2491 3788 2777 3842 corporum
2807 3771 3108 3832 schemata,
3141 3769 3313 3840 qualia
3359 3769 3461 3823 sint
3498 3767 3726 3822 advertit
3745 3769 3830 3821 in-

2261 3866 2441 3928 tuitus,
2489 3863 2584 3918 sed
2631 3871 2828 3918 teretes
2875 3878 2993 3919 esse
3037 3870 3212 3915 turres
3251 3876 3365 3930 qua:
3405 3859 3670 3928 quadratae
3697 3866 3827 3911 sunt

2258 3957 2562 4027 opinantur.
2594 3955 2810 4010 Certum
2835 3963 2916 4009 est
2956 3969 3105 4023 ergo,
3147 3955 3273 4024 quia
3301 3955 3351 4007 in
3389 3955 3406 3990 τ
3443 3951 3833 4022 prolixioribus.

2259 4045 2550 4102 intervallis
2579 4062 2686 4100 non
2731 4043 3026 4112 deﬁnitam,
3077 4045 3176 4102 sed
3222 4044 3498 4100 confusam
3543 4058 3835 4113 corporum

2257 4141 2495 4210 capimus
2525 4139 2806 4194 visionem.
2855 4137 2946 4193 Sic
2973 4149 3028 4194 et
3055 4151 3249 4207 magna
3276 4137 3593 4202 luminaria,
3638 4150 3835 4190 securi.-

2257 4232 2385 4286 dum
2409 4230 2698 4300 Scriptura:
2721 4229 3108 4295 testimonium,
3131 4229 3510 4299 multipliciora
3531 4236 3657 4283 sunt
3675 4242 3833 4297 quam

2255 4331 2562 4379 cernuntur.

2328 4415 2412 4468 l0.
2445 4414 2596 4470 Licet
2615 4414 2744 4469 illud
2763 4429 2977 4483 quoque
2996 4413 3377 4481 magnitudinis
3389 4429 3581 4468 eorum
3611 4415 3682 4470 sit
3708 4430 3832 4486 pro-

561 4502 887 4567 θσηειίιθτίιν
917 4508 1237 4554 cunctorum
1284 4496 1589 4551 mortalium
1641 4496 1841 4550 νίείδυδ
1878 4497 2154 4566 ωαυθιίιθιτ
2177 4480 2232 4539 D
2259 4507 2434 4562 habile
2467 4480 2865 4570 documentum,
2887 4480 3018 4573 quia
3047 4480 3167 4558 cum
3206 4504 3314 4558 sint
3353 4503 3572 4560 inﬁnita:
3609 4480 3833 4560 numero

567 4593 888 4660 apparescit.
912 4590 1076 4658 cuius
1098 4588 1414 4656 magnitudo
1433 4589 1793 4644 certissimum
1816 4590 1975 4644 habet
1995 4590 2154 4645 docu-

2253 4599 2436 4664 stellaz,
2471 4597 2644 4666 fulgor
2670 4604 2849 4651 tamen
2879 4596 2969 4664 qui
2997 4595 3240 4668 procedit
3282 4610 3349 4649 ex
3375 4596 3477 4661 eis,
3507 4613 3612 4652 non
3649 4607 3831 4666 potest

565 4694 809 4738 mentum
836 4701 848 4735 :
879 4683 1006 4753 quia
1037 4698 1137 4750 nec
1165 4684 1405 4752 ipsorum
1436 4683 1839 4738 luminarior'um
1865 4684 2152 4739 collatione
2255 4697 2572 4746 nocturnam
2601 4685 2845 4742 scindere
2881 4686 3218 4742 densitatem.
3257 4685 3347 4742 Sol
3375 4696 3553 4743 autem
3593 4687 3707 4742 fusa
3727 4705 3829 4758 per

565 4773 789 4829 latitudo
817 4781 1012 4839 terrm,
1045 4781 1245 4844 quanta
1274 4773 1344 4827 sit
1373 4775 1701 4842 assignatur;
1736 4786 1793 4830 ut
1822 4791 1918 4846 per
1945 4777 2044 4832 hoc
2071 4777 2151 4832 sol
2253 4780 2508 4836 mundum
2536 4779 2675 4844 luce,
2702 4793 2809 4832 non
2838 4776 2996 4832 modo
3017 4792 3136 4831 cum
3165 4777 3306 4831 visus
3334 4777 3512 4841 fuerit,
3545 4777 3638 4833 sed
3670 4763 3828 4833 etiam
3913 4830 3920 4838 _

563 4874 619 4922 et
648 4865 774 4920 luna
806 4866 891 4921 vel
919 4865 1159 4920 minores
1196 4880 1314 4919 esse
1361 4867 1743 4936 comprehendi
1773 4868 2016 4930 valeant,
2067 4870 2151 4922 vel
2252 4887 2372 4927 cum
2418 4871 2601 4925 venire
2643 4876 2886 4940 speratur
2913 4876 2966 4923 et
3007 4877 3293 4939 antequam
3335 4877 3508 4923 terras
3547 4869 3828 4937 illuminet,

563 4957 819 5028 majores.
865 4957 998 5012 Nam
1043 4971 1262 5030 semper
1291 4972 1354 5010 ea
1396 4973 1514 5026 qua:
1557 4959 1766 5014 eminus
1791 4961 1967 5028 posita
1995 4971 2138 5026 sunt,
2157 4991 2172 5006 -
2249 4963 2631 5019 obscuritatem
2657 4961 2832 5017 noctis
2860 4959 3116 5029 infringit,
3147 4968 3203 5017 et
3226 4973 3444 5032 stmerat
3461 4969 3613 5017 astra
3641 4971 3668 5009 ε
3695 4977 3826 5017 mn-

564 5051 756 5117 exigua
802 5049 999 5103 nostris
1026 5056 1282 5118 putantur
1309 5048 1580 5104 obtutibus
1613 5068 1624 5101 :
1656 5064 1780 5104 cum
1826 5065 1953 5106 vero
1990 5051 2144 5122 juxta
2249 5059 2401 5124 dore,
2429 5069 2716 5124 acremque
2745 5061 2913 5110 tm
2935 5054 3258 5124 promi,
3279 5053 3487 5122 frigore
3507 5053 3829 5122 nebulisque

634 5222 659 5249 ⁸
686 5211 824 5270 Editi
869 5225 923 5271 et
961 5211 1115 5281 Colb.
1167 5216 1390 5284 primus,
1437 5215 1692 5284 sequentis
1732 5213 1947 5270 hiberni.
2001 5219 2150 5273 Alter

561 5282 1022 5356 Golbysequentis
1061 5282 1300 5356 hibérnij.

488 5408 497 5418 ,
565 5422 600 5432 Π
632 5353 658 5391 δ
688 5351 847 5415 Εάἰιίζ
879 5356 1014 5432 quod
1042 5355 1218 5424 igitur.
1253 5353 1397 5409 Libri
1427 5362 1651 5420 veteres,
1677 5357 1929 5425 quomodo
1957 5360 2134 5430 igitur.

560 5422 762 5488 (iratae,
794 5421 901 5483 πῶςί
930 5421 1036 5478 οὖν.

633 5504 654 5532 ε
689 5491 999 5547 Addidimus
1023 5493 1264 5548 voculam
1295 5505 1341 5548 et
1367 5510 1433 5550 ex
1461 5495 1667 5550 duobus
1695 5497 1984 5552 codicibus.
2022 5499 2135 5554 Ali-

521 5627 524 5632 _
560 5573 762 5636 quanto
775 5572 904 5635 post
923 5563 1130 5636 editiﬁet
1149 5565 1255 5618 duo
1279 5581 1426 5636 mss.,
1450 5565 1744 5619 mortalium
1763 5567 1958 5621 usibus.
1975 5567 2127 5623 Colb.

560 5633 844 5698 secundus,
877 5633 1170 5686 mortalitth
1192 5634 1405 5685 nisibus.

629 5701 658 5740 ⁶¹
687 5703 841 5757 Colb.
872 5704 1136 5757 secundus
1168 5703 1327 5756 habet
1355 5703 1406 5756 in
1433 5705 1695 5756 contextu
1713 5707 1993 5786 aspicitur;
2033 5708 2130 5765 sed

2261 5221 2312 5274 in
2343 5235 2438 5274 ora
2469 5216 2590 5272 libri
2618 5216 2877 5286 scriptum
2903 5214 3205 5286 invenitnus
3224 5213 3496 5286 vana-itur.

2323 5300 2345 5328 ο
2375 5289 2600 5344 Veteres
2640 5281 2744 5341 duo
2778 5285 2936 5348 libri,
2970 5285 3106 5340 celi:
3145 5294 3419 5340 tumentes.
3451 5281 3600 5336 A'lius
3621 5281 3826 5342 codex.

2246 5362 2366 5416 uelis
2389 5357 2712 5412 tumentibus.
2740 5356 2976 5412 Subinde
2993 5353 3148 5411 Colb.
3171 5355 3456 5421 munem,
3472 5351 3690 5407 rotundi
3709 5353 3826 5422 pla-

2246 5435 2394 5501 m'que
2421 5438 2666 5500 putantur
2693 5435 2943 5497 aspectus.

2321 5502 2338 5539 ί
2369 5499 2526 5563 Editi,
2559 5501 2678 5568 quia
2721 5497 3106 5568 prolixioribus.
3155 5496 3226 5552 At
3271 5497 3379 5551 duo
3425 5507 3578 5556 mss,
3617 5494 3743 5564 quia
3771 5495 3830 5548 ia

2239 5569 2618 5641 prolixioribus.
2725 5639 2740 5641 _
2812 5577 2816 5580 '

2310 5652 2334 5688 ε
2365 5641 2516 5694 Colb.
2546 5639 2828 5700 secundus,
2867 5650 3121 5693 ath'arum
3142 5636 3447 5690 condurata.
3470 5631 3633 5689 ﬂanti
3653 5634 3828 5704 longe

2236 5711 2384 5771 editi.
2417 5718 2766 5772 ueneraretur.
2801 5709 2944 5764 Libri
2972 5709 3198 5776 antiqui,
3236 5713 3532 5780 generatur.

2883 5821 2994 5838 νον-
