4192 6258
630 317 734 387 935

2079 311 2441 376 EUSTATHII

3806 295 3916 366 966

631 451 901 498 terrarum
927 441 1116 512 positae
1141 445 1286 506 sunt,
1313 432 1486 508 longis
1514 449 1547 492 a
1593 450 1653 493 se
1678 434 1867 507 spatiis
1893 431 2217 502 disjungun-
2249 433 2304 491 Α
2326 425 2395 482 Et
2422 427 2488 482 de
2535 420 2900 494 magnitudine
2940 420 3155 492 quidem
3185 419 3317 475 solis
3344 426 3399 473 et
3441 417 3580 472 luna:
3625 416 3911 512 hactenus.

634 540 740 586 tur.
767 529 964 584 Harum
989 530 1201 600 plateae,
1233 543 1352 599 qua:
1379 527 1448 583 ad
1474 534 1684 598 partem
1703 524 1999 596 respiciunt
2026 519 2216 576 Orien-

637 625 727 692 tis,
770 623 1047 692 aequaliter
1089 636 1281 677 omnes
1329 621 1516 676 lunare
1570 621 1749 675 lumen
1795 616 2088 687 excipiunt.
2121 612 2217 666 His

636 713 797 780 igitur
824 713 1054 779 cunctis,
1086 713 1188 768 nisi
1213 727 1398 768 coram
1429 713 1553 766 luna
1582 711 1854 766 videretur
1874 749 1888 773 ,
1922 707 2067 762 solos
2097 705 2220 759 illos

636 795 733 877 qui
758 807 1012 862 adversus
1026 823 1148 862 eam
1175 806 1337 876 positi
1356 813 1481 860 sunt
1509 804 1822 874 angiportus
1849 801 2218 872 perlustraret,

638 913 734 954 eos
761 907 938 953 autem
959 898 1051 968 qui
1077 897 1415 951 latitudinem
1437 896 1578 950 illius
1607 892 1892 960 excedunt,
1911 900 1972 946 ut
1999 897 2126 960 pote
2153 904 2221 942 ex

639 999 948 1046 transverso
984 991 1280 1056 venientes,
1329 988 1476 1043 nullo
1525 987 1690 1042 modo
1746 985 2007 1040 visitaret.
2067 979 2224 1047 Quod

642 1085 803 1139 etiam
834 1084 1050 1138 lucerna
1074 1081 1217 1138 domi
1242 1095 1473 1136 accensa
1500 1079 1754 1146 declarat,
1786 1091 1948 1146 quam
1974 1074 2018 1129 si
2046 1072 2226 1142 plures

641 1174 1115 1243 circumsteterint,
1161 1174 1349 1228 umbra
1391 1172 1606 1227 illorum
1640 1170 1733 1240 qui
1790 1184 1972 1224 coram
2026 1165 2226 1220 fuerint

642 1273 791 1320 recta
811 1263 1122 1333 porrigitur,
1150 1263 1484 1333 reliquorum
1510 1275 1640 1316 vero
1668 1260 1723 1314 in
1745 1268 2029 1328 utramque
2054 1254 2227 1310 flecti-

647 1364 733 1411 tur
754 1364 984 1425 partem.
1009 1355 1088 1409 lta
1111 1355 1212 1410 nisi
1234 1353 1597 1411 immensitate
1613 1360 1668 1407 et
1695 1349 2046 1420 amplitudine
2073 1347 2230 1401 luna-

560 1495 572 1502 .
643 1460 705 1500 re
727 1461 922 1514 corpus
950 1445 1259 1509 excelleret,
1293 1445 1568 1513 nunquam
1599 1455 1789 1496 omnes
1817 1439 1975 1494 simul
2004 1437 2233 1505 attinge-

645 1541 748 1590 ret.
781 1532 915 1586 Nam
941 1548 1063 1588 cum
1092 1533 1159 1588 de
1178 1532 1549 1590 solstitialibus
1577 1531 1818 1586 exoritur
1842 1529 2108 1600 partibus,
2137 1544 2233 1584 eos

646 1615 737 1692 qui
775 1623 1208 1692 septentrionalis
1257 1621 1372 1675 axis
1399 1614 1645 1676 habitant
1682 1620 1927 1688 frigidam
1956 1621 2234 1688 regionem

645 1714 925 1782 aequaliter
952 1713 1236 1777 illuminat,
1263 1721 1318 1767 et
1340 1712 1461 1767 illos
1483 1722 1508 1749 ι
1540 1712 1632 1782 qui
1659 1712 1713 1765 in
1744 1709 2087 1765 inferioribus
2114 1726 2232 1766 me-

2319 523 2421 591 Qui
2449 535 2579 577 vero
2609 519 2764 574 nobis
2793 514 3041 587 praestitit
3087 513 3435 578 intellectum,
3468 519 3527 566 ut
3569 526 3641 565 ex
3679 509 3914 565 minimis

2319 621 2580 670 creatura:
2625 608 2811 671 rebus,
2844 605 3104 659 inﬁnitam
3147 601 3470 671 sapientiam
3515 614 3914 669 cognoscamus

2321 700 2568 768 artificis,
2592 706 2813 771 praestet
2841 698 3000 752 etiam
3031 710 3192 764 super
3211 692 3509 767 majoribus
3529 707 3633 746 nos
3652 691 3916 745 maximas

2322 795 2678 864 cogitationes
2709 791 2777 846 de
2805 787 3101 844 Conditore
3125 784 3427 855 percipere,
3461 795 3777 852 quanquam
3806 779 3920 850 ejus

2324 889 2632 952 collatione,
2659 885 2741 940 sol
2773 891 2829 938 et
2854 883 2982 937 luna
3023 877 3366 934 formicarum
3397 875 3690 930 credantur
3716 873 3924 929 habere
3998 916 4008 925 .

2324 991 2649 1035 mensuram.
2673 974 2739 1029 Et
2765 973 2886 1029 ideo
2929 972 3057 1026 licet
3073 969 3236 1036 digna
3266 983 3374 1022 non
3398 968 3525 1029 sint,
3559 965 3585 1004 ι)
3618 974 3679 1020 ut
3710 980 3780 1019 ex
3834 964 3924 1017 his

2328 1071 2522 1127 divina:
2568 1065 2950 1137 magnitudinis
2988 1060 3371 1129 contemplatio
3419 1059 3686 1129 capiatur,
3737 1056 3922 1126 parvis

2327 1171 2511 1220 tamen
2548 1160 2868 1231 quibusdam
2895 1155 3313 1225 caliginosisque
3352 1151 3623 1222 parabolis
3667 1149 3924 1205 videmur

2331 1255 2544 1323 instrui,
2573 1254 2712 1309 sicut
2737 1262 3123 1318 nonnunquam
3151 1243 3405 1299 animalia
3432 1243 3655 1309 minora,
3691 1240 3781 1296 vel
3795 1240 3928 1295 ber-

2332 1349 2429 1405 bas
2458 1345 2705 1402 conferre
2727 1343 2961 1400 solemus
2989 1338 3314 1408 ingentibus.
3349 1335 3496 1391 Nunc
3521 1351 3645 1390 vero
3667 1334 3928 1390 contenti

2333 1443 2500 1498 simus
2526 1438 2668 1495 serie
2694 1441 3069 1497 narratorum;
3110 1443 3198 1484 me
3227 1427 3478 1482 videlicet
3505 1432 3690 1494 agente
3709 1425 3929 1494 gratias

2337 1533 2408 1598 ei,
2431 1531 2522 1600 qui
2551 1529 2681 1584 mihi
2712 1529 2814 1582 hoc
2843 1523 3095 1595 pusillum
3117 1518 3382 1578 sermonis
3408 1517 3586 1585 exigui
3613 1533 3803 1570 munus
3834 1524 3926 1570 at-

2336 1622 2523 1678 tribuit
2567 1639 2579 1672 :
2622 1618 2775 1673 vobis
2819 1631 2950 1670 vero
2999 1612 3310 1681 largitorem
3349 1607 3609 1678 spiritalis
3656 1605 3928 1660 alimonia:

2338 1711 2774 1785 prmdicantibus,
2799 1708 2889 1780 qui
2918 1721 3015 1762 vos
3043 1704 3191 1758 velut
3217 1703 3519 1757 hordeaceo
3548 1714 3711 1770 pane,
3740 1697 3794 1752 id
3821 1705 3927 1764 est,

648 1806 870 1864 ridianae
894 1806 1063 1877 plagae
1090 1805 1219 1860 solis
1246 1805 1345 1859 sub
1371 1792 1506 1859 Zona
1529 1811 1814 1858 versantur
1841 1801 2072 1858 aestifera
2099 1803 2232 1857 vali-
2263 1799 2312 1860 B
2338 1814 2536 1864 nostra:
2556 1803 2705 1859 vocis
2736 1800 3000 1856 tenuitate
3020 1795 3217 1852 cibavit
3245 1795 3300 1848 in
3329 1792 3602 1864 praesenti,
3636 1800 3930 1861 pascatque

645 1899 838 1972 [tudine
863 1899 1250 1968 complectens,
1281 1889 1638 1952 certissimum
1669 1896 1899 1967 propriae
1926 1895 2080 1951 nobis
2119 1911 2234 1950 ma—

649 1990 945 2059 gnitudinis
973 1997 1192 2061 prmstat
1225 1989 1498 2043 indicium.
1531 1987 1662 2054 Quis
1693 2002 1822 2056 ergo
1866 1987 2238 2044 contradicere

653 2091 856 2154 potest,
899 2090 1146 2138 astruens
1186 2096 1292 2136 non
1334 2096 1453 2136 esse
1491 2095 1689 2150 corpus
1730 2079 1857 2161 ejus.
1894 2080 2234 2147 immensum,

652 2189 776 2230 cum
804 2191 904 2247 per
932 2184 1013 2232 tot
1041 2184 1299 2246 tantaque
1348 2182 1613 2230 terrarum
1643 2173 1922 2230 intervalla
1948 2175 2240 2232 tendatur?

728 2300 754 2326 ι
782 2288 966 2361 Codex
1019 2304 1172 2361 unus,
1225 2290 1280 2342 in
1307 2289 1656 2361 inferioribus.
1691 2287 1895 2361 Vocula
1931 2289 1987 2342 in
2015 2289 2083 2361 ab
2111 2291 2230 2346 edi-

654 2361 723 2432 tis
770 2360 975 2432 aberat.
1008 2359 1296 2432 Aliquanto
1342 2358 1468 2428 post
1511 2358 1658 2424 editi,
1699 2359 1784 2428 qui
1829 2360 1964 2414 ideo.
2013 2358 2256 2432 Antiqui.

653 2430 762 2485 duo
790 2429 930 2496 libri,
957 2431 1043 2500 qui
1066 2445 1202 2483 vero.

2340 1900 2395 1954 in
2422 1905 2734 1972 posterum;
2763 1907 2863 1963 pro
2900 1899 3018 1945 rata
3046 1887 3308 1957 cujusque
3338 1885 3462 1940 fidei
3489 1885 3767 1955 portione,
3791 1898 3931 1954 pne-

2341 2002 2492 2048 stans
2519 1989 2674 2044 nobis
2702 1984 3089 2040 revelationem
3113 1980 3344 2051 Spiritus
3369 1976 3423 2050 (ι
3452 1976 3574 2032 Cor.
3600 1993 3695 2043 xn,
3730 1977 3815 2046 7);
3844 1976 3931 2030 cui

2341 2083 2512 2152 gloria
2541 2079 2594 2133 in
2621 2076 2834 2133 Christo
2853 2071 3000 2141 Iesu,
3026 2073 3169 2126 nunc
3190 2077 3247 2126 et
3274 2083 3508 2140 semper,
3533 2068 3588 2122 in
3617 2066 3816 2122 saecula
3844 2080 3931 2120 sae

2347 2175 2616 2232 culorum.
2640 2169 2830 2224 Amen.

2404 2286 2432 2327 ι)
2480 2284 2685 2341 Vocula
2732 2290 2789 2336 ut
2833 2279 3032 2336 omissa
3090 2275 3266 2355 fuerat
3305 2290 3337 2330 a
3386 2273 3739 2355 typographis
3781 2292 3795 2327 :

2333 2375 2455 2417 eam
2475 2354 2793 2420 addidimus,
2825 2359 3068 2406 veterum
3096 2347 3358 2404 librorum
3384 2347 3545 2401 ﬁdem
3568 2347 3759 2399 secuti.

3845 2269 3934 2328 sed

653 2537 3900 2573 WW—M—ﬂ

1612 2608 2076 2716 LIBER
2132 2610 2981 2721 SEPTIMUS.

739 2770 788 2826 1.
818 2753 886 2825 Et
927 2770 1056 2826 dixit
1084 2766 1226 2824 Deus
1249 2786 1266 2823 :
1291 2767 1523 2840 Ejiciant
1543 2785 1691 2841 aqua:
1720 2770 1929 2840 reptilia
1959 2771 2254 2824 animarum
2304 2811 2308 2815 .

660 2865 928 2929 ‘bivarum,
972 2872 1020 2916 et
1057 2862 1288 2916 volatilia
1327 2862 1557 2916 volantia
1604 2860 1694 2914 sub
1741 2862 2068 2930 ﬁrmamento
2113 2862 2248 2917 caeli.

669 2953 798 3011 Post
824 2966 849 2992 ι
876 2954 1280 3009 luminariorum
1309 2952 1706 3016 formationem,
1729 2967 1865 3020 aqua
1888 2953 2052 3007 etiam
2074 2953 2251 3023 reple-

665 3051 757 3105 tur
784 3044 1135 3110 animalibus;
1183 3052 1242 3098 ut
1282 3051 1337 3098 et
1379 3044 1485 3098 hoc
1525 3050 1809 3100 ornaretur
1837 3043 2088 3099 videlicet
2131 3043 2246 3098 ele-

667 3144 931 3190 mentum.
955 3136 1124 3191 Terra
1153 3135 1295 3190 euim
1321 3135 1433 3205 jam
1472 3135 1673 3191 dudum
1701 3136 1768 3191 de
1789 3137 2018 3207 propriis
2045 3138 2243 3207 germi-

665 3223 823 3278 nibus
850 3239 1147 3292 congruum
1173 3224 1336 3279 decus
1384 3236 1668 3295 acceperat

1719 3246 1732 3280 :
1781 3228 1976 3282 cmlum
2029 3244 2245 3298 quoque

663 3313 941 3368 stellarum
978 3314 1138 3368 ﬂores
1166 3325 1527 3384 assumpserat
1559 3336 1570 3369 :
1611 3328 1667 3371 et
1694 3319 1841 3372 velut
1869 3320 2094 3387 geminis
2118 3336 2246 3374 ocu-

665 3404 750 3471 lis,
775 3405 827 3459 id
855 3413 957 3472 est,
986 3404 1368 3474 conjunctione
1399 3407 1755 3463 maximorum
1782 3409 2042 3464 luminum
2071 3410 2245 3465 fuerat

675 3503 1035 3550 venustatum.
1068 3494 1351 3565 Reliquum
1381 3503 1517 3562 erat,
1547 3507 1608 3552 ut
1636 3500 1790 3568 aquis
1828 3499 1992 3555 etiam
2020 3499 2248 3554 familia-

2357 2774 2571 2843 lemque
2617 2773 2938 2828 monstravit
2985 2771 3274 2828 ineil'abilis
3315 2779 3372 2833 et
3396 2769 3671 2840 magniﬁca
3697 2765 3798 2822 Dei
3823 2766 3940 2822 vir-

2355 2874 2461 2935 tus,
2487 2866 2752 2934 simulque
2778 2865 3213 2935 praeceptionem,
3237 2878 3359 2933 quae
3383 2863 3508 2917 data
3529 2868 3614 2916 est
3636 2859 3813 2929 aquis,
3836 2874 3942 2929 op-

2331 2957 2654 3027 portunitas
2680 2955 3052 3010 vivificationis
3074 2953 3390 3024 insequitur.
3423 2951 3657 3023 Ejiciant
3679 2967 3830 3021 aqua:
3855 2965 3942 3002 re-

2350 3051 2504 3120 ptitia
2525 3051 2816 3103 animarum
2841 3050 3087 3103 vivarum.
3112 3047 3265 3102 Nunc
3284 3047 3518 3117 primum
3547 3043 3804 3098 animalia
3829 3042 3943 3111 spi-

2359 3142 2553 3209 rantia,
2602 3156 2899 3212 sensusque
2953 3140 3170 3211 capacia
3216 3137 3244 3176 α
3298 3145 3645 3207 generantur.
3697 3133 3942 3203 Virgulta

2355 3231 2497 3286 enim
2528 3238 2583 3285 et
2627 3231 2848 3286 arbores
2886 3244 3190 3300 quanquam
3217 3229 3400 3284 vivere
3421 3226 3693 3290 dicuntur,
3725 3234 3786 3279 ut
3813 3234 3943 3296 pote

2357 3321 2534 3377 alendi
2558 3323 2945 3392 crescendique
2965 3327 3122 3377 nacta
3149 3315 3426 3385 virtutem,
3459 3334 3569 3374 non
3595 3326 3775 3373 tamen
3803 3331 3941 3372 con-

2353 3414 2506 3469 tinuo
2546 3415 2840 3470 animantia
2868 3415 2994 3470 suht
3022 3413 3384 3483 intelligenda.
3426 3411 3496 3466 Et
3523 3411 3595 3468 ob
3623 3412 3729 3466 hoc
3748 3409 3884 3464 dixit
3924 3427 3939 3460 :

2353 3505 2588 3576 Ejiciant
2607 3524 2755 3579 aqua:
2775 3508 3000 3579 reptilia.
3031 3505 3201 3562 Omne
3221 3519 3389 3576 genus
3418 3502 3586 3574 igitur
3613 3503 3942 3569 natantium,

667 3588 745 3643 τῖε
773 3587 1051 3644 (Ῐθθοτδίίο
1081 3589 1414 3645 "uiderem"-
1447 3591 1606 3646 νθηίι
1633 3592 1660 3632 δ
1691 3595 1981 3664 Ιπποθρῑίο
2015 3613 2027 3647 ε
2060 3595 2247 3650 οοηίθ·
2273 3605 2320 3668 C
2351 3604 2464 3659 sive
2490 3606 2633 3674 quod
2678 3607 2903 3661 summis
2949 3605 3200 3661 ﬂuctibus
3247 3602 3606 3674 s‘uperfertur,
3636 3604 3749 3658 sive
3785 3601 3943 3671 quod

667 3680 899 3749 stimque
928 3680 1075 3735 lacus
1103 3689 1159 3735 et
1201 3679 1346 3736 fluvii
1393 3697 1493 3752 pro
1542 3699 1642 3739 suo
1688 3699 1904 3754 quoque
1931 3699 2129 3753 genere
2154 3687 2243 3741 vel

666 3777 859 3826 natura
884 3769 1302 3841 perﬁciebantur
1329 3774 1604 3839 uberrimi,
1637 3790 1786 3830 mare
1820 3776 1949 3845 quin
1975 3777 2139 3836 etiam
2169 3777 2242 3830 ita

661 3862 994 3917 diversorum
1021 3864 1320 3919 natantium
1357 3864 1530 3920 fetura
1570 3867 1880 3936 complevit,
1911 3877 1972 3922 ut
2011 3883 2241 3926 omnosac

662 3953 901 4023 paludes,
935 3954 1242 4024 vadosaque
1284 3963 1473 4024 stagna
1504 3958 1740 4012 otiosam
1784 3958 1872 4011 vel
1901 3959 2106 4012 irritam
2134 3958 2239 4012 mi-

661 4044 807 4098 nime
855 4044 971 4099 vim
1008 4045 1300 4115 generandi
1328 4049 1618 4102 tenuerint.
1649 4047 1812 4103 Ranae
1853 4049 2015 4104 etiam
2050 4057 2106 4104 et
2132 4064 2244 4104 mu-

661 4149 786 4200 scae,
815 4135 1119 4205 culicesque
1148 4136 1272 4191 inde
1296 4139 1412 4192 sine
1449 4137 1612 4193 dubio
1639 4139 1986 4208 pullularunt.
2022 4139 2152 4192 Nam
2179 4154 2242 4193 ea

665 4239 787 4294 quae
813 4227 974 4281 modo
1003 4227 1272 4297 videntur,
1304 4239 1696 4285 transactorum
1719 4231 1920 4284 faciunt
1947 4230 2240 4286 documen-

662 4321 793 4368 tum.
837 4315 915 4370 lta
945 4319 1120 4373 omnis
1161 4334 1297 4387 aqua
1335 4321 1625 4387 cogebatur
1672 4319 1953 4389 opificibus
1984 4330 2007 4358 ι
2039 4318 2242 4377 servire

661 4407 964 4476 prteceptis.
988 4407 1120 4460 Nam
1140 4424 1371 4475 quorum
1392 4424 1492 4462 nec
1515 4423 1717 4475 genera
1737 4409 1952 4477 quidem
1974 4411 2242 4481 quispiam

660 4493 859 4551 sufﬁcit
879 4498 1170 4565 explicare,
1196 4512 1384 4552 eorum
1410 4499 1578 4553 vitam
1607 4516 1734 4556 mox
1763 4511 2029 4572 vegetam,
2059 4505 2238 4560 mobi-

738 4635 763 4662 ι
794 4623 955 4691 Editi,
1006 4629 1148 4698 prius
1182 4617 1530 4706 Lluntinarium
1569 4636 1898 4706 formatione.
1953 4637 2023 4692 At
2073 4643 2246 4696 nostri

660 4703 787 4777 ires
815 4711 966 4777 mss”
1013 4709 1142 4777 post
1173 4702 1578 4777 iuminariorimt'
1613 4704 1992 4777 formationem.
2044 4708 2112 4762 Et
2169 4711 2242 4766 ita

659 4762 1024 4832 Eustathium,
1043 4770 1146 4824 nisi
1168 4771 1327 4826 fuerit
1349 4775 1568 4829 omnino
1593 4762 1740 4832 r'udis
1767 4793 2042 4832 sacrarum
2072 4762 2242 4834 Litte:

2355 3705 2410 3760 in
2439 3707 2561 3762 altis
2589 3707 2885 3776 gurgitibus
2913 3707 3237 3773 diversatur,
3266 3704 3510 3776 profecto
3555 3712 3810 3758 naturaet
3850 3718 3947 3758 re-

2351 3808 2535 3878 ptandi
2577 3809 2826 3864 sortitum
2855 3808 3117 3874 est;‘dum
3145 3823 3243 3878 per
3270 3821 3459 3878 aquam
3493 3815 3516 3842 ο
3537 3807 3734 3874 c‘orpus
3765 3804 3950 3858 trahi—

2358 3917 2463 3971 tur,
2489 3921 2799 3980 quanquam
2843 3917 2899 3964 et
2927 3907 3153 3978 pedibus
3181 3906 3428 3964 nonnulla
3455 3912 3672 3959 utantur
3701 3912 3760 3959 et
3785 3917 3952 3972 gres-

2346 4007 2510 4062 sibus.
2561 4007 2631 4062 Et
2674 4007 2801 4064 licet
2844 4007 3010 4064 multa
3059 4009 3125 4064 de
3177 4009 3283 4064 illis
3321 4006 3612 4062 habeantur
3665 4005 3951 4072 ambigua,

2348 4107 2486 4163 sicut
2505 4107 2658 4163 vituli
2683 4109 2895 4176 marini,
2928 4118 2984 4164 et
3004 4109 3260 4166 crocodili
3278 4117 3336 4164 et
3361 4121 3507 4163 ranae
3543 4113 3600 4162 et
3627 4106 3830 4171 cancri,
3862 4115 3952 4162 ta-

2353 4223 2477 4262 men
2504 4209 2582 4263 eis
2619 4210 2919 4279 praecipuus
2959 4218 3044 4264 est
3071 4218 3304 4265 natatus.
3349 4208 3667 4279 Propterea,
3709 4205 3953 4277 Ejiciaut

2349 4324 2496 4378 aqua:
2544 4310 2769 4379 reptilia.
2813 4308 2875 4364 In
2909 4309 2991 4364 bis
3020 4310 3179 4378 igitur
3225 4307 3556 4363 brevissimis
3603 4303 3954 4361 sermonibus

2348 4411 2534 4466 omnia
2577 4425 2775 4480 genera
2802 4412 3161 4467 continentur.
3194 4408 3334 4476 Quid
3377 4409 3522 4464 enim
3553 4423 3663 4463 non
3693 4421 3953 4475 compre-

2363 4510 2590 4568 hensum
2631 4523 2714 4570 est
2761 4513 2780 4552 ί
2825 4521 3093 4585 praecepto
3133 4513 3431 4569 creatum?
3456 4510 3583 4567 Sive
3607 4511 3697 4565 illa
3745 4507 3952 4564 dixeris

2354 4658 2651 4724 βξιουργικῷ.
2681 4649 2880 4705 [bidem
2911 4649 3055 4715 editi,
3087 4665 3300 4720 quorum
3321 4664 3530 4720 genera.
3563 4644 3715 4700 Colb.
3747 4660 3950 4701 secun-

2353 4717 2722 4791 dus,'_quorum
2748 4737 2840 4774 uec
2871 4736 3079 4791 genera.

2424 4757 2722 4844 S’eql‘i‘t’i'z't"
3106 4757 3438 4856 generantur,
3466 4797 3523 4841 ut
3548 4797 3697 4856 pote,
3730 4793 3837 4839 etc.
3878 4795 3952 4839 At

659 4851 860 4934 multum,
881 4839 1170 4934 scripsisse
1199 4842 1431 4933 arbitror
1461 4862 1472 4896 :
1503 4861 1673 4915 eoque
1702 4847 2069 4934 magiskquod
2103 4850 2236 4918 apud

2350 4839 3437 4934 poni;suum;{sanguine};na;
3447 4839 3838 4934 animum
3865 4856 3947 4934 at.

659 4905 1197 4995 Basil'i‘umiegamus,
1225 4917 1463 4995 peraruit
1483 4905 2239 4995 révkiwa-rrjgmu'dnlpmundata.

737 4978 762 5015 ι)
795 4975 1116 5059 E_diti,.t§enit
1144 4975 1438 5059 prmceptio,
1469 4975 1839 5059 confestimque
1862 4975 2003 5042 lacus
2032 4975 2087 5041 etl
2107 4975 2249 5059 fluvii

659 5051 868 5128 proprio
899 5051 1098 5128 quique,
1132 5060 1235 5105 etc.
1266 5051 1607 5128 Colbertiuu's
1637 5051 1925 5125 secundus,
1957 5060 2091 5112 venit
2107 5051 2247 5113 'con-

661 5118 830 5198 [fatim
850 5118 1246 5198 praweptiogua
1270 5123 1410 5176 lacus
1440 5132 1487 5176 et
1515 5125 1663 5198 ﬂuuii
1678 5144 1772 5196 pro
1795 5143 1885 5181 suo
1908 5118 2112 5198 quique,
2137 5138 2240 5198 etc.

635 5185 813 5268 agolb.
844 5185 1045 5268 primus
1074 5185 1234 5268 uti'iu
1261 5185 1532 5268 contextu.
1561 5185 1765 5250 Idcirco
1795 5185 1970 5268 autem
2008 5185 2243 5253 'Colber'-

661 5260 830 5337 tinum
857 5260 1084 5337 primum
1114 5264 1292 5337 potius
1320 5265 1714 5337 secutisumus,
1743 5266 1884 5337 quod
1908 5282 2093 5329 vocem
2120 5285 2244 5322 con-

662 5327 832 5406 festim
866 5329 1004 5406 male
1042 5327 1283 5406 ἱῃῖὶοιι)ἑ
1309 5334 1544 5406 secundo
1592 5327 1998 5406 locari-constet
2027 5353 2094 5392 ex
2137 5339 2237 5392 Ba-

660 5395 1225 5473 Siliau_is:"Leg_e'lio_ln.
1254 5403 1304 5470 7,
1335 5419 1481 5457 num.
1515 5403 1576 5473 1,¹
1596 5415 1706 5472 non
1740 5405 1896 5473 longe
1925 5406 1991 5460 ab
2021 5407 2195 5462 initio.

734 5475 756 5502 η
787 5464 938 5544 Colb.
971 5471 1256 5549 secundus,
1283 5464 1480 5549 opiﬁcis
1503 5464 1688 5549 servire
1709 5464 1998 5545 praeceptis.
2030 5477 2153 5549 sed,
2179 5485 2236 5532 ut

661 5539 985 5604 monuimus,
1004 5539 1263 5614 librarius
1290 5539 1432 5597 credi
1455 5545 1648 5597 merito
1672 5539 1852 5614 potest
1876 5539 2150 5600 nonnulla
2170 5549 2237 5602 de

661 5620 778 5686 sint“
806 5610 1123 5686 correxisse,
1157 5611 1432 5686 elegantia;
1461 5629 1622 5669 causa
1672 5610 1763 5668 aut
1815 5616 2234 5684 explanationis.

661 5672 838 5755 .Malim
870 5678 1029 5745 igitur
1062 5672 1163 5736 hoc
1193 5672 1311 5735 loco
1342 5683 1609 5755 vulgatam
1651 5672 1956 5755 lectionem,
1988 5701 2107 5754 qua}
2137 5687 2233 5741 ad-

663 5752 854 5807 lective
875 5761 1112 5804 sumatur
1139 5752 1585 5816 quemadmodum
1608 5764 1662 5810 et
1683 5771 1788 5811 vox
1807 5752 2020 5825 Caeca,
2037 5765 2110 5833 τῷ
2139 5756 2235 5818 δη-

2351 4929 2458 5015 le‘gi
2487 4938 2760 5015 operteat,
2790 4925 2922 5015 cum
2940 4931 3202 5015 scriptum
3228 4929 3299 4985 sit
3326 4927 3467 4999 apud
3494 4925 3772 4991 Basilium,
3809 4930 3951 4998 φυτὰ

2351 5003 2448 5074 γὰρ
2472 5006 2555 5054 καὶ
2575 5000 2754 5074 δένδρα
2782 5000 2872 5073 κᾷν
2895 5006 2981 5065 ζῆν
3006 5002 3220 5072 λέγεται.

2428 5082 2450 5107 ο
2479 5068 2641 5138 Editi,
2671 5087 2856 5142 corpus
2898 5065 3139 5142 trahitur,
3169 5069 3303 5142 quod
3341 5077 3389 5142 et
3433 5067 3644 5142 pedibus
3685 5065 3949 5120 nonnulla

2351 5143 2583 5212 nitantur
2618 5137 2676 5212 et
2695 5137 2974 5212 gressibus.
3001 5137 3156 5212 Colb.
3181 5137 3456 5212 secundus
3485 5146 3545 5212 ut
3577 5139 3944 5212 incontextu.

2353 5210 2469 5266 Hoc
2490 5213 2606 5280 ipso
2629 5211 2683 5264 in
2695 5205 2831 5269 'loeo
2850 5209 2999 5273 editi,
3013 5211 3149 5280 quia
3170 5209 3469 5280 [iactantulta
3487 5206 3570 5262 die
3593 5206 3721 5261 illis.
3751 5205 3950 5261 Codex

2353 5278 2540 5336 noster
2567 5289 2622 5335 et
2648 5280 2803 5335 Colb.
2826 5278 3094 5336 secundus
3125 5281 3202 5335 uti
3221 5278 3503 5334 edidimus.

2427 5351 2445 5387 ί
2475 5350 2637 5416 Editi,
2657 5363 2910 5422 praecepto
2935 5352 3182 5422 creatoris
3203 5356 3452 5422 creatura:
3477 5365 3493 5401 :
3525 5363 3642 5418 quae
3670 5345 3949 5422 scriptura

2349 5422 2490 5476 unde
2520 5415 2636 5475 orta
2657 5415 2736 5476 'sit
2773 5415 2915 5476 dictu
2938 5418 3166 5475 fortasse
3192 5417 3408 5474 difﬁcile
3444 5415 3557 5474 nou
3576 5425 3681 5473 est.
3714 5415 3949 5471 Videtur

2348 5492 2723 5546 enimlibrarii
2749 5507 2885 5555 esse,
2911 5491 3004 5560 qui
3025 5490 3294 5545 dubitaret
3322 5488 3573 5560 creatoris
3590 5503 3660 5541 an
3677 5494 3944 5550 creatura:

2345 5560 2450 5628 legi
2479 5569 2757 5630 oporteret
2787 5579 2799 5614 :
2831 5559 2938 5630 qua
2967 5561 3020 5614 in
3052 5559 3385 5615 dubitatione
3412 5559 3702 5630 lectionem
3725 5566 3943 5611 utram-

2303 5667 2306 5670 -
2346 5646 2452 5698 que
2477 5628 2635 5686 simul
2659 5628 2885 5700 jungere
2914 5632 3119 5696 maluit,
3145 5639 3203 5686 ut
3229 5630 3489 5700 seligendi
3518 5628 3746 5700 facultas
3765 5641 3941 5697 penes

2345 5697 2618 5757 studiosos
2659 5697 2824 5771 esset.
2844 5699 3116 5770 Ejusmodi
3145 5701 3312 5771 multa
3336 5697 3481 5755 'sunt
3507 5697 3779 5771 exempla,
3814 5710 3937 5771 qua}

2346 5779 2404 5830 et
2429 5772 2520 5830 alii
2539 5771 2658 5836 iam
2680 5762 2963 5843 uotartmt,
2979 5781 3039 5832 et
3058 5769 3306 5847 quotidie
3341 5769 3524 5831 notari
3547 5762 3808 5846 possunt,
3832 5762 3945 5826 sed
