4244 6254
386 343 487 398 957

1345 339 1740 396 HEXAEMERI
1781 341 2303 400 META‘PHPRASIS
2331 343 2532 398 LIBER
2573 343 2679 399 V'l'l.

3558 352 3665 413 938

385 469 508 523 qua:
533 453 743 509 catulos
782 453 1019 524 pariunt,
1050 451 1106 506 id
1134 459 1236 517 est,
1269 451 1463 507 vitulos
1491 453 1748 520 marinos,
1779 462 1836 526 et
1860 460 1972 508 tor-
1998 457 2051 517 A
2075 459 2365 527 sunt,‘quaa
2393 458 2580 512 solatia
2613 455 2782 513 (ἕναξοὶ
2812 460 3108 516 nominant.
3139 461 3244 518 Sed
3273 471 3329 519 et
3360 445 3660 526 belluarum

384 542 630 614 pedines,
661 551 718 599 et
738 542 1044 613 delphinos,
1073 550 1129 597 et
1150 541 1236 597 his
1263 541 1480 609 similia,
1505 543 1619 599 sive
1656 541 1847 599 ovilica
1875 560 1972 600 no-

384 633 694 700 minaveris,
723 634 906 704 qualia
939 641 1067 688 sunt
1091 632 1271 689 omnia
1301 648 1442 703 pene
1486 649 1685 704 genera
1721 637 1968 706 piscium.

383 721 452 777 Et
471 739 578 779 vox
597 722 814 794 quidem
835 723 1213 794 praeceptionis
1235 723 1428 793 exigua
1459 732 1564 791 est,
1587 725 1696 780 imo
1716 741 1824 781 non
1840 741 1970 795 vox,

382 815 480 870 sed
505 815 685 886 potius
713 822 1046 870 momentum
1067 815 1262 882 solum,
1285 823 1342 870 et
1370 817 1605 886 impetus
1638 815 1969 872 voluntatis:

385 905 690 962 intellectus
734 921 866 961 vero
892 905 1011 975 ejus
1059 913 1170 960 tam
1198 906 1474 976 multiplex
1517 907 1771 975 habetur,
1812 924 1974 977 quam

384 999 500 1068 ipsa
527 999 752 1068 piscium
781 998 922 1054 inter
947 1011 1008 1054 se
1032 1006 1211 1069 potest
1227 1014 1350 1055 esse
1369 999 1644 1056 discretio.
1669 999 1821 1067 Quos
1848 1017 1970 1058 om-

384 1105 482 1145 nes
509 1089 686 1146 verbis
709 1089 922 1160 assequi
950 1105 1060 1146 non
1089 1091 1268 1146 minus
1293 1075 1581 1162 operosum
1606 1101 1706 1158 est,
1738 1107 1900 1162 quam
1925 1095 1974 1150 si

386 1180 647 1236 undarum
666 1195 950 1236 numerum
977 1180 1262 1250 designare
1281 1182 1495 1238 coneris
1512 1199 1526 1236 :
1543 1181 1626 1238 vel
1645 1190 1671 1220 ι
1696 1191 1830 1252 quot
1853 1198 1972 1238 am-

385 1272 584 1342 phoras
609 1271 809 1328 habeat
834 1273 1059 1344 pelagus
1077 1273 1368 1344 explicare.
1391 1272 1624 1346 Ejiciant
1648 1291 1796 1347 aqua
1823 1278 1975 1346 repti-

386 1362 451 1417 le.
473 1362 532 1418 ln
560 1363 645 1418 bis
671 1371 800 1418 sunt
821 1363 1079 1433 aequorei,
1109 1364 1333 1430 littorei,
1365 1365 1603 1436 altivagi,
1629 1367 1824 1438 petrei,
1852 1381 1976 1438 ge-

387 1453 555 1521 gales,
586 1453 828 1518 belluini,
863 1455 1125 1510 immanes
1170 1455 1469 1526 minutique
1522 1459 1718 1527 pisces,
1749 1458 1848 1514 sub
1884 1473 1976 1515 ea-

392 1545 624 1616 demque
650 1546 849 1602 virtute
875 1547 1151 1618 praecepti,
1175 1554 1285 1602 tam
1311 1548 1553 1615 maximi,
1580 1564 1743 1620 quam
1769 1550 1976 1606 minimi

390 1636 750 1692 continentur.
781 1637 966 1708 Itaque
993 1653 1117 1693 cum
1145 1637 1364 1704 diceret,
1406 1637 1643 1710 Ejiciant
1667 1656 1816 1713 aqua:
1842 1657 1860 1694 :
1883 1641 1979 1697 de-

391 1727 709 1782 monstravit
729 1734 930 1798 quanta
960 1729 1031 1782 sit
1057 1726 1082 1765 δ
1113 1728 1416 1783 natantium
1456 1743 1580 1784 cum
1609 1743 1748 1800 aqua
1773 1744 1976 1800 cogna-

2076 562 2202 617 pars
2229 548 2578 614 maxima,.et
2610 548 2870 619 delphini,
2897 559 2953 606 et
2977 552 3164 622 phoae
3191 555 3397 612 catulos
3423 559 3661 628 pariunt,

2077 653 2196 708 quae
2218 639 2363 694 fetus
2390 655 2518 696 suos
2545 649 2792 696 recenter
2818 641 3012 708 editos,
3049 660 3173 699 cum
3200 660 3268 701 ex
3295 647 3473 717 aliqua
3502 665 3661 705 causa

2076 728 2252 784 territi
2278 729 2499 800 fuerint,
2523 729 2700 787 denuo
2727 733 3007 804 sublapsos
3035 735 3087 788 in
3117 743 3348 806 uterum,
3379 747 3664 809 protegere

2076 832 2142 874 ac
2169 817 2351 876 fovere
2379 831 2686 877 narrantur.
2721 821 2956 896 Ejiciant
2981 841 3128 896 aqua
3153 828 3360 897 reptilia
3385 831 3663 885 secundum

2078 925 2257 980 genus.
2290 909 2448 966 Aliud
2475 925 2644 980 genus
2678 920 2762 968 est
2789 913 3122 983 immanium,
3159 925 3214 972 et
3249 918 3392 972 aliud
3429 920 3662 976 minuto-

2076 1014 2195 1064 rum
2224 999 2471 1070 piscium.
2501 1000 2634 1056 Item
2657 1001 2711 1056 in
2741 1003 2824 1058 his
2852 1003 2982 1074 ipsis
3008 1005 3187 1060 multa:
3211 1006 3538 1074 differenti-.12,
3563 1025 3662 1079 pro

2075 1090 2289 1158 generis
2314 1090 2572 1160 qualitate
2600 1091 2784 1148 divisae
2803 1104 2947 1161 sunt,
2969 1097 3161 1165 quibus
3179 1106 3234 1152 et
3253 1099 3516 1154 vocabula
3539 1117 3659 1170 pro-

2076 1181 2192 1251 pria
2219 1191 2366 1248 sunt,
2397 1192 2455 1239 et
2499 1183 2756 1241 alimenta
2797 1185 3048 1255 discreta,
3073 1197 3130 1245 et
3153 1190 3466 1258 magnitudo
3495 1207 3659 1246 mem-

2076 1273 2295 1328 brorum
2325 1273 2524 1345 dispar,
2547 1284 2604 1337 et
2628 1275 2843 1334 diversa
2865 1279 3006 1334 inter
3030 1295 3090 1336 se
3115 1282 3294 1352 specie
3321 1287 3662 1354 separantur.

2077 1360 2207 1428 Quis
2233 1364 2395 1433 igitur
2419 1371 2708 1436 tynnorum
2731 1369 3038 1439 speculator
3065 1379 3354 1440 tantorum,
3376 1375 3537 1442 nobis
3561 1391 3660 1446 po-

2077 1453 2206 1508 terit
2230 1455 2501 1524 explicare
2529 1456 2859 1524 distantiam,
2893 1476 3214 1530 quamquam
3243 1478 3338 1518 eos
3361 1461 3388 1500 ἀ
3420 1475 3661 1524 asserunt

2079 1547 2383 1616 conspectis
2409 1548 2637 1617 piscium
2676 1550 2923 1606 maximis
2949 1553 3198 1620 gregibus
3226 1570 3337 1610 non
3363 1557 3538 1611 solum
3569 1571 3660 1624 ge-

2078 1649 2198 1701 nus,
2225 1634 2321 1690 sed
2365 1637 2528 1692 etiam
2557 1654 2840 1694 numerum
2869 1656 3028 1710 posse
3055 1643 3300 1711 signare?
3327 1645 3457 1712 Quis
3485 1655 3661 1704 autem

2081 1727 2237 1782 nobis
2261 1743 2449 1784 eorum
2479 1730 2767 1800 artificum,
2799 1732 2892 1802 qui
2934 1733 2990 1788 in
3028 1734 3296 1791 littoribus
3338 1737 3662 1808 habitantes,

391 1817 487 1872 tio.
521 1817 760 1888 Denique
796 1818 843 1873 si
896 1818 1169 1889 paulisper
1203 1817 1272 1873 ad
1313 1825 1512 1875 terram
1553 1819 1754 1875 fuerint
1797 1820 1977 1877 educti
2007 1822 2056 1883 Β
2081 1825 2138 1873 et
2166 1819 2217 1872 in
2245 1819 2466 1874 marinis
2493 1819 2804 1876 diversoriis
2833 1832 3198 1893 senescentes,
3231 1827 3474 1882 notitiam
3503 1829 3661 1884 subti-

391 1908 684 1966 deﬁciunt:
730 1924 905 1979 neque
932 1908 1074 1966 enim
1103 1909 1342 1981 suppetit
1386 1909 1492 1965 illis
1535 1909 1826 1981 spiramen,
1867 1925 1976 1980 quo

392 2002 599 2074 possint
625 2018 784 2058 auras
809 2002 1001 2058 vitales
1027 2017 1238 2073 capere.
1265 2001 1402 2057 Nam
1439 2002 1579 2058 sicut
1599 2004 1828 2058 terrenis
1854 2005 1973 2060 ani-

393 2093 662 2150 mantibus
707 2093 864 2148 datus
893 2107 986 2148 aer
1011 2100 1130 2162 est,
1161 2093 1240 2149 sic
1263 2091 1500 2163 piscibus
1526 2107 1685 2162 aqua.
1727 2091 1795 2148 Et
1839 2094 1979 2150 ratio

394 2183 679 2240 manifesta
725 2191 829 2249 est,
871 2177 1005 2253 quia
1027 2183 1184 2240 nobis
1209 2182 1459 2239 videlicet
1484 2182 1696 2253 adjacet
1741 2199 1896 2240 rarus
1922 2193 1979 2239 et

393 2275 607 2348 patulus
629 2275 834 2347 pulmo,
857 2276 950 2348 qui
977 2290 1075 2346 per
1100 2275 1500 2332 distinctionem
1528 2275 1766 2346 pectoris
1793 2291 1977 2332 aerem

394 2367 636 2430 trahens,
655 2365 964 2422 interiorem
984 2365 1218 2422 calorem
1239 2365 1548 2422 ventilando
1570 2374 1974 2436 contemperat:

397 2458 501 2514 illis
528 2465 705 2514 autem
751 2457 982 2515 faucium
1030 2458 1344 2530 interseptio
1371 2457 1785 2529 complicabilis,
1818 2458 1980 2514 modo

396 2548 711 2621 suscipiens,
743 2549 908 2606 modo
949 2547 1250 2605 dili’undens
1297 2563 1510 2619 aquam,
1541 2549 1838 2619 respirandi
1876 2565 1974 2604 ex-

397 2641 507 2711 plet
527 2639 779 2697 oflicium.
803 2638 902 2695 Est
923 2640 1084 2695 etiam
1106 2631 1325 2710 propria
1345 2655 1464 2696 sors
1484 2640 1721 2710 piscibus
1741 2641 1980 2710 propria-

395 2746 501 2802 que
528 2738 744 2797 natura,
768 2739 824 2788 et
849 2729 1003 2786 cibus
1022 2729 1291 2796 dilferens,
1323 2739 1578 2802 certaque
1607 2731 1818 2787 vivendi
1847 2747 1981 2787 con-

397 2823 550 2880 ditio.
599 2822 892 2895 Propterea
922 2823 1052 2878 nihil
1102 2823 1170 2880 de
1215 2825 1448 2894 aquariis
1476 2819 1835 2890 mansuescit,
1881 2840 1980 2881 nec

332 2979 348 2991 δ
397 2916 597 2987 patitur
622 2915 898 2970 hominum
927 2931 987 2970 se
1015 2916 1259 2971 manibus
1280 2917 1626 2972 contrectari.

465 3005 517 3059 2.
551 3004 783 3077 Ejiciant
803 3022 949 3078 aqua:
970 3008 1173 3076 reptilia
1192 3007 1481 3061 animarum
1502 3010 1748 3062 vivarum.
1787 3009 1979 3066 Unius-

395 3096 654 3168 cujusque
679 3097 894 3166 generis
922 3097 1202 3168 originem,
1236 3114 1376 3154 nunc
1404 3099 1549 3154 velut
1582 3101 1854 3170 quoddam
1888 3118 1976 3158 se-

2080 1907 2204 1963 liter
2225 1909 2424 1964 valebit
2444 1910 2750 1980 patefacere
2771 1913 3142 1983 singulorum?
3164 1917 3310 1974 Alios
3331 1921 3470 1974 enim
3493 1921 3664 1991 pisces

2081 2007 2350 2055 noverunt
2395 2001 2448 2056 lli
2495 2003 2587 2070 qui
2637 2002 2690 2057 in
2737 2019 2886 2059 mare
2929 2007 3563 2076 piscanturelndiacum,
3614 2022 3666 2068 et.

2079 2091 2335 2161 aliosqui
2376 2092 2598 2163 pelagus
2633 2095 2897 2150 rimantur
2942 2095 3272 2170 Egyptium.
3314 2100 3462 2156 Alios
3506 2103 3662 2158 etian.

2079 2181 2256 2236 sciunt
2289 2181 2587 2237 insularum
2628 2185 2853 2240 incolae:
2887 2195 2942 2242 et
2970 2187 3104 2243 alios
3141 2188 3392 2246 Maurusii
3432 2193 3666 2262 piscato-

2079 2286 2186 2326 res.
2218 2271 2324 2326 Sed
2368 2289 2558 2330 omnes
2598 2283 2707 2330 tam
2737 2283 2946 2345 tenues,
2976 2295 3136 2350 quam
3165 2280 3398 2350 majores
3426 2284 3670 2342 similiter

2079 2366 2253 2434 prima
2289 2367 2596 2436 pmceptio,
2641 2375 2698 2422 et
2740 2367 3018 2425 inel'l‘abilis
3059 2372 3226 2428 virtus
3264 2374 3352 2428 illa
3394 2376 3665 2446 produxit.

2082 2451 2272 2523 Magna
2301 2463 2384 2510 est
2405 2455 2508 2512 illis
2537 2457 2746 2514 vivendi
2772 2459 3075 2529 diversitas,
3109 2463 3270 2519 nimia
3295 2466 3454 2520 etiam
3486 2467 3539 2521 in
3575 2484 3669 2523 cu-

2075 2545 2270 2615 jusque
2294 2549 2506 2614 generis
2544 2550 2888 2606 successione
2933 2552 3205 2610 discretio.
3254 2553 3401 2610 Multi
3443 2557 3666 2627 piscium

2082 2651 2187 2690 non
2218 2636 2475 2692 incubant
2513 2639 2626 2694 suis
2661 2641 2796 2708 ovis,
2839 2643 2982 2698 sicut
3020 2659 3168 2712 aves,
3200 2661 3301 2701 nec
3326 2646 3480 2702 nidos
3504 2648 3666 2703 rediti-

2079 2737 2223 2795 cant,
2258 2744 2359 2784 nec
2387 2745 2510 2785 cum
2542 2730 2727 2787 labore
2756 2735 3005 2803 proprios
3033 2744 3191 2792 natos
3226 2737 3505 2792 enutriunt
3531 2756 3543 2790 :
3574 2740 3667 2795 sed

2080 2836 2225 2900 aqua
2265 2821 2565 2892 suscipiens
2611 2839 2791 2889 ovum,
2845 2825 2970 2880 facit
3015 2827 3236 2896 animal,
3285 2837 3572 2898 manetque
3615 2831 3667 2900 in

2079 2899 2300 2980 singulis
2326 2913 2611 2982 generibus
2634 2915 2980 2983 immutabilis
3007 2917 3074 2971 ad
3103 2919 3261 2973 aliam
3294 2928 3556 2985 naturam,
3583 2899 3664 2975 in-

2079 3003 2409 3075 confusaque
2455 3007 2768 3075 progenies,
2809 3023 2872 3063 ac
2912 3023 3020 3063 non
3061 3009 3198 3065 sicut
3239 3011 3507 3066 mulorum
3557 3020 3699 3066 ter--

2079 3097 2347 3165 restrium,
2377 3097 2463 3152 vel
2491 3096 2679 3152 alitum
2706 3095 2724 3135 τ
2750 3097 3151 3171 manifestarum
3187 3101 3428 3172 stirpem,
3461 3101 3666 3157 adulte-

393 3203 536 3255 men,
570 3187 824 3259 praecepit
849 3187 1024 3254 educi,
1055 3205 1178 3244 nam
1208 3191 1604 3248 multitudinem
1635 3195 1977 3264 postmodum
2006 3185 2052 3250 C
2082 3189 2198 3244 rina
2243 3189 2538 3260 corrumpit
2583 3189 2860 3248 admixtio.
2913 3190 3099 3248 Nullus
3137 3193 3382 3264 piscium,
3417 3209 3483 3248 ex
3515 3202 3668 3263 parte

392 3282 627 3337 servavit
653 3281 707 3336 in
730 3281 934 3349 sobole,
963 3283 1178 3353 quando
1207 3298 1302 3339 eos
1337 3299 1578 3340 crescere
1608 3286 1979 3358 multiplicari-

392 3388 498 3444 que
543 3387 763 3429 necesse
809 3382 910 3429 est.
960 3373 1147 3444 Itaque
1189 3375 1411 3431 alterius
1457 3379 1671 3445 generis
1715 3389 1861 3448 sunt,
1887 3384 1981 3452 qui

393 3463 676 3521 testicutes'
715 3465 1085 3530 nominantur,
1135 3466 1274 3522 sicut
1316 3468 1567 3532 conchae,
1617 3469 1883 3538 pectines,
1927 3481 1983 3528 et

391 3556 628 3612 cochleae
654 3556 893 3618 marine,
925 3571 989 3610 ac
1015 3555 1347 3610 diversorum
1377 3565 1679 3612 ostreorum
1707 3559 1895 3628 millia,
1926 3570 1982 3618 et

393 3647 616 3701 alterius
638 3662 701 3701 ea
726 3661 846 3716 qua:
872 3645 1178 3701 mollitestia
1204 3647 1566 3714 nominantur,
1597 3648 1652 3702 id
1682 3658 1766 3705 est
1791 3653 1978 3719 astaci,

391 3737 612 3805 cercini,
642 3746 698 3792 et
728 3737 812 3793 his
839 3737 1103 3808 proxima.
1135 3737 1291 3793 Aliud
1319 3753 1534 3809 quoque
1561 3753 1729 3810 genus
1756 3751 1840 3797 est
1865 3744 1982 3800 illo-

390 3842 510 3884 rum
548 3840 665 3899 quie
705 3827 890 3884 Graece
927 3829 1152 3883 malacia
1194 3828 1520 3895 vocitantur,
1550 3830 1604 3885 id
1642 3839 1724 3888 est
1751 3847 1979 3902 quorum

392 3935 518 3975 caro
546 3919 781 3997 tenerior
809 3919 1040 3975 habetur
1066 3926 1121 3974 et
1149 3919 1340 3986 laxior,
1387 3921 1528 3976 sicut
1567 3931 1692 3978 sunt
1737 3924 1899 3994 sepia:
1925 3933 1982 3980 et

392 4008 710 4079 polypodes,
739 4017 796 4064 et
820 4008 906 4063 his
932 4008 1146 4063 similia.
1178 4008 1236 4064 ln
1265 4009 1350 4066 his
1377 4011 1570 4066 iterum
1598 4027 1790 4083 magna
1828 4013 1982 4070 diﬂ'e-

392 4098 566 4154 rentia
595 4107 697 4154 est.
727 4098 999 4154 Dracones
1025 4100 1167 4154 enim
1209 4107 1266 4156 et
1304 4116 1584 4171 muraenae,
1614 4112 1670 4159 et
1708 4105 1974 4176 anguilla),

392 4206 512 4262 quae
536 4190 592 4246 in
610 4191 840 4247 ctenosis
865 4189 1040 4246 ﬂuviis
1064 4191 1452 4264 paludibusque
1475 4205 1785 4262 nascuntur,
1809 4213 1977 4255 vene-

393 4284 539 4338 nosis
562 4283 742 4354 potius
767 4284 1126 4355 serpentibus,
1157 4299 1318 4355 quam
1358 4287 1592 4357 piscibus
1634 4303 1733 4359 pro
1770 4297 1978 4348 naturae

391 4375 738 4433 similitudine
759 4377 1098 4448 copulantur.
1123 4377 1277 4433 Aliud
1308 4379 1470 4434 etiam
1498 4394 1666 4449 genus
1691 4389 1792 4448 est,
1823 4384 1976 4440 ovili-

393 4480 578 4520 corum
602 4483 615 4519 :
645 4473 702 4522 et
727 4466 872 4522 aliud
899 4478 922 4507 ο
953 4467 1395 4536 catuligenoruln.
1438 4467 1591 4525 Facit
1617 4479 1795 4526 autem
1821 4481 1974 4528 catu-

2080 3282 2316 3349 dimidia,
2351 3281 2604 3338 dentibus
2645 3291 2728 3339 est
2774 3292 3031 3351 armatus,
3074 3285 3213 3341 sicut
3257 3300 3387 3341 oves
3428 3284 3669 3340 videmus

2082 3387 2200 3427 esse
2222 3381 2276 3426 et
2303 3372 2487 3438 boves,
2513 3387 2612 3429 nec
2640 3375 2874 3430 ruminat
2900 3376 3181 3446 quisquam
3215 3377 3443 3446 piscium
3471 3383 3669 3446 praeter

2081 3479 2314 3532 scarum,
2343 3471 2402 3518 ut
2429 3464 2646 3534 quidam
2676 3465 3029 3520 tradiderunt.
3080 3464 3268 3520 Cuncti
3317 3480 3444 3519 vero
3492 3465 3668 3534 pisces

2081 3555 2388 3611 acutissima
2417 3554 2658 3610 dentium
2687 3556 2804 3610 acie
2831 3556 3228 3611 condensantur
3253 3573 3266 3608 :
3301 3563 3360 3608 ut
3389 3570 3496 3609 non
3541 3571 3665 3610 esca

2081 3645 2280 3702 diutius
2307 3661 2402 3702 ore
2429 3646 2651 3702 subacta
2678 3645 2964 3711 dil‘llueret,
2993 3661 3112 3715 quae
3147 3646 3249 3700 nisi
3285 3645 3552 3715 discerpta
3581 3661 3666 3700 σεε

2081 3735 2266 3792 leritcr
2291 3745 2444 3793 utero
2469 3737 2789 3802 traderetur,
2813 3736 2966 3794 facile
2995 3737 3292 3802 immutata,
3322 3745 3666 3808 spargeretur

2084 3842 2112 3881 a
2145 3827 2413 3884 ﬂuctibus.
2447 3867 2452 3872 -

2093 3961 2096 3964 .
2155 3920 2208 3974 3.
2249 3919 2435 3976 Victus
2461 3935 2589 3975 vero
2617 3920 2752 3976 alius
2783 3920 2901 3974 aliis
2926 3918 3215 3974 secundum
3254 3933 3421 3990 genus
3449 3928 3666 3991 aptatus

2082 4019 2183 4066 est.
2233 4009 2366 4064 Nam
2414 4012 2548 4066 certi
2593 4011 2722 4066 limo
2763 4011 3012 4066 aluntur:
3045 4011 3286 4066 nonnulli
3327 4013 3506 4068 herbis
3543 4028 3665 4082 qua:

2081 4112 2374 4158 nascuntur
2403 4103 2457 4157 in
2487 4118 2644 4173 aqua,
2677 4105 2915 4159 contenti
2943 4113 3087 4172 sunt,
3117 4105 3332 4174 plurimi
3360 4113 3542 4160 autem
3569 4105 3665 4162 de-

2080 4193 2362 4248 voratione
2389 4192 2652 4248 satiantur
2671 4193 2894 4260 alterna,
2923 4208 3238 4265 semperque
3265 4195 3356 4265 qui
3376 4195 3554 4250 minor
3581 4203 3666 4252 est

2081 4285 2224 4357 apud
2253 4301 2370 4354 eos,
2402 4285 2592 4356 majori
2623 4283 2682 4340 lit
2709 4285 2877 4342 cibus.
2921 4285 2988 4340 Et
3029 4287 3073 4342 si
3119 4287 3333 4358 quando
3377 4288 3664 4358 contigerit

2082 4396 2203 4436 eum
2227 4378 2318 4448 qui
2347 4379 2609 4435 minorem
2635 4384 2872 4449 ceperat,
2905 4393 3087 4434 morsu
3115 4377 3388 4434 validioris
3413 4377 3621 4434 absumi
3646 4397 3660 4433 :

2083 4472 2136 4526 in
2159 4486 2322 4526 unum
2352 4478 2577 4538 uterque
2616 4468 2795 4524 alvmn
2842 4469 3157 4540 posterioris
3200 4468 3453 4539 injicitur.
3499 4467 3662 4535 Quasi
3738 4485 3741 4490 '

394 4555 474 4611 los
501 4556 770 4616 mustella.
801 4565 858 4613 et
883 4557 1096 4618 asellus.
1128 4566 1184 4613 et
1211 4557 1392 4613 omnia
1420 4572 1538 4629 qua:
1582 4559 1700 4617 sine
1737 4563 1977 4630 squamis
2001 4554 2058 4617 D
2082 4577 2212 4618 vero
2233 4576 2333 4616 nos
2360 4560 2607 4615 homines
2635 4559 2777 4616 aliud
2806 4560 2933 4617 auid
2958 4574 3178 4622 agamus
3229 4562 3355 4618 dum
3384 4559 3664 4616 inferiores

391 4800 589 4855 librarii
617 4800 861 4856 voculam
889 4803 965 4858 vel
995 4810 1121 4857 tunc
1149 4800 1346 4856 addere
1373 4799 1579 4866 solent,
1611 4801 1860 4854 creatoris
1888 4802 1966 4855 vel

388 4881 637 4926 creaturae
674 4871 854 4942 :unde
879 4871 1140 4942 suspicari
1165 4870 1308 4942 licet,
1334 4869 1582 4942 voculam
1613 4870 1688 4923 vel
1721 4870 1824 4925 hoc
1846 4869 1966 4926 loco

387 4956 414 4992 a
449 4941 795 5011 typograpbis
820 4939 1071 5011 omissam
1111 4939 1664 5011 fuisse._Colbertinus
1711 4947 1959 5009 uterque,

387 5008 639 5078 prterepto
675 5008 951 5065 creatoris.
1004 5009 1169 5065 Vetus
1219 5008 1391 5066 codex
1448 5016 1670 5079 noster.
1703 5008 1961 5079 prcecepto

387 5077 658 5134 creaturae.
690 5079 758 5133 Et
802 5081 875 5135 ita
917 5079 1254 5136 Eustathium
1285 5086 1534 5149 putamus
1563 5077 1750 5133 Latine
1778 5077 1959 5134 reddi--

387 5149 541 5224 disse_
724 5150 926 5215 Basilii,
958 5159 1028 5218 τῷ
1067 5152 1431 5224 προστάγμᾳτι
1453 5159 1547 5224 sic
1577 5150 1905 5224 δημιουργίας
1938 5167 1950 5201 :

389 5219 542 5288 quasi
573 5219 828 5291 dixisset,
848 5219 1425 5291 prwcepto’creationis,
1452 5219 1554 5273 hoc
1585 5226 1668 5274 est
1705 5219 1958 5290 praecepto

388 5303 497 5368 quo
514 5305 652 5368 usus
679 5298 773 5368 est_
790 5289 931 5345 Deus
959 5289 1027 5342 ad
1055 5305 1142 5368 res
1168 5289 1480 5368 creandasa
1521 5358 1530 5368 _

461 5364 487 5390 ⁸
513 5356 671 5418 Editi,
695 5360 773 5414 vel
799 5377 898 5429 quo
935 5358 1239 5429 amphoras.
1271 5358 1339 5412 At
1364 5358 1532 5429 nostri
1560 5369 1668 5414 tres
1703 5375 1854 5429 mss.,
1887 5360 1962 5412 vel

389 5435 508 5499 quot
537 5428 828 5499 map/torus.
862 5428 1152 5499 Aliquanto
1177 5437 1298 5498 post
1323 5443 1449 5483 mss.
1482 5428 1608 5493 duo,
1631 5429 1722 5483 sub
1749 5428 1958 5483 eadem-

517 5496 668 5570 _lllud
687 5496 1110 5570 quein‘vul’gatis
1129 5496 1332 5553 deerat.

461 5566 486 5605 ι’
514 5565 653 5621 Editi
693 5565 749 5623 et
769 5568 922 5623 Colb.
948 5565 1168 5638 primus,
1197 5570 1486 5624 natantium
1526 5570 1779 5638 cognatio.
1814 5568 1962 5638 Alter

389 5638 564 5700 Colb.,
606 5639 921 5711 nascentium
953 5637 1081 5690 cum
1123 5655 1255 5707 aqua
1301 5643 1555 5711 cognatio.
1589 5637 1751 5711 Vetus
1793 5637 1962 5711 codex

392 5715 590 5780 noster,
617 5709 905 5780 natantium
940 5723 1056 5760 cum
1092 5724 1223 5777 aqua
1252 5707 1490 5780 cognitio.
1524 5713 1650 5775 Qua:
1703 5707 1959 5780 lectiones

392 5779 533 5832 lalsxe
559 5777 770 5846 quidem
801 5785 926 5829 sunt
952 5793 1138 5830 omnes
1168 5796 1176 5826 :
1210 5777 1391 5839 sedi—cx
1420 5784 1497 5838 cis
1529 5789 1702 5834 laiucu
1729 5777 1777 5831 id
1807 5777 1956 5845 cupi-

679 5869 948 5928 PATROL.
999 5867 1150 5928 Llll.

2080 4817 2202 4857 mus
2247 4797 2614 4864 emolumenti,
2667 4806 2725 4853 ut
2765 4801 2919 4855 facile
2967 4799 3325 4868 intelligamus
3373 4799 3658 4867 legendum

2074 4886 2216 4938 esse,
2248 4870 2539 4942 natantium
2563 4885 2678 4922 cum
2705 4885 2838 4942 aqua
2869 4872 3124 4941 cognatio.
3146 4866 3371 4933 'Graece,
3408 4866 3506 4922 τίῶν
3539 4891 3657 4926 νηχ-

2073 4950 2173 4998 τῶν
2202 4943 2338 5022 ’τεηῇςο
2360 4941 2418 4994 τὸ
2436 4939 2583 5022 fda-op
2611 4939 2920 5022 συῃένιιαν.

2143 5022 2167 5050 ο
2198 5007 2362 5076 Editi,
2393 5009 2538 5064 aliud
2553 5007 2990 5082 'cata'ligenorum.
3021 5007 3166 5062 Libri
3204 5013 3435 5070 veteres,
3465 5007 3656 5061 catuli-

2105 5097 2338 5136 enarunt.

2071 5099 2342 5205 gegofi‘i'i'i'i
2371 5159 2604 5218 veteres,
2635 5169 2721 5206 eos
2753 5157 3008 5203 asserunt.
3041 5147 3326 5218 Aliquanto
3355 5152 3479 5214 post
3502 5144 3653 5213 editi,

2069 5222 2256 5274 notitia
2283 5221 2558 5275 subtiliter.
2592 5217 2810 5288 Antiqui
2841 5219 2979 5279 libri,
3018 5217 3272 5271 notitiam.

2142 5301 2166 5328 ε
2195 5289 2350 5346 Colb.
2383 5291 2670 5358 secundus,
2707 5289 2962 5343 Indicum.

2148 5359 2164 5398 τ
2200 5359 2352 5415 Colb.
2381 5357 2667 5422 secundus,
2692 5359 3086 5428 manifestamm
3106 5359 3344 5428 speciem.
3369 5357 3657 5426 Aliquanto

2069 5439 2194 5500 post
2221 5430 2373 5500 editi,
2403 5429 2707 5500 vitlemnsret
2737 5428 2898 5482 boves.
2943 5427 3086 5483 Libri
3114 5427 3326 5500 veteres
3354 5437 3412 5500 ut
3441 5429 3492 5481 in
3521 5442 3656 5500 con-

2071 5498 2242 5554 textu.
2291 5499 2526 5554 Subinde
2571 5499 2718 5565 editi,
2760 5506 2946 5568 praeter
2975 5515 3234 5552 scaurum.
3268 5499 3418 5553 Colb.
3453 5498 3657 5566 primus

2071 5569 2240 5637 prima
2274 5585 2454 5632 manu,
2485 5577 2670 5638 printer
2690 5585 2894 5622 scarum
2917 5585 2933 5620 :
2959 5584 3077 5638 qua:
3098 5569 3381 5637 scriptura,
3404 5582 3523 5638 cum
3551 5580 3654 5638 op-

2071 5636 2198 5692 tima
2231 5639 2318 5702 sit,
2351 5655 2454 5691 non
2477 5637 2737 5692 debuerat
2763 5636 3032 5707 corrumpi
3054 5638 3120 5692 ab
3143 5636 3390 5707 imperito
3413 5636 3653 5697 librario.

2070 5710 2160 5775 qui
2192 5709 2369 5776 inepte
2410 5707 2643 5776 scripsit,
2673 5724 2958 5761 escaurum.
2996 5707 3200 5771 Grazce,
3233 5712 3273 5761 si
3303 5713 3372 5776 μή
3405 5709 3490 5759 τὸν
3529 5710 3655 5758 σκά-

2074 5799 2174 5831 nov.
2201 5775 2312 5831 lloc
2344 5777 2458 5844 ipso
2490 5775 2542 5829 in
2572 5776 2690 5831 loco
2717 5795 2842 5832 mss.
2869 5778 2992 5843 illm,
3027 5778 3230 5848 quidam
3261 5775 3612 5847 prodiderunt.

3309 5869 3386 5926 30
