4192 6258
2019 281 2383 338 EUSTATIIII

3756 270 3869 332 910

576 429 605 459 ιι
626 416 870 501 potentia
898 412 1206 497 premimus.
1234 407 1340 462 Aut
1366 406 1491 477 quid
1519 404 1683 501 distat
1708 418 1738 456 a
1761 402 1908 473 pisce
1936 399 2027 452 illo
2056 411 2148 450 no-
2186 399 2239 457 Α
2264 392 2449 501 foe-rit,
2471 394 2542 447 ita
2571 392 2817 463 proprios
2839 399 3310 495 aptantesmores.
3502 383 3864 501 etiatti'vitare

574 492 812 572 vissimo,
843 492 925 563 vir
953 503 1044 573 qui
1071 498 1377 555 divitiarum
1406 509 1594 550 amore
1621 492 1947 556 ﬂammatus,
1978 495 2169 557 captos

573 600 764 668 inopes
800 590 1085 663 inexpletis
1113 586 1345 643 hiatibus
1369 584 1599 657 propriae
1628 582 1939 654 rapacitatis
1977 579 2167 633 absor-

575 688 723 742 buit?
752 683 901 737 Alter
922 677 1275 735 substantiam
1303 673 1553 745 pauperis
1580 673 1634 727 vi
1670 671 1941 745 sublatam
1984 674 2166 723 reten-

575 778 741 831 tabat.
764 772 918 828 Hunc
941 780 999 826 tu
1026 769 1207 835 minis,
1231 782 1295 822 ac
1322 766 1617 821 terroribus
1644 763 2069 819 circumventum
2089 755 2169 812 tui

575 867 748 923 fecisti
775 861 1085 935 patrimonii
1108 859 1428 931 portionem,
1461 864 1623 925 atque
1666 855 1740 908 ita
1778 850 1978 922 injusto
2023 849 2166 919 inju-

574 959 709 1013 stior
728 953 1000 1019 exstitisti,
1031 951 1087 1006 et
1114 957 1340 1019 raptore
1367 946 1631 1017 rapacior.
1662 944 1805 1000 Cave
1833 943 1995 1012 igitur
2020 956 2089 996 ne
2116 948 2168 995 te

574 1050 719 1106 idem
747 1048 838 1118 qui
859 1047 1033 1119 pisces
1061 1050 1283 1099 eventus
1309 1040 1563 1110 excipiat,
1604 1039 1628 1077 δ
1653 1038 1703 1093 id
1730 1046 1814 1101 est
1844 1037 2055 1100 hamus,
2079 1043 2171 1089 aut

574 1135 712 1206 rete,
738 1139 828 1206 vel
857 1136 1136 1208 c0pliinus.
1166 1133 1297 1188 Nam
1320 1149 1418 1188 nos
1447 1146 1662 1202 quoque
1691 1145 1915 1186 necesse
1943 1136 2045 1191 est,
2070 1143 2168 1185 ne-

575 1231 757 1307 fandis
793 1227 1121 1283 facinoribus
1150 1224 1456 1294 inquinatos
1483 1237 1728 1293 suprema
1758 1220 2017 1292 supplicia
2062 1235 2170 1281 non

573 1322 764 1376 vitare.
805 1318 1071 1374 Prteterea
1104 1314 1459 1370 imbecillibus
1500 1313 1662 1368 etiam
1693 1311 2014 1367 animalibus
2044 1311 2171 1373 sub-

576 1426 695 1467 esse
720 1410 874 1465 dolos
920 1415 976 1463 et
1015 1406 1233 1462 insidias
1260 1413 1539 1474 expertus,
1571 1404 1713 1458 malo
1755 1412 1806 1457 te
1853 1400 2171 1458 callidorum

575 1504 790 1560 fraudes
821 1503 1072 1571 ell'ugere.
1123 1500 1325 1553 Ferunt
1355 1509 1376 1535 ο
1410 1513 1638 1565 namque
1680 1497 1951 1552 cercinum
1980 1503 2172 1549 ostrea:

576 1608 792 1649 carnem
820 1591 1204 1661 concupiscere
1234 1607 1245 1640 :
1280 1588 1432 1657 cujus
1467 1588 1647 1656 captio
1688 1585 1921 1640 difllcilis
1962 1593 2045 1639 est
2074 1585 2168 1650 illi,

574 1693 797 1758 propter
843 1684 1175 1755 operimenta
1216 1688 1495 1741 testarum,
1540 1678 1737 1748 quibus
1781 1676 2173 1732 mollitudinem

2269 483 2484 541 dillicile
2516 494 2616 552 est,
2648 494 2870 556 propter
2902 483 3196 552 nequitiam
3231 496 3351 552 qua:
3384 479 3405 517 τ
3436 479 3488 534 in
3518 477 3870 533 simulatione

2268 577 2402 631 latet
2436 576 2616 631 ollicii.
2652 575 2968 645 llujusmodi
2998 573 3244 629 homines
3282 572 3439 642 lupos
3477 577 3732 639 raptores
3760 568 3871 622 Do-

2267 672 2445 725 minus
2473 670 2779 741 appellavit,
2813 670 3009 726 vestitu
3048 683 3109 724 se
3155 666 3424 737 simplices
3452 670 3585 720 oves
3614 678 3736 719 esse
3764 662 3874 719 lin-

2267 775 2454 836 gentes
2484 766 2696 839 (Matth.
2727 783 2817 835 vn,
2852 765 2963 838 l5).
2991 763 3135 833 Fuge
3165 762 3327 833 igitur
3354 758 3619 830 ejusmodi
3649 772 3873 814 morum

2269 858 2607 924 varietatem,
2634 869 2691 915 et
2709 868 2917 916 sectare
2934 856 3116 929 potius
3141 855 3443 920 veritatem,
3468 852 3873 919 sinceritatem,

2268 952 2660 1020 innocentiam,
2689 954 2944 1024 quoniam
2974 960 3027 1006 et
3067 950 3252 1023 vipera
3296 949 3450 1003 varia
3490 955 3601 1013 est;
3638 955 3877 1016 propter

2269 1045 2410 1125 quod
2442 1062 2560 1101 eam
2589 1044 2843 1100 Dominus
2876 1052 3064 1098 ventre
3092 1055 3312 1112 serpere
3337 1038 3740 1105 condemnavit.
3775 1037 3878 1091 Ju-

2270 1146 2384 1192 stus
2413 1136 2541 1192 nihil
2571 1137 2730 1191 habet
2760 1136 2937 1191 fictum
2968 1134 3107 1189 sicut
3134 1131 3235 1199 Job
3259 1149 3271 1183 :
3296 1137 3585 1202 propterea
3609 1127 3882 1181 Dominus

2271 1228 2565 1282 inhabitare
2595 1238 2618 1275 ϐ
2657 1227 2812 1299 faciet
2849 1227 3001 1279 unius
3034 1222 3193 1278 moris
3221 1223 3275 1274 in
3307 1220 3457 1275 domo
3481 1218 3658 1289 (Psal.
3703 1234 3875 1281 vat',

2276 1321 2349 1388 7).
2394 1320 2509 1375 Hoc
2556 1338 2701 1375 mare
2746 1335 2988 1393 magnum
3023 1327 3075 1372 et
3112 1316 3393 1387 spatiosum
3422 1330 3439 1365 :
3464 1313 3571 1366 illic
3604 1324 3880 1381 serpentes

2272 1430 2485 1493 quorum
2517 1429 2621 1467 non
2651 1422 2727 1467 est
2762 1426 3023 1475 numerus,
3063 1408 3313 1462 animalia
3354 1404 3545 1476 pusilla
3582 1412 3633 1456 et
3678 1420 3879 1473 magna

2277 1502 2448 1575 (Psal.
2481 1520 2595 1581 cm,
2620 1501 2731 1571 25).
2758 1501 2871 1558 Sed
2893 1510 3071 1557 tamen
3092 1506 3175 1561 est
3204 1497 3256 1555 iu
3281 1496 3362 1553 bis
3386 1494 3602 1575 sapiens
3623 1493 3778 1571 qua-d
3799 1513 3875 1547 nn

2275 1606 2331 1652 et
2357 1596 2633 1652 moderata
2672 1593 2969 1665 dispositio.
3004 1592 3122 1657 Non
3156 1605 3283 1669 ergo
3326 1596 3472 1649 totos
3501 1588 3679 1659 pisces
3704 1586 3870 1640 dein--

2277 1705 2393 1743 mus
2420 1701 2664 1758 arguere,
2688 1686 2785 1743 sed
2807 1686 2968 1741 etiam
2992 1693 3169 1749 certos
3188 1696 3431 1757 quosque
3457 1679 3674 1755 laudare
3700 1688 3872 1746 atque
3908 1708 3917 1709 ί

576 1769 769 1835 εενιιίέ
797 1778 912 1849 ejus
957 1785 1147 1831 natura
1189 1774 1459 1845 consepsit
1508 1772 1651 1827 unde
1697 1772 1860 1829 etiam
1909 1764 2165 1826 testicoria

2275 1780 2490 1839 imitari.
2524 1779 2656 1837 Nam
2691 1777 2806 1837 vide
2833 1776 3104 1849 quomodo
3145 1762 3353 1847 singula
3383 1788 3578 1845 genera
3614 1772 3871 1843 regiones

576 1870 902 1925 nominatur.
955 1867 1095 1939 Ergo
1136 1868 1260 1938 quia
1303 1874 1428 1920 sunt
1472 1879 1735 1943 concava,
1781 1862 1935 1919 facile
1978 1870 2171 1917 ostrea:

576 1958 859 2016 interiores
906 1966 1085 2027 partes
1129 1956 1446 2025 complicata
1495 1954 1803 2017 defendunt,
1851 1961 1906 2007 et
1950 1952 2021 2006 ob
2067 1954 2172 2006 hoc

576 2050 728 2104 irrita
756 2047 816 2102 lit
860 2047 1221 2117 impugnantis
1251 2045 1540 2114 aggressio.
1597 2043 1736 2111 Quid
1779 2044 1997 2099 molitur
2041 2059 2170 2113 ergo

512 2192 519 2201 .
578 2134 951 2195 adversarius?
979 2136 1202 2203 Quando
1228 2135 1423 2190 viderit
1461 2135 1512 2188 in
1551 2135 1745 2205 apricis
1773 2133 1905 2189 locis
1932 2142 2166 2188 ostream

577 2232 637 2289 Se
678 2233 907 2288 libenter
945 2230 1045 2285 sub
1092 2229 1206 2284 sole
1236 2225 1260 2264 δ
1292 2227 1636 2298 pandentem,
1680 2226 1941 2280 minutum
1983 2235 2172 2281 tenens

579 2324 843 2380 calculum
859 2322 908 2378 ei
923 2321 1151 2376 latenter
1165 2320 1405 2389 apponit,
1428 2317 1577 2388 cujus
1592 2318 1807 2388 objectu
1828 2329 2059 2388 nequeat
2075 2334 2168 2372 sua

578 2417 872 2485 tegimenta
901 2412 1243 2480 concludere,
1266 2420 1426 2480 atque
1456 2411 1528 2465 ita
1557 2410 1701 2479 quod
1730 2408 1945 2465 eﬂicere
1974 2410 2170 2464 virtute

580 2525 687 2563 non
720 2506 980 2573 valuerat,
1010 2512 1130 2559 astu
1166 2502 1341 2575 potuit
1380 2502 1688 2572 impetrare.
1734 2499 1860 2554 Haec
1899 2500 2059 2569 igitur
2088 2508 2170 2554 est

581 2601 789 2657 malitia
818 2614 1007 2656 eorum
1032 2597 1224 2666 quibus
1255 2610 1354 2650 nec
1382 2596 1541 2661 ratio,
1576 2610 1675 2649 nec
1703 2609 1807 2649 vox
1836 2593 1942 2647 ulla
1971 2608 2169 2663 suppe—

580 2693 731 2747 ditat.
760 2680 864 2746 Sed
895 2703 995 2758 ego
1025 2696 1078 2743 te
1104 2687 1263 2758 cupio
1307 2687 1565 2742 lucrativa
1591 2685 2020 2763 machinamenta
2052 2700 2171 2740 cer-

581 2785 685 2839 cini
718 2782 1163 2853 contemplatum,
1198 2769 1467 2833 abstinere
1498 2793 1529 2830 a
1562 2774 1868 2831 lmsionibus
1898 2775 2174 2845 proximo-

580 2894 717 2933 rum.
762 2875 905 2930 Talis
951 2881 1033 2929 est
1072 2873 1216 2928 enim
1257 2872 1350 2940 qui
1397 2869 1627 2925 subdolo
1672 2869 1853 2922 animo
1893 2867 2066 2937 pergit
2105 2865 2172 2920 ad

584 2979 606 3005 ε
638 2969 855 3022 fratrem
888 2984 901 3019 :
934 2965 1020 3019 vel
1050 2964 1474 3035 propinquorum
1502 2961 1644 3015 bona
1674 2960 1936 3023 devastat,
1970 2959 2052 3012 vel
2080 2959 2171 3026 qui

580 3050 768 3113 alienis
806 3056 1199 3112 calamitatibus
1237 3053 1553 3109 oblectatur;
1600 3050 1938 3121 QuaprOpter
1986 3048 2172 3103 desine

2275 1874 2373 1927 sibi
2402 1871 2644 1927 detinent
2671 1870 2981 1943 deputatas;
3024 1869 3306 1937 nullusque
3346 1864 3564 1921 alterius
3601 1863 3737 1917 lines
3773 1878 3872 1917 ρο·-

2275 1970 2463 2034 cupat,
2510 1961 2604 2017 sed
2642 1961 2754 2016 suis
2797 1960 3026 2033 quisque
3072 1959 3289 2013 sedibus
3334 1964 3420 2012 est
3460 1964 3765 2011 contentus.
3806 1951 3873 2009 Et

2275 2063 2421 2109 certe
2444 2053 2620 2109 nullus
2649 2052 2729 2109 eis
2759 2052 2872 2127 agri
2902 2065 3119 2107 mensor
3146 2048 3453 2113 habitacula
3480 2046 3504 2084 ιι
3534 2045 3873 2103 defendenda

2274 2144 2563 2208 distribuit,
2609 2158 2707 2198 nec
2744 2158 3020 2199 murorum
3067 2139 3564 2209 circumscriptione
3614 2134 3873 2208 signavit,

2275 2251 2373 2290 nec
2404 2236 2659 2290 terminos
2702 2234 2881 2304 posuit
2914 2232 3279 2291 observandas
3313 2251 3325 2284 :
3359 2231 3453 2289 sed
3483 2231 3738 2295 omnibus
3766 2230 3872 2284 uti~

2277 2326 2398 2383 litas
2427 2327 2479 2381 in
2507 2341 2791 2381 commune
2829 2323 2841 2361 ί
2877 2325 3070 2381 collata
3102 2333 3202 2381 est.
3236 2322 3334 2377 Hic
3361 2323 3560 2378 etenim
3582 2322 3734 2377 sinus
3753 2338 3875 2377 cer-

2276 2427 2385 2473 tum
2417 2417 2638 2486 piscium
2670 2430 2839 2485 genus
2868 2416 3055 2479 nutrit,
3089 2415 3227 2469 alter
3255 2413 3418 2468 aliud.
3462 2412 3531 2466 Et
3557 2413 3649 2483 qui
3682 2414 3734 2467 in
3768 2414 3876 2468 hoc

2274 2507 2549 2562 abundant
2586 2507 2726 2570 loco,
2771 2506 2946 2560 minus
2985 2504 3257 2559 littoribus
3302 2503 3568 2558 habentur
3606 2504 3659 2556 in
3702 2504 3821 2556 aliis
3852 2522 3867 2555 ε

2275 2618 2382 2656 non
2422 2600 2566 2673 quod
2609 2599 2875 2671 aliquibus
2908 2599 3170 2655 montium
3201 2598 3345 2667 jugis
3373 2598 3682 2666 asperrimis
3710 2613 3875 2669 sepa-

2274 2700 2479 2757 rentur,
2509 2699 2601 2746 aut
2630 2690 2911 2746 fluviorum
2940 2690 3271 2760 interpositis
3308 2690 3552 2744 obicibus
3580 2700 3875 2745 arceantur

2276 2802 2305 2843 a
2336 2784 2591 2846 transitu;
2625 2765 2719 2837 sed
2754 2781 2840 2836 lex
2872 2791 3074 2836 natura:
3098 2762 3321 2851 singulis
3347 2781 3675 2850 :equabiliter
3699 2791 3873 2852 prout

2274 2890 2403 2929 usus
2429 2873 2685 2942 cujusque
2712 2871 2968 2942 postulat,
2993 2870 3136 2939 quod
3162 2871 3524 2925 necessarium
3546 2880 3627 2927 est
3654 2872 3872 2941 impeu-

2275 2965 2469 3032 dendo,
2498 2971 2721 3020 cunctos
2740 2962 3118 3018 observatione
3145 2978 3253 3017 sua:
3276 2963 3572 3018 sanctionis
3595 2964 3872 3021 astrinxit.

2347 3056 2397 3110 4.
2449 3055 2555 3113 Sed
2603 3072 2702 3112 nos
2750 3057 2885 3112 tales
2934 3071 3043 3112 non
3079 3071 3305 3115 sumus:
3341 3070 3465 3109 nam
3505 3064 3559 3121 et
3601 3055 3875 3126 majorum

580 3152 909 3219 vituperatos
948 3147 1206 3212 :cnmlari,
1250 3154 1539 3216 paupertas
1589 3144 1734 3200 enim
1778 3160 1902 3197 cum
1947 3143 2170 3198 veritate
2279 3159 2583 3204 nostrorum
2606 3147 2738 3202 llnes
2758 3147 3013 3203 audacter
3031 3145 3359 3211 excedimus,
3386 3146 3478 3221 eti
3513 3148 3681 3204 saltus
3705 3157 3874 3205 transp

579 3240 827 3295 maximis
874 3240 1065 3308 opibus
1112 3254 1143 3291 a
1185 3239 1426 3307 sapiente
1478 3236 1775 3305 prmfertur.
1830 3235 2013 3305 Itaque
2062 3252 2169 3289 non

579 3330 866 3403 prmteribo
892 3327 1238 3383 calliditatem
1270 3325 1588 3379 fraudulenti
1618 3326 1921 3395 furacisque
1944 3327 2171 3397 polypo-

579 3423 679 3486 dis,
716 3422 805 3492 qui
839 3436 960 3476 cum
994 3419 1209 3487 aliquod
1249 3432 1437 3471 saxum
1475 3417 1739 3487 porrectis
1778 3418 2015 3473 crinibus
2056 3434 2170 3472 am-

579 3515 843 3588 plexatur,
868 3511 1008 3568 illius
1030 3510 1254 3564 assumit
1277 3509 1535 3573 colorem,
1558 3506 1815 3578 multique
1843 3509 2017 3591 pisces
2042 3510 2167 3566 illuc

579 3607 943 3685 imprudentes
980 3603 1189 3674 allapsi,
1223 3601 1369 3657 velut
1412 3600 1477 3656 ad
1518 3610 1726 3671 petram
1767 3601 2080 3671 simpliciter
2106 3618 2165 3659 se

578 3699 852 3753 trahentes
879 3695 1238 3767 decipiuntur,
1264 3692 1472 3748 facilem
1496 3692 1577 3747 sui
1598 3691 1906 3763 captionem
1932 3695 2165 3763 maligno

577 3789 823 3862 protinus
851 3787 1185 3843 exhibentes.
1217 3785 1373 3839 Tales
1401 3791 1527 3839 sunt
1561 3785 1654 3852 qui
1691 3786 2041 3841 summatibus
2069 3787 2167 3841 oh—

578 3887 867 3953 sequentes
895 3878 1126 3942 assidue,
1149 3877 1344 3932 mentis
1367 3877 1625 3932 varietate
1654 3886 1956 3944 mutantur;
1987 3895 2089 3936 nec
2111 3880 2164 3935 in

578 3988 685 4029 uno
712 3970 1402 4055 propositoipcrdurantes,
1440 3970 1574 4023 alios
1604 3977 1767 4038 atque
1809 3972 1943 4027 alios
1985 3988 2043 4028 se
2070 3974 2166 4029 de-

578 4071 910 4128 monstrant,
960 4061 1269 4133 pudicitiam
1316 4075 1435 4115 cum
1486 4060 1678 4125 castis,
1733 4061 1997 4117 luxuriant
2046 4080 2168 4121 cum

578 4153 873 4225 libidinosis
913 4158 1250 4217 exercentes,
1280 4158 1335 4205 et
1365 4150 1586 4206 omnino
1627 4159 1685 4205 ut
1722 4151 1981 4224 cujusque
2015 4172 2167 4213 mens

586 4400 589 4403 Α
619 4340 675 4405 ηιι
702 4329 855 4405 Colb.
886 4325 1179 4405 secondus,
1204 4343 1294 4405 per
1319 4323 1808 4405 potentiam:_ﬂaud
1834 4327 1992 4405 longe
2012 4332 2163 4405 editi,

576 4400 728 4457 aliter
754 4398 1110 4455 substantiam.
1149 4392 1368 4457 Antiqui
1396 4392 1536 4454 libri,
1568 4393 1699 4445 alter
1725 4392 2087 4456 substan'tiam.

611 4507 615 4512 .
645 4470 673 4509 δ
702 4469 865 4531 Editi,
884 4468 1021 4521 idem
1044 4466 1241 4517 hamus.
1261 4459 1483 4516 Veteres
1498 4459 1607 4515 duo
1629 4461 1768 4529 libri,
1786 4467 1842 4519 id
1862 4478 1939 4522 est
1958 4470 2156 4530 hamus.

648 4549 671 4578 α
704 4538 874 4606 Editi,
899 4537 1086 4606 {erant
1098 4546 1318 4602 namque
1338 4545 1582 4606 cancrum
1605 4535 1869 4606 geminum
1892 4556 1908 4592 :
1939 4542 2035 4597 sed
2059 4561 2162 4601 γοχ

576 4621 817 4659 cancrum
856 4597 917 4656 in
963 4600 1173 4656 duobus
1217 4597 1347 4655 mss.
1393 4597 1561 4655 deest.
1595 4600 1729 4658 Cum
1760 4616 1939 4662 autem
1968 4597 2157 4669 Busta:

575 4676 718 4748 thius
746 4682 802 4748 et
833 4672 921 4726 hic
947 4680 1002 4727 et
1028 4670 1302 4748 aliquanto
1331 4673 1575 4748 superius
1603 4682 1659 4748 et
1688 4678 1846 4748 paulo
1877 4690 1998 4748 post
2026 4699 2160 4741 voce

2274 3242 2546 3309 gredimur
2598 3233 2915 3304 vicinorum,
2965 3246 3019 3294 et
3060 3237 3251 3292 domos
3296 3238 3568 3305 domibus,
3611 3248 3667 3293 et
3710 3254 3873 3309 agros

2274 3333 2415 3402 agris
2450 3330 2804 3399 adjungimus,
2844 3338 2899 3384 et
2941 3330 3113 3384 aliena
3147 3329 3271 3399 jura
3315 3330 3626 3389 mutilamus
3671 3331 3866 3403 (Pror.

2276 3441 2406 3491 χχιι,
2458 3423 2573 3493 26).
2621 3421 2809 3478 Sciunt
2837 3422 2862 3460 ιι
2896 3423 3086 3487 marini
3131 3434 3282 3478 cetus
3330 3440 3649 3480 concessum
3695 3426 3797 3481 sibi
3839 3444 3871 3481 a

2273 3525 2461 3571 natura
2491 3515 2866 3581 diversorium,
2906 3514 3048 3585 quod
3096 3515 3148 3568 in
3197 3515 3453 3592 extremis
3493 3517 3669 3587 pelagi
3698 3519 3863 3572 situm

2272 3615 2353 3662 est
2398 3606 2662 3677 partibus,
2711 3606 2797 3661 cui
2850 3606 2994 3659 nulla
3039 3606 3253 3675 penitus
3300 3606 3352 3661 in
3394 3617 3683 3679 conspectu
3714 3618 3865 3665 terra

2274 3708 2617 3762 monstratur,
2668 3697 2919 3769 quodque
2967 3698 3322 3766 innavigabilc
3358 3699 3570 3769 penitus
3607 3701 3861 3757 habetur.

2272 3792 2405 3848 Nam
2438 3807 2537 3847 nec
2563 3791 2719 3863 quale
2747 3790 2837 3856 sit,
2871 3790 2953 3855 vel
2983 3790 3206 3845 historia
3237 3788 3496 3845 referente
3516 3799 3859 3861 compertum

2273 3892 2374 3951 est,
2408 3891 2464 3938 ut
2487 3891 2616 3954 pote
2646 3881 2858 3936 nemine
2900 3881 3021 3935 inde
3057 3879 3353 3936 confidente
3391 3880 3629 3935 transire.
3665 3880 3720 3937 lu
3745 3882 3858 3939 hoc

2275 3978 2435 4046 igitur
2463 3976 2582 4031 loco
2616 3981 2927 4028 memoratae
2954 3972 3142 4028 bellum
3177 3988 3296 4042 quae
3334 3981 3456 4028 sunt
3491 3972 3659 4027 instar
3696 3990 3863 4033 mon-

2273 4067 2405 4123 tium
2444 4071 2869 4129 commerantur,
2899 4078 3071 4135 neque
3108 4063 3327 4119 urbibus
3366 4064 3648 4134 aliquibus,
3679 4081 3863 4136 neque

2271 4160 2459 4216 insulis
2498 4156 2832 4213 infestantes.
2865 4154 2943 4210 lta
2972 4155 3178 4226 singula
3208 4169 3407 4226 genera
3448 4156 3500 4211 in
3532 4157 3861 4220 stationibus

2271 4336 2597 4420 ita'e'xigttnt
2625 4333 2829 4420 (inepti,
2860 4338 2985 4420 πρὸς
3013 4338 3098 4389 τὸν
3127 4332 3349 4416 ἀδελφρν.
3367 4402 3419 4420 η
3482 4374 3485 4375 ν

2345 4408 2362 4445 τ
2394 4402 2536 4461 Editi
2565 4413 2619 4460 et
2644 4402 2795 4477 Qolb.
2828 4402 3032 4477 primus
3062 4419 3168 4477 quo
3209 4402 3288 4457 ιιὲί
3332 4402 3578 4477 videntur
3601 4413 3857 4477 typogra-

2302 4478 2379 4542 hi,
2427 4479 2481 4531 in
2527 4474 2879 4545 similitudine.
2925 4474 3028 4528 Alii
3069 4474 3175 4528 duo
3221 4489 3372 4539 mss.,
3409 4476 3463 4528 in
3502 4474 3854 4545 simulatione,

2334 4563 2419 4611 ne.
2445 4545 2671 4621 ‘Legitur
2693 4544 2751 4621 .iu
2773 4542 2979 4621 Graeco.
3004 4548 3055 4621 ἐν
3078 4550 3534 4621 ττῇλπροσχήματι.
3551 4546 3675 4603 Mox
3695 4542 3853 4602 Colb.

2263 4616 2546 4680 secundus,
2579 4614 2890 4669 vestimentis
2917 4632 2971 4668 se
2997 4614 3270 4685 simplices.

2336 4698 2360 4734 ε
2391 4686 2541 4741 Colb.
2574 4685 2859 4750 secundus,
2891 4687 3016 4750 facit
3043 4685 3314 4739 unanimes
3341 4686 3397 4738 in
3426 4685 3599 4740 domo.

574 4745 762 4827 θεῖνείηὶ
790 4750 988 4825 utatur,
1028 4740 1421 4827 putandusuest
1460 4740 1708 4827 barboisse
1747 4740 1941 4805 librum
1966 4740 2156 4808 corru-
2183 4749 2239 4811 D
2334 4754 2359 4793 δ
2392 4740 2551 4827 Editi,
2584 4740 2958 4827 descendentia.
2986 4755 3063 4809 ’At
3105 4755 3273 4827 nostri
3316 4764 3424 4827 tres
3469 4773 3621 4827 mss.,
3665 4755 3852 4827 defen-

574 4824 765 4889 ptum,_
789 4814 842 4868 in
876 4814 993 4883 'quo
1028 4811 1219 4889 legerit
1261 4811 1543 4889 tribus_his
1572 4812 1702 4889 locis
1744 4834 1850 4872 non
1895 4844 2155 4889 καρκνος,

572 4874 665 4942 sed
687 4874 948 4962 κέρκῖνοςέ
973 4874 1116 4954 quod
1138 4898 1203 4937 ex
1233 4896 1300 4936 eo
1330 4880 1634 4963 confirmari
1651 4895 1852 4963 potest,
1876 4874 2023 4959 quod
2044 4874 2161 4963 ipse

573 4952 1017 5046 Vflqeflé'xatflxivot‘
1038 4967 1171 5035 voce
1186 4953 1371 5046 cancri
1385 4952 1705 5046 ‘reddiderit,
1725 4952 1851 5046 curo
1868 4952 1975 5046 non
2001 4952 2158 5046 longe

571 5027 638 5081 ab
662 5027 815 5081 initio
835 5022 956 5081 libri
984 5024 1066 5079 sui
1086 5022 1297 5093 septimi
1325 5022 1771 5093 interpretaretur
1798 5029 1926 5083 illud
1954 5022 2158 5093 Basilii;

572 5102 657 5174 uoti
686 5097 951 5174 βάτραχοι
976 5098 1059 5174 nati
1088 5077 1333 5174 nalpgtivot.
1376 5077 1583 5147 Ete'nim
1603 5077 1669 5174 _si~
1690 5077 1936 5152 omnibus

572 5166 647 5237 eis
686 5162 1069 5222 eodeni'modo
1094 5162 1336 5237 legisset,
1367 5162 1707 5237 eumeodem
1735 5180 1950 5237 quoque
1990 5173 2153 5231 modo

570 5235 1047 5305 interpretaturum
1087 5234 1247 5288 fuisse
1295 5231 1573 5305 probabile
1599 5231 1766 5286 duco.
1806 5231 1880 5289 Et
1913 5238 1964 5293 iu
1993 5239 2145 5297 Colb.

569 5302 745 5427 ﬁgimo
789 5305 976 5359 deerat
1020 5317 1233 5372 quoque
1270 5302 1498 5369 primum
1529 5316 1630 5355 vox
1659 5320 1935 5372 cancrum;
1966 5311 2058 5367 sed
2086 5326 2148 5366 ea

641 5372 823 5427 inceus
851 5373 1029 5425 addita
1057 5380 1139 5426 est
1176 5372 1243 5425 ab
1279 5370 1458 5427 aliquo
1486 5371 1575 5427 uni
1603 5375 1878 5427 exemnlar
1906 5376 2146 5427 Graecum

641 5372 823 5443 inceps
851 5370 1243 5443 a_dd_ita_est’ab
1279 5370 1458 5438 aliquo
1486 5371 1575 5439 qui
1603 5375 1878 5443 exemplar
1906 5370 2147 5435 Grmcum

568 5439 643 5496 ob
669 5439 855 5494 oculos
876 5439 1125 5493 habebat.

640 5508 666 5548 d
696 5508 855 5573 Equi,
887 5507 1204 5580 pendentem.
1238 5508 1382 5563 Libri
1411 5518 1639 5578 veteres,
1663 5513 1993 5579 pandentem.
2024 5517 2147 5573 Mox

570 5581 717 5647 editi,
750 5597 854 5637 non
878 5576 1061 5634 ualeat.
1094 5576 1273 5632 Codex
1303 5593 1456 5643 unus,
1489 5597 1587 5634 non
1627 5576 1846 5637 ualebat.
1881 5584 1984 5640 Alii
2015 5587 2143 5655 duo,

570 5666 669 5702 mm
728 5661 941 5704 afuerat.

647 5731 667 5754 σε
701 5721 737 5769 li
762 5722 956 5799 tuinad
985 5715 1236 5787 fraudem.
1271 5713 1414 5769 Libri
1445 5728 1670 5790 veteres,
1702 5723 1772 5775 ad
1794 5724 2013 5793 fratrem
2045 5745 2060 5781 :
2094 5738 2148 5783 et

2261 4826 2451 4880 denda.
2477 4822 2669 4879 Statim
2693 4823 2839 4889 editi,
2864 4824 3356 4894 circumscriptione.
3387 4825 3456 4879 At
3479 4824 3632 4881 Colb.
3658 4822 3853 4881 seéun~

2263 4894 2381 4965 dus,
2414 4896 2854 4965 circumseptione.

2340 4963 2354 5002 ί
2404 4965 2566 5032 Editi,
2617 4963 2867 5019 collocata
2913 4972 3007 5020 est.
3054 4963 3196 5018 Libri
3236 4974 3465 5030 veteres,
3512 4965 3702 5019 collata
3748 4975 3850 5020 est.

2263 5035 2427 5119 Paulo
2449 5033 2759 5119 postpolb.
2790 5035 3073 5119 secundus,
3102 5034 3323 5119 singulis
3344 5036 3627 5119 aequaliter.

2337 5109 2350 5155 ἱ
2402 5102 2545 5159 Libri
2595 5103 2867 5174 impressi,
2916 5103 3083 5174 saltus
3130 5102 3538 5174 trdnsgredimur
3587 5104 3850 5159 vitiorum.

2259 5172 2425 5257 Vetus
2452 5172 2837 5256 codexﬁoster
2870 5181 2926 5229 et
2951 5172 3107 5228 Colb.
3146 5172 3433 5239 secundus,
3465 5176 3629 5229 saltus
3672 5185 3851 5228 trans-

2259 5246 2520 5317 gredimur
2547 5246 2851 5299 vicinorum.
2890 5258 2895 5265 '

2332 5314 2355 5352 ιι
2386 5313 2553 5369 Vetus
2577 5314 2747 5368 codex
2774 5322 2975 5377 noster,
3020 5315 3187 5367 sciunt
3218 5314 3409 5367 marini
3437 5323 3595 5368 cetus.
3627 5312 3772 5368 Editi
3796 5324 3854 5369 et

2254 5383 2405 5440 Colb.
2449 5383 2669 5454 primus,
2710 5384 2880 5437 sciunt
2918 5384 3109 5454 marini
3154 5392 3311 5454 cetus.
3355 5382 3556 5454 Credas
3600 5383 3853 5439 librarios

2254 5451 2534 5519 insigniter
2561 5454 2949 5524 utroqueloco
3000 5453 3178 5524 lapsos
3212 5451 3421 5524 fuisse:
3448 5452 3546 5524 sed
3585 5462 3768 5508 tamen
3799 5454 3853 5509 id

2251 5538 2407 5578 secus
2434 5529 2534 5593 est.
2568 5520 2715 5575 Cum
2729 5523 2873 5579 enim
2901 5520 3141 5593 legamus
3163 5523 3216 5576 in
3235 5520 3451 5589 Graecis,
3476 5520 3578 5579 οἶδε
3602 5530 3665 5577 τὰ
3696 5530 3848 5585 κήτη.

2251 5592 2482 5664 dubitari
2524 5606 2630 5644 non
2668 5600 2845 5664 potest
2874 5591 3000 5664 quin
3029 5591 3351 5664 Eustathius
3368 5598 3492 5664 κήτη
3524 5593 3749 5664 verterit
3781 5595 3851 5649 ad

2251 5662 2472 5744 verbum
2513 5669 2670 5744 cetus.
2700 5660 2907 5717 Statim'
2922 5680 3019 5734 pro
3050 5662 3202 5716 silum
3232 5662 3285 5718 in
3313 5660 3465 5718 Colb.
3498 5663 3738 5718 secundo
3770 5664 3850 5719 lc-

2248 5740 2392 5795 gitur
2421 5740 2659 5793 positum.
