4244 6254
1996 188 2098 206 [θ’θ’
2125 184 2335 207 “⁴·“ο’⁴ι⁹’ῗ“ῗ
2362 185 2564 210 Ἦ

2282 211 2417 235 ""‘n

400 300 498 357 941

1351 301 1747 379 ΗΕΧΑΕΜΕΒΙ
1789 300 2268 361 ΜΕΤΑΡΗΚΑΒίΞ
2307 300 2511 355 LIBER
2548 300 2689 355 VII.-

3569 304 3681 362 ΜΞ

400 414 500 468 sibi
530 387 671 469 datis
698 432 728 469 a
759 423 967 478 natura,
998 416 1142 473 velut
1176 416 1229 471 in
1268 416 1576 484 regionibus
1609 422 1873 469 terrarum
1902 415 1982 469 la-
2008 422 2058 481 Α
2084 412 2423 469 succedentis
2466 412 2676 468 hiberni
2715 412 2977 481 deterriti,
3013 416 3066 470 in
3101 415 3293 475 altiora
3331 417 3495 474 maris
3532 419 3678 490 loca,

403 520 518 558 rem
545 506 818 576 proprium
852 507 1087 562 incolere
1123 515 1408 574 coguntur.
1447 504 1593 560 Certi
1628 520 1759 560 sane
1786 506 1981 574 pisces,

402 596 553 663 quasi
583 598 850 651 communi
878 597 1112 668 quodam
1135 597 1354 652 decreto
1380 597 1594 665 civium.
1619 596 1685 651 ad
1715 598 1987 659 exteriora

403 688 611 751 directi,
644 687 881 742 laborem
926 687 1375 758 peregrinationis
1411 687 1694 757 arripiunt,
1725 687 1989 758 simulque

404 792 592 829 omnes
632 785 884 845 tanquam
926 779 1078 847 signo
1115 778 1243 833 dato
1271 778 1338 832 ad
1368 778 1656 847 longinqua
1683 778 1986 847 discedunt.

404 866 535 920 Nam
568 883 687 922 cum
719 869 917 923 fetandi
945 871 1167 938 omperit
1197 879 1409 939 tempus
1438 871 1636 943 vigere,
1666 870 1757 925 alii
1785 885 1852 925 ex
1879 870 1988 926 alio

402 959 541 1023 :inu,
580 967 784 1013 natur-.e
827 961 1030 1029 legibus
1076 961 1318 1030 excitati,
1348 960 1734 1032 profectionem
1764 976 1890 1017 mox
1921 960 1991 1030 ad

405 1059 583 1121 partes
610 1052 783 1122 pelagi
812 1052 1054 1108 Borealis
1076 1052 1380 1107 intendunt.
1411 1051 1557 1118 Quos
1586 1052 1639 1105 in
1668 1051 1988 1106 revertendo

404 1158 528 1197 cum
562 1141 763 1201 videris
791 1142 1106 1197 densissima
1134 1142 1521 1210 glomeratione
1548 1149 1845 1205 consertes,
1878 1149 1990 1196 tor-

310 1314 321 1315 i
405 1243 611 1288 rentem
651 1234 1093 1292 violentissimum
1133 1234 1346 1304 putabis
1387 1232 1630 1298 efﬂuere,
1662 1248 1761 1303 per
1791 1242 1814 1268 α
1854 1230 1992 1287 Pro-

407 1325 641 1395 pontidis
670 1326 837 1391 littus,
875 1324 944 1379 ad
971 1339 1119 1379 mare
1147 1330 1511 1381 commeantes
1542 1321 1829 1377 Euxinum.
1859 1321 1991 1388 Quis

407 1417 566 1486 igitur
590 1432 684 1471 eos
712 1417 984 1485 exagitat?
1011 1431 1129 1486 qum
1168 1416 1479 1486 imperantis
1520 1415 1845 1485 auctoritas?
1871 1430 1993 1484 qua:

404 1509 583 1565 edicta
625 1508 903 1581 proposita
952 1515 1213 1563 statutum
1253 1507 1361 1561 illis
1398 1513 1609 1575 tempus
1638 1504 1992 1561 annuntiant?

403 1601 499 1671 qui
543 1608 671 1655 sunt
704 1599 872 1655 duces
909 1599 1135 1654 eorum?
1182 1598 1370 1653 Nonne
1411 1596 1993 1652 videsordinationem

404 1691 641 1755 divinam
671 1698 862 1746 cuncta
890 1689 1248 1759 complentem
1281 1698 1341 1751 et
1359 1703 1457 1757 per
1485 1687 1602 1741 ham
1629 1689 1790 1741 etiam
1824 1703 1991 1756 parva

2090 520 2213 575 qum
2238 511 2364 561 sntit
2391 505 2784 575 tranquilliora,
2807 521 2866 561 se
2892 506 3197 565 conferunt.

2091 618 2095 627 ν
2163 597 2221 653 5.
2257 597 2511 668 Spectavi
2538 598 2653 653 haec
2673 612 2773 666 ego
2795 606 2851 653 et
2868 599 3161 654 admiratus
3188 615 3305 655 sum
3332 599 3428 655 Dei
3454 601 3672 671 sapien.

2091 689 2259 755 tiam,
2271 689 2398 759 quia
2440 688 2835 751 irrationabiles
2863 690 3186 758 animantes,
3229 690 3461 760 providae
3489 700 3673 749 custo-

2088 782 2303 852 desque
2326 781 2515 841 salutis
2557 780 2829 845 habentur
2854 782 3103 851 proprias,
3136 790 3192 838 et
3230 782 3529 851 intelligunt
3546 784 3676 853 quid

2092 873 2196 937 sibi
2222 872 2665 940 sitconveniens,
2694 872 2824 941 quid
2850 872 3152 929 adversum.
3182 873 3289 931 Nos
3317 873 3477 941 igitur
3501 885 3522 912 ε
3542 874 3675 943 quid

2092 965 2354 1029 dicemus,
2380 963 2474 1033 qui
2502 964 2712 1028 ratione
2737 979 2926 1021 sumus
2969 964 3263 1029 honestati,
3306 964 3675 1035 promissioni-

2086 1055 2196 1111 bns
2221 1052 2455 1119 invitati,
2485 1053 2801 1123 spiritaliter
2817 1053 3042 1120 eruditi,
3074 1054 3306 1124 piscibus
3334 1054 3676 1111 irrationabis-

2094 1146 2199 1205 lius
2215 1152 2403 1226 nostra
2427 1144 2641 1213 negotia
2668 1130 3043 1215 disponentes?
3071 1144 3221 1202 Licet
3240 1146 3343 1202 illis
3367 1147 3528 1201 etiam
3555 1154 3674 1203 stu-

2094 1234 2242 1289 dium
2277 1235 2347 1289 sit
2373 1234 2610 1290 scientia:
2655 1233 2976 1291 futurorum.
3007 1235 3117 1292 Nos
3155 1245 3335 1300 autem
3360 1234 3678 1294 inﬁdelitate

2093 1324 2261 1381 futuri
2284 1324 2464 1383 steculi
2487 1324 2786 1395 depravati,
2815 1332 3053 1381 nostram
3082 1327 3244 1382 vitam
3270 1343 3367 1399 per
3392 1335 3546 1385 actus
3570 1330 3676 1385 fre-

2097 1417 2367 1482 dissimos,
2400 1425 2453 1471 et
2500 1415 2712 1473 illicitas
2756 1417 3060 1486 voluptates
3097 1417 3463 1487 expendimus.
3496 1418 3679 1476 Pisces

2092 1506 2260 1573 igitur
2288 1512 2369 1559 tot
2413 1506 2579 1561 maris
2622 1506 2901 1561 intervalla
2952 1515 3352 1574 transcurrunt,
3384 1517 3445 1563 ut
3470 1511 3679 1579 possint

2090 1596 2341 1653 invenire
2363 1596 2509 1665 quod
2529 1597 2659 1650 utile
2687 1603 2790 1651 est.
2821 1596 2960 1662 Quid
2989 1599 3205 1654 tandem
3247 1608 3304 1655 tu
3328 1600 3569 1659 dicturus
3595 1619 3677 1672 es,

2095 1685 2303 1740 habens
2320 1684 2685 1741 cobmrentem
2712 1685 2807 1747 tibi
2835 1686 3114 1753 desidiam,
3129 1703 3250 1757 qum
3268 1689 3521 1760 nequitia:
3537 1693 3680 1762 prin-

405 1784 432 1822 ι’
460 1783 742 1843 diffusam?
785 1781 968 1845 Pisces
991 1781 1154 1850 igitur
1181 1780 1276 1835 Dei
1299 1779 1504 1846 legibus
1530 1794 1639 1833 non
1669 1786 1987 1847 repugnant,
2022 1787 2072 1849 Β
2098 1791 2229 1845 eeps
2257 1772 2375 1831 eSt?
2404 1775 2591 1831 Nullus
2618 1776 2781 1843 igitur
2804 1776 2878 1833 de
2905 1776 3241 1846 ignoratione
3260 1790 3509 1837 causatur
3536 1801 3549 1836 :
3582 1799 3680 1838 na.

403 1884 460 1935 et
497 1875 745 1949 homines
772 1873 992 1928 minime
1032 1872 1330 1931 doctrinam
1374 1871 1639 1940 recipiunt
1675 1856 1986 1925 salutarem.

404 1948 520 2022 Non
545 1948 769 2036 spernas
795 1964 993 2034 pisces,
1020 1964 1147 2032 quia
1177 1963 1309 2017 muti
1340 1970 1463 2016 sunt
1490 1968 1544 2015 et
1576 1958 1988 2028 irrationabiles,

403 2057 499 2113 scd
524 2070 713 2129 verere
736 2054 917 2125 potius
941 2068 1007 2108 ne
1021 2061 1077 2107 et
1092 2052 1196 2106 illis
1214 2063 1235 2091 ο
1254 2052 1669 2106 irrationabilior
1691 2053 1989 2115 aestimet-is,

404 2147 852 2220 pimccptionibus
880 2144 1153 2200 Creatoris
1191 2145 1476 2199 obsistens.
1512 2143 1766 2198 Ausculta
1796 2144 1990 2213 pisces,

403 2243 493 2311 qui
541 2248 749 2295 tantum
788 2238 934 2310 quod
978 2252 1168 2294 vocem
1209 2253 1315 2292 non
1353 2236 1624 2302 emittunt,
1670 2251 1793 2290 nam
1832 2236 1994 2290 certis

404 2332 880 2402 signiﬁcationibus
923 2329 1018 2385 fari
1065 2329 1331 2395 videntur,
1360 2328 1485 2398 quia
1522 2339 1746 2398 propter
1773 2324 1996 2383 immor-

408 2427 665 2484 talitatem
687 2424 899 2492 generis
926 2420 1334 2477 desiderabilem
1364 2419 1850 2489 peregrinationem
1868 2419 1996 2475 sub-

408 2517 484 2571 ire
513 2522 793 2582 coguntur.
844 2510 911 2566 Hi
952 2527 1060 2566 non
1101 2519 1323 2565 utuntur
1368 2511 1479 2565 suis
1514 2510 1873 2575 sermonibus,
1898 2509 1996 2566 sed

409 2607 604 2662 habent
646 2605 816 2674 legem
848 2611 1051 2657 natura:
1077 2600 1290 2656 fortiter
1318 2601 1422 2656 illis
1450 2601 1762 2664 haerentem,
1792 2608 1847 2655 et
1876 2615 1997 2670 qua:

409 2705 531 2751 sunt
556 2694 759 2764 agenda
788 2693 1264 2748 demonstrantem.
1298 2689 1613 2760 Pergamus,
1635 2691 1901 2760 inquiunt,
1929 2691 1998 2747 ad

409 2785 660 2845 Borinum
681 2784 925 2854 pelagus,
951 2782 1158 2837 dulcior
1177 2782 1320 2835 enim
1352 2782 1559 2854 caeteris
1590 2783 1895 2852 mquoribus
1915 2791 1999 2839 est

410 2875 529 2954 ejus
557 2890 722 2945 aqua,
753 2874 1010 2942 quoniam
1039 2872 1189 2927 brevi
1220 2880 1465 2941 tempore
1500 2873 1582 2928 sol
1618 2872 1815 2927 ibidem
1844 2889 1964 2928 com
1983 2903 1996 2911 -

413 2973 671 3030 moratus,
703 2982 810 3021 non
839 2974 981 3020 totas
1010 2964 1221 3034 penitus
1249 2962 1416 3019 radiis
1454 2964 1720 3034 potabilcs
1747 2964 1999 3019 exhaurit

414 3072 598 3129 aquas.
631 3055 760 3111 Nam
792 3055 1119 3111 dulcioribus
1148 3054 1300 3125 aquis
1327 3055 1489 3109 etiam
1519 3055 1725 3110 marina
1745 3056 1997 3111 animalia

2092 1867 2283 1922 tnralis
2304 1868 2445 1922 enim
2470 1868 2624 1925 nobis
2654 1868 2811 1925 insita
2833 1876 2919 1924 est
2939 1871 3096 1936 ratio,
3126 1872 3213 1927 vel
3237 1873 3290 1929 in
3318 1875 3677 1945 appetendam

2088 1959 2358 2017 bonorum
2384 1958 2823 2024 familiaritatem.
2840 1960 2924 2014 vel
2937 1960 2993 2014 in
3007 1959 3375 2021 declinandam
3394 1966 3681 2023 noxiorum

2094 2051 2369 2105 hesionem
2381 2051 2569 2120 Itaque
2588 2066 2696 2105 non
2718 2051 2968 2107 recedam
2989 2052 3058 2109 ab
3070 2054 3330 2124 exemplis
3344 2056 3675 2113 animalium.

2095 2142 2453 2207 marinorum;
2484 2142 2741 2212 quoniam
2779 2143 2892 2199 haec
2918 2143 3076 2200 nobis
3111 2146 3354 2216 exempla
3397 2148 3679 2218 proposui-

2096 2250 2217 2290 mus
2242 2234 2622 2291 examinanda.
2671 2233 2862 2289 Audivi
2889 2249 2992 2304 ego
3018 2237 3307 2305 quemdam
3350 2237 3418 2293 de
3452 2239 3681 2294 littoreis

2094 2325 2490 2381 habitatoribus
2537 2325 2863 2381 referentem
2904 2327 3030 2396 quia
3075 2329 3375 2385 maritimus
3421 2330 3680 2394 echinus,

2095 2432 2218 2473 cum
2251 2417 2321 2471 sit
2343 2417 2628 2483 vilissinms
2656 2432 2722 2472 ac
2747 2418 3025 2486 sprebilis,
3070 2417 3133 2474 fit
3168 2420 3330 2479 inde:
3358 2435 3499 2492 saepe
3527 2424 3682 2477 navi-

2090 2509 2346 2577 gantibus
2367 2508 2556 2565 futura:
2574 2510 2881 2564 serenitatis
2894 2520 2984 2564 aut
3012 2511 3221 2568 hiemis.
3243 2512 3376 2568 Nam
3400 2526 3521 2570 cum
3544 2532 3682 2584 prm-

2097 2600 2330 2655 senserit
2359 2597 2516 2654 flatus
2536 2600 2817 2655 imminere
2840 2609 3121 2659 ventorum
3138 2643 3153 2670 ,
3175 2604 3273 2659 sub
3302 2598 3477 2676 lapide
3503 2622 3561 2661 se
3581 2608 3685 2663 col.

2097 2689 2262 2757 locat,
2289 2706 2396 2760 quo
2421 2692 2566 2747 velut
2616 2690 2633 2729 ί
2681 2692 2932 2748 anchora:
2959 2693 3122 2749 dente
3152 2696 3429 2762 subnixus,
3462 2714 3686 2767 quassa-

2100 2785 2303 2840 tionem
2346 2785 2682 2854 tempestatis
2731 2785 2915 2840 evitet.
2970 2784 3286 2857 Patiturque
3338 2804 3397 2843 se
3427 2791 3689 2860 tantisper

2100 2875 2328 2944 deprimi
2352 2874 2590 2943 pondere
2619 2876 2962 2943 superposito
2977 2917 2991 2941 ,
3021 2876 3312 2933 dummodo
3334 2895 3439 2933 non
3452 2878 3689 2949 iactetur

2100 2982 2133 3020 a
2160 2965 2426 3019 ﬂuctibus.
2458 2964 2574 3020 Hoc
2592 2980 2714 3020 eum
2744 2964 2977 3021 viderint
3017 2968 3224 3036 signum
3260 2970 3487 3037 nautici,
3517 2971 3692 3027 sciunt

2104 3072 2232 3111 mox
2264 3064 2546 3110 ventorum
2576 3054 2848 3111 fremitum
2878 3057 3277 3115 concitandum.
3308 3058 3376 3113 Et
3395 3069 3542 3115 certe
3569 3061 3692 3115 nul-

414 3148 782 3211 delectantur;
812 3145 952 3200 unde
981 3145 1166 3215 procul
1214 3160 1243 3198 a
1284 3144 1475 3214 pelago
1505 3145 1783 3200 venientes
1827 3146 2003 3215 pisces
2032 3148 2079 3211 C
2109 3146 2194 3201 lus
2238 3145 2560 3213 astrologus,
2590 3153 2683 3201 aut
2710 3143 2995 3219 Chaldaaus
3018 3155 3139 3202 ortu
3172 3148 3405 3211 siderum
3435 3150 3691 3219 colligens

415 3253 511 3309 per
553 3236 744 3293 ﬂuvios
798 3251 939 3306 saepe
988 3243 1298 3300 cernuntur,
1334 3234 1645 3291 ascendere.
1706 3233 2001 3305 Propterea

416 3338 636 3402 pontum
683 3330 933 3387 libentius
976 3335 1234 3399 expetunt
1281 3344 1442 3398 quam
1486 3330 1636 3385 sinus
1683 3328 1837 3393 alios,
1874 3331 2002 3399 quia

415 3423 586 3492 magis
614 3430 949 3492 opportunus
981 3427 1063 3475 est
1092 3420 1172 3475 eis
1205 3420 1271 3475 ad
1301 3420 1562 3475 edendam
1611 3420 2004 3491 fovendamque

415 3516 749 3589 progeniem.
774 3512 874 3580 Qui
896 3528 1016 3568 cum
1038 3510 1367 3567 sufﬁcienter
1388 3510 1655 3567 destinata
1676 3512 2002 3582 peregerint,

416 3607 732 3664 catervatim
761 3607 940 3660 cuncti
969 3605 1128 3661 simul
1150 3612 1492 3659 revertuntur
1517 3604 1583 3659 ad
1610 3606 1847 3675 propria.
1874 3592 2005 3671 Quae

419 3706 599 3755 autem
646 3697 787 3752 ratio
832 3695 919 3762 sit,
950 3711 979 3749 a
1009 3692 1035 3731 ἀ
1068 3694 1246 3750 tacitis
1282 3694 1577 3771 audiamus.
1622 3684 1758 3762 Quia
1804 3686 2005 3751 humile

317 3805 329 3820 '
419 3792 670 3848 videlicet
690 3798 772 3845 est
798 3789 1056 3843 Arctoum
1087 3788 1307 3859 pelagus
1336 3796 1391 3841 et
1419 3787 1701 3861 devexum,
1727 3794 1781 3842 et
1805 3788 1875 3842 ob
1904 3788 2007 3844 hoc

420 3882 720 3953 expositum
748 3880 1015 3936 violentia
1044 3878 1501 3947 commotionique
1522 3886 1799 3934 ventorum
1827 3897 1838 3931 :
1863 3878 2007 3948 quod

420 3974 828 4045 tempestatibus
856 3971 1077 4035 exortis,
1105 3971 1172 4025 ab
1194 3970 1301 4024 imo
1329 3969 1495 4024 fundo
1523 3970 1845 4036 concutitur,
1869 3968 2007 4027 adeo

422 4076 482 4123 ut
507 4083 670 4122 arena
696 4064 918 4120 inferior
956 4079 1340 4134 nonnunquam
1380 4064 1601 4118 summis
1629 4062 1875 4119 fluctibus
1902 4063 2006 4117 mi-

422 4167 656 4216 sceatur.
687 4156 791 4212 Sed
820 4164 876 4211 et
911 4154 1159 4224 frigidum
1200 4154 1360 4209 nimis
1388 4162 1472 4209 est
1495 4154 1713 4208 hiemali
1738 4161 2002 4223 tempore,

424 4261 630 4324 utpote
675 4251 855 4307 multis
894 4265 957 4304 ac
1001 4248 1247 4303 maximis
1275 4247 1521 4302 amnibus
1563 4247 1844 4315 repletum.
1887 4244 2006 4312 Quo

421 4362 540 4410 cum
568 4345 767 4400 fuerint
794 4324 993 4397 aestivis
1011 4340 1168 4408 potiti
1190 4339 1481 4403 mensibus,
1513 4353 1696 4394 rursus
1715 4338 2008 4408 asperitate

2105 3240 2247 3294 aeris
2274 3238 2611 3307 qualitatem,
2648 3238 2834 3293 docuit
2859 3240 3113 3294 echinum
3138 3259 3149 3292 :
3182 3241 3276 3296 sed
3296 3239 3459 3299 maris
3489 3251 3695 3313 tempe-

2104 3339 2412 3406 statumque
2438 3330 2695 3387 Dominus
2715 3331 2840 3387 huic
2868 3346 3082 3401 quoque
3103 3332 3322 3387 animali
3350 3335 3563 3403 exiguo,
3588 3352 3693 3391 ma-

2105 3423 2312 3492 gniﬁcae
2334 3423 2614 3493 sapientia:
2639 3437 2751 3478 suae
2786 3421 3066 3477 manifesta
3097 3424 3317 3491 vestigia
3337 3426 3582 3492 signavit.
3614 3426 3693 3483 ita

2108 3515 2241 3571 nihil
2267 3513 2645 3585 improvidum,
2662 3513 2792 3568 nihil
2807 3513 3220 3581 prmtermisSum
3237 3521 3321 3568 est
3339 3514 3479 3582 apud
3500 3514 3689 3570 Deum:

2108 3614 2302 3662 cuncta
2331 3605 2474 3659 enim
2496 3603 2803 3674 speculatur
2831 3602 3017 3658 oculus
3050 3602 3139 3657 ille
3168 3602 3449 3671 insopitns,
3480 3612 3536 3659 et
3573 3619 3691 3661 om-

2108 3698 2268 3757 nibus
2312 3704 2509 3768 praesto
2555 3702 2673 3761 est,
2726 3692 2962 3749 remedia
2990 3693 3178 3748 salutis
3213 3701 3455 3763 portans.
3505 3694 3607 3761 Qui
3647 3697 3693 3752 si

2102 3789 2360 3848 echinum
2403 3801 2513 3841 sua:
2537 3783 2859 3840 visitationis
2886 3798 2994 3837 non
3021 3782 3239 3853 reliquit
3265 3790 3535 3839 exsortem
3569 3804 3582 3837 :
3616 3793 3689 3853 te,

2106 3889 2310 3950 .tuaque
2348 3896 2381 3935 ο
2416 3879 2581 3935 homo
2630 3892 2739 3933 non
2783 3874 3069 3945 respiciet?
3111 3874 3221 3930 Viri
3262 3875 3460 3947 diligite
3499 3885 3693 3932 vestras

2112 3973 2354 4042 conjuges
2378 3967 2604 4041 (Ep/tes.
2628 3984 2680 4032 v,
2698 3964 2816 4036 25).
2832 3963 2985 4032 Quod
3005 3964 3105 4020 etsi
3127 3971 3392 4021 terrarum
3412 3965 3693 4036 interjeeta

2113 4061 2392 4132 prolixitas
2419 4058 2723 4127 disjungere
2756 4072 2853 4111 vos
2879 4055 2948 4109 ad
2973 4063 3184 4123 tempus
3219 4053 3361 4110 forte
3405 4055 3692 4123 videbitur,

2115 4160 2319 4207 natura:
2347 4158 2525 4204 tamen
2556 4148 2747 4213 fmdus,
2775 4155 2831 4202 et
2858 4145 3244 4203 benedictionis
3272 4145 3460 4216 jugum
3497 4149 3569 4204 sit
3594 4165 3696 4206 vo-

2114 4245 2198 4301 bis
2224 4243 2514 4299 indiscreta
2559 4240 2886 4309 conjunctio.
2919 4238 3115 4309 Vipera
3143 4254 3268 4297 cum
3312 4241 3385 4297 sit
3406 4243 3695 4301 saevissima

2113 4334 2460 4406 serpentium,
2484 4332 2662 4403 pergit
2686 4330 2755 4386 ad
2783 4331 3109 4387 eonn'ubium
3131 4344 3399 4399 moratum,
3422 4334 3696 4405 sibilisque

495 4490 519 4518 ι
553 4478 768 4547 Antiqui
795 4474 1101 4547 duorlibri,_
1118 4489 1209 4547 ρετ
1253 4470 1591 4547 Propontida:
1616 4469 2001 4547 tingendus,
2029 4469 2083 4528 D
2107 4468 2269 4547 bebat
2307 4466 2647 4547 exemplaria.
2670 4472 2933 4547 secutum
2957 4479 3070 4547 Inon
3120 4481 3266 4547 esse,
3315 4468 3409 4522 sed
3448 4471 3694 4547 nonnihil

423 4538 848 4629 μεν.ιῗνοιξδηξέςίε
877 4546 1037 4626 ’ίίὲυδτ
1062 4538 1202 4629 Emit
1226 4538 2001 4629 ΨΒεςρξιιεξψοηξὲξίῖ,ιξξὶ¹ξὶ

424 4606 720 4689 verisimile
753 4616 809 4669 lit
846 4616 1124 4689 scripsisse
1163 4610 1496 4689 Eustathium
1537 4625 1629 4689 per
1672 4606 2007 4689 Propontida:

423 4691 565 4745 littus
591 4706 608 4742 :
633 4687 725 4742 sed
755 4693 843 4740 aut
877 4681 1123 4739 librarios
1163 4688 1255 4734 aut
1303 4681 1666 4750 typographos
1706 4681 1777 4732 ita
1813 4693 2003 4750 corre-

424 4762 582 4821 xisse,
612 4759 689 4829 uti,
717 4757 770 4810 in
802 4754 1026 4823 vulgatis
1065 4750 1307 4829 legimus.
1327 4746 1444 4829 ’Πιρὶ
1472 4746 1635 4829 paulo
1657 4756 1783 4829 ante
1811 4747 2007 4829 legitur

422 4818 792 4898 glomeratione
813 4818 1093 4898 consertes,
1124 4820 1381 4898 scriptum
1404 4818 1702 4873 invenimus
1722 4819 1775 4872 in
1796 4818 2009 4873 duobus

422 4836 792 4898 qtomerattone
813 4836 1093 4886 consertes,
1124 4836 1226 4874 SCl‘l
1271 4836 1381 4872 tum

422 4889 696 4955 codicibus
722 4894 1091 4966 glomeratione
1118 4836 1394 4966 confertos.

495 4969 519 5008 δ
553 4957 952 5033 Ειιίιὶ,’άὶ[1¹ιιδα.
986 4963 1055 5016 At
1075 4957 1245 5033 nostri
1269 4967 1376 5012 tres
1404 4972 1554 5022 mss.,
1580 4957 1841 5026 di/fusam.
1859 4957 2007 5012 Crte-

424 5056 507 5102 ce,
538 5045 619 5109 κᾳὶ
645 5029 729 5109 διὰ
756 5029 857 5090 τῶν
884 5034 1195 5109 μικροτάξῳγ
1220 5029 1513 5109 διὴκρυσανο
1620 5098 1631 5109 .
1693 5097 1705 5109 _
1809 5105 1819 5109 _

498 5097 519 5145 λε
539 5102 731 5163 Codex
760 5097 944 5160 noster
972 5097 1037 5157 'et
1076 5101 1229 5155 Colb.
1268 5100 1497 5169 primus
1520 5097 1743 5169 perinde
1769 5105 1827 5151 ut
1853 5097 2002 5169 editi,

424 5176 831 5233 irrationabilior
868 5172 1160 5228 testimeris.
1205 5166 1355 5225 Alter
1388 5166 1564 5231 Colb.,
1596 5166 2008 5221 irrationabitior

424 5249 679 5302 exstiteris
705 5264 721 5300 :
753 5244 897 5317 quod
910 5256 1239 5317 ~expressum
1263 5247 1355 5317 est
1384 5239 1448 5317 a_d
1480 5239 1759 5317 verbumge
1786 5234 2003 5317 Graecis,

432 5305 856 5392 ιὶογώτερος-ᾖς.
905 5305 1102 5392 Statim
1149 5309 1580 5392 editihentittant‘.
1619 5305 2002 5392 tantiqlui‘libr'i,

428 5373 678 5443 tmi'ttuni.
713 5373 923 5441 ibidem
951 5382 1059 5437 duo
1097 5395 1247 5445 mss.,
1289 5378 1445 5449 fateri
1484 5379 1735 5449 videntur.
1760 5373 2007 5431 Subinde

428 5459 572 5522 editi,
605 5454 1113 5511 demonstrationem.
1144 5449 1213 5502 At
1243 5448 1862 5522 mss.,_monstratio_nent.

496 5526 521 5564 ιι
552 5515 705 5592 illud,
737 5529 877 5602 παρά
905 5531 1001 5602 yet
1031 5524 1357 5602 σιῳπώνεων,
1390 5517 1694 5602 Eustathins
1725 5518 1793 5569 ita
1824 5515 2009 5602 Latine

429 5585 740 5663 ι’θι1ι1ἰιὶὶῐ,ἠ
778 5585 945 5650 ιὰεἱιεε
977 5609 992 5646 :
1024 5589 1117 5663 sed
1146 5589 1344 5652 malim,
1379 5606 1411 5642 α
1442 5587 1739 5663 tacentibus,
1774 5606 1804 5638 (ι
1834 5585 2004 5663 mutis.

420 5666 504 5721 ita
534 5656 694 5720 habet
716 5667 869 5720 Colb.
894 5660 1176 5724 secundus,
1201 5675 1313 5729 qua:
1333 5669 1501 5717 autem
1530 5661 1660 5711 ratio
1682 5659 1748 5709 sit
1768 5656 2011 5729 attentius

433 5738 722 5792 incutiamus.
757 5735 862 5791 Sed
891 5730 1110 5788 credere
1139 5724 1232 5792 par
1262 5739 1342 5787 est
1371 5729 1644 5786 librarium
1676 5743 1735 5779 ea
1768 5741 1884 5795 qum.
1912 5724 2011 5776 ha-i

2112 4545 2351 4608 mutasse
2379 4536 2449 4608 de
2465 4534 2600 4608 suo;
2633 4535 2685 4589 id
2713 4534 2858 4608 quod
2883 4534 3113 4608 videtur,
3143 4544 3201 4608 ut
3224 4537 3336 4608 jam
3368 4541 3569 4603 notavi,
3597 4543 3697 4596 ali-

2109 4606 2303 4675 quibus
2332 4606 2464 4659 locis
2491 4605 2698 4675 fecisse.
2731 4604 2899 4675 Paulo
2920 4612 3043 4674 post
3062 4604 3514 4665 Colb.'Seeundus
3535 4611 3697 4667 habet

2111 4672 2164 4730 in
2193 4682 2449 4750 contextu
2475 4672 2538 4750 ob
2571 4674 2675 4750 into
2705 4674 2864 4750 fundo
2893 4672 3211 4750 concitatur,-
3241 4678 3335 4750 sed
3375 4681 3452 4736 sic
3493 4688 3695 4750 tamen,

2108 4754 2168 4800 ut
2195 4746 2461 4812 vulgatam
2487 4742 2770 4796 lectionem
2794 4744 2845 4797 in
2872 4744 3115 4811 margine
3141 4746 3406 4812 praeferat.

2184 4827 2208 4855 ο
2247 4813 2407 4875 Editi,
2439 4812 2563 4881 quid
2587 4812 2839 4866 dicimus?
2868 4812 3084 4879 Antiqui
3105 4813 3210 4867 (luo
3240 4815 3380 4878 libri,
3403 4818 3526 4881 quid
3552 4819 3696 4871 dice.

2109 4885 2258 4940 mus?
2284 4882 2477 4937 Statim
2500 4881 2899 4953 editiniscibns
2920 4882 3380 4953 irrationabitibus.
3415 4881 3581 4938 Vetus
3608 4903 3697 4940 co-

2112 4957 2215 5010 dex
2256 4960 2442 5008 noster
2485 4966 2606 5005 cum
2632 4950 2784 5007 Colb.
2817 4950 3071 5015 secundo,
3103 4950 3324 5020 piscibus
3354 4953 3693 5007 irrationabi-

2112 5026 2212 5080 [ἕω
2235 5042 2251 5078 :
2273 5021 2420 5095 quod
2446 5021 2626 5076 verius
2647 5021 2949 5095 meliusque
2980 5020 3324 5095 arbitramur,
3350 5022 3419 5075 ob
3444 5020 3572 5077 illud
3600 5023 3698 5078 Ba-

2110 5095 2234 5159 silii,
2265 5086 2362 5149 ὧν
2385 5095 2583 5162 ἰχθύων
2611 5086 2935 5164 ἀληὼτιρῖιν.
2980 5086 3087 5142 Nec
3115 5089 3186 5142 ita
3216 5086 3384 5145 multo
3412 5100 3533 5161 post
3561 5107 3694 5149 mss.

2111 5166 2238 5230 duo,
2266 5164 2462 5217 actuari
2482 5162 2676 5216 saeculi.

2186 5213 2469 5287 i“ltili-tiret
2487 5213 2650 5285 Colb.
2674 5229 2895 5299 primus,
2922 5213 3323 5299 vetutancltorw
3350 5229 3519 5284 dente.
3544 5231 3696 5288 Alter
3784 5233 3793 5285 ‘-.

2112 5303 2293 5370 Colb.,
2322 5303 2458 5357 velut
2478 5297 2734 5370 anchorae
2762 5298 2930 5370 dente.
2963 5297 3143 5352 Codex
3193 5306 3409 5367 noster,
3440 5300 3577 5354 velut
3599 5320 3697 5357 au-
3790 5312 3795 5319 ‘

2112 5368 2484 5428 choraedente.
2518 5369 2754 5435 Quarum
2800 5368 3089 5423 lectionum
3127 5382 3247 5437 quze
3275 5370 3452 5439 aptior
3478 5371 3548 5425 sit
3576 5388 3695 5426 mas

2070 5504 2081 5509 _
2110 5444 2296 5512 gisque
2331 5443 2523 5507 idonea
2544 5439 2722 5512 dicere
2754 5453 2859 5491 non
2882 5453 3054 5512 queo;
3079 5454 3199 5492 cum
3226 5454 3511 5512 omnese}:
3537 5457 3694 5512 mque

2114 5507 2378 5581 corruptae
2407 5524 2532 5585 esse
2553 5508 2837 5585 videantur
2869 5526 2881 5559 :
2917 5507 3044 5585 illud
3068 5516 3245 5562 tamen
3270 5509 3484 5585 _Basilii,
3510 5507 3695 5585 ibo-frg!)

2114 5585 2194 5637 ἐπ’
2240 5576 2463 5651 antepag-
2503 5578 2735 5651 sicut“,
2768 5576 2893 5651 dum
2934 5579 3085 5644 lego,
3136 5578 3380 5651 suspicor
3419 5576 3697 5651 scripsisse

2116 5646 2450 5705 Eustathium
2493 5646 2623 5699 velut
2656 5648 2882 5701 anchora
2914 5656 3101 5713 stante,
3122 5647 3200 5701 sic
3221 5655 3277 5699 ut
3303 5658 3448 5701 stans
3478 5646 3616 5705 idem
3645 5649 3696 5705 ei

2114 5722 2274 5775 fuerit
2302 5718 2444 5787 quod
2468 5714 2690 5769 stabilis.
3256 5728 3271 5747 ι
