4192 6258
549 264 652 321 ωδ
1285 297 1289 301 ›
1528 253 1594 307 -.'
1635 272 1641 279 -
1986 259 2346 319 susnrun
2546 260 2553 263 ·
2850 246 2859 256 ’
3715 262 3814 319 ou

551 381 859 451 signiﬁcans
875 396 935 439 se
962 380 1191 447 venisse,
1218 361 1613 451 provocateam
1631 374 1701 431 de
1723 373 1991 446 profundo
2009 388 2127 429 ma-
2152 374 2201 435 Δ
2228 374 2374 429 circo
2394 386 2645 442 magnum
2663 372 2879 436 dicitur,
2902 371 2998 427 sed
3024 371 3151 440 quia
3180 376 3518 425 immanitate
3547 336 3815 425 membro.

552 474 646 541 ris,
668 474 735 530 ad
753 473 1083 535 consortium
1106 469 1690 543 nuptiale/procedere,
1705 482 1826 538 quae
1847 481 1974 523 mox
2000 465 2133 523 οδες
2232 480 2375 532 rum,
2399 465 2670 521 montibus
2697 470 3008 533 wmquatur
3026 461 3274 529 excelsis,
3304 460 3451 531 quod
3477 460 3645 516 etiam
3676 477 3819 532 δωρθ

549 569 708 627 diens
734 569 1020 639 copulatur
1045 567 1117 623 ei.
1149 564 1287 635 Quid
1316 565 1477 634 igitur
1502 563 1607 619 iste
1635 576 1817 618 sermo
1836 559 2133 617 desiderat?

552 660 678 733 quia
698 660 825 716 licet
850 666 907 714 et
925 672 1087 728 asper
1110 657 1182 713 sit
1207 656 1291 712 vir
1309 663 1365 711 et
1396 654 1638 711 moribus
1664 653 1928 708 habeatur
1952 649 2132 706 immi-

552 753 645 817 tis,
674 751 817 808 hunc
841 758 1020 805 tamen
1046 764 1186 804 uxor
1226 747 1372 805 ferre
1396 744 1705 803 necessario
1744 742 1926 810 debet,
1972 741 2135 798 nullis

555 844 931 902 occasionibus
949 849 1279 900 contractam
1301 840 1472 898 semel
1498 838 1755 896 dirimens
1772 835 2131 895 eiectionem.

556 937 627 992 At
644 952 775 992 vero
791 936 927 992 dicis
954 935 1103 991 illum
1123 932 1435 990 iracundum
1462 947 1583 988 esse
1608 930 1695 986 vel
1720 929 2011 995 crudelem,
2040 927 2137 984 sed

552 1029 781 1084 maritus
798 1034 915 1093 est;
937 1026 1267 1082 vinolentum
1282 1064 1298 1090 ,
1330 1024 1424 1081 sed
1447 1022 1768 1094 coniunctus
1805 1021 1904 1078 tibi
1931 1028 2014 1077 est
2038 1036 2139 1092 per

555 1123 833 1181 naturam;
864 1115 1056 1170 durum
1083 1122 1141 1171 et
1167 1112 1559 1186 implacabilem
1576 1152 1594 1182 ,
1638 1109 1734 1168 sed
1777 1110 2021 1182 corporis
2058 1109 2138 1165 tui

557 1219 684 1277 pars
703 1206 933 1261 habetur
955 1205 1265 1275 pretiosior.

627 1298 680 1353 6.
700 1299 904 1354 Audiat
929 1307 986 1355 et
1010 1299 1236 1354 maritus
1254 1306 1545 1366 congruam
1572 1293 1675 1354 sibi
1692 1293 2138 1351 admonitionem.

560 1385 753 1459 Vipera
776 1388 1089 1459 pestiferum
1117 1388 1265 1443 virus
1291 1387 1496 1443 evomit
1522 1385 1775 1458 nuptialis
1801 1399 1961 1441 causa
1988 1398 2143 1440 reve-

558 1479 778 1543 rentiae;
812 1486 870 1532 tu
885 1479 1153 1534 feritatem
1180 1476 1366 1543 animi,
1397 1484 1454 1531 et
1476 1475 1888 1531 amaritudinem
1913 1488 2023 1530 non
2042 1470 2142 1527 de-

558 1568 736 1643 ponis,
764 1575 987 1622 coactus
1015 1566 1222 1637 pudore
1245 1564 1519 1634 coniugii?
1550 1563 1713 1619 Forte
1739 1571 1920 1618 autem
1945 1561 2143 1632 viperae

560 1655 716 1715 nobis
743 1655 1049 1725 exemplum
1076 1654 1211 1710 alias
1236 1654 1401 1710 etiam
1438 1652 1770 1725 reperiemus
1792 1665 1915 1707 esse
1939 1664 2141 1707 conve-

2233 565 2454 629 putatur
2474 571 2593 637 esse
2638 555 2830 621 insula,
2877 569 3001 611 cum
3025 569 3086 610 se
3131 553 3199 609 ad
3227 562 3477 633 summas
3508 551 3687 609 undas
3714 552 3822 610 leni

2233 657 2421 706 natatu
2448 648 2744 705 sustulerit.
2773 646 2889 703 Hoc
2915 654 3094 701 tamen
3136 661 3244 701 non
3273 645 3326 700 in
3351 645 3623 701 littoribus
3654 645 3821 700 usita-

2234 728 2323 806 tis,
2354 742 2524 797 autin
2552 741 2688 797 locis
2727 739 3104 795 habitabiiibus
3130 737 3446 802 diversatur,
3492 738 3589 794 sed
3612 737 3637 776 δ
3683 739 3823 794 anti-

2234 838 2399 904 quum
2425 841 2650 905 pontum
2694 831 2865 888 fertur
2908 831 3164 887 incolere;
3200 829 3358 886 Tales
3381 830 3545 900 igitur
3571 830 3640 885 ad
3671 831 3825 886 incu-

2236 926 2473 983 tiendum
2509 925 2665 981 nobis
2693 925 2941 980 timorem
2980 931 3143 992 atque
3171 928 3435 978 terrorem
3471 921 3667 978 bellua:
3695 932 3824 980 sunt

2236 1019 2499 1075 formatae.
2543 1019 2679 1074 Cum
2718 1032 2849 1073 vero
2888 1014 3142 1084 audieris,
3168 1015 3293 1085 quia
3349 1030 3514 1072 naves
3548 1015 3827 1085 ingentes,

2237 1109 2357 1164 sinu
2385 1115 2653 1164 tumentes
2680 1106 2941 1172 velorum,
2963 1110 3237 1176 ventoque
3254 1119 3515 1175 prospero
3529 1106 3825 1162 volitantes

2238 1199 2293 1255 in
2326 1198 2517 1269 pelago
2546 1197 2707 1269 piscis
2733 1195 3077 1254 tenuissimus
3104 1196 3177 1251 ita
3215 1196 3454 1252 retardat
3500 1212 3566 1252 ac
3601 1197 3825 1261 retinet,

2237 1299 2300 1347 ut
2325 1290 2526 1346 diutius
2544 1287 2846 1345 efﬁciantur
2864 1287 3188 1352 immobiles,
3203 1288 3351 1343 velut
3368 1287 3692 1359 quibusdam
3716 1288 3825 1342 fut:—

2240 1379 2377 1435 data:
2402 1378 2668 1436 radicibus
2694 1379 2745 1433 in
2759 1375 3028 1449 profundo
3058 1394 3073 1432 :
3114 1378 3294 1434 ncune
3331 1386 3387 1434 et
3414 1393 3510 1449 per
3540 1387 3565 1417 ε
3596 1379 3707 1435 hoc
3727 1380 3821 1433 tni.

2243 1470 2444 1528 nimum
2472 1470 2671 1526 animal
2706 1468 2899 1524 divime
2925 1469 3138 1524 virtutis
3157 1469 3387 1540 accipies
3412 1469 3822 1526 documentum!

2242 1563 2428 1633 Neque
2445 1563 2589 1619 enim
2609 1561 2757 1618 solus
2778 1562 2926 1617 canis
2953 1569 3047 1616 aut
3067 1558 3247 1629 xiﬁus,
3271 1569 3365 1616 aut
3400 1561 3609 1616 balaena
3633 1562 3821 1617 formi~

2243 1656 2430 1712 dolosa
2455 1662 2570 1721 est;
2594 1654 2688 1710 sed
2716 1653 2877 1709 etiam
2903 1653 3193 1724 pastinaca:
3240 1653 3478 1720 aculeus,
3527 1653 3545 1691 ί
3586 1662 3643 1709 et
3674 1662 3826 1715 certe

554 1747 733 1812 «tiens,
760 1746 891 1816 quia
913 1745 1084 1815 magis
1111 1743 1434 1800 adulterium
1478 1752 1684 1799 natura:
1711 1741 1841 1799 facit
1866 1741 2029 1798 coitio
2052 1739 2138 1798 vi-
2166 1732 2215 1795 Β
2243 1748 2527 1817 defunctae,
2572 1747 2832 1817 lepusque
2859 1745 3115 1809 marinus,
3156 1745 3275 1816 pari
3288 1745 3498 1800 timore
3526 1753 3819 1812 caventur;

558 1855 707 1909 perte
735 1855 856 1894 cum
883 1852 1140 1893 muraena.
1171 1837 1587 1907 Recognoscant
1612 1836 1795 1905 igitur,
1834 1835 1929 1906 qui
1955 1833 2147 1890 alienis

559 1929 917 1986 matrimoniis
938 1928 1156 1984 insidias
1180 1936 1394 1999 parant,
1421 1927 1568 1998 quali
1612 1927 1799 1983 bestia
1825 1939 2149 1997 comparan-

559 2031 667 2076 tur.
698 2021 884 2091 itaque
911 2036 1079 2077 unum
1105 2029 1190 2076 est
1208 2034 1422 2091 semper
1440 2018 1799 2090 propositum,
1828 2030 1936 2085 quo
1979 2015 2151 2085 possit

562 2110 805 2169 Ecclesia
835 2110 1121 2167 fabricari:
1152 2118 1211 2167 et
1234 2110 1307 2166 ob
1329 2110 1434 2166 hoc
1458 2110 1667 2175 hortor,
1695 2114 1758 2164 ut
1781 2115 1997 2164 cessent
2023 2107 2146 2163 libi-

560 2201 715 2257 dines
739 2200 1124 2269 ﬂagitiosorum
1162 2199 1386 2256 marinis
1409 2199 1672 2269 exemplis
1709 2206 1766 2254 et
1803 2197 2150 2254 terrestribus

561 2293 906 2362 castigandae.
936 2292 1035 2348 Hie
1054 2307 1143 2348 me
1169 2307 1476 2348 sermonem
1497 2299 1758 2358 statuere,
1789 2299 1898 2347 tam
1927 2305 2147 2361 vesper-

562 2386 734 2441 tinum
762 2394 995 2456 tempus,
1036 2399 1199 2454 quam
1232 2384 1482 2455 corporis
1506 2384 1653 2453 cogit
1681 2382 1984 2439 infirmitas.
2014 2381 2148 2437 Nam

563 2475 716 2546 plura
745 2474 921 2532 forent
939 2489 1061 2545 qua:
1074 2483 1101 2513 ι
1128 2475 1381 2531 tractatui
1397 2474 1718 2530 deberemus
1738 2473 1990 2545 adjicere,
2012 2488 2151 2546 pra-

557 2566 753 2626 sertim
779 2582 901 2622 cum
943 2565 1169 2621 studiosi
1195 2565 1305 2621 sint
1329 2563 1624 2632 auditores,
1654 2572 1712 2620 et
1738 2578 1902 2636 super
1928 2565 2010 2619 bis
2030 2577 2150 2633 qua:

564 2659 619 2716 in
659 2660 793 2716 mari
819 2651 1131 2724 nascuntur,
1185 2657 1541 2714 admiratione
1579 2656 1927 2727 dignissimis,
1958 2657 2043 2712 vel
2080 2657 2150 2713 de

538 2755 688 2823 .ipso
716 2753 851 2809 mari
868 2792 884 2818 ,
913 2752 1186 2823 quomodo
1214 2766 1352 2822 aqua
1381 2750 1498 2822 ejus
1519 2751 1731 2821 gelatur
1763 2750 1818 2805 in
1846 2750 2030 2814 salem,
2062 2746 2147 2805 vel

564 2844 835 2915 quomodo
855 2843 993 2914 lapis
1012 2842 1103 2898 ille
1125 2843 1416 2913 pretiosus,
1437 2841 1531 2911 qui
1549 2840 1802 2896 corallius
1821 2840 2149 2905 nominatur,

561 2935 728 2995 herba
756 2943 841 2991 est
866 2935 994 3004 dum
1022 2935 1252 2990 habetur
1278 2934 1333 2989 in
1362 2933 1584 3004 pelago,
1625 2941 1913 3003 postquam
1935 2946 2066 2987 vero
2093 2930 2147 2986 in

564 3040 742 3081 aerem
773 3026 935 3080 fuerit
963 3025 1085 3081 inde
1117 3026 1342 3093 educta,
1373 3040 1500 3081 mox
1528 3032 1768 3080 mutatur
1804 3025 1859 3079 in
1886 3024 2139 3096 lapidem.

2247 1838 2672 1895 indeclinabilem
2701 1836 3039 1907 celeremque
3065 1834 3334 1906 portando
3358 1836 3657 1906 perniciem.
3689 1836 3821 1903 Qua

2246 1928 2468 1985 eum'ita
2490 1929 2617 1994 sint,
2634 1927 2824 1983 maluit
2843 1935 2896 1982 te
2915 1925 3257 1997 providentia
3286 1925 3591 1981 Conditoris
3609 1942 3825 1998 semper

2247 2037 2366 2078 esse
2392 2021 2705 2094 pervigilem
2747 2038 2760 2074 :
2803 2027 3069 2090 quatenus
3115 2019 3168 2074 in
3197 2034 3322 2075 eum
3350 2017 3554 2085 ﬁdens,
3602 2028 3830 2079 cunctas

2247 2112 2471 2170 subinde
2499 2110 2689 2167 noxias
2708 2117 2888 2183 pestes
2925 2108 3164 2179 eﬂ‘ugias.
3197 2109 3304 2165 Sed
3344 2108 3455 2179 jam
3501 2109 3570 2165 de
3616 2111 3831 2180 gurgite

2245 2205 2437 2281 pelagi.
2463 2210 2764 2259 remeantes
2801 2209 3137 2258 revertamur
3181 2200 3250 2256 ad
3296 2208 3513 2256 terram.
3544 2201 3679 2256 Nam
3724 2203 3829 2258 alia

2247 2297 2402 2353 nobis
2421 2311 2491 2351 ex
2519 2294 2637 2349 aliis
2684 2292 3017 2349 occurrentia
3046 2299 3310 2347 creatura:
3354 2291 3637 2359 miracula,
3681 2294 3831 2351 velut

2247 2387 2463 2459 quidam
2493 2383 2685 2441 ﬂuctus
2704 2383 2909 2440 crebris
2953 2383 3285 2452 alternisque
3308 2383 3696 2453 jactationibus
3727 2401 3829 2440 no-

2244 2486 2417 2535 strum
2446 2478 2786 2533 submersere
2821 2491 3147 2533 sermonem.
3179 2474 3249 2530 Et
3276 2486 3303 2524 8
3329 2490 3463 2532 sane
3492 2478 3749 2542 mirabor.
3781 2480 3831 2535 si

2249 2586 2359 2626 non
2389 2585 2578 2625 sensus
2598 2576 2782 2624 noster
2809 2568 2985 2623 causis
3024 2567 3416 2635 ingentioribus
3440 2578 3740 2640 occupatus
3775 2571 3829 2627 in

2248 2671 2446 2719 terram
2470 2661 2670 2728 denuo,
2692 2662 2831 2733 sicut
2849 2658 3012 2715 Jonas
3031 2660 3085 2715 in
3108 2675 3254 2715 mare
3277 2660 3526 2728 refugiat.
3555 2661 3829 2728 Quamob-

2247 2773 2361 2813 rem
2393 2756 2603 2811 videtur
2630 2753 2759 2810 mihi
2788 2752 3164 2824 disputationis
3192 2752 3364 2810 series
3398 2760 3618 2820 nostrae,
3642 2753 3827 2809 multis

2250 2850 2481 2919 implexa
2509 2847 2889 2903 miraculorum
2917 2846 3179 2912 millibus,
3215 2862 3279 2902 ac
3304 2862 3414 2903 suae
3443 2847 3831 2903 mediocritatis

2250 2939 2437 3005 oblita,
2469 2938 2657 2993 similis
2686 2953 2806 2993 esse
2836 2924 3206 3007 navigantibus
3234 2937 3288 2992 in
3310 2936 3449 3003 alto,
3481 2938 3573 3006 qui
3602 2937 3671 2992 ad
3712 2953 3832 2993 cer-

2250 3041 2364 3090 tum
2387 3031 2562 3087 locum
2592 3045 2804 3086 cursum
2820 3028 3040 3085 minime
3059 3027 3367 3098 dirigentes,
3387 3028 3636 3097 ignorant
3661 3044 3833 3098 quan-

563 3113 661 3169 νει
688 3113 831 3169 unde
861 3114 1132 3170 vilissimis
1157 3115 1508 3171 animantium
1548 3116 1771 3181 ostreis,
1796 3094 2142 3185 margaritam
2169 3094 2216 3158 (δ
2244 3132 2357 3179 tum
2384 3121 2544 3193 spatii
2564 3114 2876 3176 velificando
2898 3094 3219 3190 pel-egerint.
3250 3094 3614 3189 Quod'ntiqne
3644 3094 3832 3176 nostro

562 3205 734 3275 pretio
761 3218 977 3271 gravem
1007 3212 1197 3258 natura
1226 3206 1473 3275 subjicit,
1513 3214 1576 3261 ut
1615 3221 1737 3261 eam
1782 3221 1944 3276 quam
1987 3220 2142 3276 reges

561 3308 893 3365 magnopere
918 3295 1246 3361 desiderant,
1276 3312 1376 3367 per
1402 3297 1553 3351 littus
1594 3306 1651 3352 et
1693 3312 1912 3368 asperas
1956 3308 2141 3355 cautes

559 3394 698 3443 testa
752 3386 1014 3443 inclusam
1064 3386 1304 3454 concha,
1353 3402 1561 3458 pauper
1595 3388 1836 3459 piscator
1878 3390 2138 3446 inveniat.

496 3554 501 3559 _
559 3476 715 3541 Unde
740 3491 989 3535 aurosam
1010 3476 1190 3533 lanam
1217 3477 1499 3535 maritima
1526 3479 1769 3535 nutriunt
1810 3481 2018 3551 pinnae;
2052 3480 2141 3537 vel

559 3570 701 3633 unde
728 3584 1020 3641 purpuram
1047 3570 1315 3626 conchilia
1354 3570 1660 3627 ministrant
1709 3572 2139 3644 imperatoribus,

556 3677 679 3733 qua:
707 3662 900 3718 ﬂorum
928 3663 1168 3719 omnium
1200 3663 1674 3733 pulchritudinem,
1702 3673 1985 3723 venustate
2010 3682 2142 3739 pro-

557 3753 664 3824 prii
691 3753 890 3811 coloris
916 3762 1226 3825 exsuperat.
1254 3754 1282 3794 δ
1308 3753 1546 3826 Ejt'ct'attt
1572 3756 1740 3830 aqua.
1764 3756 1904 3825 Quid
1925 3772 2033 3815 non
2057 3774 2147 3816 ne-

554 3847 851 3902 cessarium
879 3844 1078 3902 factum
1118 3846 1239 3901 est?
1266 3854 1363 3901 aut
1381 3846 1510 3917 quid
1553 3862 1662 3905 non
1707 3851 1990 3920 optimum,
2021 3852 2145 3913 vita:

556 3945 758 3992 nostra:
776 3936 1035 3992 collatum
1062 3937 1183 3992 est?
1211 3952 1443 4007 quorum
1464 3952 1592 4008 pars
1626 3939 1938 3996 ministeriis
1964 3942 2144 3997 homi-

558 4042 689 4083 num
729 4026 962 4097 prolicit,
994 4027 1100 4082 alia
1126 4027 1236 4082 sibi
1256 4028 1640 4099 contemplatio
1670 4029 1932 4087 mirabilis
1970 4033 2146 4089 vindi-

558 4124 648 4171 cat
671 4125 950 4173 creaturis.
984 4116 1252 4174 Nonnulla
1278 4118 1564 4185 terribilia,
1589 4133 1709 4188 qua:
1728 4129 1968 4177 nostram
1996 4123 2145 4178 scili-

558 4216 648 4263 cet
665 4208 925 4265 desidiam
971 4217 1307 4265 coercerent.
1338 4208 1489 4265 Fecit
1515 4210 1657 4265 Deus
1688 4220 1826 4267 cetos
1858 4224 1879 4253 ο
1904 4229 2144 4284 magnos,

556 4310 668 4355 non
688 4314 818 4356 vero
844 4299 971 4369 quia
988 4298 1057 4357 ab
1079 4300 1199 4355 aliis
1217 4300 1465 4371 piscibus
1480 4302 1689 4370 exiguis
1729 4303 1904 4373 majus
1931 4311 2033 4370 est,
2066 4305 2148 4362 id-

610 4546 653 4583 ⁷³
693 4543 854 4608 Editi,
881 4541 1087 4595 tractui.
1111 4539 1256 4595 Libri
1276 4549 1510 4605 veteres,
1543 4544 1806 4599 tractatui.

627 4614 656 4698 ’τ
694 4612 854 4698 Ξιὲῑξέν
874 4610 1090 4698 effe?!
1110 4626 1275 4683 αηαω·
1308 4611 1378 4698 Α*
1403 4611 1698 4697 “namss-1
1719 4614 1932 4698 εἰίάςηι

2242 3214 2477 3270 sermoni
2506 3211 2821 3282 provenisse
2848 3210 3193 3282 probavimus
3210 3252 3225 3278 ,
3256 3210 3349 3280 qui
3393 3210 3521 3266 dum
3544 3227 3643 3283 per
3670 3228 3825 3267 crea-

2239 3312 2374 3360 tura:
2400 3303 2645 3357 tramites
2673 3301 2831 3356 latius
2859 3309 3145 3371 evagatur,
3175 3301 3569 3357 multitudinem
3619 3303 3826 3359 relato-

2241 3408 2362 3450 rum
2384 3408 2545 3449 sensu
2574 3407 2682 3447 non
2710 3390 2956 3462 percipit.
2983 3387 3090 3446 Sed
3134 3405 3441 3461 quanquam
3485 3392 3556 3446 sit
3602 3392 3827 3463 cupidus

2243 3483 2492 3541 audiendi
2520 3492 2691 3540 coetus
2718 3482 3026 3549 astantium,
3044 3480 3538 3552 jucundissimaque
3575 3483 3822 3539 cordibus

2243 3590 2430 3632 eorum
2457 3574 2703 3629 videatur
2738 3572 3128 3628 dominicorum
3182 3572 3419 3626 narratio
3466 3573 3821 3639 tnirabilium;

2244 3677 2426 3725 tamen
2454 3667 2547 3724 hic
2566 3664 2727 3722 linem
2752 3665 2978 3721 facimus
3005 3664 3323 3728 disserendi,
3346 3666 3593 3736 sequenti
3629 3665 3718 3721 dic
3736 3681 3825 3721 rc-

2246 3761 2398 3817 sidua
2425 3759 2626 3815 fenoris
2653 3757 2898 3815 soluturi.
2928 3755 3080 3811 Nunc
3101 3770 3228 3811 vero
3247 3755 3401 3811 simul
3424 3771 3607 3810 otnnes
3619 3756 3819 3825 gratias
3927 3750 3935 3759 ’

2245 3864 2409 3924 super
2425 3851 2509 3907 his
2527 3866 2648 3921 qua:
2666 3849 2808 3905 dicta
2828 3856 2953 3904 sunt
2972 3847 3264 3903 referamus
3282 3865 3295 3901 :
3321 3853 3371 3901 et
3388 3845 3816 3923 supplementum

2247 3959 2434 4001 eorum
2457 3957 2575 4012 qua:
2595 3941 2770 3996 minus
2788 3938 3157 4009 explicuimus,
3182 3937 3528 4015 postulemus,
3551 3936 3825 4007 iaciatque

2249 4052 2348 4093 nos
2376 4036 2516 4090 inter
2543 4034 2687 4104 ipsas
2710 4032 2898 4103 epulas
2926 4030 3194 4087 reminisci
3212 4069 3227 4093 ,
3257 4044 3379 4099 qua:
3407 4027 3491 4083 vel
3520 4043 3706 4095 mane,
3736 4020 3827 4084 vel

2248 4125 2314 4180 ad
2340 4138 2619 4194 vesperam
2668 4130 2853 4177 noster
2897 4120 3088 4176 allatus
3135 4120 3486 4192 exprompsit,
3528 4134 3827 4188 eorumque

2246 4213 2560 4270 memoriam
2601 4211 2871 4268 cohaerere
2900 4211 3070 4277 vobis,
3101 4211 3263 4264 etiam
3289 4224 3409 4265 cum
3438 4225 3630 4264 somno
3667 4208 3827 4278 quie-

2252 4306 2416 4373 scitis,
2431 4312 2487 4361 ct
2502 4305 2820 4361 suavitatem
2844 4317 3004 4373 quam
3031 4300 3265 4357 interdiu
3290 4299 3824 4376 pereepistis,‘noctia

2158 4549 2211 4610 Β
2236 4550 2365 4621 quin
2412 4549 2666 4606 mendum
2704 4547 2793 4621 sit
2830 4546 3209 4621 librariorum,
3231 4543 3466 4621 qui_pro
3505 4540 3828 4621 attendente

2234 4610 2565 4690 scripserunt
2603 4620 2871 4690 ntttt'qttttm
2913 4616 3218 4690 Gneee,__-_ré
3245 4610 3609 4690 firmum.
3632 4610 3827 4690 Statim

630 4697 653 4725 ο
692 4678 856 4749 Editi,
885 4678 1023 4755 cetos
1045 4678 1259 4755 magnos
1277 4697 1383 4737 non
1408 4684 1584 4746 uariis,
1615 4678 1987 4755 quiafambaris
2007 4678 2134 4743 'aft't'a
2200 4713 2212 4720 -
2233 4678 2387 4745 Coll).
2418 4678 2740 4752 secundus,'
2766 4696 3030 4741 tumentes.
3073 4678 3176 4738 Alii
3227 4682 3335 4740 duo
3389 4696 3518 4736 mss.
3561 4688 3617 4736 et
3671 4678 3825 4748 editi,

553 4755 801 4828 piscibus,
818 4767 930 4822 quo
950 4749 1083 4828 nihil
1092 4749 1328 4828 ineptius
1347 4767 1582 4828 unquam
1606 4749 1932 4828 vidi._Nihilo
1947 4771 2126 4812 emen-

552 4819 792 4895 datiores
816 4819 944 4895 sunt
974 4819 1108 4887 libri
1144 4819 1360 4895 veteres
1384 4819 1700 4881 Golbertini.
1727 4824 1914 4883 Codex
1945 4835 2132 4883 noster

553 4894 786 4954 secunda
803 4892 1021 4964 quidem
1038 4906 1220 4964 manu,
1241 4891 1339 4964 sed
1358 4896 1583 4964 antiqua
1604 4902 1781 4951 tamen
1797 4935 1813 4961 ,
1838 4896 1919 4952 sic
1945 4896 2126 4964 habet,

2233 4768 2474 4814 tumente.

2308 4839 2332 4867 ι·
2362 4828 2507 4885 Libri
2534 4831 2797 4899 tntpressi.
2822 4837 2875 4899 et
2892 4828 2994 4899 ‘hoc
3021 4826 3430 4899 permittitntmt:
3447 4822 3515 4899 ᾼι
3540 4835 3671 4899 mss.
3694 4819 3827 4885 duo,

2229 4907 2297 4952 et
2417 4900 2510 4954 hoc
2539 4891 2827 4954 minimum.
2859 4897 2981 4952 Mox
3009 4891 3158 4960 editi,
3188 4894 3385 4964 xipt’us.
3411 4891 3552 4947 Libri
3583 4900 3822 4957 veteres,

2229 4916 2405 5040 (ci/Eg.
2435 4969 2494 5040 in
2515 4970 2721 5040 Graeco,
2753 4972 2934 5040 ξιφίας.
3386 5033 3398 5040 _
3442 5033 3458 5040 Δ
3566 5039 3571 5040 7

554 4982 673 5041 non
693 4961 957 5041 ceraunia
995 4961 1060 5041 ob
1087 4962 1458 5041 aliis-piscibus
1495 4961 1717 5041 exiguis,
1758 4973 1868 5021 etc.
1906 4964 1976 5020 Et
2009 4961 2129 5023 haec
2226 4961 2409 5041 (ci/ius;
2433 4969 2729 5041 lniGrte‘co,
2753 4972 2934 5041 ξιφίας.

555 5036 715 5103 lectio
737 5033 902 5091 videri
918 5040 1113 5104 potest
1130 5033 1449 5104 quibusdam
1477 5033 1735 5104 mendosa
1756 5048 1972 5104 quoque
1990 5051 2129 5092 esse:

556 5120 654 5227 ego
685 5114 862 5159 tamen
891 5099 1047 5183 aliter
1074 5099 1164 5156 de'
1181 5117 1245 5157 ea
1279 5101 1484 5172 judico.
1518 5099 1656 5158 Puto
1700 5099 1860 5170 igitur
1885 5099 2132 5161 voculam

554 5189 587 5225 α
645 5175 751 5230 hoc
770 5173 890 5228 loco
919 5170 1060 5227 idem
1087 5171 1266 5227 valere
1292 5172 1436 5230 quod
1457 5171 1705 5227 voculam
1730 5188 1862 5230 nne.
1888 5173 1990 5230 hac
2008 5189 2129 5230 sen-

554 5186 628 5244 ae
645 5186 751 5235 nec
770 5186 890 5228 loco
919 5186 1060 5227 idem
1087 5186 1266 5227 valere
1292 5186 1436 5241 quoa
1457 5186 1705 5227 vocutam
1730 5188 1862 5243 pm,
1888 5186 1990 5230 nae
2008 5189 2129 5230 sen-

553 5243 720 5313 tentia
745 5260 758 5294 :
791 5240 969 5313 Magni
996 5242 1173 5313 pisces
1190 5241 1440 5313 dicuntur
1457 5240 1645 5313 magni
1657 5256 1767 5297 non
1790 5244 2136 5313 pmiexiguis

593 5311 806 5373 iscibus,
833 5310 927 5365 sed
954 5310 1097 5378 quod
1117 5310 1319 5366 similes
1344 5316 1472 5365 sunt
1485 5312 1745 5364 montium
1773 5310 2130 5369 excelsorum.

598 5380 880 5449 articulant
906 5386 1084 5433 autem
1111 5379 1176 5433 ab
1227 5379 1517 5449 aliquando
1554 5379 1694 5449 sumi
1711 5394 1840 5449 ,pro
1866 5382 2130 5448 particula

554 5395 878 5448 rarttcutam
906 5395 1084 5433 autem
1111 5395 1176 5433 an
1227 5395 1517 5449 aliquando
1554 5395 1727 5446 sumi,
1779 5395 1840 5435 ro
1866 5395 2127 5448 particula

552 5465 664 5520 pra:
699 5447 1030 5520 notissimum
1053 5456 1138 5520 est
1166 5449 1249 5504 vel
1275 5464 1343 5520 ex
1373 5449 1532 5520 Luca,
1551 5448 1705 5517 cujus
1725 5395 1850 5505 inuti
1878 5458 1965 5520 est
1984 5466 2127 5515 xvm,

556 5516 623 5574 Η
652 5537 666 5584 ξ
698 5517 829 5589 Dico
857 5516 1013 5589 uobis,
1062 5518 1322 5573 descendit
1354 5520 1433 5573 hic
1469 5516 1785 5589 justiﬁcattts
1823 5521 1873 5572 in
1923 5518 2127 5574 domum

554 5592 701 5659 mea;
722 5588 786 5644 ab
814 5588 924 5653 illo,
940 5588 1044 5643 boe
1065 5597 1146 5643 est
1171 5606 1281 5659 pm'
1309 5589 1416 5643 illo.

2317 5038 2350 5110 fr
2369 5038 2508 5094 Editi
2537 5046 2593 5094 et
2617 5027 2776 5096 Colb.’
2803 5027 3039 5110 primus1
3065 5044 3115 5110 et
3154 5033 3641 5110 _ccrl¢e__dcfuttct_nz_.
3673 5027 3831 5110 Alter

2238 5105 2417 5172 Colb.,
2448 5119 2498 5181 et
2522 5125 2663 5164 ceres
2691 5099 2966 5180 defu'ttctw.
2993 5105 3385 5181 AS_cd_librarii,
3423 5099 3516 5181 Qui
3560 5100 3693 5180 falso
3716 5099 3830 5181 sibi

2238 5179 2633 5246 persuasissent
2660 5173 2961 5234 seriuonent
2993 5177 3078 5232 hie
3105 5176 3173 5231 de
3212 5191 3356 5232 novo
3388 5173 3566 5246 aliquo
3597 5173 3829 5246 piieiuzn

2237 5237 2436 5314 genere
2461 5248 2686 5311 institui,
2720 5247 2918 5303 nodum
2966 5248 3017 5301 in
3066 5246 3246 5316 scirpo
3282 5237 3629 5316 qutesientttt.
3656 5237 3829 5293 Vetus

2239 5309 2426 5388 noster
2449 5317 2639 5388 codex,
2667 5309 2717 5371 et
2743 5327 2879 5388 certe
2904 5309 3193 5388 defuncta;
3213 5309 3315 5371 hoc
3355 5320 3437 5369 est
3466 5323 3515 5367 et
3558 5309 3828 5379 dettmrsn:

2184 5438 2187 5441 λ
2238 5386 2436 5458 tuique.
2448 5384 2677 5458 Legitur
2697 5388 2836 5458 apud
2861 5384 3114 5458 Basilina)
3132 5428 3148 5452 ,
3179 5390 3262 5442 καὶ
3290 5388 3481 5444 ταύτης
3503 5388 3701 5458 agape;

2310 5432 2341 5498 έ
2363 5432 2671 5525 Εάίιὶ,”(ιιιὸα
2693 5432 2835 5511 stltus.
2870 5456 3010 5511 Libri
3033 5432 3261 5518 veteres,
3288 5464 3335 5509 et
3358 5432 3500 5525 mi}.
3530 5432 3825 5525 Aliquanto

2238 5533 2360 5593 post
2386 5526 2511 5579 editi
2531 5519 2759 5581 e'tllolb.
2787 5527 3023 5593 primus,
3057 5528 3123 5579 ad
3162 5537 3355 5580 certum
3398 5523 3562 5578 locttm
3606 5519 3825 5593 minimc

2236 5589 2533 5663 dirigentes.
2587 5595 2733 5649 Alter
2770 5589 2946 5657 Colb.,
2997 5598 3067 5648 ad
3109 5606 3301 5650 (crtum
3356 5610 3556 5648 rursum
3603 5589 3822 5661 minime

620 5654 817 5730 .d’Edi“
839 5668 893 5714 θί
922 5673 1074 5728 ηιιεον
1116 5653 1377 5726 ίυίίίφηιηι
1409 5666 1649 5727 Ινοκιυηυ
1684 5658 1776 5714 sed
1800 5674 1906 5714 non
1937 5659 2124 5716 dubito
2233 5653 2527 5735 dirigentes.
2564 5664 2720 5719 Liber
2748 5653 3101 5722 nostervetus
3129 5668 3203 5720 uti
3226 5667 3278 5722 in
3300 5673 3575 5721 contextu.
