4192 6258
350 331 454 388 945

1323 323 1718 381 HEXAEMERI
1759 324 2234 380 METAPHRASIS
2276 325 2472 382 LIBER
2507 313 2643 382 'Vlll.

3522 329 3623 384 εδιῦ

351 458 565 515 quoque
586 443 856 498 ruminare
882 451 1150 510 tempore;
1185 448 1242 492 ut
1273 440 1344 492 ita
1372 439 1529 493 liceat
1563 439 1712 493 vobis
1731 439 1928 504 dicere,
1969 449 2009 505 Α
2042 453 2157 503 nor,
2212 455 2350 492 nunc
2409 448 2460 492 et
2511 451 2760 508 semper,
2817 446 2869 492 et
2931 439 3218 493 iti‘smcula
3284 439 3602 496 saeculorum

353 533 467 607 Ego
497 535 694 588 dormio
723 542 771 586 et
799 550 886 586 cor
905 548 1070 586 meum
1097 530 1275 612 vigilat
1320 527 1502 599 (Cant.
1534 545 1563 581 v
1582 568 1594 592 ,
1629 527 1691 611 9.1)
1711 571 1725 590 ,
1759 528 1929 584 Inedi-

353 625 520 682 tando
548 625 635 682 die
656 633 926 695 noctuque
954 624 1125 692 legem
1154 621 1387 688 Domini,
1416 622 1500 676 cui
1541 621 1710 688 gloria
1751 629 1806 674 ct
1835 623 1932 676 ho-

2033 531 2236 586 -Anten.

1323 805 1798 914 LIBER
1883 775 2297 914 00m
2324 809 2412 914 ν
2444 811 2646 920 vs.

427 979 473 1032 ι.
517 977 584 1031 Et
618 978 751 1031 dixit
780 975 957 1030 Deus:
990 973 1182 1046 Ejiciat
1209 983 1347 1027 terra
1385 973 1613 1026 animam
1660 970 1936 1026 secundum

349 1087 507 1144 genus
536 1086 556 1124 .°
584 1068 961 1142 quadrupedes,
983 1078 1029 1121 et
1059 1071 1342 1135 serpentes,
1371 1073 1421 1117 et
1442 1062 1630 1116 bestias
1651 1063 1934 1116 secundum

348 1178 528 1233 genus.
563 1159 632 1214 Et
652 1162 845 1232 factum
858 1167 935 1213 est
971 1160 1064 1212 sic.
1090 1157 1250 1212 Venit
1275 1153 1564 1226 przeceptio
1585 1153 1784 1224 passim
1814 1167 1937 1222 gra-

348 1252 520 1318 diens,
547 1260 602 1308 et
632 1251 842 1322 recepit
868 1259 1012 1306 terra
1041 1248 1320 1319 proprium
1368 1256 1392 1284 α
1422 1261 1654 1302 cursum.
1686 1245 1762 1302 Ibi
1778 1244 1937 1314 jussit

347 1360 509 1414 aquas
530 1343 718 1413 ejicere
743 1341 947 1412 reptilia
972 1341 1264 1397 animarum
1297 1337 1523 1393 vivarum
1556 1355 1574 1392 :
1604 1337 1710 1402 hic,
1739 1335 1936 1408 Ejiciat

349 1447 486 1490 terra
511 1436 742 1490 annnam
773 1437 957 1490 vivam.
983 1432 1220 1489 Putasne
1248 1447 1378 1502 ergo
1407 1439 1490 1488 est
1519 1432 1752 1487 animata
1781 1431 1939 1485 tellus

347 1536 402 1582 et
429 1529 582 1584 locus
610 1527 934 1598 prmbebitur
980 1525 1280 1595 vaniloquis
1327 1522 1652 1590 Manichzeis,
1705 1524 1936 1578 animam

349 1628 512 1673 terrae
540 1618 740 1674 dandi?
766 1618 889 1676 Non
932 1615 1272 1682 omnimodis,
1329 1617 1454 1685 quia
1500 1615 1666 1680 dixit,
1719 1615 1934 1686 Ejiciat,

347 1711 496 1780 quod
521 1712 574 1766 in
599 1712 713 1782 ipsa
741 1718 875 1777 erat,
896 1710 1100 1776 eduxit,
1122 1707 1216 1764 sed
1236 1708 1377 1764 Deus
1399 1710 1489 1778 qui
1518 1709 1933 1779 przeceptionetn

2044 971 2117 1026 lia
2147 971 2288 1026 enim
2319 972 2617 1055 animarum
2657 978 2896 1032 vivarum
2934 979 3206 1049 produxit,
3245 987 3304 1035 ut
3347 979 3625 1051 Scriptura

2042 1061 2329 1132 signiﬁcat,
2352 1065 2404 1118 in
2423 1067 2766 1122 terrestribus
2792 1077 2970 1124 autem
2992 1071 3169 1126 anima
3197 1086 3393 1142 corpus
3412 1085 3623 1140 regesta,

2041 1154 2286 1222 generari
2315 1167 2586 1227 praecepta
2615 1167 2718 1225 est,
2747 1167 2805 1214 ut
2824 1169 2952 1231 pote
2975 1176 3096 1232 quae
3120 1163 3241 1234 plus
3270 1163 3491 1219 vivilicre
3521 1164 3625 1219 vir~
3728 1153 3736 1205 »'

2041 1245 2170 1300 tutis
2200 1249 2609 1318 assumpserint,
2639 1266 2944 1321 quanquam
2974 1254 3088 1324 ipsa
3114 1269 3329 1324 quoque
3353 1255 3625 1314 terrestria

2038 1337 2145 1391 sint
2165 1336 2570 1406 irrationabilia,
2593 1349 2773 1397 tamen
2803 1345 3221 1415 unumquodque
3248 1361 3437 1401 eorum
3456 1346 3626 1403 multa

2040 1444 2137 1498 per
2166 1431 2466 1486 naturalem
2487 1447 2675 1488 vocem
2696 1449 2859 1504 super
2884 1436 3048 1492 animi
3067 1436 3320 1506 passione
3339 1436 3622 1505 signiticat.
3682 1419 3726 1455 ⁵³

2039 1520 2171 1576 Nam
2200 1529 2256 1576 et
2288 1523 2526 1579 lmtitiam
2547 1533 2604 1580 et
2631 1541 2938 1593 mmrorem.
2965 1538 3018 1582 et
3039 1527 3292 1594 inediam,
3324 1537 3380 1582 et
3407 1543 3626 1598 separa-

2038 1613 2239 1668 tionem
2268 1630 2510 1681 suorum,
2542 1617 2824 1688 variasque
2863 1619 3140 1674 molestias
3164 1634 3301 1676 voce
3328 1620 3626 1684 declarant,

2039 1721 2161 1760 cum
2201 1707 2424 1777 aqua-ria
2453 1723 2561 1763 non
2589 1707 2609 1746 τ
2641 1710 2814 1766 solum
2861 1718 3030 1775 muta,
3059 1709 3153 1766 sed
3182 1712 3344 1766 etiam
3401 1711 3627 1766 immitia

346 1802 518 1869 dedit,
549 1803 714 1857 etiam
748 1803 999 1858 virtutem
1029 1808 1187 1856 terra:
1216 1799 1404 1854 tribuit
1434 1799 1713 1855 educendi.
1749 1797 1935 1868 Neque
1965 1805 2010 1866 Β
2037 1782 2142 1853 sint
2163 1806 2218 1852 et
2248 1799 2482 1867 indocta,
2507 1808 2562 1854 et
2590 1799 2656 1854 ad
2682 1816 2895 1856 omnem
2920 1801 3044 1857 vitae
3070 1802 3384 1858 societatem
3403 1816 3627 1872 prorsus

347 1893 373 1932 ι»
406 1894 554 1948 enim
584 1909 706 1950 cum
738 1893 998 1960 audisset,
1027 1899 1086 1946 ut
1111 1891 1336 1946 herbam
1378 1892 1706 1960 germinaret
1733 1889 1860 1956 feni,
1887 1898 1942 1946 et

348 1984 554 2052 lignum
574 1983 925 2048 fructuosum,
957 1983 1132 2038 latens
1171 1981 1312 2037 intra
1332 1997 1391 2038 se
1412 1982 1682 2048 videlicet,
1714 1981 1940 2038 herbam

349 2073 458 2129 feni
513 2081 718 2129 tantum
749 2074 991 2144 protulit,
1035 2088 1134 2128 nec
1159 2072 1387 2143 palmas,
1417 2080 1511 2127 aut
1556 2074 1802 2141 esculos,
1849 2081 1945 2128 aut

350 2181 656 2239 cypressos,
689 2167 742 2220 in
768 2166 879 2221 suis
906 2165 1153 2219 abstrusa
1182 2162 1404 2229 sinibus,
1438 2164 1506 2218 ad
1553 2179 1784 2235 superna
1811 2178 1944 2234 pro-

349 2259 540 2324 duxit;
569 2257 661 2314 sed
691 2272 870 2312 sermo
883 2254 1093 2310 divinus
1116 2255 1449 2310 nascentium
1469 2253 1712 2324 profecto
1732 2261 1946 2309 creator

349 2358 451 2405 est.
491 2347 756 2403 Cermt'net
778 2357 934 2413 terra,
967 2362 1075 2401 non
1101 2353 1163 2400 ut
1191 2345 1335 2416 quod
1371 2341 1627 2409 habebat,
1657 2343 1942 2411 educeret;

350 2439 442 2497 sed
471 2448 529 2495 ut
556 2439 700 2508 quod
726 2454 835 2493 non
866 2437 1090 2494 haberet
1116 2445 1430 2503 assumeret,
1465 2436 1576 2491 Deo
1595 2436 1801 2492 scilicet
1822 2449 1949 2504 ope-

352 2532 582 2587 rationis
611 2531 661 2584 ci
688 2529 962 2600 praebente
991 2529 1262 2583 virtutem.
1291 2526 1380 2582 Sic
1424 2535 1480 2581 et
1507 2525 1671 2581 modo
1707 2545 1717 2578 :
1752 2523 1947 2596 Ejiciat

353 2627 587 2679 animum
630 2641 647 2677 :
682 2639 788 2678 non
820 2638 939 2678 eam
967 2636 1087 2690 qua:
1114 2619 1394 2677 recondita
1424 2627 1543 2675 erat
1571 2621 1624 2674 in
1655 2625 1818 2682 terra,
1851 2617 1944 2673 sed

352 2731 480 2786 quae
508 2715 582 2769 illi
628 2729 657 2767 a
689 2713 801 2768 Deo
827 2713 1024 2768 collata
1053 2720 1134 2766 est
1158 2727 1257 2782 per
1284 2710 1614 2767 mandatum.
1650 2710 1847 2765 Deinde
1891 2710 1946 2764 in

355 2807 688 2864 contrarium
718 2804 1020 2859 Manichasis
1041 2818 1220 2858 sermo
1257 2801 1546 2858 vertendus
1572 2811 1676 2857 est.
1705 2799 1763 2857 Si
1801 2802 1946 2856 enim

359 2900 596 2953 animam
625 2911 785 2966 quam
824 2895 1056 2950 habebat
1102 2894 1260 2949 tellus
1287 2894 1492 2961 eduxit,
1524 2893 1790 2949 exanimis
1831 2894 1943 2962 ipsa

361 2991 502 3044 facta
525 2995 626 3042 est.
659 2985 768 3042 Sed
793 3001 978 3042 eorum
999 2985 1214 3054 quidem
1237 2983 1626 3040 detestabilitas
1667 2993 1794 3038 nota
1821 2983 1948 3038 sub-

363 3081 492 3138 inde
520 3091 620 3139 est.
663 3081 798 3136 Illud
830 3095 960 3136 sane
987 3081 1285 3146 videamus,
1314 3096 1411 3136 cur
1438 3094 1590 3150 aquae
1611 3081 1774 3150 jussu:
1821 3085 1948 3132 sunt

2041 1890 2349 1947 hominibus
2386 1891 2765 1948 intractabilis.
2801 1892 3113 1965 Recognovit
3152 1893 3242 1948 bos
3279 1908 3626 1965 possessorem

2043 2000 2211 2050 suum,
2240 1993 2291 2037 et
2317 1985 2494 2039 asinus
2521 2001 2750 2056 prtescpe
2770 1985 2965 2041 domini
3003 1988 3082 2041 sui
3111 1984 3265 2057 (Isai.
3291 2003 3327 2052 ι,
3358 1985 3438 2055 3),
3467 1985 3630 2057 piscis

2043 2089 2173 2130 vero
2217 2091 2489 2146 nunquam
2539 2077 2714 2146 potuit
2759 2090 3085 2145 cognoscere
3127 2076 3453 2132 nutrimenta
3491 2091 3628 2146 prte-

2043 2175 2298 2224 stantem.
2346 2168 2600 2238 lntelligit
2626 2170 2806 2224 asinus
2833 2177 2888 2224 et
2928 2169 3159 2224 hominis
3186 2176 3496 2223 consuetam
3527 2183 3626 2223 vo-

2045 2273 2184 2322 cem,
2210 2257 2362 2313 novit
2389 2259 2492 2312 iter
2511 2259 2654 2328 quod
2683 2260 2880 2329 smpius
2921 2258 3232 2325 ambulavit,
3256 2257 3630 2328 interdumun

2045 2347 2152 2402 dux
2199 2347 2257 2400 lit
2306 2347 2558 2415 agitatori
2587 2365 2711 2412 suo,
2736 2364 2858 2404 cum
2883 2349 3176 2414 erraverit,
3208 2348 3275 2402 ad
3302 2347 3632 2403 audiendum

2045 2439 2117 2493 ita
2147 2439 2496 2495 vehementer
2520 2449 2726 2504 acutus,
2757 2451 2817 2496 ut
2858 2441 3063 2497 nullum
3095 2442 3144 2496 ei
3173 2441 3343 2511 possit
3362 2439 3430 2495 de
3456 2448 3631 2494 terre-

2046 2531 2243 2586 stribus
2267 2519 2589 2602 comparari.
2633 2531 2882 2587 Camelus
2928 2533 3093 2588 habet
3134 2544 3350 2601 semper
3383 2539 3632 2586 tenacem

2046 2621 2360 2678 memoriam
2409 2623 2713 2689 malorum;
2753 2632 2808 2678 et
2861 2623 2928 2678 ad
2977 2623 3303 2679 iracundiam
3348 2623 3544 2690 gravis,
3576 2630 3633 2678 et

2047 2728 2399 2785 perseverans
2418 2722 2523 2768 est.
2546 2714 2788 2785 Denique
2807 2715 2854 2769 si
2882 2713 3042 2769 fuerit
3069 2730 3374 2786 percussus,
3400 2715 3494 2770 diu
3520 2713 3633 2769 dis-

2046 2805 2298 2862 simulato
2333 2806 2540 2872 dolore,
2598 2821 2718 2862 cum
2773 2808 2972 2877 reperit
3000 2817 3361 2878 opportunum
3390 2818 3634 2878 tempus,

2051 2897 2251 2953 illatam
2276 2901 2520 2969 protinus
2548 2899 2763 2970 reponit
2791 2899 3059 2970 injuriam.
3090 2899 3198 2957 Sed
3224 2901 3369 2956 hunc
3395 2899 3542 2957 nulla
3565 2898 3639 2956 do

2049 2990 2269 3045 marinis
2291 2989 2482 3046 belluis
2502 2991 2762 3046 imitatur.
2785 2990 2979 3046 Audite
2995 2992 3175 3061 igitur,
3197 2991 3442 3048 iracundi
3459 2989 3636 3046 homi-

2050 3096 2164 3152 nes,
2203 3081 2292 3151 qui
2322 3081 2749 3139 recordationem
2778 3081 2982 3138 dudum
3010 3083 3244 3139 laesionis
3271 3090 3504 3153 acceptae
3535 3096 3639 3152 pro

363 3176 579 3245 reptilia
601 3175 843 3230 vivarum
887 3174 1184 3228 animarum
1222 3171 1554 3244 producere,
1582 3169 1740 3225 tellus
1765 3177 1946 3224 autem
1973 3171 2021 3236 C
2047 3173 2246 3228 virtute
2300 3174 2534 3228 maxima
2581 3171 2860 3238 aiiectatis,
2892 3175 2978 3231 cui
3015 3176 3203 3231 bellum
3244 3175 3448 3232 similes
3473 3175 3640 3231 habe~

362 3269 600 3324 animam
652 3266 850 3322 vivam.
885 3265 1222 3321 Arbitramur
1258 3265 1420 3334 igitur
1463 3279 1532 3320 eo
1569 3262 1714 3334 quod
1764 3269 1953 3317 natura

365 3358 668 3414 natantium
713 3368 735 3397 ε
785 3355 1155 3428 imperfectam
1183 3354 1578 3426 quodammodo
1597 3361 1819 3424 putatur
1857 3352 1955 3408 ha-

365 3449 496 3506 bere
520 3450 683 3504 vitam
710 3467 722 3503 :
756 3449 827 3503 ob
848 3449 954 3503 hoc
981 3447 1108 3517 quia
1145 3445 1437 3501 crassiores
1464 3451 1591 3500 sunt
1617 3457 1787 3514 aquae.
1819 3442 1952 3497 Nam

365 3542 601 3612 denique
629 3541 836 3596 tardior
865 3539 1077 3594 auditus
1104 3545 1188 3592 est
1215 3535 1575 3591 animantibus
1615 3536 1667 3590 in
1696 3548 1832 3604 aqua
1859 3532 1955 3589 de-

366 3634 634 3703 gentibus,
674 3641 730 3688 et
758 3633 903 3687 visus
927 3630 1172 3686 hebetior
1189 3673 1206 3699 ,
1234 3637 1293 3684 ut
1332 3637 1460 3700 pote
1488 3644 1586 3700 per
1613 3642 1806 3698 aquam
1832 3641 1954 3682 cer-

369 3725 568 3791 ncndo,
601 3740 703 3781 nec
744 3725 851 3780 ulla
903 3723 1044 3794 apud
1073 3739 1168 3779 eos
1192 3720 1220 3760 ἀ
1243 3722 1520 3788 memoria,
1556 3721 1640 3775 vcl
1691 3719 1955 3791 opinatio,

368 3818 456 3874 vel
495 3818 696 3886 agnitio
744 3825 826 3872 est
854 3816 1242 3887 proximorum.
1292 3812 1542 3868 Declarat
1597 3826 1726 3881 ergo
1779 3825 1956 3866 sermo

369 3911 601 3972 divinus,
643 3909 768 3978 quia
818 3908 928 3962 vita
983 3907 1216 3963 carnalis
1263 3905 1608 3975 aquariorum
1647 3903 1959 3960 moderatur

373 4001 538 4054 animi
568 4000 914 4054 motionibus.
945 3999 1077 4052 Nam
1110 3999 1162 4053 in
1193 3997 1473 4065 terrigenis
1497 3996 1702 4062 bestiis,
1731 4010 1849 4066 qua:
1878 3995 1960 4050 vi-

375 4103 486 4146 tam
513 4090 887 4162 perfectiorem
913 4091 1113 4145 sortita:
1141 4098 1283 4156 sunt,
1310 4091 1518 4145 animus
1543 4090 1786 4160 corporis
1813 4089 1955 4144 obti-

375 4193 470 4239 net
498 4184 873 4255 principatum.
901 4181 1112 4237 Etenim
1142 4198 1331 4238 sensus
1359 4197 1545 4238 earum
1585 4182 1826 4252 vegetior
1853 4189 1954 4245 est,

2053 3263 2204 3326 mini,
2228 3262 2446 3332 quando
2470 3265 2745 3334 proprium
2799 3264 2994 3332 bilem,
3037 3276 3062 3315 s
3106 3274 3363 3338 tanquam
3402 3267 3642 3336 aliquam

2053 3355 2339 3412 scintillam
2367 3356 2550 3412 cinere
2578 3358 2832 3427 sopitam,
2853 3372 3023 3428 usque
3063 3373 3131 3414 eo
3151 3359 3395 3415 retinetis
3415 3359 3469 3414 in
3511 3373 3642 3413 cor-
3719 3388 3728 3396 -

2053 3448 2228 3515 dibus,
2257 3463 2536 3518 quousque
2563 3449 2708 3504 nacti
2737 3449 3095 3512 occasionem,
3141 3447 3388 3506 stimulos
3411 3447 3639 3516 doloris,

2054 3541 2201 3596 velut
2230 3541 2520 3610 igniculum
2563 3554 2812 3610 parvum,
2835 3538 3020 3596 fomite
3060 3540 3321 3596 nutritum
3369 3539 3641 3597 susciter

2056 3632 2110 3688 in
2139 3631 2426 3687 ﬂammam.

2125 3725 2178 3780 2.
2213 3723 2408 3796 Ejiciat
2437 3733 2576 3778 terra
2604 3721 2836 3778 annnam
2862 3724 3044 3778 vivam.
3075 3721 3187 3778 Cur
3219 3731 3365 3779 terra
3385 3721 3642 3794 producit

2058 3817 2290 3872 animam
2312 3815 2530 3871 vivam?
2557 3822 2615 3869 ut
2632 3813 2988 3870 differentiam
3015 3813 3191 3869 discas
3211 3814 3404 3868 anima
3427 3813 3648 3884 pecoris

2058 3907 2420 3977 hominisque.
2477 3904 2547 3960 Et
2592 3904 2753 3976 paulo
2805 3901 3023 3973 intidem
3073 3903 3294 3959 inferius
3343 3915 3645 3972 cognosces

2057 3997 2333 4069 quomodo
2380 3997 2556 4051 anima
2601 3997 2671 4051 sit
2698 3995 2931 4050 hominis
2959 3995 3250 4050 constituta
3283 4013 3296 4048 :
3330 4008 3472 4049 nunc
3510 4008 3644 4050 vero

2059 4088 2183 4143 audi
2209 4087 2277 4144 de
2305 4087 2482 4141 anima
2505 4096 2792 4151 mutorum,
2816 4087 2942 4155 quia
2967 4085 3261 4142 secundmn
3282 4085 3640 4157 Scripturam,

2059 4191 2373 4242 cunctorum
2428 4179 2740 4234 animalium
2786 4178 2966 4233 anima
3009 4179 3228 4246 sanguis
3253 4187 3337 4235 est
3372 4179 3644 4250 proprius.

375 4272 768 4344 manifestaque
821 4273 1070 4328 animalia
1099 4289 1222 4329 cum
1268 4274 1614 4344 praesentium
1667 4272 1959 4327 maximam
2062 4274 2291 4345 Sanguis
2314 4281 2496 4330 autem
2517 4271 2726 4342 gelatus
2753 4273 2994 4327 converti
3019 4273 3227 4328 soletin
3246 4287 3484 4340 carnem,
3517 4288 3648 4328 caro

375 4379 562 4419 curam
591 4373 798 4433 gerant,
837 4358 964 4419 tunc
997 4363 1283 4432 diligenter
1310 4364 1624 4418 memoriam
1652 4361 1962 4417 custodiunt
2063 4376 2241 4423 autem
2264 4375 2520 4438 corrupta
2550 4365 2691 4422 redit
2719 4365 2772 4420 in
2797 4373 3015 4420 terram.
3063 4364 3258 4422 Merito
3308 4379 3438 4434 ergo
3467 4364 3648 4420 tabida

379 4465 790 4512 transactorum.
842 4455 991 4512 Unde
1036 4455 1482 4512 considerandum
1520 4463 1603 4510 est
1639 4467 1662 4492 υ
1685 4453 1831 4524 quod
1879 4453 1961 4523 pi-
2063 4467 2145 4513 est
2176 4460 2353 4513 anima
2378 4458 2766 4528 jumentorum.
2809 4454 3008 4529 Ejiciat
3033 4467 3167 4513 terra
3206 4461 3432 4513 animam
3462 4441 3647 4512 vivam.

377 4549 548 4603 scium
572 4550 786 4617 quidem
813 4563 1041 4619 corpora
1068 4549 1302 4604 animata
1325 4549 1577 4618 produxit
1603 4562 1740 4618 aqua
1763 4546 1961 4617 :repti-
1984 4538 2036 4600 Ι)
2063 4548 2198 4626 Vide
2219 4549 2664 4618 consequentiam
2695 4547 2720 4586 ι·
2747 4549 2939 4605 anima:
2979 4549 3044 4606 ad
3069 4551 3406 4619 sanguinem,
3437 4548 3651 4618 sangui-

450 4671 474 4699 ⁸
497 4660 634 4718 Editi
662 4670 718 4716 et
759 4676 910 4727 mss.,
946 4664 1232 4732 propriung
1255 4653 1478 4716 cursum.
1503 4660 1609 4717 Sed
1651 4677 1758 4718 non
1805 4661 1958 4718 facile

378 4733 565 4803 adduci
589 4740 800 4803 potero,
838 4741 898 4786 ut
936 4730 1152 4803 credam
1196 4730 1530 4803 Eustathium
1554 4733 1624 4786 ita
1655 4732 1955 4803 scripsisse.

380 4802 508 4858 Mihi
525 4800 705 4858 nescio
718 4801 992 4873 quomodo
1002 4800 1416 4873 verisimiliusiit
1432 4817 1580 4873 eum,
1607 4817 1672 4856 ex
1692 4800 1961 4858 Basiliam

381 4873 491 4938 illo,
524 4877 606 4930 τὸν
634 4871 837 4946 κόσμῳ,
887 4871 1132 4946 ell‘ecisse
1176 4881 1231 4946 et
1255 4871 1532 4946 scripsisse
1579 4888 1826 4946 casinum,
1859 4873 1964 4926 hoc

381 4951 465 4997 est
490 4941 734 4997 ornatum
747 4962 764 5006 ;
782 4943 1030 4998 librarios
1051 4958 1180 4997 vero
1206 4941 1491 4996 insolentia
1519 4942 1666 4996 vocis
1685 4941 1962 5012 deceptos,

381 5029 448 5068 ex
477 5030 702 5068 casinum
729 5012 968 5069 olfecisse
996 5029 1218 5067 cursum.

455 5083 479 5121 ιι
505 5083 618 5140 Vox
639 5089 774 5138 enim
803 5101 870 5139 es
899 5083 1046 5138 libris
1072 5079 1343 5137 veteribus
1373 5080 1548 5136 addita
1579 5090 1680 5136 est.

459 5165 480 5189 θ
505 5153 642 5210 Editi
667 5165 722 5210 et
740 5154 894 5225 Colb.
912 5155 1134 5225 primus,
1152 5154 1450 5225 perfectam,
1466 5150 1760 5225 reluctante
1780 5150 1970 5225 (ξι-ῳεο

384 5233 542 5296 atque
560 5227 844 5296 renitente.
870 5221 1051 5280 Codex
1075 5221 1608 5294 noster,imperfecta.
1625 5221 1773 5277 Alter
1787 5222 1941 5278 Colb.
1953 5265 1965 5288 ,

383 5295 752 5369 imperfectam.
778 5295 983 5369 Gnece,
1007 5296 1363 5369 διτεξλεστ-έιωιςΓ

456 5364 481 5402 λι
508 5364 672 5432 ΕἰΙίιὶ,
696 5367 1008 5420 memorialis
1030 5364 1260 5436 opinatio
1280 5365 1355 5418 vel
1371 5364 1568 5436 agnitio
1589 5365 1968 5436 proximorum.
2004 5399 2007 5407 ι

389 5435 552 5492 Vetus
579 5446 762 5492 noster
782 5436 955 5492 codex
1000 5433 1070 5490 et'
1093 5435 1247 5500 Colb.
1276 5433 1570 5500 secundus,
1591 5433 1848 5490 memoria
1889 5435 1968 5489 oet

387 5510 627 5578 opinatio
643 5508 719 5560 υρι
740 5507 938 5578 agnitio
962 5516 1038 5560 est
1059 5496 1410 5577 proximorum
1435 5521 1452 5559 :
1478 5496 1623 5573 quod
1649 5519 1963 5576 expressum

389 5587 471 5631 est
497 5595 566 5633 ex
591 5576 792 5649 Gnecis
813 5578 940 5649 illis,
961 5576 1539 5649 μνήμηνᾲηφανταρὶα...
1575 5579 1868 5649 ἐπίγνωσις..

463 5663 486 5719 ε’
517 5649 736 5719 Antiqui
761 5648 868 5703 duo
893 5645 1009 5719 libri
1031 5645 1476 5719 considerandum
1515 5655 1592 5700 est
1619 5645 1758 5719 qu_ia,
1789 5646 1969 5719 minus

390 5718 604 5788 quidem
633 5715 798 5784 recte,
817 5718 910 5772 sed
931 5718 1001 5788 ob
1026 5717 1079 5772 id
1102 5717 1280 5787 potius
1293 5715 1438 5770 credi
1460 5715 1639 5788 potest
1662 5715 1971 5770 Eustathius

387 5785 472 5850 ita
495 5787 704 5845 locutus
730 5787 910 5847 fuisse.
937 5785 1224 5860 Aliquanto
1268 5793 1394 5842 cost
1421 5785 1568 5851 editi,
1597 5785 1710 5856 ipsa
1737 5801 1968 5860 queque.

2063 4662 2414 4735 Antitutiduo
2442 4661 2582 4727 libri,
2604 4664 2728 4735 ipsa
2752 4678 2968 4735 quoque:

2147 4731 2164 4772 ί
2205 4730 2369 4797 Editi,
2401 4747 2504 4786 non
2532 4730 2700 4786 solum
2727 4730 2908 4786 multa.
2952 4730 3095 4786 Libri
3124 4740 3354 4799 veteres,
3386 4741 3556 4795 muta;
3598 4737 3654 4786 et

2069 4804 2144 4893 ita
2191 4802 2590 4893 leginoportere‘
2615 4809 2803 4893 aperte
2847 4800 3099 4893 ostendit)
3128 4800 3452 4893 Basiliangm
3501 4799 3671 4875 illud,

2070 4868 2267 4956 ἅφωνοεζ
2290 4868 2458 4925 Paulo
2473 4880 2596 4954 post
2615 4868 2771 4926 vetus
2791 4877 2976 4954 noster
3000 4869 3172 4926 codex
3197 4881 3254 4924 et
3278 4868 3429 4952 golb.
3454 4873 3652 4924 securi:-

2071 4944 2192 5022 εἰμες,
2215 4939 2589 5022 ιῃινᾳριαριιω,
2614 4942 2772 5022 bene.
2801 4939 2940 5022 Edttt
2962 4947 3018 4994 et
3040 4938 3198 5022 (Ζοιζι)ζ
3217 4954 3440 5022 primus,
3465 4947 3654 4994 tracta-

2072 5007 2214 5078 bitia,
2242 5013 2408 5086 invito
2422 5011 2634 5079 Graeco,
2653 5014 3082 5086 ἀμεταχείριστα.
3109 5007 3345 5065 Subinde
3362 5008 3471 5068 duo
3497 5023 3653 5076 mss.,

2071 5092 2236 5155 potest
2249 5084 2567 5155 dignoscere.

2147 5100 2654 5208 E‘Amgzgevox
2702 5151 2930 5222 aliquam
2977 5164 3045 5204 ex
3076 5148 3226 5205 libris
3253 5145 3505 5218 antiquis.
3539 5147 3654 5204 Ali-

2071 5231 2277 5292 quanto
2324 5223 2461 5278 infra
2504 5221 2658 5278 Colb.
2709 5221 2996 5288 secundus,
3028 5222 3242 5292 sanguis
3268 5228 3439 5273 autem
3464 5236 3653 5291 conge-

2071 5297 2224 5349 latus.

2144 5363 2169 5402 ι·
2201 5365 2257 5420 In
2278 5364 2437 5419 editis
2459 5371 2514 5420 et
2540 5364 2593 5418 in
2612 5361 2765 5426 Colb.
2787 5361 2964 5434 primo
2986 5367 3240 5434 corrupte
3259 5360 3454 5434 legitur
3479 5363 3656 5416 animo

2070 5437 2141 5490 ad
2167 5437 2491 5509 sanguinem,
2539 5434 2752 5509 sanguis
2779 5433 2848 5509 ad
2895 5448 3122 5509 carnem,
3151 5433 3277 5486 raro
3311 5433 3392 5509 ad
3430 5433 3686 5509 terram;'

2074 5516 2130 5562 at
2158 5501 2504 5562 emendatein
2527 5501 2655 5559 aliis
2671 5503 2882 5558 duobus
2909 5501 3182 5559 codicibus
3219 5503 3478 5572 scriptum
3507 5502 3656 5556 inve-

2077 5579 2272 5642 nimus,
2308 5579 2498 5632 am'mte
2531 5575 2601 5628 ad
2639 5575 2977 5644 sanguinem,
3008 5581 3137 5634 etc.,
3177 5580 3238 5626 ut
3279 5572 3331 5626 in
3379 5581 3653 5644 contestu.

2078 5648 2304 5718 Basilius
2331 5641 2908 5718 scripsit,¢pzﬁE1r_5¢is
2925 5645 3069 5715 αἷμα.
3092 5644 3443 5718 αἷματξίςπρρς
3467 5641 3654 5718 σάρκα,

2077 5717 2344 5838 etc.;dho§
2375 5709 2493 5769 ipso
2537 5709 2736 5771 inloco
2758 5709 2886 5770 editi
2919 5709 3218 5774 repetendo.
3253 5709 3399 5768 Libri
3425 5709 3657 5778 veteres,

2080 5802 2199 5838 rene
2237 5802 2306 5838 an
2343 5803 2394 5838 ο.
3540 5804 3547 5808 ’-

2080 5788 2394 5857 repedando.
3540 5804 3547 5808 ’·

3173 5903 3226 5919 ,ο
