4244 6254
552 382 655 440 947

2010 372 2374 432 EUSTATHII

3730 362 3837 419 MS

554 501 638 553 nis
659 495 729 550 ad
751 508 985 559 carnem,
1003 491 1180 567 carnis
1201 490 1268 545 ad
1293 496 1515 544 terram.
1535 487 1840 555 [torumque
1864 488 2143 543 resolvens
2171 492 2221 550 Α
2248 489 2546 543 differentia
2570 496 2669 554 est,
2703 487 2828 556 quia
2858 486 3035 541 nullus
3083 485 3268 540 alitum
3299 484 3414 539 sine
3462 482 3689 554 pedibus
3718 498 3837 537 esse

554 587 690 651 haec,
726 584 838 640 redi
876 582 1183 654 repedando
1211 597 1307 652 per
1334 579 1544 645 eadem,
1589 578 1643 633 id
1680 584 1764 633 est
1792 577 1860 633 de
1890 586 2031 633 terra
2070 579 2138 634 ad

554 692 793 743 carnem,
812 691 843 729 a
864 690 1027 730 carne
1042 676 1094 729 in
1117 675 1451 742 sanguinem,
1478 688 1507 727 a
1529 671 1857 741 sanguinein
1880 672 2137 735 animam,

554 779 612 826 et
640 769 881 825 invenies
906 769 1031 837 quia
1059 783 1316 837 pecorum
1346 748 1733 821 animus'terra
1765 773 1865 820 est.
1896 765 2007 821 Nec
2024 780 2142 820 eam

558 863 800 933 opineris
828 862 1187 930 antiquiorem
1218 875 1339 917 esse
1357 860 1669 923 substantiae
1697 859 1997 930 corporalis
2024 858 2145 915 illo-

556 968 677 1008 rum
713 971 725 1005 :
752 967 852 1008 nec
874 960 901 990 ⁸
930 961 1276 1023 exspectare,
1308 960 1368 1007 ut
1395 967 1518 1007 cum
1544 967 1776 1022 corpore
1799 951 2142 1006 dissolvatur.

557 1043 709 1113 Fuge
732 1043 1075 1112 garrulitates
1125 1043 1312 1098 anxias
1359 1042 1824 1113 philosophorum,
1864 1043 1956 1111 qui
2003 1057 2147 1096 asse-

556 1118 681 1190 rere
709 1151 814 1190 non
837 1135 1163 1191 erubescunt
1189 1150 1314 1191 suas
1343 1149 1642 1204 canumque
1679 1136 1882 1189 animas
1920 1133 2147 1189 similem

563 1238 749 1282 tenere
768 1228 1023 1297 speciem.
1055 1224 1335 1296 Siquidem
1364 1226 1687 1296 proﬁtentur
1706 1226 1866 1280 etiam
1900 1225 2150 1279 mulieres

559 1336 620 1374 se
644 1320 949 1390 quondam,
990 1320 1197 1390 pisces,
1244 1318 1572 1388 fruticesque‘
1615 1318 1796 1373 fuisse.
1832 1316 1942 1386 Ego
1971 1328 2149 1371 autem

558 1412 605 1465 si
629 1410 846 1466 fuerunt
868 1410 1156 1481 aliquando
1178 1410 1368 1480 pisces,
1395 1408 1542 1478 quod
1569 1424 1676 1463 non
1706 1408 1951 1471 credam;
1973 1416 2152 1461 tamen

561 1503 689 1557 dum
722 1504 824 1558 ista
853 1503 1187 1564 scriberent,
1221 1499 1701 1555 irrationabiliores
1727 1499 1963 1568 piscibus
1990 1498 2154 1553 babe-

560 1594 775 1649 bantur.
808 1592 1008 1664 Ejiciat
1037 1601 1175 1646 terra
1197 1586 1425 1645 animam
1455 1591 1639 1644 vivam.
1657 1588 1832 1656 Quare
1849 1589 2010 1657 igitur
2032 1604 2156 1659 pas—

562 1687 666 1742 sim
693 1690 945 1741 currente
965 1698 1236 1748 sermone,
1261 1683 1440 1738 subito
1462 1698 1568 1737 non
1590 1681 1740 1737 brevi
1763 1690 2011 1751 tempore
2035 1696 2158 1736 con-

562 1778 830 1843 ticuerim,
881 1776 1043 1833 credo
1088 1775 1275 1830 mirari
1302 1774 1590 1830 nonnullos
1638 1773 1947 1836 astantium,
1980 1788 2155 1841 quan—

2247 580 2445 653 potest,
2475 589 2685 653 utpote
2708 580 2799 652 qui
2827 588 3038 651 pastum
3070 585 3477 648 consequuntur
3505 591 3535 630 e
3583 583 3749 639 terra,
3783 583 3837 628 et

2247 675 2317 729 ob
2346 674 2450 730 hoc
2478 674 2783 729 necessario
2802 671 3000 742 pedum
3029 669 3315 741 potiuntur
3336 667 3615 737 obsequio.
3638 665 3843 736 Rapto-

2204 764 2207 765 ⁷
2247 767 2397 822 ribus
2425 774 2607 823 autem
2651 767 2813 820 etiam
2843 763 3099 832 unguium
3148 762 3323 826 acies,
3356 760 3423 814 ad
3448 757 3844 815 convectandas

2247 854 2458 930 pnedas
2497 855 2908 916 accommodata
2951 864 3051 912 est.
3079 855 3213 910 Nam
3246 854 3456 910 czeteris
3479 861 3591 907 tam
3617 859 3847 922 propter

2251 951 2518 1005 alimoniae
2544 956 2831 1021 quaestum,
2852 963 3018 1017 quam
3047 952 3271 1019 propter
3299 945 3461 1000 aliam
3484 943 3610 998 vitae
3635 942 3845 1013 dispen-

2252 1045 2517 1099 sationem
2538 1043 2738 1117 pedum
2762 1041 3061 1097 ministeria
3084 1049 3218 1107 sunt
3248 1039 3466 1097 tributa.
3498 1038 3690 1094 Pauca:
3716 1051 3847 1092 vero

2238 1126 2430 1194 avium
2474 1135 2645 1208 pedes
2693 1135 2909 1190 inutiles
2935 1133 3155 1198 habent,
3209 1147 3385 1203 neque
3425 1132 3847 1202 gressuinequc

2256 1229 2473 1284 venatui
2521 1235 2876 1298 opportunos,
2908 1226 3050 1280 sicut
3074 1222 3423 1287 hirundines,
3466 1235 3848 1291 meropesque,

2256 1320 2449 1389 quibus
2478 1333 2603 1375 esca
2631 1317 2749 1373 solo
2772 1316 3041 1387 praebetur
3062 1330 3129 1373 ex
3147 1329 3295 1369 aere.
3320 1312 3426 1369 Sed
3445 1310 3677 1367 hirundo
3705 1309 3851 1365 solet

2256 1413 2443 1467 Volare
2481 1410 2806 1480 depressior,
2860 1417 3169 1478 terramque
3220 1421 3362 1477 pene
3407 1407 3739 1473 contingere,
3791 1408 3851 1457 ut

2239 1490 2358 1574 per
2382 1503 2487 1558 hoc
2512 1518 2668 1558 usum
2692 1502 2885 1573 pedum
2904 1499 3150 1557 videatur
3178 1499 3414 1571 explere.

2244 1586 2248 1591 ’
2329 1596 2382 1651 ’5.
2410 1595 2546 1651 Sunt
2568 1610 2697 1650 sane
2726 1594 2894 1649 multa
2932 1606 3130 1662 genera
3158 1606 3302 1662 quis,
3342 1590 3390 1646 si
3431 1589 3553 1660 quis
3579 1603 3645 1645 eo
3684 1586 3847 1643 modo

2261 1688 2495 1753 voluerit
2515 1688 2787 1759 explicare
2811 1701 2921 1757 quo
2944 1700 3045 1740 nos
3074 1683 3298 1755 piscium
3332 1670 3727 1736 multitudinem
3750 1694 3849 1747 pro

2264 1788 2419 1849 parte
2455 1777 2839 1848 descripsimus
2869 1815 2885 1840 ,
2936 1774 3172 1830 inveniet
3215 1788 3382 1828 unum
3424 1769 3642 1840 quidem
3670 1769 3851 1824 avium

565 1886 730 1941 quam
784 1869 1209 1926 studiosissimos
1260 1869 1534 1924 auditores
1565 1883 1671 1923 non
1703 1866 1936 1922 arbitror
1972 1880 2162 1921 causas
2190 1848 2240 1910 Β
2266 1848 2582 1925 cunctarum
2604 1866 2858 1938 generale
2897 1864 3241 1928 vocabulum,
3289 1861 3385 1919 sed
3411 1860 3669 1931 plurimas
3693 1860 3747 1913 in
3777 1859 3859 1914 his

566 1962 823 2028 ignorare
851 1959 1082 2026 silentii;
1113 1960 1313 2030 quippe
1342 1959 1433 2029 qui
1455 1965 1703 2029 respectu
1752 1963 1994 2027 nutuque
2024 1956 2164 2010 inter

516 2086 517 2089 η
566 2067 629 2123 se
655 2032 920 2118 vicissim,
945 2036 1361 2106 admemoriam
1385 2064 1486 2105 nos
1513 2065 1720 2116 eorum,
1754 2063 1873 2119 quae
1916 2047 2163 2102 intermi-

566 2146 736 2199 simus
756 2140 1341 2199 reduxerunt.Certam
1364 2144 1506 2198 enim
1533 2150 1740 2213 partem
1766 2149 2029 2198 creatum
2055 2154 2165 2193 non

566 2235 881 2291 vilissimam
909 2248 1048 2305 pene
1078 2233 1106 2273 δ
1126 2233 1903 2304 praeterivimusindiscussam.
1930 2231 2193 2316 Ejiciant'

569 2342 727 2400 aqum“
765 2326 973 2398 reptilia
1019 2326 1316 2380 animarum
1370 2326 1622 2390 vivarum,
1674 2323 1953 2380 secundum
1981 2339 2163 2396 genus,

568 2427 622 2497 et
644 2416 893 2494 volatilia.
908 2416 1142 2471 volantia
1165 2414 1258 2471 sub
1280 2417 1612 2487 ﬁrmamento
1636 2415 1769 2471 cali.
1804 2426 1825 2454 ο
1847 2413 2168 2471 Dixeramus

569 2508 817 2579 superius
848 2507 936 2584 de
955 2507 1284 2574 natantibus,
1315 2515 1573 2579 quantum
1609 2516 1820 2579 tempus
1847 2507 2170 2580 permiserat

569 2598 971 2668 vespertinum;
1021 2596 1184 2654 hodie
1249 2598 1538 2654 transimus
1592 2599 1658 2654 ad
1714 2597 2169 2654 examinationem

568 2691 930 2746 terrestrium.
963 2689 1073 2746 Sed
1100 2691 1309 2746 interea
1340 2707 1440 2748 nos
1461 2691 1515 2746 in
1539 2691 1850 2746 narratione
1877 2689 2052 2745 media
2074 2705 2169 2744 vo-

570 2781 746 2837 lucres
786 2780 1107 2851 eﬂ‘ugerunt.
1161 2781 1506 2853 Quapropter
1552 2781 1796 2837 imitandi
1844 2792 1969 2836 sunt
2015 2781 2172 2836 nobis

574 2875 832 2930 obliviosi
861 2874 1118 2938 viatores,
1142 2874 1235 2945 qui
1266 2890 1388 2930 cum
1424 2874 1627 2944 aliquid
1656 2875 1711 2929 in
1740 2874 2020 2929 mansione
2047 2872 2173 2929 reli-

568 2966 793 3035 querint
839 2964 1164 3034 pretiosum,
1197 2964 1443 3036 quamvis
1491 2965 1781 3019 maximam
1825 2972 2033 3035 partem
2071 2964 2172 3017 vim

570 3056 971 3126 progrediendo
1000 3056 1368 3123 confecerint,
1414 3065 1764 3112 revertuntur
1797 3075 1808 3109 :
1844 3056 2063 3125 dignum
2093 3056 2172 3110 la-

571 3147 767 3202 borem
787 3162 899 3202 sum
927 3147 1270 3217 negligentia:
1298 3148 1636 3218 perferentes
1669 3167 1680 3201 :
1727 3147 1753 3184 ἀ
1806 3149 1886 3203 sic
1923 3158 1979 3202 et
2017 3147 2172 3203 nobis

2269 1958 2618 2026 diﬂ'erentias,
2640 1958 2726 2015 vel
2748 1958 2984 2022 habitus,
3000 1955 3088 2011 vel
3116 1954 3134 1993 τ
3168 1951 3575 2025 magnitudinis,
3603 1951 3690 2008 vel
3710 1950 3859 2005 colu-

2268 2056 2362 2111 ris.
2394 2053 2526 2108 Nam
2553 2061 2609 2109 et
2630 2067 2863 2114 morum,
2887 2058 2943 2106 et
2964 2059 3202 2112 actuum,
3228 2054 3287 2104 et
3305 2048 3481 2102 victus
3499 2043 3664 2100 nimia
3691 2042 3861 2097 tlivcr-
3906 2118 3913 2122 .

2248 2135 2431 2204 isitate
2477 2146 2740 2203 distinctae
2781 2151 2924 2200 sunt.
2970 2141 3199 2210 Quidam
3249 2148 3429 2195 autem
3478 2136 3864 2193 alTrctavcruzt

2270 2238 2579 2295 nominibus
2604 2234 2748 2291 circa
2775 2251 2870 2315 eas
2914 2234 2995 2290 uti
3022 2233 3208 2298 variis,
3237 2239 3298 2286 ut
3333 2238 3588 2300 tanquam
3619 2218 3718 2299 per
3737 2228 3861 2281 iuu-

2270 2332 2429 2386 sitata
2475 2328 2648 2396 sigilla
2679 2341 2831 2382 nova:
2874 2324 3238 2393 inauditaque
3276 2320 3695 2391 nuncupationis
3734 2334 3862 2388 pro-

2248 2423 2474 2495 .prietas
2494 2422 2548 2476 in
2571 2419 2797 2487 singulis
2819 2417 3102 2473 volucrum
3133 2413 3423 2484 generibus
3451 2423 3476 2460 κ
3506 2417 3852 2480 agnoscatur.

2264 2513 2380 2570 .Sed
2408 2514 2562 2569 nobis
2582 2510 2853 2568 sufficiens
2872 2516 2955 2564 est
2968 2504 3307 2576 signiﬁcatio,
3333 2503 3402 2559 ad
3426 2502 3743 2572 qualitatem
3772 2516 3868 2555 ως

2267 2606 2465 2676 jusque
2492 2604 2707 2674 generis
2746 2598 3213 2671 contemplandam
3233 2639 3248 2664 ,
3280 2610 3517 2666 ususque
3565 2591 3870 2649 communis

2275 2700 2608 2769 Scriptum,
2658 2712 2779 2767 quae
2825 2696 3053 2751 mundas
3108 2689 3521 2761 immundasque
3583 2686 3865 2742 discernit.

2262 2774 2434 2848 'Aliud
2483 2770 2626 2845 enim
2656 2797 2739 2844 est
2778 2800 2949 2856 genus
2976 2800 3164 2841 earum
3203 2799 3324 2854 quze
3367 2796 3528 2838 came
3551 2787 3858 2844 vescuntur,

2264 2866 2490 2951 aliaque
2514 2879 2706 2945 forma,
2736 2879 3175 2947 suis'congruens
3200 2873 3441 2931 moribus
3470 2891 3485 2927 :
3516 2872 3711 2927 habent
3725 2870 3873 2926 enim

2275 2973 2502 3029 falcatos
2530 2981 2755 3042 ungues,
2798 2971 3069 3027 obuncum
3110 2976 3349 3023 rostrum
3367 3007 3382 3032 ,
3414 2966 3654 3023 volatum
3683 2965 3872 3034 perni-

2276 3081 2419 3129 cem,
2453 3080 2564 3135 quo
2595 3063 2775 3134 praeda
2815 3063 2972 3133 citius
3015 3062 3280 3132 capiatur,
3310 3059 3687 3129 discerptaque
3726 3056 3874 3127 pedi-

2266 3143 2399 3221 ‘bus,
2426 3154 2638 3235 facilem
2666 3154 2848 3209 cibum
2870 3161 3127 3223 suggerat
3154 3151 3382 3223 captori.
3412 3150 3529 3205 Alia
3556 3151 3767 3220 species
3794 3159 3877 3204 est

574 3254 675 3308 per
723 3239 973 3294 eumdem
1003 3255 1166 3309 quem
1192 3240 1440 3295 venimus
1483 3242 1675 3296 callem
1702 3242 2039 3297 redeundum
2069 3251 2169 3295 est.
2198 3218 2247 3285 ε
2281 3260 2468 3301 earum
2492 3225 2611 3315 qua:
2632 3243 2928 3299 seminibus
2950 3243 3259 3298 nutriuntur
3278 3280 3294 3303 ,
3327 3250 3382 3295 et
3410 3240 3517 3295 alia
3546 3255 3733 3295 earum
3755 3254 3876 3309 qum

574 3328 760 3400 Neque
770 3328 916 3384 enim
941 3330 1350 3402 contemptibile
1370 3340 1452 3384 est
1467 3329 1613 3398 quod
1638 3331 1949 3385 omisimus:
1971 3338 2029 3385 ut
2049 3340 2175 3401 pote

488 3442 495 3451 -
573 3435 699 3490 quae
726 3408 883 3476 tertia
912 3420 1093 3491 portio
1122 3421 1195 3475 sit
1223 3418 1535 3475 animalium
1564 3429 1843 3476 creatum.
1885 3421 2019 3477 Nam
2076 3418 2173 3478 tria

573 3525 773 3580 genera
818 3520 943 3566 sunt
998 3510 1371 3577 animantium,
1425 3512 1783 3575 terrestrium,
1853 3513 2172 3579 volatilium,

573 3605 925 3658 malitiarum.
964 3602 1219 3676 Ejiciant,
1245 3606 1434 3677 inquit,
1469 3623 1615 3677 aqua!
1642 3608 1851 3677 reptilia
1879 3609 2176 3663 animarum

574 3696 803 3748 vivarum
823 3696 1104 3750 secundum
1137 3714 1320 3768 genus,
1360 3706 1409 3751 et
1440 3698 1672 3753 volatilia
1700 3699 1929 3753 volantia
1959 3700 2050 3754 sub
2081 3700 2177 3770 ﬁr-

574 3794 836 3840 mamento
875 3785 987 3840 caeli
1040 3787 1323 3841 secundum
1373 3805 1549 3859 genus.
1583 3786 1693 3843 Cur
1741 3773 1906 3859 igitur
1948 3807 2013 3846 ex
2062 3792 2175 3845 ele-

486 3922 494 3931 .
575 3885 769 3932 mento
811 3879 1008 3943 maris,
1060 3879 1249 3934 avibus
1293 3895 1512 3950 quoque
1568 3882 1901 3937 nativitatem
1958 3883 2178 3939 tribuit?

579 3968 715 4037 Quia
746 3971 894 4025 velut
937 3970 1169 4029 afﬁnitas
1220 3972 1466 4042 qumdain
1495 3975 1806 4029 volucribus
1854 3974 2084 4029 habetur
2123 3985 2179 4029 et

577 4063 831 4134 piscibus.
882 4062 1036 4119 Sicut
1065 4063 1205 4118 enim
1257 4065 1432 4134 pisces
1472 4078 1665 4134 aquam
1706 4075 1894 4121 secant
1942 4066 2179 4121 motibus

579 4155 785 4211 alarum
815 4157 869 4211 in
889 4158 1068 4227 priora
1095 4156 1394 4221 tendentes,
1430 4158 1615 4214 cauda:
1647 4162 1775 4214 vero
1805 4138 2175 4228 gubernaculo

581 4246 753 4305 ﬂexus
781 4248 1019 4317 dirigunt
1056 4251 1341 4319 proprius,
1370 4251 1443 4305 ita
1491 4258 1546 4306 et
1595 4266 1722 4305 aves
1750 4266 1929 4305 aerem
1986 4252 2177 4321 pennis

584 4339 881 4394 creduntur
908 4341 1144 4395 natando
1173 4356 1541 4411 perrumpere.
1596 4340 1738 4409 Ergo
1763 4343 2018 4409 quoniam
2070 4360 2174 4397 una

581 4429 887 4502 proprietas
928 4433 979 4485 in
1021 4444 1232 4499 genere“
1266 4440 1499 4499 utroque
1529 4431 1751 4485 natandi
1780 4441 1881 4495 est,
1916 4447 1936 4469 υ
1986 4435 2174 4490 eadem

586 4519 694 4575 illis
724 4518 1154 4589 etiam'suppetit
1179 4534 1245 4572 ex
1286 4534 1425 4588 aqua
1462 4523 1733 4594 cognatio.
1767 4521 2009 4591 Quorum
2062 4529 2185 4598 hazc,

2264 3354 2381 3411 pro
2408 3336 2665 3393 alimonia
2695 3337 3001 3408 percipiunt
3028 3333 3285 3406 quidquid
3321 3349 3479 3390 casus
3507 3333 3782 3397 obtulerit.
3813 3331 3877 3385 lit

2278 3432 2335 3487 in
2366 3431 2452 3487 his
2480 3446 2669 3487 rursus
2688 3431 2927 3486 maxima
2969 3427 3270 3485 dilferentia
3300 3435 3401 3482 est.
3435 3426 3690 3493 Qumdam
3731 3426 3876 3479 enim

2269 3508 2698 3591 :sunt'gregales,
2731 3520 2972 3591 exceptis
3000 3517 3408 3594 prmdatricibus
3438 3537 3451 3571 :
3475 3532 3702 3586 quarum
3726 3515 3873 3569 nulla

2279 3631 2401 3672 cum
2424 3615 2544 3670 aliis
2567 3622 2764 3686 praeter
2783 3615 2986 3671 coitqu
3014 3614 3271 3669 sociatur.
3295 3612 3427 3667 Aliae
3469 3620 3593 3666 sunt
3634 3625 3875 3665 commu-

2280 3707 2423 3761 niter
2450 3707 2713 3770 viventes,
2747 3706 2887 3762 sicut
2913 3705 3199 3773 columbae,
3234 3705 3425 3770 sturni,
3448 3717 3626 3772 grues,
3657 3711 3715 3756 et
3738 3715 3872 3771 gra-

2272 3796 2419 3879 ‘culi:
2453 3811 2519 3850 ex
2549 3794 2746 3864 quibus
2774 3794 3018 3873 qumdam
3046 3794 3164 3849 sine
3195 3793 3421 3849 ducibus
3459 3793 3743 3856 habentur,
3775 3807 3866 3845 se—

2280 3889 2539 3959 metipsas
2560 3896 2831 3957 regentes,
2853 3888 2970 3943 aliae
2994 3887 3093 3943 sub
3117 3886 3477 3942 moderamine
3496 3885 3870 3950 continentur,

2272 3990 2342 4055 ut
2370 3995 2553 4050 grues.
2589 3979 2681 4036 Est
2713 3982 2876 4035 etiam
2927 3981 2981 4034 in
3023 3980 3102 4035 eis
3130 3979 3235 4035 alia
3264 3977 3534 4044 discretio,
3573 3975 3898 4031 secundum

2280 4088 2445 4145 quam
2476 4081 2651 4127 certas
2677 4071 2918 4127 videmus
2966 4070 3201 4125 advenas
3229 4066 3365 4134 esse,
3398 4067 3531 4122 alias
3579 4065 3877 4136 indigenas.

2280 4164 2577 4219 Nonnullas
2597 4164 2775 4220 hieme
2803 4163 3182 4234 compellente,
3220 4159 3244 4197 δ
3276 4175 3438 4216 causa
3462 4167 3666 4230 pastus,
3696 4158 3761 4212 ad
3793 4175 3880 4228 pe-

2279 4246 2492 4326 regrina
2520 4254 2815 4331 discedere.
2861 4254 3139 4310 Plurimasi
3168 4260 3477 4309 mansuetas
3516 4250 3650 4317 ﬁeri,
3680 4259 3736 4306 et
3781 4266 3881 4320 pa-

2280 4336 2481 4403 tientes
2513 4365 2524 4400 :
2558 4347 2800 4417 exceptis
2829 4345 3230 4411 inﬁrmioribus,
3259 4359 3379 4415 qua:
3408 4354 3629 4414 propter
3657 4342 3880 4399 nimiam

2280 4442 2643 4511 timiditatem,
2676 4439 3156 4497 contrectationem
3207 4451 3399 4511 manus
3428 4444 3702 4506 nequeunt
3728 4434 3873 4490 tole~

2236 4612 2241 4615 _
2287 4549 2428 4588 rare.
2456 4532 2589 4587 Aliae
2618 4532 2758 4587 inter
2786 4530 3033 4588 homines
3060 4529 3425 4596 diversantur,
3468 4526 3659 4582 iisdem
3684 4526 3885 4597 quibus

661 4690 686 4718 ἀ
716 4675 865 4761 lllud‘
887 4692 990 4761 nec!
1017 4686 1316 4761 aspectare
1348 4688 1412 4761 at
1439 4696 1563 4761 cuni.
1581 4696 1796 4761 corpore
1845 4684 2172 4761 dissolvatur,

2285 4687 2771 4761 Gmce,_a_tirm_~l.ai
2795 4692 2916 4761 ἡμῖν
2948 4692 3015 4750 ὡς·
3042 4688 3178 4761 ἔοικε
3351 4690 3506 4747 αὐτὴν
3551 4689 3698 4761 πάλςν
3725 4687 3883 4759 βαδιο

588 4767 697 4811 non
744 4748 875 4805 satis
918 4746 1179 4817 intelligo.
1205 4748 1430 4805 Videtur
1458 4752 1654 4806 omissa
1672 4746 1850 4810 luisse
1888 4770 1918 4808 a
1946 4746 2180 4813 librariis

589 4821 780 4902 vocula
810 4835 913 4902 nan
945 4836 963 4873 :
994 4834 1086 4902 nec
1110 4828 1411 4902 exspectare
1439 4829 1501 4902 at
1532 4838 1649 4876 cum
1688 4820 2179 4902 corporennorudia-

589 4894 837 4966 solvatur.
854 4888 1068 4961 Quanto
1091 4888 1287 4945 clarius
1307 4892 1425 4948 hmc
1453 4892 1703 4966 leguntur
1729 4888 1872 4966 apud
1901 4896 2178 4963 Basilium,

590 4965 742 5035 cujus
769 4961 911 5040 haec
933 4968 1080 5040 sunt,
1109 4968 1184 5020 Μὴ
1211 4966 1380 5040 νρμιςε
1412 4961 1921 5040 πρεςεητέροαῖιῖναι
1970 4976 2061 5029 τῆς
2087 4961 2180 5025 τοῦ

588 5032 825 5108 σώματος
854 5035 1020 5112 αὐτῷν
1045 5032 1410 5112 ῥπρᾳτάὰεες,
1441 5032 2018 5112 ρηδέλὲπίδιαμένονσαν
2051 5041 2184 5112 μετὰ

588 5099 679 5167 emi
701 5116 792 5166 τῆς
820 5106 1009 5177 σάρκός
1041 5099 1291 5177 italum»,
1326 5099 1461 5159 caue
1496 5099 1777 5161 existimesi
1804 5099 2187 5163 animam'con-

590 5174 1118 5251 stilutioneﬁorporis
1144 5174 1376 5251 ipsorum
1404 5177 1728 5236 maiorem
1745 5193 1878 5241 me,
1902 5189 1992 5232 aut
2019 5182 2187 5251 ipsam

591 5254 708 5327 post
734 5244 910 5327 carnis
940 5243 1329 5326 dissolutionem
1338 5261 1682 5327 permanare.

633 5315 691 5396 ,ιι
733 5311 903 5379 Editi,
934 5311 1276 5383 prwterimusl
1323 5311 1544 5385 Antiqui
1590 5317 1699 5373 duo
1746 5317 1894 5382 libri,
1944 5322 2182 5391 praeteri-

592 5399 776 5440 minus.
1550 5398 1555 5405 ’

674 5472 690 5488 "
734 5451 1204 5535 (δωδεὲίῖριὲηίιυέρ
1228 5455 1537 5535 άὲωεταξνιέ
1557 5458 1870 5535 mut!“
1896 5462 2186 5535 ηαιίυέιςξιίτ

599 5526 691 5579 bus
720 5522 1097 5595 aqualibilium.
1141 5522 1339 5583 Statim
1380 5529 1532 5593 editi,
1558 5522 1814 5584 inbitandi
1862 5540 2002 5584 sunt.
2043 5530 2187 5584 Libri

598 5592 829 5661 veteres,
860 5592 1098 5670 imitandi
1124 5605 1287 5670 sunt,
1331 5598 1479 5653 satis.
1509 5592 1914 5670 accommodate
1941 5602 2007 5656 ad
2036 5599 2189 5655 Grie-

603 5681 788 5745 cutlng
809 5670 904 5745 ᾳτά
933 5667 1416 5745 ῖρρὲβτξιλήσμοιεᾳς
1444 5677 1544 5723 τῶν
1572 5669 1867 5745 ὁδοιπόρων.

674 5734 708 5817 ;¹,
724 5731 935 5817 Totus}
947 5734 1078 5817 ίιιιεςι
1096 5737 1171 5803 δίο
1196 5743 1245 5817 εἰι
1260 5731 1425 5817 W159.
1435 5753 1528 5817 μεθ’
1545 5731 1781 5795 ⁸⁸⁸ωάνῆ

607 5798 788 5850 callem
817 5798 1131 5855 redeundum
1150 5811 1248 5868 est,
1272 5798 1571 5861 addidimus
1584 5822 1652 5861 ex
1674 5798 1871 5865 nostris
1896 5813 2188 5869 codicibus.

1799 5757 1948 5812 quem
1967 5726 2193 5796 uenimus

2289 4762 2455 4815 στίον.
2504 4758 2627 4814 Mox
2656 4758 3155 4825 Colbjsecundus,
3196 4759 3499 4813 elementum
3538 4758 3731 4823 maris;
3773 4775 3889 4828 quo

2290 4830 2542 4912 exemplo
2570 4844 2754 4884 rursus
2782 4829 3102 4912 continuari
3116 4828 3299 4912 potest
3335 4828 3479 4912 quod
3506 4828 3767 4912 diximus,
3822 4828 3891 4912 li:

2291 4898 2553 4971 brarium,
2585 4916 2707 4955 cum
2737 4906 2956 4970 recepta
2998 4898 3167 4956 lectio
3188 4900 3235 4955 ei
3268 4916 3373 4956 non
3395 4898 3650 4971 placeret,
3679 4900 3891 4967 aliquid

2286 4969 2589 5025 identidem
2612 4971 2682 5026 de
2706 4984 2806 5025 suo
2836 4970 3166 5025 immutasse.

2372 5052 2395 5077 υ
2434 5039 2595 5104 Editi,
2628 5050 2676 5094 et
2703 5040 2883 5095 eadem
2927 5040 3038 5095 illa
3070 5042 3246 5096 etiam.
3282 5038 3423 5096 Libri
3472 5049 3681 5095 veteres
3722 5040 3794 5095 ita
3830 5036 3891 5093 ut

2238 5162 2245 5169 .
2297 5109 2565 5165 edendum
2591 5112 2917 5166 curavimus.
2951 5110 3237 5181 Aliquanto
3263 5120 3385 5181 post
3411 5111 3558 5176 editi,
3593 5110 3897 5181 raptoribus

2297 5182 2468 5265 gyiurn
2492 5183 2664 5265 etiarn.
2710 5181 2856 5265 Libri
2903 5182 3128 5265 antiqui,
3161 5182 3651 5265 raptoribus-autem
3684 5183 3889 5265 etiam.

2286 5248 2405 5305 Nec
2427 5252 2498 5323 ita
2540 5253 2706 5308 multo
2755 5252 2889 5307 infra
2932 5248 3052 5306 libri
3084 5248 3479 5323 impressiyad
3521 5251 3898 5323 convertendus

2292 5322 2519 5390 prwdas.
2571 5323 2639 5375 At
2668 5325 2836 5378 nostri
2862 5333 2973 5378 tres
3000 5322 3228 5386 mss.,nd
3253 5322 3627 5378 consectandas
3656 5322 3890 5390 prwdas.

2369 5391 2387 5465 ζ
2430 5390 2572 5445 Editi
2599 5400 2654 5465 et
2679 5393 2785 5447 duo
2832 5409 2982 5465 mss.,
3025 5391 3895 5465 relmagnitudines,_vel_colorc§.

2292 5460 2442 5534 Alius
2453 5477 2553 5515 ms.
2568 5462 2646 5517 vel
2656 5464 3025 5534 magnitudinis
3040 5464 3117 5518 vel
3130 5459 3347 5527 coloris,
3359 5464 3515 5517 bene.
3531 5462 3724 5517 Statim
3737 5459 3896 5521 editi,

2294 5532 2371 5585 uti
2384 5540 2720 5604 ut_t_anquam.
2743 5532 2955 5604 Antiqui
2977 5534 3084 5587 duo
3100 5534 3243 5597 libri,
3263 5535 3338 5586 uti
3354 5534 3529 5596 rariis,
3542 5542 3603 5604 ut
3624 5541 3897 5604 tanquam.

2371 5599 2692 5674 8__Hoc'loco
2713 5599 2911 5674 aliquid
2943 5605 3304 5674 nmissmnest
3338 5612 3429 5657 aut
3459 5620 3487 5657 a
3520 5599 3775 5674 librariis,
3803 5608 3899 5654 aut

2296 5672 2379 5742 ab
2399 5668 2682 5742 Eustathio
2712 5668 2845 5742 ipso.
2880 5673 3022 5741 Lege
3046 5673 3233 5729 homil.
3265 5672 3320 5739 8,
3352 5688 3501 5728 num.
3524 5672 3576 5742 '5.

2373 5741 2399 5778 λι
2439 5741 2600 5809 Editi,
2647 5741 2807 5797 causa
2854 5752 3052 5814 partus.
3110 5743 3329 5814 Antiqui
3379 5742 3489 5798 duo
3532 5741 3684 5811 libri,
3734 5753 3901 5815 alapa

2296 5822 2502 5883 pastus.
2762 5844 2767 5848 ι
3465 5832 3469 5836 ι

2205 5961 2268 5995 δέ·
