4192 6258
335 384 448 449 949

1320 356 1713 433 llEXAEMERl
1753 377 2235 435 METAPHRASIS
2268 378 2466 435 LIBER
2504 380 2640 437 vin.

3499 382 3610 443 950

290 550 296 555 .
343 503 421 558 illi
440 487 724 564 domiciliis
767 504 1200 557 commanentes,
1251 497 1367 550 alia:
1414 497 1547 551 locis
1587 496 1813 549 desertis
1868 502 1922 548 et
1955 498 1998 555 Α
2030 506 2151 551 tur:
2203 505 2389 566 utpote
2417 513 2552 566 quas
2596 499 2893 554 laboriosas
2940 507 2994 553 et
3037 505 3307 569 sapientes
3340 496 3609 559 'vocitavit

346 592 613 648 montibus
641 589 994 645 delectantur.
1026 586 1121 640 szt
1150 587 1311 641 etiam
1339 587 1526 641 avibus
1548 599 1737 653 magna
1771 583 1923 638 diffe-

347 685 516 739 rentia
546 699 760 749 vocum,
804 690 859 737 et
880 666 982 737 sua
1033 680 1225 750 cuique
1253 682 1576 751 prolirietas.
1611 679 1747 734 Sunt
1775 678 1919 733 enim

340 772 584 846 qtnedam
630 774 881 841 loquaces
913 780 966 827 et
1001 772 1246 840 garrulm,
1279 772 1395 826 aliae
1427 772 1741 826 taciturum:
1788 785 1923 823 non-

340 866 499 917 nullm
521 878 732 918 canorae.
752 870 912 932 atque
937 863 1205 927 clamosaa,‘
1229 870 1389 917 certae
1415 861 1674 927 stridulze,
1701 860 1924 915 nullum-

337 970 444 1023 que
476 954 687 1022 penitus
716 952 973 1007 habentes
993 960 1229 1006 cantum.
1259 952 1385 1006 Alia:
1417 953 1738 1023 naturaliter
1764 966 1925 1006 remu-

338 1046 554 1099 latrices
582 1050 726 1110 sunt,
751 1044 834 1098 vel
863 1061 930 1099 ex
958 1044 1235 1099 hominum
1265 1043 1645 1099 traditionibus
1675 1041 1919 1099 eruditae.

336 1134 469 1188 Alia:
517 1135 752 1208 unicum,
783 1149 1165 1203 nunquamque
1212 1133 1524 1189 mutabilem
1555 1148 1746 1187 sonum
1774 1133 1923 1187 vocis

332 1212 554 1279 habent.
586 1223 843 1279 Lascivus
872 1232 954 1280 est
981 1225 1171 1294 gallus,
1197 1224 1423 1291 diligens
1446 1240 1605 1292 pavo,
1640 1223 1919 1293 libidinosa

334 1317 603 1383 columba,
634 1315 1036 1385 domesticaque
1059 1317 1272 1383 gallina.
1309 1317 1537 1371 Dolosus
1565 1324 1619 1370 et
1642 1317 1921 1387 zelotypus

334 1407 553 1476 perdix;
585 1407 963 1476 interdumque
989 1407 1310 1462 venantibus
1340 1406 1665 1471 hominibus,
1694 1406 1758 1460 ad
1788 1407 1921 1461 alio-

334 1514 454 1553 rum
480 1509 697 1569 captum
749 1498 1018 1555 malitiose
1047 1498 1419 1561 consentiens;
1452 1506 1506 1552 et
1536 1498 1755 1552 omnino
1777 1496 1922 1551 mul-

335 1592 503 1660 tiplex
534 1591 587 1645 in
637 1591 739 1645 illis
767 1599 980 1645 actuum
1009 1605 1324 1658 morumque
1353 1587 1607 1643 discretio
1636 1596 1737 1642 est.

406 1683 458 1736 4.
486 1683 624 1738 Sunt
663 1688 717 1737 et
742 1691 889 1738 certa
919 1682 1167 1736 animalia
1195 1681 1418 1744 urbana,
1448 1680 1492 1733 si
1536 1688 1716 1733 tamen
1758 1678 1918 1733 urba-

334 1776 522 1830 nitatis
551 1784 632 1829 est
651 1773 721 1828 ad
760 1788 924 1828 unum
951 1786 1398 1841 communemque
1429 1770 1609 1834 linem,
1641 1770 1915 1839 operatio-

2028 592 2338 660 autiquitas.
2364 590 2439 644 Ita
2460 592 2698 645 studiose
2724 593 2922 646 victum
2951 592 3228 661 proprium
3259 598 3604 662 reperientes,

2025 697 2251 751 quarum
2308 698 2455 763 usus,
2490 690 2597 735 tam
2650 683 2865 750 regibus
2892 696 3051 750 quam
3102 684 3324 753 privatis
3368 685 3605 739 remedia

2024 776 2215 830 salutis
2244 776 2501 844 impertit.
2537 774 2603 828 Et
2644 775 2755 841 sic,
2785 776 2911 843 quia
2939 777 3017 832 sic
3049 787 3069 816 ε
3092 778 3365 847 sapienter
3411 778 3605 833 horrea

2025 867 2201 922 mellis
2227 867 2511 921 tedilicaut.
2547 864 2605 919 In
2632 874 2819 920 tenera
2849 868 2994 922 enim
3045 868 3354 924 membrana
3388 871 3605 925 crebras

2025 958 2231 1023 thecas,
2259 957 2467 1025 sibique
2496 958 2775 1026 contiguas
2812 967 3096 1013 exstruunt
3122 978 3134 1012 :
3160 967 3219 1014 ut
3247 975 3428 1015 earum
3475 977 3603 1017 cmi~

2023 1047 2269 1103 densatio
2320 1048 2645 1102 tenuissima:
2682 1055 2835 1103 textu
2866 1050 3346 1118 compaginationis
3375 1062 3601 1117 arctam,

2025 1148 2081 1192 et
2103 1139 2234 1192 fulta
2259 1138 2402 1193 velut
2430 1139 2750 1208 quibusdam
2781 1140 3048 1209 repagulis
3076 1156 3211 1210 opus
3238 1152 3399 1197 omne
3424 1153 3569 1198 cont-
3597 1181 3600 1184 .

2026 1238 2170 1283 neat.
2198 1228 2627 1298 Unumquodque
2657 1245 2785 1284 vero
2833 1231 3101 1300 Spiramen
3139 1241 3328 1287 mutuo
3355 1235 3599 1288 strictum

2023 1334 2166 1372 nexu
2194 1326 2527 1373 sustentatur
2555 1318 2622 1371 ab
2663 1319 2791 1387 alio,
2819 1328 2875 1375 et
2923 1320 3266 1376 subtilissima
3306 1321 3599 1380 forulorum

2024 1409 2412 1478 interseptione
2431 1410 2746 1464 discluditur
2774 1428 2786 1464 :
2816 1413 2907 1480 qui
2934 1412 3092 1481 binis,
3118 1426 3209 1469 aut
3238 1417 3403 1469 ternis
3442 1432 3599 1486 super

2024 1520 2083 1559 se
2111 1512 2235 1559 sunt
2255 1505 2490 1581 ordinati
2513 1506 2852 1571 tegminibiis.
2884 1504 3066 1573 Neque
3087 1507 3231 1561 enim
3258 1508 3488 1563 directas
3516 1510 3598 1568 vel

2018 1596 2294 1665 simplices
2321 1612 2671 1651 cavernarum
2715 1594 3106 1667 profunditates
3142 1596 3354 1653 efﬁcere
3398 1599 3596 1654 malue-

2021 1695 2168 1750 runt,
2200 1702 2270 1741 ne
2317 1688 2400 1743 sui
2442 1688 2682 1757 pondere
2710 1689 2938 1756 stipatus
2962 1689 3156 1743 humor
3182 1688 3206 1725 ά
3234 1694 3477 1744 manaret
3501 1705 3594 1745 ex-

2024 1779 2305 1834 trinsecus.
2338 1777 2495 1833 Disce
2534 1779 2808 1846 quomodo
2853 1779 3163 1846 geometria:
3202 1779 3490 1849 affectatio,
3513 1797 3592 1836 sa-

332 1880 455 1918 nem
487 1864 782 1934 perducere
809 1862 1142 1931 singulorum
1170 1879 1180 1913 :
1214 1861 1353 1916 sicut
1402 1861 1454 1914 in
1503 1861 1691 1930 apibus
1719 1867 1801 1914 est
1831 1860 1912 1912 vi-

2028 1870 2364 1940 pientissimis
2392 1869 2581 1937 apibus
2608 1878 2919 1938 comparata
2945 1871 3304 1939 postponitur.
3326 1869 3431 1926 Sex
3457 1872 3599 1928 enim

330 1955 483 2020 dere,
515 1955 706 2024 quibus
746 1953 1045 2008 communis
1090 1952 1353 2006 habitatio
1394 1960 1494 2017 est,
1525 1960 1579 2005 et
1607 1952 1832 2015 volatus,
1865 1960 1920 2006 et

334 2062 474 2102 niins
504 2047 654 2101 labor
677 2045 946 2109 omnibus,
979 2052 1034 2099 et
1072 2044 1216 2113 quod
1239 2044 1531 2098 maximum
1561 2053 1658 2108 est,
1692 2045 1790 2099 sub
1831 2061 1917 2099 re-

329 2139 488 2207 gibus
516 2145 568 2192 et
593 2135 816 2191 ducibus
844 2151 947 2190 una
968 2150 1193 2204 quicque
1222 2135 1498 2205 proprium
1530 2150 1723 2188 munus
1762 2150 1919 2214 exer-

330 2239 436 2284 cet.
471 2229 583 2284 Nec
622 2228 769 2298 prius
822 2227 1019 2283 audent
1064 2242 1284 2296 campos
1338 2234 1586 2297 patentes
1641 2235 1916 2297 appetere,

333 2337 498 2390 quam
530 2338 684 2376 suum
716 2322 1012 2392 principem
1063 2319 1295 2375 viderint
1319 2318 1549 2375 volasse.
1584 2319 1695 2375 Rex
1741 2328 1918 2375 autem

330 2412 473 2480 apud
502 2422 595 2466 e’as
642 2428 749 2466 non
779 2406 1128 2467 constituitur
1157 2426 1186 2464 a
1216 2410 1435 2480 populo,
1470 2426 1594 2464 nam
1636 2426 1776 2480 smpe
1804 2409 1918 2464 suf-

332 2504 503 2575 fragia
525 2502 879 2560 multitudinis
908 2504 1168 2574 imperite
1196 2503 1373 2558 solent
1412 2503 1657 2572 indignos
1684 2502 1753 2556 ad
1805 2504 1920 2558 cul-

336 2610 456 2650 men
491 2597 768 2669 imperiale
796 2595 1115 2665 provehere,
1146 2610 1245 2650 nec
1273 2607 1497 2662 regnum
1527 2602 1671 2649 sorte
1702 2602 1919 2662 pnesta-

333 2696 437 2742 tur.
475 2688 610 2743 Sunt
658 2688 800 2742 enim
845 2686 1246 2741 irrationabiles
1295 2686 1473 2740 exitus
1523 2700 1690 2752 urna),
1722 2685 1920 2754 quippe

333 2796 457 2849 qtae
498 2780 691 2850 sepius
720 2776 901 2832 inﬁmo
929 2778 1123 2847 cuique
1163 2783 1491 2848 potestatum
1521 2775 1765 2831 decernit
1793 2775 1922 2828 insi-

332 2871 479 2937 gnia.
512 2869 617 2924 Sed
664 2884 765 2924 nec
811 2885 878 2923 ex
928 2877 1212 2939 parentum
1255 2867 1567 2923 btereditate
1623 2866 1919 2937 imperialia

334 2968 549 3030 sceptra
581 2959 876 3025 traduntur,
910 2961 1161 3030 quoniam
1191 2960 1493 3031 principum
1524 2959 1675 3014 liberi
1700 2968 1802 3029 'per
1823 2974 1916 3011 vo-

337 3048 573 3119 luptates
596 3058 649 3104 et
682 3038 901 3106 delicias
929 3050 1541 3121 facilecorrumpuntur,
1576 3057 1631 3104 et
1657 3049 1919 3104 vecordes

336 3140 645 3199 officiuntur
684 3157 747 3215 ac
784 3141 950 3196 stulti.
976 3136 1082 3197 Sed
1122 3151 1324 3197 natura:
1347 3142 1571 3212 judicio,
1598 3143 1690 3213 qui
1719 3141 1913 3210 dignus

2025 1961 2230 2030 angulis
2262 1961 2593 2031 totidemque
2621 1961 2899 2030 lateribus,
2929 1974 3171 2015 cerarum
3212 1959 3401 2016 ﬁstula:
3431 1964 3592 2018 curiti-

2023 2060 2242 2115 nentur,
2276 2066 2375 2105 nee
2416 2059 2596 2105 υιιειιθη
2627 2059 2819 2105 erecte
2846 2059 2991 2119 sunt,
3040 2066 3108 2106 ne
3135 2051 3327 2107 fundus
3357 2053 3597 2110 videlicet

2022 2141 2321 2208 laboraret,
2364 2141 2409 2195 si
2428 2141 2800 2209 juneturarum
2826 2156 3029 2197 vacuus
3062 2142 3204 2197 foret
3245 2143 3462 2198 auxilio.
3495 2144 3598 2200 Sed

2025 2231 2308 2286 inferiores
2352 2232 2427 2286 illi
2484 2248 2582 2286 sex
2637 2233 2850 2301 anguli,
2898 2232 3054 2288 sedes
3100 2241 3156 2288 et
3210 2233 3598 2290 ﬁrmamentum

2024 2322 2295 2390 quoddam
2339 2323 2654 2392 superjectis
2698 2323 2961 2378 habentur
2997 2342 3011 2376 :
3041 2338 3150 2393 quo
3194 2334 3218 2362 ε
3256 2324 3607 2381 tolerabiliter

2025 2415 2238 2484 pondus
2291 2416 2686 2486 superpositum
2741 2417 3119 2473 subvectarent
3142 2461 3158 2486 ,
3220 2420 3609 2489 humoremquo‘

2025 2504 2364 2561 reconditum
2394 2506 2447 2559 in
2468 2507 2838 2569 cavationibus
2857 2508 3080 2575 singulis
3104 2517 3503 2564 conservarent.

2100 2593 2148 2648 5.
2194 2596 2325 2661 Quis
2355 2595 2519 2667 igitur
2548 2596 2843 2672 volatilium
2877 2597 3051 2651 valeat
3075 2597 3361 2667 diligenter
3386 2607 3603 2655 cunctas

2029 2686 2391 2756 proprietates
2444 2687 2755 2755 exponere?
2804 2685 2901 2741 Vel
2949 2688 3396 2756 quemadmodum
3444 2701 3613 2758 grues
3670 2674 3677 2681 ’

2025 2779 2282 2833 eitcubias
2305 2778 2538 2832 vicissim
2565 2785 2728 2833 noctu
2751 2779 3070 2849 suscipiunt,
3097 2794 3323 2850 quarum
3346 2781 3461 2836 aliis
3482 2779 3613 2836 cor?

2026 2885 2157 2940 pora
2214 2885 2411 2940 sopore
2458 2869 2769 2925 curantibus
2795 2913 2811 2938 ,
2861 2873 3128 2927 nonnullae
3180 2874 3460 2928 tuitionem
3502 2875 3617 2929 illis‘
3692 2920 3699 2923 .

2031 2962 2320 3032 perhibent
2348 2961 2634 3030 vigilando.
2687 2961 2815 3028 Qua:
2862 2978 2984 3018 cum
3025 2973 3279 3019 statutum
3322 2964 3423 3020 sibi
3470 2974 3623 3040 temz

2027 3071 2126 3125 pus
2177 3053 2472 3109 excubandi
2544 3055 2889 3124 peregerinp,
2938 3055 3067 3124 ipsae
3111 3056 3324 3124 quidem
3372 3052 3621 3112 clamoro'

2025 3147 2171 3210 dato,
2222 3147 2502 3216 quiescere
2548 3147 2829 3217 incipiunt,
2873 3146 2990 3202 alia
3040 3162 3171 3203 vero
3225 3157 3369 3204 sorte
3422 3164 3605 3204 succe«

338 3233 519 3299 fuerit,
556 3235 751 3290 infulas
781 3244 802 3273 ⁸
829 3237 1021 3308 accipit
1057 3236 1409 3307 principatus,
1438 3253 1543 3292 non
1586 3236 1761 3290 minus
1787 3250 1917 3304 pro—
1940 3227 1987 3288 C
2019 3236 2172 3321 dun‘t.
2204 3236 2355 3291 Hunc
2383 3245 2565 3292 autem
2602 3237 2846 3292 ordinem
2888 3247 2944 3292 et
2983 3238 3039 3291 in
3069 3237 3247 3292 volatu
3278 3237 3603 3305 custodiunt,

337 3326 566 3382 ceritate
599 3326 962 3382 membrorum
1014 3343 1176 3397 quam
1211 3328 1433 3383 lenitate
1461 3334 1672 3383 morum
1715 3326 1924 3381 caeteris

340 3427 623 3486 pnestans,
654 3427 709 3473 et
735 3419 900 3473 habet
946 3419 1152 3488 spicula
1180 3419 1459 3486 quaedam,
1492 3418 1585 3472 sed
1631 3418 1713 3473 his
1739 3417 1807 3471 ad
1836 3416 1924 3470 lze-
1952 3478 1957 3483 1

338 3510 547 3565 sionem
572 3526 675 3564 non
699 3510 865 3564 utitur
893 3511 1140 3564 aliorum.
1170 3508 1248 3562 lta
1272 3509 1420 3578 leges
1457 3507 1712 3578 quasdam
1738 3507 1927 3561 tacitas

342 3604 422 3657 eis
450 3611 642 3657 natura
662 3601 1005 3671 prmscripsit,
1022 3600 1215 3671 quibus
1236 3600 1534 3654 retinentur
1557 3599 1623 3654 ad
1652 3596 1924 3653 inferenda

344 3700 614 3746 tormenta
633 3690 977 3760 supplicibus.
1011 3689 1142 3759 Ipsa:
1179 3705 1308 3743 vero
1339 3703 1466 3756 apes
1495 3688 1539 3743 si
1588 3696 1783 3742 secuta:
1820 3703 1926 3741 non

341 3779 544 3838 fuerint
566 3783 808 3837 instituta
834 3781 1203 3849 regnantium,
1227 3781 1447 3850 propria
1479 3779 1806 3851 pmnitudine
1833 3794 1928 3833 ca—

341 3876 625 3942 stigantur.
652 3870 783 3927 Nam
813 3873 857 3927 si
879 3871 1200 3942 pupugerint
1229 3871 1485 3941 aliquem,
1515 3871 1787 3925 dimittunt
1810 3871 1928 3925 ani-

344 3980 491 4019 mam
531 3980 653 4020 cum
708 3966 896 4020 aculeo
930 3965 1086 4020 simul
1136 3966 1188 4020 in
1241 3964 1480 4020 vulnere.
1536 3964 1767 4019 Audiant
1805 3961 1930 4020 haec

312 4055 659 4121 ‘Christiani,
703 4057 895 4125 quibus
946 4054 1254 4110 mandatum
1298 4064 1401 4119 est,
1447 4056 1577 4111 nulli
1605 4057 1800 4109 malum
1829 4070 1955 4126 pre"

349 4145 495 4200 malo
525 4160 786 4215 reponere
806 4190 821 4214 ,
853 4136 947 4201 sed
985 4148 1037 4200 in
1074 4147 1315 4201 bonitate
1344 4162 1599 4216 superare
1647 4146 1924 4200 malitiam.

343 4237 706 4304 Quamobrem
755 4237 1034 4292 imitamini
1080 4252 1258 4292 mores
1286 4237 1312 4274 δ
1343 4238 1523 4313 apium
1577 4255 1588 4289 :
1639 4252 1758 4305 quas
1800 4235 1930 4290 nulli

344 4328 648 4383 molestiam
677 4326 954 4391 facientes,
970 4342 1071 4383 nec
1097 4327 1271 4382 aliena
1295 4328 1615 4397 patrimonia
1640 4328 1927 4397 rapientes,

348 4414 559 4487 lingunt
585 4419 802 4489 quidem
856 4418 1006 4473 favos
1054 4426 1395 4473 constructus
1424 4419 1489 4472 ex
1536 4417 1778 4485 llot-ibus,
1826 4417 1933 4470 mel

350 4518 532 4564 autem
557 4509 625 4563 de
648 4509 872 4563 humore
898 4508 1137 4577 roscido,
1158 4510 1248 4581 qui
1270 4510 1520 4564 arborum
1544 4508 1684 4563 foliis
1712 4507 1929 4575 insidet,

351 4604 447 4656 ore
464 4600 750 4655 collectum
776 4599 829 4654 in
854 4601 1022 4657 cereis
1038 4600 1341 4656 recondunt
1366 4601 1534 4655 cellis.
1550 4600 1680 4654 Nam
1701 4599 1933 4669 denique

348 4692 602 4761 l‘quidius
632 4692 861 4747 habetur
880 4692 1005 4758 mel,
1042 4692 1184 4762 quod
1214 4693 1392 4762 primo
1416 4692 1724 4762 percipitur,
1743 4691 1935 4754 deinde

350 4784 608 4850 tz'ltiztlim
660 4792 903 4854 tempore
950 4784 1275 4853 procedente
1322 4780 1610 4850 digestum,
1659 4781 1723 4836 ad
1780 4798 1931 4859 suam

350 4876 429 4940 spi
451 4875 748 4928 :-itndinem
786 4876 1215 4943 suavitatemque
1261 4875 1567 4929 revertitur.
1601 4873 1717 4928 Non
1746 4876 1965 4943 immer

352 4968 456 5016 l't'fl
484 4978 613 5033 ergo
635 4970 905 5020 tantarum
936 4964 1152 5020 laudum
1183 4978 1311 5036 apes
1340 4965 1567 5035 gloriam
1595 4982 1937 5034 consequun-

425 5113 447 5173 ξι
492 5098 648 5173 Eiliti,
672 5102 887 5170 accepit.
921 5100 1065 5155 Libri
1093 5102 1577 5173 veteres,iaccipit.

426 5170 451 5206 ι’
489 5170 672 5225 Codex
706 5187 863 5233 unus,
897 5188 1073 5238 apum.
1104 5172 1298 5227 Statim
1328 5170 1492 5227 Colb.‘
1517 5172 1811 5238 secundus,
1845 5189 1939 5228 nec

426 5190 451 5206 υ
489 5190 672 5225 000οχ
706 5190 863 5233 unus,
897 5190 928 5224 α
967 5190 1073 5225 um.
1105 5190 1298 5227 Statim
1328 5190 1481 5227 hom.
1517 5190 1811 5238 secundus,
1845 5190 1939 5228 nec

286 5262 298 5291 ν.
354 5242 528 5295 aliena
556 5242 894 5313 patrimonia.
923 5190 1023 5295 Klii
1044 5258 1173 5313 mss.
1206 5259 1312 5296 una
1343 5256 1467 5296 cum
1490 5241 1665 5307 editis,
1694 5243 1810 5296 alia
1842 5261 1941 5313 pa-

356 5312 618 5385 trimonia.
635 5311 921 5380 Aliquanto
933 5319 1055 5382 post
1069 5310 1219 5366 Colh.
1247 5313 1533 5377 secundus,
1554 5313 1689 5385 quod
1717 5310 1939 5383 primum

356 5382 705 5452 percipitur,
1231 5450 1238 5452 Α
1428 5420 1437 5427 ·
1566 5382 1575 5385 ⁷
1720 5382 1723 5383 ν
1837 5450 1839 5452 ,
1935 5392 1945 5399 ’

434 5462 456 5489 ε
499 5451 633 5505 Editi

355 5522 734 5594 sic‘sqpienter.
760 5521 922 5594 Liber
945 5521 1129 5577 noster
1147 5531 1319 5588 vetus,
1343 5522 1415 5594 Et
1434 5525 1528 5587 sic,
1552 5525 1687 5594 quia;
1702 5526 1795 5585 sic,
1825 5521 1927 5578 etc.

431 5590 458 5630 ἀ
495 5590 637 5646 Editi
666 5601 720 5646 et
744 5593 851 5647 duo
877 5608 1030 5659 mss.,
1063 5596 1311 5656 maneret,
1337 5592 1536 5663 inepte.
1564 5590 1637 5647 'At
1662 5592 1814 5663 Colb.
1847 5608 1935 5647 se-

359 5664 584 5727 cundus,
635 5671 902 5727 manaret,
947 5663 1078 5717 satis
1118 5662 1524 5717 accommodate
1569 5663 1637 5716 ad
1693 5662 1937 5716 Graecum

360 5732 602 5804 yerbum,
630 5732 921 5804 dumimp.
954 5732 1157 5787 Ibidem
1193 5732 1348 5797 editi,
1390 5732 1528 5786 disce
1557 5734 1816 5801 quoniam.
1851 5729 1938 5785 Li—

355 5796 446 5860 bri
464 5803 687 5871 antiqui,
719 5803 858 5857 disce
877 5796 1148 5875 quomodo.

830 5978 872 5990 φ

642 5494 657 5519 ,
677 5451 786 5524 Cur
815 5452 926 5505 sic?
945 5454 1066 5524 quia
1092 5453 1184 5506 sic.
1213 5450 1686 5524 ColbLsecundus,
1719 5462 1767 5507 et
1814 5450 1951 5523 quia.

2031 3326 2156 3381 dum
2183 3326 2408 3388 diversis
2433 3327 2638 3382 vicibus
2667 3326 2684 3364 ί
2704 3342 2922 3398 operam
2952 3328 3198 3383 ductandi
3226 3338 3490 3398 coguntur
3516 3329 3605 3383 εθι-

2029 3419 2199 3489 plere.
2254 3417 2486 3474 Ciconize
2537 3409 2670 3475 sane
2718 3435 2824 3474 non
2884 3419 3073 3488 procul
3126 3419 3325 3474 distant
3376 3420 3445 3473 ab
3491 3420 3603 3483 bis,

2030 3510 2225 3580 quibus
2268 3509 2603 3564 rationabilis
2644 3509 2837 3563 collata
2865 3508 3145 3578 prudentia
3188 3510 3288 3563 est.
3322 3509 3452 3563 Nam
3491 3524 3602 3563 uno

2030 3609 2275 3670 tempore
2318 3599 2475 3653 simul
2520 3613 2711 3653 omnes
2755 3598 3058 3662 adveniunt,
3092 3598 3326 3666 itemque
3353 3599 3453 3652 sub
3490 3613 3600 3651 uno

2031 3692 2186 3760 signo
2231 3696 2437 3745 cunctae
2485 3688 2686 3758 pariter
2721 3688 2786 3742 ad
2827 3688 3112 3758 longinqua
3153 3688 3451 3756 discedunt.
3484 3686 3588 3742 Suf

2032 3781 2309 3849 fragantur
2354 3786 2533 3834 autem
2579 3778 2657 3833 eis
2701 3777 2963 3843 cornices,
3006 3792 3140 3847 quas
3178 3785 3234 3832 et
3268 3776 3633 3847 proficiscens“
3689 3843 3704 3849 _

2032 3883 2116 3937 tes
2163 3868 2458 3926 honoriﬁce
2507 3875 2917 3939 prosequuntur,
2961 3875 3016 3922 et
3052 3868 3197 3922 sicut
3228 3866 3357 3921 mihi
3399 3866 3598 3922 videtur

2033 3960 2289 4015 auxilium
2327 3964 2582 4032 praestant
2623 3958 2746 4023 illis,
2780 3957 3046 4041 adversus
3075 3956 3332 4026 quasdam
3366 3957 3606 4012 volucres
3634 3974 3639 3984 ι

2030 4051 2366 4132 pugnaturis.
2396 4048 2560 4118 Cujus
2585 4049 2662 4104 rei
2690 4056 2895 4104 certum
2933 4057 3014 4103 est
3053 4046 3432 4103 documentum
3458 4065 3471 4100 :
3495 4048 3607 4117 pri-

2031 4154 2179 4211 mum
2207 4140 2442 4210 quidem,
2474 4140 2600 4209 quia
2627 4140 2815 4194 cornix
2853 4153 2919 4194 eo
2957 4147 3202 4208 tempore
3245 4140 3460 4209 penitus
3501 4144 3609 4194 non

2032 4220 2248 4304 videtur
2280 4249 2293 4285 :
2324 4229 2518 4286 deinde
2543 4229 2688 4299 quod
2725 4229 2919 4284 saucia:
2954 4228 3263 4296 redeuntes,
3291 4229 3607 4285 manifestis-
3638 4240 3643 4243 ‘

2033 4326 2166 4393 s'ima
2208 4324 2511 4397 przeliorum
2541 4323 2689 4392 signa
2720 4322 3110 4378 demonstrant.
3138 4319 3285 4388 Quis,
3324 4334 3477 4390 rogo,
3508 4322 3610 4377 illis

2034 4416 2418 4487 bOSpitalitatis
2441 4415 2561 4484 jura
2588 4412 2890 4469 mandavit?
2918 4413 3023 4468 Ant
3049 4414 3170 4482 quis
3190 4412 3294 4467 sub
3320 4412 3610 4467 commina-

2038 4508 2189 4561 tione
2217 4506 2468 4575 przecepit
2507 4512 2582 4559 ut'
2604 4504 2838 4560 ciconias
2876 4504 2927 4558 in
2968 4504 3251 4574 procinctu
3287 4502 3489 4574 positas
3515 4519 3613 4558 suo

1964 4582 2013 4644 Ῑ)
2036 4615 2148 4655 non
2176 4598 2531 4656 destituerent
2554 4598 2848 4652 comitatu?
2876 4596 3112 4652 Audiaut
3137 4599 3251 4653 hare
3277 4598 3425 4652 avari
3452 4597 3613 4652 homi~

2031 4707 2156 4757 nes,
2188 4690 2281 4759 qui
2309 4698 2334 4735 8
2365 4696 2558 4756 negata
2599 4687 2894 4759 peregrinis
2931 4686 3346 4743 adventantibus
3372 4689 3614 4742 humani.
3700 4724 3705 4727 -

2038 4792 2172 4848 tate,
2199 4782 2392 4852 ianuas
2420 4795 2545 4835 suas
2573 4776 2846 4845 claudunt,
2874 4785 2932 4833 et
2971 4792 3072 4833 nec
3114 4778 3272 4832 tectis
3308 4793 3401 4831 eos
3427 4792 3614 4830 succe—

2039 4877 2171 4932 dere
2190 4874 2367 4932 noctis
2391 4879 2483 4927 aut
2503 4872 2692 4927 hiemis
2717 4880 2960 4941 tempore
2985 4870 3278 4941 patiuntur.
3306 4867 3616 4921 Liberalitas
3655 4898 3661 4906 ς

2040 4984 2172 5024 vero
2219 4980 2338 5037 qua;
2390 4964 2608 5020 senibus
2654 4964 2874 5019 ciconiis
2921 4978 2950 5017 a
2993 4960 3294 5031 junioribus
3339 4958 3616 5012 exhibetur

2129 5114 2155 5139 θ
2194 5101 2353 5173 Editi,
2380 5102 2514 5173 quod
2543 5098 2887 5173 tolerabiliter.
2914 5099 2983 5153 At
3001 5111 3129 5173 mss.
3155 5094 3407 5173 duohquo
3428 5094 3625 5173 tolera:

2046 5173 2234 5229 biliter.
2264 5164 2551 5240 Aliquanto
2573 5164 3192 5240 postColbasecundus,
3226 5164 3344 5240 aliis
3366 5165 3619 5240 corporali

2047 5259 2238 5317 sopore
2263 5234 2589 5317 cubitalibus:
2599 5237 2853 5317 Subinde
2881 5237 3020 5293 idem
3046 5234 3239 5300 'codex,
3267 5235 3377 5304 ipse
3400 5234 3620 5304 quidem.
3672 5314 3675 5317 δ

2045 5309 2167 5367 Vox
2188 5313 2372 5365 ultima
2398 5311 2464 5365 ab
2484 5310 2642 5364 editis
2668 5309 2874 5362 aberat.

2124 5382 2141 5421 ί
2172 5380 2326 5437 Colb.
2349 5380 2635 5444 secundus,
2659 5393 2867 5448 cperam
2887 5376 3107 5431 ducendi
3125 5383 3375 5448 aguntur
3396 5375 3622 5448 implere.

2047 5431 2952 5529 Aliquantoiposwt'eriiti,:primurn,
2984 5448 3124 5529 quiq.
3155 5431 3623 5529 Cblbnsecuiidtgts,

2043 5516 2209 5594 primo
2225 5516 2444 5593 quidem,
2460 5516 2784 5590 quia.Codex
2796 5527 2998 5581 noster,
3016 5516 3236 5586 primum
3251 5516 3469 5594 quident,
3485 5516 3622 5583 quia.

2117 5603 2141 5638 κ
2183 5590 2337 5645 Colb.
2392 5587 2679 5645 secundus.
2728 5588 2816 5645 qui
2861 5594 3190 5645 negant......
3240 5586 3623 5636 humanitatem.

2117 5603 2141 5638 κ
2183 5603 2337 5655 Cum.
2392 5603 2679 5652 secundus,
2728 5604 2816 5659 qut
2861 5603 3190 5657 negatum...
3240 5603 3623 5636 numamtmem.

2042 5658 2213 5714 Paulo
2241 5667 2363 5728 post
2390 5656 2519 5710 editi
2543 5663 2599 5710 et
2625 5658 2909 5728 duo_ms_s._,
2935 5672 3021 5710 eos
3048 5651 3518 5728 succederc._Colb.
3544 5663 3625 5728 scf

2044 5718 2271 5793 cundus',
2293 5744 2378 5781 eos
2403 5728 2675 5796 suscipere.
2709 5725 2860 5781 Haud
2888 5718 3046 5793 longe
3075 5723 3226 5791 editi,
3254 5724 3530 5793 patientur.
3562 5718 3625 5782 At

2043 5813 2173 5854 mss.
2185 5838 2199 5865 ,
2238 5797 2522 5852 vatiuntur.

3218 5916 3428 5949 ,σν-σαι·υῴ

3343 5946 3418 5969 ,ν’

3735 5618 3747 5665 '.
