4192 6258
1542 217 1575 245 ἰ

579 278 676 343 951

2026 280 2385 341 EUSTATHD

3092 204 3102 213 "
3234 207 3262 226 ι-

3745 280 3864 347 962

576 400 847 458 sulliceret
874 395 1150 457 hominum
1180 398 1334 462 lllios,
1366 396 1411 451 si
1440 391 1659 450 mallent
1687 389 1985 462 advertere,
2012 412 2157 450 ama-
2187 405 2230 463 Α
2261 397 2534 467 quomodo
2563 396 2704 468 apud
2733 412 2860 453 aves
2891 395 3286 455 irrationabiles
3313 398 3651 471 continentia
3684 398 3862 459 vidui-

577 505 725 551 tores
751 508 972 551 suorum
1000 490 1224 549 reddere
1250 489 1587 558 genitorum.
1604 486 1736 556 Quis
1767 488 1909 542 enim
1937 496 2045 542 tam
2074 489 2158 551 ing

571 587 775 657 sipiens
799 593 900 649 est,
927 591 1111 641 utnon
1133 598 1193 639 se
1212 591 1240 620 ι
1265 590 1487 645 censeat
1505 580 1794 651 ignominia
1816 581 2011 646 notari,
2037 596 2160 636 cum

568 677 761 732 avibus
812 674 1267 732 irrationabilibus
1318 673 1467 730 cultu
1513 673 1857 751 postponityr
1907 672 2160 743 pietatis?

571 764 682 821 Illa}
708 775 960 834 parentes
987 779 1116 820 suos
1140 771 1302 819 astate
1327 761 1608 819 confectos
1644 762 1943 834 pennisque
1970 776 2159 818 eorum

570 863 839 915 vetustate
866 855 1108 924 deiectis,
1135 854 1559 919 circumstantes,
1587 854 1822 925 propriis
1848 854 2047 925 plumis
2074 853 2160 911 fo-

569 947 718 1013 vent,
762 947 1180 1018 alimoniamque
1218 955 1568 1013 convectant,
1596 955 1652 1003 et
1696 947 1749 1002 in
1789 947 1972 1003 volatu
2015 945 2160 1017 quod

569 1039 867 1108 potuerint,
899 1039 1024 1097 hinc
1065 1038 1189 1096 inde
1218 1053 1278 1093 se
1311 1046 1696 1109 supponentes,
1742 1047 1975 1094 senecta:
2002 1038 2159 1094 lassi-

569 1129 809 1187 tudinem
865 1130 1245 1198 consolantur,
1299 1130 1508 1185 alarum
1557 1145 1777 1185 suarum
1822 1145 1914 1185 eas
1959 1128 2159 1186 auxilio

567 1231 954 1280 sustentantes.
997 1224 1127 1291 Quae
1172 1239 1261 1280 res
1302 1239 1402 1293 per
1428 1239 1618 1280 omnes
1645 1223 1844 1294 ubique
1870 1232 2058 1291 gentes
2084 1225 2161 1279 ita

568 1315 893 1387 percrebuit,
916 1322 977 1370 ut
994 1314 1156 1371 hodie
1176 1314 1541 1369 remuneratio
1565 1312 1730 1369 delati
1751 1306 1997 1369 beneﬁcii
2020 1312 2161 1385 apud

565 1404 786 1462 Grmcos
811 1407 1243 1482 ἁντιπελάργωσος
1270 1405 1597 1459 nominetur.
1631 1404 1973 1475 Quapropter
1998 1421 2159 1462 nemo

566 1512 626 1551 se
651 1497 868 1564 penitus
896 1497 1120 1552 obtentu
1149 1495 1486 1566 paupertatis
1505 1510 1791 1560 excusans,
1812 1496 1879 1551 de
1906 1496 2013 1551 vita
2040 1513 2161 1568 pro-

566 1587 685 1657 pria
712 1588 985 1658 desperet,
1015 1588 1263 1657 quamvis
1297 1586 1468 1643 'nullae
1503 1587 1650 1642 domi
1689 1588 2036 1659 suppeditent
2076 1589 2157 1646 fa-

564 1680 815 1746 cultates,
855 1679 982 1735 dum
1024 1679 1051 1719 ι)
1098 1680 1432 1749 ingeniosam
1479 1680 1877 1751 contemplatur
1913 1680 2157 1737 hil-undi.

2264 490 2389 545 tatis
2416 489 2784 560 frequentibus
2826 492 3024 562 nuptiis
3068 490 3384 549 antefertur.
3419 490 3614 563 Aquila
3638 492 3697 547 in
3724 492 3858 551 etio-

2262 582 2445 638 candis
2468 581 2630 653 pullis
2657 582 2887 653 propriis
2904 582 3100 653 injusta
3121 581 3289 638 t'ertur
3306 597 3447 639 esse.
3469 580 3692 639 Duobus
3712 583 3860 641 enim

2260 674 2578 745 procreatis,
2630 689 2796 729 unum
2841 674 3156 732 verberibus
3199 674 3408 730 alarum
3454 672 3479 711 δ
3533 674 3857 731 mulctatutu

2262 764 2476 835 projicit
2497 764 2550 819 in
2578 772 2799 833 terram,
2821 765 3049 821 alterum
3079 772 3406 820 retentatum
3434 764 3599 822 fovet.
3626 764 3707 821 Ita
3730 781 3862 837 pro—

2262 862 2385 925 pter
2408 856 2583 911 victus
2610 848 2846 927 inopiam
2874 856 3084 925 cogitur
3111 869 3312 926 negare
3331 870 3494 925 quem
3520 857 3730 926 genuit,
3755 872 3862 916 nec

2262 955 2445 1001 tamen
2471 962 2594 1002 eum
2631 947 2760 1003 sinit
2787 946 3009 1003 interire
3048 945 3361 1016 ossifragus,
3390 945 3485 1002 sed
3513 954 3862 1017 assumptum

2259 1038 2495 1109 propriis
2522 1039 2757 1109 applicat
2784 1037 2963 1109 pullis,
2988 1046 3044 1093 et
3063 1037 3303 1094 studiose
3330 1038 3523 1092 nutrit.
3547 1036 3713 1097 Tales
3731 1046 3865 1097 sunt

2261 1129 2507 1185 nonnulli
2552 1136 2807 1201 parentes
2851 1129 3153 1195 hominum,
3182 1129 3275 1199 qui
3305 1136 3684 1200 paupertatem
3725 1146 3861 1186 cau-

2261 1220 2363 1277 sati
2399 1235 2527 1277 suos
2569 1228 2847 1292 exponunt
2890 1219 3109 1285 liberos,
3146 1220 3234 1275 vel
3280 1219 3606 1275 haereditatis
3647 1230 3858 1278 sortem

2262 1328 2370 1369 non
2398 1328 2608 1385 aequam
2636 1314 2969 1370 constituunt
3013 1313 3158 1368 inter
3203 1327 3321 1369 eos.
3363 1311 3569 1380 Quibus
3597 1315 3860 1384 quoniam

2261 1420 2422 1477 pares
2447 1420 2637 1462 causas
2664 1405 2962 1476 prastitere
2992 1395 3501 1475 nascendi,'justum
3526 1413 3674 1461 esset
3695 1414 3755 1458 ut
3778 1405 3858 1459 bis

2261 1494 2478 1553 vivendi
2507 1496 2673 1552 etiam
2697 1510 2903 1568 parem
2934 1494 3237 1551 tribuerent
3263 1495 3593 1565 portionem.
3621 1494 3700 1551 Ne
3725 1495 3853 1551 veli;

2260 1604 2391 1660 ergo
2418 1589 2795 1661 praedatricum
2836 1588 3016 1644 avium
3056 1602 3236 1644 mores
3275 1588 3541 1654 aemulari,
3570 1602 3691 1658 qua:
3733 1604 3855 1644 cum

2259 1679 2494 1735 viderint
2518 1679 2698 1751 pullos
2718 1694 2846 1735 suos
2868 1678 2980 1748 jam
3008 1676 3213 1733 volatui
3238 1686 3262 1715 ε
3284 1675 3642 1744 conﬁdentes,
3670 1675 3741 1731 de
3769 1676 3855 1730 ni~

569 1786 713 1827 nem.
745 1771 839 1828 Illa
868 1772 1013 1829 enim
1038 1770 1094 1827 in
1117 1770 1428 1828 fabricando
1455 1770 1583 1827 nido
1608 1771 1795 1842 paleas
1819 1771 2034 1841 quidem
2063 1787 2160 1829 ore
2192 1780 2236 1843 Β
2260 1769 2342 1825 dis
2364 1784 2460 1825 eos
2482 1768 2787 1841 prtecipites
2814 1768 3107 1824 exturbant
3131 1774 3293 1837 atque
3322 1761 3621 1838 projiciunt,
3644 1754 3853 1822 nullam

562 1870 894 1933 comportat,
926 1863 1113 1918 limum
1155 1870 1338 1919 autem
1384 1862 1612 1933 pedibus
1638 1862 1780 1919 ferre
1814 1879 1923 1921 non
1950 1863 2156 1930 valens,

534 1954 774 2027 Calarum
803 1953 1140 2009 summitates
1178 1952 1453 2008 humectat
1480 1952 1533 2007 in
1561 1951 1744 2019 ﬂuvio,
1775 1952 1970 2010 deinde
1997 1954 2052 2008 in
2079 1955 2158 2010 ci-

566 2059 701 2101 nere
725 2043 989 2111 volulata,
1013 2043 1265 2100 caementi
1287 2058 1447 2120 uspm
1473 2044 1685 2100 videtur
1698 2044 1943 2116 explere.
1974 2042 2162 2101 Paula-

567 2136 775 2207 timque
795 2136 1044 2192 surculos
1066 2137 1209 2192 inter
1226 2151 1287 2193 se
1315 2136 1431 2193 luto
1461 2137 1734 2208 apposito,
1757 2136 1906 2192 velut
1924 2136 2158 2207 quadam

567 2230 715 2298 glute
741 2228 1092 2299 coniungens,
1114 2245 1244 2286 suos
1262 2229 1458 2286 educat
1476 2229 1671 2301 pullos.
1695 2227 1937 2295 Quorum
1957 2229 2003 2284 si
2022 2229 2163 2299 quis-

544 2322 711 2391 piam
739 2322 927 2379 oculos
955 2320 1219 2388 eﬂ‘oderit,
1263 2322 1428 2379 habet
1472 2337 1662 2378 eorum
1708 2329 1883 2378 mater
1909 2338 1940 2377 a
1968 2330 2160 2378 natura

567 2414 670 2470 sibi
698 2414 955 2470 traditam
977 2415 1320 2483 medicinam,
1354 2430 1463 2487 qua
1490 2432 1617 2473 mox
1659 2416 1725 2472 ad
1768 2418 2054 2473 sanitatem
2084 2417 2163 2473 fe-

568 2515 722 2562 tuum
765 2520 986 2563 suorum
1031 2506 1257 2564 reducat
1294 2516 1591 2579 aspectum.
1642 2507 1768 2565 Haec
1813 2517 1867 2563 te
1912 2508 2164 2565 videlicet

567 2597 949 2663 bortabuntur,
995 2614 1065 2654 ne
1104 2598 1172 2655 ad
1214 2609 1237 2639 ο
1277 2599 1682 2669 improbitatem
1729 2600 1862 2656 velis
1907 2600 2164 2668 egestatis

546 2688 857 2751 occasione
902 2688 1170 2755 converti,
1223 2694 1323 2745 nec
1364 2690 1419 2746 in
1462 2691 1713 2761 pessimis
1758 2692 1966 2747 artibus
2011 2707 2161 2763 spem

569 2776 782 2835 vivendi
812 2777 1111 2845 collocans,
1142 2779 1394 2834 immunis
1432 2780 1689 2836 bonitatis
1716 2795 2013 2853 exsorsque
2041 2781 2163 2845 red-

568 2868 733 2935 daris,
764 2868 862 2927 sed
903 2867 972 2923 ad
1002 2868 1169 2925 Deum
1207 2869 1484 2940 confugias
1527 2887 1540 2924 :
1578 2870 1670 2940 qui
1719 2885 1841 2925 cum
1887 2869 2163 2925 birundini

568 2968 681 3015 tam
725 2975 916 3030 magna
952 2959 1257 3028 donaverit,
1285 2969 1492 3030 quanto
1527 2962 1735 3030 majora
1779 2962 2054 3033 przestabit
2083 2961 2165 3016 bis

568 3050 662 3118 qui
699 3065 822 3105 eum
864 3058 978 3105 tota
1017 3051 1213 3106 mentis
1250 3053 1548 3107 intentione
1590 3053 1913 3125 implorant?
1961 3051 2163 3124 Alcyon

2261 1859 2476 1931 penitus
2505 1858 2609 1914 illis
2637 1873 2824 1913 curam
2862 1858 3120 1929 deinceps
3160 1855 3549 1928 impendentes.
3576 1853 3852 1910 Laudatur

2261 1967 2293 2008 e
2322 1959 2511 2007 contra
2540 1952 2684 2008 circa
2714 1959 2870 2007 natos
2895 1950 3128 2007 cornicis
3154 1946 3388 2015 affectio,
3418 1962 3556 2018 quos
3582 1956 3639 2002 et
3663 1946 3852 2001 volan-

2261 2051 2346 2100 tes
2373 2043 2733 2114 prosequitur,
2763 2048 2818 2098 et
2845 2056 3026 2098 escam
3054 2040 3275 2110 largiter
3301 2038 3693 2095 subministrat.
3718 2037 3852 2093 Ger.

2261 2142 2331 2190 ta:
2361 2148 2492 2190 vero
2528 2132 2793 2197 volucres,
2824 2130 2890 2187 ad
2922 2130 3235 2187 nutriendos
3281 2127 3650 2199 fovendosque
3693 2128 3854 2197 fetus,

2260 2224 2621 2285 masculorum
2644 2223 2922 2294 juvamine
2944 2239 3053 2279 non
3082 2230 3322 2287 utuntur.
3356 2220 3488 2277 Aliae
3507 2236 3640 2277 sane
3669 2222 3857 2282 earum

2262 2332 2381 2387 qum
2411 2316 2570 2371 altius
2595 2309 2831 2370 Voiitant
2855 2313 3075 2373 steriles
3093 2313 3314 2369 omnino
3340 2319 3486 2378 sunt,
3515 2310 3657 2377 sicut
3680 2312 3859 2368 γυιω-

2263 2426 2367 2472 res,
2395 2404 2533 2480 qdos
2559 2416 2805 2465 asserunt
2831 2407 2948 2463 sine
2968 2407 3115 2462 coitu
3135 2420 3415 2475 generare,
3437 2404 3709 2476 praecipue
3731 2420 3857 2461 cum

2263 2501 2641 2571 sintlongtevi.
2678 2500 2811 2555 Nam
2839 2500 3003 2555 vitam
3043 2513 3236 2555 eorum
3278 2507 3493 2554 centum
3540 2498 3699 2552 annis
3743 2512 3858 2552 ma-

2265 2608 2394 2649 nere
2428 2588 2445 2631 ί
2479 2590 2768 2647 allirmant.
2814 2589 2897 2645 Sit
2940 2590 3102 2659 igitur
3141 2589 3256 2644 haec
3303 2588 3398 2644 tibi
3444 2602 3571 2660 pars
3612 2587 3860 2643 historize

2266 2696 2452 2743 notata
2486 2687 2555 2742 de
2595 2684 2802 2750 avibus,
2832 2694 2892 2741 ut
2918 2700 3041 2741 cum
3070 2683 3267 2741 videris
3291 2683 3501 2755 aliquos
3525 2682 3861 2738 cachinnan-

2267 2789 2366 2843 tes,
2418 2787 2639 2850 propter
2692 2776 2962 2834 in'ell'abile
3008 2776 3322 2849 mysterium
3372 2774 3651 2830 catholiczr
3707 2772 3855 2835 lidei,

2265 2872 2411 2944 quod
2437 2872 2591 2943 quasi
2621 2870 2948 2941 impossibile
2976 2870 3066 2935 sit,
3097 2869 3440 2940 alienumque
3471 2875 3673 2921 natune
3699 2865 3858 2935 virgi~

2267 2980 2390 3022 nem
2421 2963 2714 3035 peperisse,
2758 2969 2901 3016 statu
2946 2960 3267 3028 virginitatis
3314 2959 3524 3027 integro
3570 2956 3859 3021 custodito,

2267 3058 2474 3127 cogites
2500 3056 2629 3125 quia
2654 3054 2742 3111 ille
2768 3045 2860 3125 q'ui
2882 3053 3132 3123 dignatus
3154 3060 3238 3108 est
3266 3051 3320 3107 in
3345 3051 3578 3134 stultitia.
3598 3048 3860 3131 praedica-

544 3208 545 3211 η
570 3140 781 3195 avicula
810 3148 895 3194 est
917 3140 1163 3209 qutedam
1195 3142 1249 3195 in
1278 3138 1547 3198 littoribus
1574 3142 1798 3198 marinis
1831 3141 2002 3198 fetare
2030 3158 2163 3197 con-
2191 3163 2238 3227 ς
2270 3148 2432 3204 tionis
2477 3147 2685 3202 salvare
2731 3144 3037 3211 credentes,
3066 3144 3218 3200 idem
3246 3158 3465 3214 quoque
3501 3141 3658 3198 nobis
3701 3143 3859 3198 innu-

571 3238 743 3294 sueta,
774 3244 894 3297 qua:
919 3245 1083 3299 super
1110 3231 1279 3299 ipsam
1319 3246 1539 3286 arenam
1582 3233 1736 3302 ponit
1764 3247 1888 3299 ova,
1924 3248 1991 3289 eo
2030 3241 2167 3287 tem-

572 3334 706 3390 pore
730 3333 840 3388 quo
868 3334 1018 3374 mare
1044 3320 1227 3376 multis
1255 3322 1613 3390 gravibusque
1642 3331 1925 3378 ventorum
1950 3322 2165 3378 ﬂatibus

566 3419 948 3475 commovetur
986 3428 999 3463 :
1040 3410 1136 3466 sed
1173 3420 1355 3467 tamen
1403 3395 1594 3469 omnes
1640 3421 1771 3469 tunc
1818 3404 2167 3484 tempestates

571 3501 928 3573 procellaeque
955 3500 1213 3557 sedantur
1240 3518 1338 3573 per
1366 3503 1604 3572 integros
1643 3512 1852 3575 septem
1880 3504 2015 3570 dies,
2046 3505 2168 3575 qui-

570 3595 673 3649 bus
700 3595 815 3651 avis
846 3603 1144 3651 memorata
1173 3596 1372 3653 cubare
1400 3604 1651 3674 narratur
1681 3616 1695 3651 :
1728 3597 2168 3655 nutriendorum-

571 3701 679 3755 que
702 3687 877 3754 gratia
904 3687 1195 3757 pullorum,
1224 3696 1513 3761 postquam
1543 3690 1759 3747 fuerunt
1786 3690 1853 3747 de
1882 3692 1998 3749 ovis
2026 3681 2165 3749 edu-

544 3777 669 3843 -cti,
698 3787 905 3849 septem
952 3779 1068 3836 dies
1114 3781 1249 3838 alios
1292 3781 1366 3836 illi
1404 3782 1546 3838 Deus
1585 3797 1899 3853 magnorum
1945 3776 2170 3857 largitor

571 3869 786 3939 adjecit,
814 3885 953 3940 quos
983 3872 1095 3929 dies
1126 3874 1324 3929 nautici
1352 3874 1659 3943 diligentius
1687 3877 2057 3944 observantes,
2087 3876 2168 3933 al-

571 3962 795 4038 cypnios
833 3977 929 4018 eos
954 3973 1169 4019 vocant.
1204 3964 1330 4021 Haec
1360 3966 1458 4022 tibi
1486 3968 1797 4038 praescripta
1828 3976 1972 4033 sunt,
2004 3983 2170 4040 super

550 4052 826 4131 remediis
845 4054 1214 4111 indubitanter
1241 4071 1271 4110 a
1299 4056 1412 4112 Deo
1442 4058 1767 4115 salutaribus
1788 4058 2161 4131 deprecandis.

572 4143 711 4209 Quid
739 4146 884 4199 enim
911 4161 1018 4201 non
1048 4146 1294 4202 mirabile
1322 4146 1415 4202 ﬁat
1443 4150 1519 4204 tui
1548 4165 1729 4216 causa,
1763 4151 1855 4219 qui
1885 4149 1952 4205 ad
1978 4150 2166 4220 imagi-

573 4249 698 4289 nem
725 4234 822 4290 Dei
852 4235 1023 4292 factus
1050 4252 1131 4307 es,
1160 4253 1282 4294 cum
1307 4249 1530 4310 propter
1558 4256 1713 4296 avem
1738 4242 2015 4311 parvulam
2045 4240 2165 4297 ma-

572 4326 776 4380 ximum
816 4325 1336 4397 lormidolosumque
1383 4345 1532 4384 mare
1571 4330 1755 4385 videas
1794 4340 2165 4403 tempestuoso

552 4430 818 4504 .teinpore
856 4419 972 4474 ﬁeri
1023 4420 1389 4490 tranquillum,
1426 4420 1603 4475 divina
1650 4424 2013 4495 pmceptione
2058 4426 2165 4484 tre-

571 4517 757 4565 natnm
770 4511 793 4562 ?

645 4597 698 4652 6.
732 4597 1014 4653 Turturem
1046 4596 1223 4654 ferunt
1251 4600 1295 4656 si
1323 4602 1542 4672 quando
1573 4620 1702 4661 casu
1725 4606 1906 4677 aliquo
1935 4622 2159 4679 separe--

530 4695 660 4749 ,μιν
678 4704 717 4742 νει
749 4688 1000 4758 conjuge,
1032 4691 1339 4751 nullatenus
1361 4695 1509 4751 coire
1537 4712 1659 4753 cum
1688 4698 1879 4766 altero,
1916 4699 2010 4756 sed
2038 4715 2155 4756 me-

568 4780 767 4836 moria“
808 4782 1004 4853 prioris
1067 4786 1317 4841 connubii
1394 4789 1755 4859 perdurante,
1823 4802 2159 4849 contractum

567 4872 817 4930 secunda:
880 4875 1240 4944 copula'tionis
1297 4878 1553 4935 abnuere.
1615 4882 1847 4938 Audiant
1904 4885 2157 4941 mulieres

636 5168 662 5197 ι
693 5158 853 5226 Editi,
883 5171 941 5215 ut
986 5178 1091 5232 non
1136 5172 1417 5219 recenseat.
1453 5162 1621 5219 Vetus
1660 5173 1847 5219 noster
1878 5164 2067 5232 codex,
2097 5175 2156 5220 ut

563 5245 669 5302 non
709 5248 765 5285 se
809 5243 1034 5291 tenuat.
1069 5230 1238 5289 Paulo
1282 5242 1403 5305 post
1449 5249 1604 5301 mss.,
1652 5234 1917 5307 hodieque.
1951 5230 2153 5292 Vocula

563 5315 660 5353 aue
687 5298 874 5353 deerat
901 5302 955 5353 in
981 5302 1231 5353 vulgatis.

563 5315 660 5370 que
684 5302 874 5367 deerat
901 5302 955 5357 in
981 5302 1231 5371 vulgatis.
1283 5302 1295 5305 ⁷
1816 5302 1827 5307 ⁷

543 5432 547 5437 ὶ
608 5367 666 5451 εδ,
692 5366 861 5451 Είιὶι.ξῑ
878 5370 1020 5451 danti
1049 5373 1388 5451 ingeniosam.
1424 5373 1566 5451 [ﬁbri
1595 5376 1977 5451 veteres,‘dum
2003 5377 2153 5451 inge-

560 5440 968 5520 niosam:_liaud
996 5440 1153 5520 longe
1181 5442 1309 5520 editi
1338 5454 1396 5501 et
1433 5445 1542 5520 duo
1584 5462 1739 5520 mss.,
1769 5440 1903 5520 velut
1928 5440 2153 5520 quadam

464 5558 470 5571 ,
542 5504 1118 5592 ,glnte._Alius_codex',
1148 5514 1281 5592 velut
1316 5516 1540 5592 quadarn
1578 5504 1742 5592 glule,’
1774 5517 1863 5592 ubi
1892 5504 2152 5592 suspicari

585 5580 691 5658 icet
714 5580 1052 5658 Eustathium
1103 5598 1171 5638 ex
1198 5580 1387 5640 Graeco
1426 5580 1726 5657 scripsisse,
1759 5588 1895 5642 velut
1932 5580 2156 5658 quodam

560 5651 784 5726 glutine,
793 5691 804 5726 λ
810 5653 910 5709 οἷον
932 5655 1084 5726 κλλῃί
1100 5658 1215 5710 τινε.

637 5714 843 5792 εκεσιιρ.
888 5714 1174 5801 secundus,
1216 5725 1284 5779 ad
1327 5728 1652 5797 pravitatem.
1702 5727 1992 5798 Aliquanto
2033 5739 2154 5802 post

2249 5396 2331 5448 nc
2347 5380 2658 5488 proﬁciunt.

2407 5448 2616 5488 Δηίῖηιιί
2647 5467 2658 5488 ι

2268 3240 2555 3296 merabiles
2582 3254 2772 3295 causas
2808 3254 2876 3295 ex
2923 3247 3113 3294 natura
3156 3245 3400 3309 sumptas
3439 3235 3507 3301 ad
3549 3234 3859 3294 ﬁdelitatem

2268 3325 2592 3386 mirabilium
2621 3329 2891 3402 praestitit.

2341 3422 2392 3478 7.
2423 3420 2658 3494 Ejiciant
2686 3437 2836 3493 aqua:
2862 3420 3068 3493 reptitia
3096 3421 3323 3475 vivarum
3346 3421 3670 3485 animarum,
3699 3428 3749 3472 et
3774 3434 3857 3473 ως

2266 3515 2438 3571 latitia
2459 3516 2688 3570 volantia
2715 3531 2870 3586 super
2898 3523 3091 3568 terram
3118 3511 3571 3585 subﬁrmamento
3590 3513 3723 3568 cali.
3752 3511 3856 3567 γο.

2268 3607 2382 3663 lare
2410 3607 2534 3664 ideo
2562 3616 2589 3654 κ
2614 3607 2777 3678 jussae
2805 3614 2931 3661 sunt
2957 3621 3121 3679 super
3149 3613 3366 3674 terram,
3396 3606 3522 3676 quia
3550 3605 3723 3662 victus
3738 3596 3859 3685 om-

2269 3700 2425 3757 nibus
2455 3715 2486 3757 e
2514 3708 2659 3756 terra
2685 3698 3011 3771 suppeditat.
3036 3698 3148 3755 Sub
3176 3699 3511 3757 ﬁrmamento
3530 3705 3711 3752 autem
3734 3695 3858 3755 caeli

2268 3789 2423 3854 dixit,
2474 3800 2697 3862 propter
2744 3789 2832 3844 illa
2875 3804 2996 3860 quae
3042 3804 3204 3860 supra
3251 3787 3611 3843 disseruimus.
3643 3783 3855 3840 Caelum

2268 3890 2450 3940 autem
2480 3881 2566 3938 hic
2603 3880 2902 3950 intelligere
2930 3879 3206 3948 debemus,
3238 3896 3270 3936 a
3308 3866 3574 3935 cernendo
3598 3876 3806 3933 dictum
3836 3894 3855 3931 :

2267 3970 2454 4029 Gnece
2498 3973 2643 4028 enim
2686 3974 2889 4050 οὐρανὸς
2934 3979 3162 4028 vocatur
3187 3975 3289 4030 ἀπὸ
3330 3978 3421 4029 τοῦ
3451 3965 3865 4047 ὁρῶ-θαμιΝθω

2267 4063 2671 4134 comparatione
2698 4062 2942 4136 corporis
2988 4062 3230 4128 mtbcrei,
3260 4077 3356 4119 aer
3396 4062 3517 4130 iste,
3558 4060 3652 4131 qui
3699 4073 3866 4131 super

2268 4139 2369 4210 nos
2396 4161 2498 4220 est,
2528 4168 2597 4209 ex
2623 4153 2919 4227 vaporibus
2947 4162 3104 4209 terrm
3133 4162 3424 4211 concretus
3450 4160 3506 4208 et
3541 4165 3755 4207 crassus
3780 4150 3873 4221 cf:

2268 4244 2465 4302 ﬁcitur.
2508 4243 2687 4302 Habes
2715 4245 2877 4315 igitur
2912 4244 3097 4316 polum
3143 4243 3480 4311 decoratum,
3507 4251 3709 4298 terram
3749 4238 3863 4296 for-

2266 4336 2645 4404 mosissimam,
2676 4351 2827 4393 mare
2854 4336 3340 4408 opulentissimum,
3374 4350 3558 4391 aerem
3596 4332 3867 4404 repletum

2265 4429 2457 4486 avibus
2489 4449 2503 4484 :
2532 4445 2653 4501 qua:
2699 4430 2880 4486 omnia
2924 4444 2994 4486 ex
3040 4427 3209 4485 nihilo
3250 4428 3319 4485 ad
3350 4420 3507 4485 hanc
3551 4428 3722 4483 vitam
3767 4424 3867 4482 Dei

2184 4543 2244 4605 ι)
2268 4521 2629 4593 pmceptione
2673 4520 2932 4593 producta
2974 4529 3118 4577 sunt.
3150 4518 3217 4576 Et
3245 4521 3350 4577 alia
3377 4521 3547 4594 multa
3572 4534 3696 4591 qua:
3725 4535 3868 4576 nunc

2269 4613 2516 4671 consulto
2543 4630 2722 4672 sermo
2747 4614 3024 4686 praeteriit,
3056 4630 3125 4672 ne
3154 4615 3208 4671 in
3236 4613 3446 4671 hisdem
3475 4612 3675 4669 diutius
3707 4628 3864 4668 com-

2268 4713 2528 4774 moratus,
2560 4707 2781 4767 modum
2822 4707 3129 4780 disputandi
3168 4707 3444 4766 videretur
3469 4708 3751 4767 excedere.
3784 4705 3865 4764 Tu

2267 4804 2451 4853 autem
2486 4805 2680 4855 cuncta
2722 4799 2838 4856 hmo
2881 4808 3060 4858 tecum
3105 4800 3222 4872 ipse
3254 4810 3534 4872 reputans,
3562 4810 3619 4856 et
3659 4801 3867 4857 intente

2265 4887 2587 4958 sapientiam
2618 4889 2733 4955 Dei,
2763 4906 2885 4976 qum
2912 4891 2964 4945 in
2994 4891 3246 4949 omnibus
3283 4891 3530 4970 habetur,
3562 4891 3861 4961 inquimus,

2269 5166 2626 5242 idem_codex,
2659 5176 2766 5242 tota
2794 5169 3081 5242 intentione
3101 5168 3272 5242 cordis
3291 5168 3592 5242 implorant.

2340 5238 2366 5275 ιι
2389 5237 2552 5309 Εᾴίιί,
2583 5240 2883 5305 multarum,
2914 5239 3075 5295 male.
3108 5237 3254 5295 Libri
3281 5237 3508 5309 antiqui,
3538 5239 3868 5296 mutuatum.

2300 5365 2312 5376 ,
2341 5318 2366 5346 ε
2396 5307 2558 5392 Editi,
2588 5310 3228 5394 conligentemnidisheos
3248 5307 3547 5394 praecipites
3586 5309 3869 5394 exturbant

2736 5381 2834 5434 ibri
2862 5390 3078 5437 veteres
3107 5382 3177 5436 ila
3208 5390 3267 5436 ut
3294 5381 3576 5436 edidimus.
3726 5390 3729 5397 ‘

2399 5448 2619 5523 Antiqui
2647 5449 2756 5505 duo
2772 5449 2926 5523 libri,
2958 5452 3289 5523 conﬁrmant.

2345 5531 2373 5594 tt
2398 5519 2551 5594 Colb.
2585 5520 2870 5594 secundus,
2893 5519 3066 5594 jussa‘
3086 5532 3224 5594 stant.
3257 5521 3314 5578 Si
3353 5522 3499 5593 leges
3528 5522 3696 5594 jussu:
3724 5530 3866 5584 sunt.

2272 5592 2441 5665 velim
2447 5590 2750 5665 subaudias
2779 5590 3128 5665 vocemoues.
3150 5592 3363 5665 Vocem
3383 5590 3543 5665 supra
3570 5609 3637 5665 ex
3668 5593 3870 5649 nostris

2270 5660 2548 5736 codicibus
2566 5661 2729 5736 paulo
2749 5671 2874 5733 post
2892 5662 3212 5736 addidimus.
3237 5660 3475 5719 Subinde
3491 5661 3649 5720 Colb.
3676 5679 3867 5736 secun-

2268 5733 2391 5801 dus,
2423 5731 2656 5790 consulto
2678 5731 2913 5787 sermone
2931 5735 3180 5805 praeterii.
