4192 6258
327 300 459 360 935

1389 308 1799 396 IIEXAEMERI
1841 309 2324 370 METAPIIRASIS
2365 315 2567 371 LIBER
2609 315 2743 373 VIII.

3577 313 3682 372 954

333 438 670 494 "iniquam
701 433 724 462 ι
753 426 971 480 delicias
1001 419 1332 490 admirando,
1364 437 1462 478 nec
1490 422 1839 477 Conditorem
1867 423 1983 491 glo—
2011 429 2063 487 Δ
2090 429 2457 488 medicaminis
2486 429 2816 486 reformavit.
2852 427 3064 495 Quanta
3092 440 3309 496 quoque
3338 427 3476 481 ratio
3506 436 3587 481 est
3627 427 3680 480 in

334 509 658 572 riticaudo
683 517 928 574 desistas.
951 515 1127 573 Habes
1148 516 1312 571 etiam
1341 516 1578 571 volatilia
1599 525 1860 571 nocturna
1884 515 1914 564 ll
1931 526 1986 573 et

334 610 596 667 diurna.
628 612 1052 684 Vespertiliones
1079 611 1223 666 enim
1249 619 1305 666 et
1331 618 1542 666 noctua:
1570 608 1814 679 lucifuga:
1836 618 1981 665 sunt.

337 698 514 772 Ergo
547 706 604 759 si
639 703 856 775 quando
883 710 940 758 te
966 703 1186 758 minime
1231 716 1396 773 sopor
1436 702 1784 772 oppresserit,
1831 700 1985 756 sum-

341 794 474 850 ciet
524 803 592 850 te
641 794 1065 851 conversationis
1115 809 1304 850 eorum
1345 792 1702 859 examinatio,
1753 792 1986 863 vitaeque

338 887 701 956 proprietas
728 886 796 942 ad
830 879 1223 957 praedicandam
1245 884 1561 954 sapientiam
1588 882 1859 940 Creatoris
1884 883 1988 938 im-

340 975 617 1046 pellere,
649 977 923 1049 quomodo
952 976 1180 1032 luscinia
1208 975 1393 1045 vigilat
1412 976 1536 1032 'ovis
1555 976 1818 1032 incubans
1837 974 1987 1032 omni

340 1073 636 1137 tempore
665 1069 840 1124 noctis
861 1069 1188 1124 cantilenam
1209 1066 1493 1147 trahendo,
1520 1067 1792 1137 quomodo
1819 1069 1986 1124 etiam

341 1163 800 1232 vespertiliones
847 1179 958 1219 non
1001 1164 1179 1219 minus
1225 1161 1600 1234 quadrupedes
1650 1173 1778 1220 sunt
1821 1179 1986 1235 quam

340 1263 658 1322 pennata,
689 1269 824 1325 quas
853 1255 1019 1311 etiam
1046 1255 1192 1311 solas
1212 1269 1280 1310 ex
1301 1254 1489 1309 avibus
1518 1255 1768 1310 omnibus
1794 1255 1988 1312 dentes

343 1346 584 1403 habere
609 1357 852 1416 constat;
881 1356 936 1404 et
961 1347 1170 1405 catulos
1197 1361 1485 1419 procreare
1506 1345 1781 1415 feruntur;
1813 1355 1908 1403 aut
1927 1348 1984 1403 in

343 1453 498 1494 aere
531 1455 653 1494 non
682 1440 896 1509 plumis,
939 1439 1031 1496 sed
1070 1439 1301 1512 quadam
1333 1439 1645 1494 membrana
1674 1440 1986 1510 pellitavo-

343 1527 505 1584 lare.
531 1526 640 1586 Est
660 1531 821 1584 etiam
842 1531 949 1585 illis
975 1537 1161 1585 mutua
1191 1530 1334 1585 inter
1358 1544 1419 1585 se
1447 1544 1747 1599 magnaque
1766 1529 1986 1586 dilectio

347 1637 467 1693 per
497 1631 783 1677 naturam.
809 1622 941 1676 Nam
960 1622 1107 1678 velut
1133 1630 1262 1678 setae
1281 1621 1523 1691 quaxlam
1550 1633 1571 1661 ο
1594 1623 1898 1694 piscatoriae
1916 1623 1986 1678 de

348 1715 612 1772 alternis
641 1714 845 1769 haerent
873 1714 1099 1768 nexibus
1131 1731 1144 1766 :
1172 1713 1317 1784 quod
1363 1715 1418 1768 in
1459 1714 1766 1771 hominibus
1794 1716 1983 1785 utique

2089 524 2335 579 cantibus
2363 523 2690 587 cicadarum,
2721 536 2841 591 quae
2878 519 2978 576 sub
3006 517 3214 574 ardenti
3243 517 3360 573 sole
3379 517 3500 588 plus
3527 531 3680 571 reso-

2089 622 2218 669 nant
2247 623 2420 669 tractu
2442 602 2588 669 aeris
2616 613 2877 684 impulsa,
2909 612 2999 683 qui
3023 625 3122 681 per
3141 623 3329 666 earum
3348 616 3537 680 pectus
3558 608 3682 663 illa-
3725 679 3749 698 .

2089 704 2234 759 bitur
2260 704 2386 760 dum
2416 705 2722 776 respirant?
2751 703 2860 759 Sed
2892 702 3004 772 jam
3039 702 3216 759 sentio
3243 715 3548 758 sermonem
3578 715 3678 757 uo-

2087 802 2257 851 strum
2287 811 2394 851 non
2421 797 2600 852 minus
2619 795 2892 852 miraculis
2919 796 3214 852 volatilium
3234 793 3498 866 superari,
3518 807 3682 864 quam

2088 889 2134 944 si
2181 888 2459 959 experirer
2503 888 2619 959 ipse
2637 889 3035 960 pernicitatem
3075 904 3228 945 suam
3276 888 3412 944 meis
3454 886 3683 958 pedibus

2089 979 2314 1034 anteire.
2347 977 2489 1034 Sane
2514 994 2636 1035 cum
2666 980 2865 1038 videris
2904 996 3034 1053 apes
3065 989 3122 1037 et
3153 994 3368 1051 vespas,
3397 979 3682 1036 considera

2088 1073 2211 1145 quia
2240 1072 2417 1128 nullus
2443 1072 2524 1129 eis
2549 1073 2770 1144 spiritus
2789 1081 2884 1130 aut
2903 1073 3086 1146 pulmo
3113 1073 3321 1142 subest,
3349 1072 3442 1128 sed
3466 1087 3684 1145 semper
3787 1137 3790 1146 ι

2088 1180 2158 1222 ex
2185 1180 2312 1221 aere
2337 1166 2668 1222 nutriuntur.
2710 1165 2952 1236 Denique
2997 1167 3044 1222 si
3087 1167 3211 1223 oleo
3257 1173 3416 1222 tactae
3460 1163 3683 1232 fuerint,

2089 1259 2345 1315 continuo
2372 1257 2729 1327 perimuntur,
2759 1264 2946 1327 utpote
2973 1255 3253 1328 praaclusis
3279 1269 3466 1312 earum
3507 1253 3683 1324 spira-
3729 1320 3748 1337 υ

2088 1353 2324 1406 mentis:
2351 1357 2408 1405 et
2434 1349 2480 1405 si
2509 1357 2666 1404 aceto
2696 1358 2722 1396 ε
2749 1363 2935 1404 rursus
2975 1348 3096 1405 illas
3132 1347 3448 1420 asperseris,
3485 1343 3685 1401 revivi-

2088 1451 2264 1509 scunt,
2286 1458 2546 1498 venarum
2564 1441 2815 1498 videlicet
2833 1442 3100 1498 meatibus
3118 1439 3420 1512 patefactis.
3444 1437 3525 1493 Ita
3551 1436 3685 1492 nihil

2089 1537 2234 1607 quod
2253 1536 2508 1606 supersit,
2530 1544 2622 1591 aut
2642 1534 2782 1590 desit
2800 1535 3000 1591 nostris
3014 1532 3356 1598 utilitatibus,
3374 1529 3500 1585 fecit
3517 1527 3681 1582 Deus.

2088 1627 2289 1684 Iterum
2322 1628 2368 1683 si
2395 1626 2741 1698 aquariornm
2769 1639 2939 1695 genus
2965 1623 3274 1680 examinare
3309 1617 3564 1685 volueris,
3600 1615 3686 1671 in-

2087 1719 2274 1774 venies
2320 1718 2374 1772 in
2414 1717 2519 1773 illis
2554 1717 2716 1772 aliam
2742 1716 3169 1787 dispositionem.
3203 1712 3376 1768 Pedes
3402 1710 3544 1766 enim
3576 1721 3686 1763 non

347 1807 634 1862 videmus
672 1822 780 1863 non
824 1806 982 1863 facile
1011 1808 1334 1878 provenire,
1363 1823 1592 1878 quorum
1625 1811 1871 1866 nonnulli
1898 1827 1985 1868 se-
2012 1805 2064 1869 Β
2092 1809 2292 1866 habent
2330 1808 2486 1866 ﬁssos
2511 1817 2573 1864 ut
2599 1823 2816 1876 corvus,
2845 1822 2947 1864 nec
2973 1821 3143 1861 uncos
3170 1811 3230 1860 ut
3256 1803 3456 1875 aquila,
3483 1800 3580 1856 sed
3604 1800 3683 1855 la-

349 1900 561 1970 parati
601 1899 670 1954 ab
709 1899 936 1956 aliorum
977 1900 1477 1957 conversationibus
1521 1900 1891 1972 singularitate
1929 1911 1988 1959 et

354 1989 680 2046 solitudine
725 1991 1081 2047 delectantur.
1133 1990 1419 2059 Quomodo
1458 1992 1624 2047 etiam
1666 2000 1986 2049 noctuamm

355 2083 560 2137 oculis
589 2083 792 2138 similes
820 2083 1089 2139 habentur
1115 2083 1389 2140 saecularis
1419 2086 1694 2157 sapientiae
1714 2087 1986 2158 professo-

359 2187 487 2227 res.
521 2172 660 2227 Nam
689 2183 746 2229 et
773 2175 983 2230 illarum
1005 2183 1258 2246 aspectus
1287 2163 1537 2232 noctibus
1565 2178 1781 2248 quidem
1811 2179 1988 2236 acrior

361 2273 484 2331 est,
522 2272 722 2320 exorto
765 2273 948 2321 autem
989 2265 1106 2322 sole
1144 2275 1398 2334 caecatur,
1429 2268 1568 2325 sicut
1608 2269 1834 2326 istorum
1861 2285 1987 2326 cum

361 2356 445 2410 sit
479 2357 831 2412 acutissimus
858 2356 926 2412 ad
953 2356 1421 2428 contemplandam
1451 2360 1743 2416 vanitatem
1772 2375 1984 2426 sensus,

365 2460 514 2515 erga
546 2447 948 2517 inquisitionem
987 2462 1128 2503 vera:
1154 2447 1292 2504 lucis
1329 2448 1589 2506 hebescit.
1620 2449 1854 2507 Interdiu
1886 2468 1986 2507 au-

369 2547 494 2594 tem
527 2538 683 2595 facile
711 2539 806 2594 tibi
836 2547 920 2595 est
945 2539 1356 2597 admirationem
1401 2540 1713 2598 Conditoris
1751 2524 1986 2614 uridique

369 2631 691 2699 attrahere;
718 2628 1168 2703 qucmadmoduim
1192 2634 1364 2717 gallus
1385 2634 1718 2692 domesticus
1740 2635 1987 2692 homines

372 2723 446 2777 ad
481 2723 700 2778 labores
726 2723 1000 2794 compellit
1029 2732 1084 2779 et
1111 2739 1300 2794 opera,
1330 2725 1584 2796 claraque
1610 2741 1745 2782 voce
1773 2726 1988 2798 procla-

372 2832 577 2879 mans,
627 2816 796 2871 solem
850 2817 1036 2887 procul
1083 2817 1336 2873 advenire
1375 2817 1658 2887 significat.
1721 2818 1987 2874 Anserum

375 2921 606 2978 quoque
634 2920 821 2976 genus,
861 2922 1020 2976 quam
1049 2908 1275 2977 vigilans
1313 2909 1544 2966 habetur
1581 2919 1636 2966 et
1673 2911 1984 2982 providum,

377 3009 440 3052 et
490 2999 600 3053 cito
647 2999 884 3054 sentiens
925 3014 1042 3069 quas
1071 3008 1346 3056 tentantur
1374 3002 1611 3059 occulte!
1645 3001 1685 3058 Ii
1713 3003 1985 3073 quondam

378 3091 580 3146 urbem
607 3090 832 3146 Romam
861 3093 1138 3148 nocturnis
1180 3094 1416 3150 hostium
1449 3095 1713 3152 liberasse
1734 3095 1986 3152 dicuntur

2091 1913 2180 1960 tos
2215 1911 2378 1975 atque
2422 1903 2822 1969 membraneos,
2852 1907 2912 1955 ut
2957 1906 3206 1956 natantes
3242 1896 3399 1952 facile
3437 1891 3684 1966 superfe-

2091 2003 2280 2051 rantur
2305 1994 2484 2060 undis,
2517 2002 2774 2064 tanquam
2803 1993 2966 2048 remis
2993 1988 3310 2061 quibusdam
3334 1987 3534 2060 pedum
3554 1987 3684 2042 nisi-

2089 2091 2192 2146 bus
2219 2089 2544 2160 repellentes
2572 2101 2787 2156 aquam.
2818 2084 2952 2141 Item
2989 2085 3036 2140 si
3073 2082 3386 2139 consideres
3413 2077 3686 2150 quomodo

2091 2194 2296 2252 cygnus
2343 2180 2399 2234 in
2444 2179 2613 2234 altum
2653 2183 2839 2245 guttur
2890 2173 3207 2241 extendens,
3256 2171 3324 2226 ab
3363 2170 3474 2225 imo
3519 2166 3686 2223 fundo

2091 2270 2260 2326 trahit
2289 2269 2621 2334 alimoniam,
2653 2272 2784 2321 tunc
2812 2263 3095 2320 advertere
3122 2260 3328 2333 poteris
3365 2258 3685 2329 sapientiam

2089 2360 2387 2424 Creatoris,
2414 2356 2442 2395 ιι
2469 2359 2561 2430 qui
2581 2358 2652 2414 ob
2675 2357 2778 2412 hoc
2799 2355 2876 2411 illi
2904 2355 3147 2423 longiora
3176 2351 3315 2408 colla
3336 2365 3497 2420 quam
3519 2347 3687 2420 pedes

2089 2452 2353 2518 adhibuit,
2376 2458 2436 2507 ut
2458 2458 2712 2520 tanquam
2740 2456 2916 2504 setam
2934 2444 3220 2518 quamdam
3244 2441 3526 2514 porrigens
3552 2455 3611 2495 se
3633 2440 3686 2495 in

2091 2545 2436 2616 profundum,
2467 2542 2806 2600 reconditum
2833 2541 3006 2612 possit
3035 2537 3274 2594 invenire
3298 2537 3590 2591 nutrimen.

2165 2637 2218 2693 8.
2250 2637 2415 2706 Igitur
2453 2617 2767 2705 simpliciter
2795 2632 3031 2701 inspecta
3063 2628 3226 2683 verba
3253 2625 3542 2697 Scriptum
3579 2624 3687 2696 syl.

2092 2731 2229 2786 laba)
2257 2729 2501 2800 quaedam
2529 2727 2782 2783 videntur
2808 2739 2929 2781 esse
2956 2741 2970 2777 :
3001 2721 3233 2794 Ejiciant
3275 2735 3424 2794 aqum
3453 2719 3688 2776 volatilia

2091 2799 2323 2878 volantia
2351 2836 2506 2890 super
2540 2827 2728 2872 terram
2770 2815 2860 2870 sub
2903 2811 3233 2885 [irritamento
3261 2812 3393 2866 mli.
3423 2811 3480 2865 Si
3511 2811 3686 2865 consi-

2092 2913 2280 2968 derata
2309 2909 2469 2965 fuerit
2496 2909 2574 2964 vis
2601 2907 2912 2970 verborum,
2936 2912 3065 2960 tunc
3099 2901 3408 2958 Conditoris
3435 2899 3686 2956 miriﬁca-

2092 3004 2171 3058 tio
2200 3002 2525 3068 declaratur,
2555 2999 2647 3072 qui
2697 2998 2903 3054 futuras
2951 2997 3129 3053 avium
3163 2994 3494 3053 ditl‘erentias
3531 2995 3688 3062 longe

2091 3095 2362 3166 prtevidit,
2385 3110 2586 3165 easque
2604 3091 2898 3149 Secundum
2921 3104 3090 3162 genus
3117 3106 3148 3145 a
3177 3106 3237 3146 se
3267 3087 3538 3145 discrevit.
3565 3086 3688 3141 Dies

377 3181 632 3237 insidiis:
658 3198 798 3252 quos
833 3199 932 3255 per
959 3180 986 3222 ἀ
1016 3185 1260 3243 occultos
1299 3186 1478 3244 aditus
1515 3188 1748 3244 latenter
1773 3188 1982 3258 ingredi
2010 3173 2063 3241 θ
2093 3205 2182 3246 me
2211 3187 2462 3260 profecto
2501 3185 2734 3256 deficiet,
2767 3187 2814 3243 si
2841 3193 3036 3242 cuncta
3073 3185 3228 3240 vobis
3255 3183 3400 3237 aeria
3432 3178 3688 3236 miracula

377 3272 671 3329 molientes
699 3289 988 3346 arcemque
1013 3276 1330 3347 pervadere,
1355 3277 1669 3335 festinanter
1691 3277 1981 3350 prodidere

376 3367 689 3422 clamando.
723 3366 782 3422 In
801 3383 910 3439 quo
929 3376 1109 3424 autem
1137 3381 1335 3436 genere
1353 3371 1572 3439 propria
1593 3371 1850 3426 miracula
1867 3387 1977 3428 non

333 3514 336 3515 ν
378 3473 769 3529 usquequaque
798 3467 990 3513 natura
1018 3458 1390 3514 demonstrat?
1418 3461 1549 3527 Quis
1573 3461 1874 3518 vulturibus
1903 3461 1981 3518 fu-

379 3561 562 3604 turam
607 3533 817 3605 nuntiat
864 3549 1140 3604 hominum
1186 3558 1450 3617 mortem,
1501 3566 1638 3618 quos
1684 3561 1872 3610 contra
1918 3569 1979 3610 se

379 3640 526 3695 bella
555 3650 820 3709 gesturos,
851 3655 978 3695 mox
1007 3648 1236 3696 caterva:
1263 3641 1534 3696 vulturum
1556 3654 1976 3714 prosequuntur,

379 3745 768 3800 armorumque
815 3731 1167 3786 instructione
1216 3732 1301 3787 vel
1347 3744 1640 3804 apparatu,
1688 3734 1862 3806 qualis
1907 3736 1980 3794 sit

379 3826 560 3881 exitus
588 3824 865 3880 habendus
893 3825 1236 3895 intelligunt?
1263 3825 1418 3894 Quod
1451 3827 1664 3898 quidem
1697 3845 1805 3885 non
1843 3845 1975 3902 pro-

383 3918 473 3973 cul
488 3927 570 3972 est
585 3919 807 3974 rationis
827 3920 1088 3974 humanae.
1105 3919 1568 3988 Quemadmodum
1588 3924 1750 3980 etiam
1775 3923 1869 3980 tibi
1890 3925 1974 3981 Io-

349 4051 362 4060 ,
383 4019 656 4065 costarum
679 4011 1047 4082 expeditiones
1071 4023 1096 4051 θ
1116 4015 1392 4086 aperiam?
1411 4013 1542 4083 Quae
1566 4016 1666 4072 sub
1686 4033 1794 4075 uno
1819 4019 1976 4088 signo

382 4102 616 4173 propriis
643 4116 868 4172 egressae
894 4102 962 4158 de
989 4103 1206 4162 sedibus
1230 4108 1284 4163 in
1311 4103 1552 4180 spatioso
1579 4125 1771 4180 campo
1798 4119 1976 4168 castra

351 4209 356 4213 '
383 4195 734 4260 constituunt,
765 4203 820 4250 et
847 4211 954 4251 non
995 4205 1122 4252 ante
1158 4199 1402 4270 subjecta
1443 4204 1780 4272 contingunt,
1811 4220 1972 4276 quam
2004 4237 2007 4245 ι

382 4285 540 4340 datur
565 4286 643 4341 eis
669 4286 849 4341 divina
876 4289 1186 4361 praeceptio.
1221 4290 1505 4358 Quomodo
1545 4295 1706 4350 etiam
1754 4311 1974 4364 mergus

384 4377 735 4432 insatiabilem
765 4378 1017 4434 vescendi
1051 4381 1252 4453 patitur
1277 4384 1505 4452 orexim,
1539 4400 1638 4455 per
1665 4402 1824 4456 quam
1854 4387 1973 4442 vul-

2090 3282 2294 3340 referre
2322 3282 2565 3337 voluero.
2601 3280 2987 3336 Verumtamen
3017 3285 3160 3332 terra
3191 3292 3290 3349 nos
3316 3283 3477 3330 vocat
3504 3272 3572 3328 ad
3603 3272 3687 3328 in-

2089 3373 2395 3445 spiciendas
2422 3372 2642 3436 bestias,
2674 3379 2731 3427 et
2760 3369 2998 3442 pecudes
3035 3383 3099 3424 ac
3144 3377 3444 3438 serpentes.
3493 3363 3686 3420 Parata

2089 3477 2176 3524 est
2201 3465 2348 3523 enim
2376 3464 2569 3520 similia
2598 3462 2834 3534 piscibus
2861 3469 2918 3517 et
2945 3459 3251 3515 volatilibus
3280 3455 3686 3526 quadrupedum

2087 3566 2147 3615 et
2191 3556 2544 3627 virgultorum
2589 3567 2787 3623 genera
2832 3551 3203 3606 demonstrare
3245 3566 3259 3601 :
3308 3547 3504 3619 Ejiciat
3541 3556 3685 3600 terra

2087 3651 2322 3706 animam
2363 3647 2546 3703 vivam.
2580 3643 2718 3712 Quid
2749 3641 2945 3708 dicitis,
2987 3640 3078 3711 qui
3119 3636 3286 3694 Paulo
3333 3638 3580 3710 apostolo
3616 3637 3685 3692 de

2087 3721 2486 3804 resurrectione
2513 3752 2620 3792 non
2651 3734 2888 3802 creditis,
2921 3749 3042 3791 cum
3071 3733 3299 3789 videatis
3326 3737 3472 3786 certa
3498 3729 3564 3785 de
3593 3743 3683 3784 ae-

2086 3833 2198 3890 reis
2226 3827 2586 3886 animantibus
2612 3826 2833 3897 liguram
2864 3825 3137 3898 propriam
3167 3830 3522 3884 commutare,
3544 3821 3683 3876 sicut

2087 3924 2362 3980 lndiacum
2385 3935 2645 3987 vermem,
2675 3919 2767 3990 qui
2792 3927 2877 3974 est
2903 3919 3169 3988 corniger,
3192 3917 3370 3988 primo
3395 3915 3450 3970 in
3477 3911 3492 3953 ί
3525 3927 3682 3969 veru-

2087 4034 2167 4075 ca:
2194 4033 2252 4075 se
2276 4017 2513 4088 speciem
2541 4011 3038 4078 transformantem,
3065 4009 3261 4067 deinde
3298 4005 3412 4064 ﬂeri
3448 4006 3680 4063 bombu-

2086 4113 2310 4177 lienem,
2341 4125 2443 4166 nec
2467 4118 2645 4163 tamen
2671 4106 2730 4163 in
2758 4121 2826 4163 eo
2853 4105 3129 4161 schemate
3155 4101 3556 4174 persistentem,
3585 4100 3681 4156 sed

2086 4202 2419 4261 membranis
2440 4198 2775 4256 mollioribus
2805 4199 2818 4248 i
2859 4213 2922 4253 ac
2951 4193 3234 4252 latioribus
3258 4192 3681 4265 plumescentem

2086 4296 2348 4365 aligerum
2373 4291 2560 4348 reddi?
2586 4288 2775 4360 Itaque
2794 4281 2912 4352 voti,
2935 4293 3219 4353 matronae,
3241 4281 3455 4355 quando
3483 4280 3681 4338 sedetis

2085 4401 2276 4441 eorum
2302 4383 2642 4440 revolventes
2671 4393 2861 4450 opera,
2892 4377 2944 4433 id
2970 4383 3052 4432 est
3089 4376 3318 4432 stamina
3357 4389 3477 4446 qua:
3519 4371 3679 4429 Seres

383 4467 598 4522 ncribus
636 4469 720 4523 sui
762 4471 966 4526 ventris
1010 4472 1246 4529 remedia
1294 4476 1538 4533 sanitatis
1582 4475 1602 4516 ί
1646 4478 1894 4549 acquirit.
1925 4477 1972 4534 Ο
2082 4476 2194 4534 huc
2239 4477 2476 4545 dirigunt
2504 4473 2570 4529 ad
2599 4471 2996 4530 coniectionem
3036 4469 3268 4526 vestium
3305 4466 3676 4528 delicatarum.

382 4558 590 4613 virtutis
609 4559 892 4617 admiratio
912 4563 1175 4620 cmlestis!
1200 4579 1320 4636 qua:
1339 4565 1541 4622 rabiem
1563 4566 1718 4624 famis
1739 4568 1792 4624 in
1816 4583 1967 4625 usum
1995 4562 2056 4626 D
2079 4566 2493 4626 reminiscimini
2522 4565 2680 4635 hujus
2720 4563 2969 4620 animalis
3002 4561 3453 4633 reiiguratiouem,
3480 4566 3542 4613 ut
3567 4559 3677 4614 evi-

448 4724 471 4789 τι
503 4711 661 4789 Editi,
691 4713 1022 4789 deﬁcias._At
1051 4714 1217 4789 nostri
1240 4724 1349 4772 tres
1376 4731 1529 4789 mss.,
1552 4719 1783 4789 deﬁcias.

411 4855 422 4908 1
448 4783 474 4822 δ
504 4785 722 4908 A‘ntiqui
750 4783 858 4840 duo
898 4785 1040 4850 libri,
1068 4795 1118 4841 et
1156 4787 1363 4842 diurna.
1395 4783 1595 4844 Vocula
1616 4783 1672 4844 et
1703 4793 1772 4847 ab
1808 4791 1967 4848 editis

427 4870 536 4908 tera
564 4895 579 4908 .

375 4863 579 4910 aberat.

448 4939 468 4962 ε
503 4923 662 4990 Editi,
703 4926 998 5000 pis_ca_t_oris.
1049 4925 1191 5000 Libri
1235 4937 1464 4994 veteres,
1496 4931 1810 5000 piscatoriae.
1853 4935 1965 4990 Ali-

374 5004 580 5074 quath
611 4994 734 5065 poSt
760 4994 914 5052 Colb.
954 4998 1236 5074 secundus,
1268 5016 1391 5053 nam
1425 4994 1548 5074 ut...
1590 5004 1791 5056 acutior
1815 5014 1959 5059 est...

373 5068 453 5142 sic
480 5076 528 5120 et
562 5067 778 5142 istorum
816 5081 1034 5142 :_quam
1071 5067 1613 5142 scripturam_ex-'eo
1659 5082 1962 5142 suspectam

372 5137 576 5210 habeo,
595 5136 740 5210 quod
769 5137 1056 5210 meliorisit
1083 5147 1139 5210 et
1177 5136 1372 5210 aptior.
1403 5139 1538 5196 Nam
1566 5136 1836 5209 librarius,
1861 5146 1964 5200 nisi

373 5207 523 5329 quid}:
553 5207 726 5272 fallor,
763 5208 1018 5262 nonnulla
1048 5207 1336 5280 aliquando
1365 5217 1434 5266 ad
1463 5212 1744 5269 arbitrium
1774 5207 1960 5271 emen-

373 5297 384 5329 Ι
407 5294 488 5329 εινι
519 5320 534 5329 .

371 5286 534 5334 tlnvil.

375 5347 377 5349 ’
440 5349 464 5384 ά
495 5347 648 5421 Colb.
681 5348 966 5416 secundus,
999 5367 1091 5421 per
1112 5350 1356 5406 obscuros
1384 5353 1579 5409 aditus.

443 5430 466 5456 ο
499 5417 660 5508 lidiui,
710 5417 1158 5508 egeriain_.‘.’l.ibri
1200 5431 1432 5508 veteres,
1475 5427 1726 5508 aperiam.
1778 5426 1964 5508 Grzcce

369 5487 692 5568 ᾃεγῃήτορικι.
724 5490 846 5545 Mox
867 5491 1019 5568 editi,
1041 5509 1194 5568 quam
1214 5487 1448 5568 deturiis
1469 5487 1642 5552 divina
1663 5499 1960 5568 prteceptio.

371 5555 638 5631 Quomodo
665 5571 853 5615 autem.
888 5555 1105 5631 Antiqui
1135 5563 1254 5617 libri
1283 5573 1342 5618 ut
1369 5565 1422 5620 in
1449 5555 1726 5623 contextu.

444 5630 674 5704 fCodex
706 5647 851 5704 unus,
881 5630 1115 5704 inquirit.
1157 5634 1351 5689 Statim
1388 5653 1515 5692 mss.
1548 5637 1674 5703 duo,
1706 5640 1839 5693 ratio
1861 5645 1958 5692 est.

308 5720 330 5742 κ
368 5695 498 5755 Illud
533 5711 608 5755 est
639 5703 690 5756 in
724 5700 884 5756 editis
921 5695 1277 5758 desideratur.
1311 5704 1549 5764 Subinde
1576 5695 1684 5763 duo
1714 5726 1865 5772 mss..
1895 5725 1970 5764 ea:

368 5788 508 5828 uere.
544 5772 740 5826 Vocula
761 5787 826 5825 ex.
852 5773 902 5828 in
930 5773 1158 5843 vulgatis
1187 5773 1390 5830 deerat.

2065 4691 2088 4719 δι

2119 4783 2130 4787 _
2161 4730 2187 4768 ις
2216 4717 2358 4774 Editi
2387 4725 2442 4775 et
2483 4715 2592 4787 duo
2629 4730 2782 4782 mss.,
2816 4723 2868 4769 et
2895 4713 2955 4787 _si
2992 4721 3151 4787 aceto
3170 4727 3348 4766 rursus
3375 4711 3675 4787 asperseris,

2081 4783 2412 4862 resipiscam.
2446 4785 2685 4862 AtColb.
2711 4780 2998 4862 secundus,
3024 4791 3081 4862 _et
3106 4782 3152 4862 si
3179 4790 3332 4862 aceto.
3351 4796 3529 4862 rursus
3539 4780 3678 4862 tilias

2085 4845 2394 4934 asperserit,
2422 4858 2744 4934 reviviscunt,
2767 4857 2841 4912 ita
2861 4845 3169 4934 postulante
3194 4858 3251 4905 et
3273 4863 3438 4934 sensu
3465 4857 3522 4934 et

2083 4917 2174 4998 co',
2204 4917 2598 4988 ἁναϐιῶσκιται.
2636 4917 2924 4998 Aliquanto
2959 4931 3083 4994 post
3121 4919 3230 4976 duo
3271 4933 3423 4984 mss.,
3461 4931 3554 4969 nec
3583 4917 3674 4971 ob-

2082 5018 2262 5056 uncos.
3588 5029 3594 5035 '

2161 5019 2612 5144 ﬁ“Editiﬂyniaob
2641 5070 2754 5144 Itoc.
2778 5067 2856 5144 _At
2873 5063 3044 5144 Colb.
3059 5059 3344 5144 secundus,
3470 5056 3539 5144 ob
3557 5029 3674 5144 Ιίοςἒ
3765 5097 3772 5104 .

2080 5114 2608 5210 Πιίόᾶἶῖῖξλίὶἶίῖιῆξ
2641 5114 3342 5210 'iEiétZr'aT‘i/‘éiié‘éodex'
3368 5114 3577 5194 noster,"
3615 5129 3674 5184 ill

2081 5214 2342 5270 lonaiora.

2167 5231 2356 5339 ίφέἒῗίί
2377 5292 2434 5339 et
2453 5281 2622 5339 nostri
2646 5288 2756 5335 tres
2781 5293 2935 5355 mss.,
2951 5277 3004 5330 in
3031 5289 3228 5355 verum
3242 5289 3297 5355 se
3315 5271 3552 5355 speciem,
3562 5268 3673 5352 vel,

2082 5355 2142 5410 in
2170 5371 2400 5410 veri-ncte
2417 5356 2636 5422 speciem
2655 5369 2668 5404 :
2686 5348 2852 5422 quod,
2881 5343 3044 5422 quam
3073 5343 3367 5422 absurdum
3389 5343 3459 5422 sit
3477 5348 3532 5422 et
3561 5343 3676 5422 incf

2083 5434 2239 5497 ptum
2263 5465 2280 5497 ,
2332 5411 2930 5497 nihiI__attinet'diceré.
2969 5415 3048 5497 ‘At
3093 5413 3212 5497 ej_us
3247 5414 3353 5470 loci
3394 5411 3673 5497 facilisest

2084 5486 2416 5552 emendatio.
2447 5493 2580 5547 Nam
2609 5508 2708 5564 pro
2745 5503 2942 5546 aeruca:
2969 5486 3251 5564 legendum
3274 5496 3600 5564 essemus,
3627 5486 3673 5534 si

2086 5566 2224 5621 nihil
2253 5564 2415 5628 aliud,
2452 5564 2566 5633 ipse
2591 5557 2737 5618 certe
2766 5575 2963 5616 nomen
2991 5557 3236 5613 Graecum
3265 5561 3452 5626 aperte
3490 5557 3675 5606 osten-

2083 5636 2188 5700 όίιν
2221 5640 2295 5707 εἰς
2326 5637 2566 5707 ﬁrmi-
2582 5633 2893 5707 iamcum:
2915 5701 2948 5707 -_
3403 5695 3436 5707 -.

2166 5707 2178 5756 i
2219 5703 2354 5760 Illud
2382 5699 2444 5758 tu:
2471 5701 2742 5758 latioribus
2770 5701 2951 5758 addidi
2977 5741 2992 5765 ,
3033 5699 3291 5754 librorum
3326 5699 3673 5765 antiquorum

1980 5852 1982 5855 ι
2086 5774 2247 5830 tidem
2268 5781 2487 5829 secutus
2515 5791 2529 5828 :
2549 5773 2743 5846 quibus
2761 5764 3108 5828 consentiunt
3125 5767 3312 5825 Graeca
3331 5769 3416 5823 καὶ
3435 5764 3674 5821 clerici.

1971 5899 1975 5902 ’
1996 5910 2037 5966 Ι
