  <div class='ocr_page' id='page_1' title='image "/cluster/home/n/w/nwhite01/storage/ocr_20150623/53/hvd.32044073505232/483.png"; bbox 0 0 4192 6258; ppageno 0'>
   <div class='ocr_carea' id='block_1_1' title="bbox 583 329 2176 409">
    <p class='ocr_par' dir='ltr' id='par_1_1' title="bbox 583 339 2176 409">
     <span class='ocr_line' id='line_1_1' title="bbox 583 339 2176 409; baseline -0.006 -2"><span class='ocrx_word' id='word_1_1' title='bbox 583 350 689 409; x_wconf 80' lang='lat'><strong>955</strong></span> <span class='ocrx_word' id='word_1_2' title='bbox 2002 339 2176 399; x_wconf 85' lang='lat' dir='ltr'><strong>EUS’I‘</strong></span> 
     </span>
    </p>
   </div>
   <div class='ocr_carea' id='block_1_2' title="bbox 2276 329 3842 409">
    <p class='ocr_par' dir='ltr' id='par_1_2' title="bbox 2276 329 3842 396">
     <span class='ocr_line' id='line_1_2' title="bbox 2276 329 3842 396; baseline -0.004 0"><span class='ocrx_word' id='word_1_3' title='bbox 2276 339 2365 396; x_wconf 83' lang='lat' dir='ltr'><strong>Hll</strong></span> <span class='ocrx_word' id='word_1_4' title='bbox 2870 382 2875 389; x_wconf 89' lang='lat'><strong>.</strong></span> <span class='ocrx_word' id='word_1_5' title='bbox 3747 329 3842 389; x_wconf 74' lang='grc'><strong>936</strong></span> 
     </span>
    </p>
   </div>
   <div class='ocr_carea' id='block_1_3' title="bbox 586 440 3881 539">
    <p class='ocr_par' dir='ltr' id='par_1_3' title="bbox 586 440 3881 539">
     <span class='ocr_line' id='line_1_3' title="bbox 586 440 3881 539; baseline -0.004 -15"><span class='ocrx_word' id='word_1_6' title='bbox 586 471 716 525; x_wconf 81' lang='lat' dir='ltr'><strong>dens</strong></span> <span class='ocrx_word' id='word_1_7' title='bbox 758 468 822 522; x_wconf 86' lang='lat' dir='ltr'><strong>de</strong></span> <span class='ocrx_word' id='word_1_8' title='bbox 868 440 1260 525; x_wconf 77' lang='lat' dir='ltr'><strong>resurrectione</strong></span> <span class='ocrx_word' id='word_1_9' title='bbox 1301 460 1523 539; x_wconf 84' lang='lat' dir='ltr'><strong>capiatis</strong></span> <span class='ocrx_word' id='word_1_10' title='bbox 1570 460 1905 539; x_wconf 68' lang='lat' dir='ltr'><strong>exemplum,</strong></span> <span class='ocrx_word' id='word_1_11' title='bbox 1940 467 1995 513; x_wconf 87' lang='lat' dir='ltr'><strong>et</strong></span> <span class='ocrx_word' id='word_1_12' title='bbox 2041 459 2174 513; x_wconf 92' lang='lat' dir='ltr'><strong>nihil</strong></span> <span class='ocrx_word' id='word_1_13' title='bbox 2203 464 2251 521; x_wconf 78' lang='grc' dir='ltr'><strong>Α</strong></span> <span class='ocrx_word' id='word_1_14' title='bbox 2279 459 2442 515; x_wconf 89' lang='lat' dir='ltr'><strong>modo</strong></span> <span class='ocrx_word' id='word_1_15' title='bbox 2474 459 2615 513; x_wconf 89' lang='lat' dir='ltr'><strong>hunc</strong></span> <span class='ocrx_word' id='word_1_16' title='bbox 2643 456 2856 525; x_wconf 75' lang='lat' dir='ltr'><strong>erigens</strong></span> <span class='ocrx_word' id='word_1_17' title='bbox 2884 456 3243 512; x_wconf 73' lang='lat' dir='ltr'><strong>exsultatione</strong></span> <span class='ocrx_word' id='word_1_18' title='bbox 3271 455 3529 518; x_wconf 68' lang='lat' dir='ltr'><strong>victoriae,</strong></span> <span class='ocrx_word' id='word_1_19' title='bbox 3564 454 3881 522; x_wconf 80' lang='lat' dir='ltr'><strong>laciensque</strong></span> 
     </span>
    </p>
   </div>
   <div class='ocr_carea' id='block_1_4' title="bbox 586 547 3882 628">
    <p class='ocr_par' dir='ltr' id='par_1_4' title="bbox 586 547 3882 628">
     <span class='ocr_line' id='line_1_4' title="bbox 586 547 3882 628; baseline -0.004 -16"><span class='ocrx_word' id='word_1_20' title='bbox 586 558 841 615; x_wconf 78' lang='lat' dir='ltr'><strong>dubitetis</strong></span> <span class='ocrx_word' id='word_1_21' title='bbox 865 552 932 611; x_wconf 83' lang='lat' dir='ltr'><strong>de</strong></span> <span class='ocrx_word' id='word_1_22' title='bbox 958 555 1344 610; x_wconf 74' lang='lat' dir='ltr'><strong>reformatione</strong></span> <span class='ocrx_word' id='word_1_23' title='bbox 1371 553 1632 624; x_wconf 89' lang='lat' dir='ltr'><strong>corporis,</strong></span> <span class='ocrx_word' id='word_1_24' title='bbox 1663 566 1831 628; x_wconf 79' lang='lat' dir='ltr'><strong>quam</strong></span> <span class='ocrx_word' id='word_1_25' title='bbox 1854 549 2052 606; x_wconf 82' lang='lat' dir='ltr'><strong>Paulus</strong></span> <span class='ocrx_word' id='word_1_26' title='bbox 2077 566 2173 605; x_wconf 81' lang='lat' dir='ltr'><strong>ex-</strong></span> <span class='ocrx_word' id='word_1_27' title='bbox 2228 595 2238 609; x_wconf 76' lang='grc'><em>,</em></span> <span class='ocrx_word' id='word_1_28' title='bbox 2280 551 2647 608; x_wconf 84' lang='lat' dir='ltr'><strong>adversarium</strong></span> <span class='ocrx_word' id='word_1_29' title='bbox 2677 549 2907 615; x_wconf 81' lang='lat' dir='ltr'><strong>tristem,</strong></span> <span class='ocrx_word' id='word_1_30' title='bbox 2931 549 3094 605; x_wconf 91' lang='lat' dir='ltr'><strong>modo</strong></span> <span class='ocrx_word' id='word_1_31' title='bbox 3122 549 3270 604; x_wconf 89' lang='lat' dir='ltr'><strong>illum</strong></span> <span class='ocrx_word' id='word_1_32' title='bbox 3300 548 3533 603; x_wconf 78' lang='lat' dir='ltr'><strong>alacrem</strong></span> <span class='ocrx_word' id='word_1_33' title='bbox 3562 547 3882 616; x_wconf 85' lang='lat' dir='ltr'><strong>superbum-</strong></span> 
     </span>
    </p>
   </div>
   <div class='ocr_carea' id='block_1_5' title="bbox 522 638 3882 720">
    <p class='ocr_par' dir='ltr' id='par_1_5' title="bbox 522 638 3882 720">
     <span class='ocr_line' id='line_1_5' title="bbox 522 638 3882 720; baseline -0.003 -16"><span class='ocrx_word' id='word_1_34' title='bbox 522 682 554 715; x_wconf 79' lang='lat'><em>.</em></span> <span class='ocrx_word' id='word_1_35' title='bbox 584 646 755 720; x_wconf 89' lang='lat' dir='ltr'><strong>ponit.</strong></span> <span class='ocrx_word' id='word_1_36' title='bbox 783 645 891 702; x_wconf 86' lang='lat' dir='ltr'><strong>Sed</strong></span> <span class='ocrx_word' id='word_1_37' title='bbox 920 646 1031 716; x_wconf 82' lang='lat' dir='ltr'><strong>jam</strong></span> <span class='ocrx_word' id='word_1_38' title='bbox 1057 646 1237 700; x_wconf 87' lang='lat' dir='ltr'><strong>sentio</strong></span> <span class='ocrx_word' id='word_1_39' title='bbox 1266 658 1354 701; x_wconf 86' lang='lat' dir='ltr'><strong>me</strong></span> <span class='ocrx_word' id='word_1_40' title='bbox 1380 642 1598 699; x_wconf 89' lang='lat' dir='ltr'><strong>modum</strong></span> <span class='ocrx_word' id='word_1_41' title='bbox 1623 640 2004 712; x_wconf 81' lang='lat' dir='ltr'><strong>disputationis</strong></span> <span class='ocrx_word' id='word_1_42' title='bbox 2022 656 2177 697; x_wconf 79' lang='lat' dir='ltr'><strong>exce-</strong></span> <span class='ocrx_word' id='word_1_43' title='bbox 2276 656 2384 716; x_wconf 88' lang='lat' dir='ltr'><strong>que</strong></span> <span class='ocrx_word' id='word_1_44' title='bbox 2428 644 2824 699; x_wconf 82' lang='lat' dir='ltr'><strong>demonstrans.</strong></span> <span class='ocrx_word' id='word_1_45' title='bbox 2874 640 3013 708; x_wconf 78' lang='lat' dir='ltr'><strong>Quid</strong></span> <span class='ocrx_word' id='word_1_46' title='bbox 3053 640 3207 708; x_wconf 84' lang='lat' dir='ltr'><strong>juvat</strong></span> <span class='ocrx_word' id='word_1_47' title='bbox 3246 650 3478 710; x_wconf 87' lang='lat' dir='ltr'><strong>corpore</strong></span> <span class='ocrx_word' id='word_1_48' title='bbox 3520 638 3796 709; x_wconf 87' lang='lat' dir='ltr'><strong>jejunare,</strong></span> <span class='ocrx_word' id='word_1_49' title='bbox 3833 638 3882 694; x_wconf 90' lang='lat' dir='ltr'><strong>si</strong></span> 
     </span>
    </p>
   </div>
   <div class='ocr_carea' id='block_1_6' title="bbox 585 734 2172 806">
    <p class='ocr_par' dir='ltr' id='par_1_6' title="bbox 585 734 2172 806">
     <span class='ocr_line' id='line_1_6' title="bbox 585 734 2172 806; baseline -0.006 -8"><span class='ocrx_word' id='word_1_50' title='bbox 585 741 730 799; x_wconf 85' lang='lat' dir='ltr'><strong>dere.</strong></span> <span class='ocrx_word' id='word_1_51' title='bbox 772 739 985 795; x_wconf 83' lang='lat' dir='ltr'><strong>Etenim</strong></span> <span class='ocrx_word' id='word_1_52' title='bbox 1011 739 1058 794; x_wconf 88' lang='lat' dir='ltr'><strong>si</strong></span> <span class='ocrx_word' id='word_1_53' title='bbox 1087 737 1154 794; x_wconf 79' lang='lat' dir='ltr'><strong>ad</strong></span> <span class='ocrx_word' id='word_1_54' title='bbox 1192 734 1587 792; x_wconf 78' lang='lat' dir='ltr'><strong>multitudinem</strong></span> <span class='ocrx_word' id='word_1_55' title='bbox 1628 746 1924 806; x_wconf 82' lang='lat' dir='ltr'><strong>respexero</strong></span> <span class='ocrx_word' id='word_1_56' title='bbox 1967 734 2172 789; x_wconf 85' lang='lat' dir='ltr'><strong>relato-</strong></span> 
     </span>
    </p>
   </div>
   <div class='ocr_carea' id='block_1_7' title="bbox 487 816 2172 902">
    <p class='ocr_par' dir='ltr' id='par_1_7' title="bbox 487 816 2172 902">
     <span class='ocr_line' id='line_1_7' title="bbox 487 816 2172 902; baseline -0.007 -12"><span class='ocrx_word' id='word_1_57' title='bbox 487 835 490 839; x_wconf 79' lang='grc'>’</span> <span class='ocrx_word' id='word_1_58' title='bbox 584 834 726 902; x_wconf 77' lang='lat' dir='ltr'><strong>rum,-</strong></span> <span class='ocrx_word' id='word_1_59' title='bbox 762 833 815 887; x_wconf 88' lang='lat' dir='ltr'><strong>in</strong></span> <span class='ocrx_word' id='word_1_60' title='bbox 852 828 1116 887; x_wconf 71' lang='lat' dir='ltr'><strong>inﬁnitum</strong></span> <span class='ocrx_word' id='word_1_61' title='bbox 1154 816 1376 885; x_wconf 68' lang='lat' dir='ltr'><strong>videbor</strong></span> <span class='ocrx_word' id='word_1_62' title='bbox 1412 836 1660 883; x_wconf 78' lang='lat' dir='ltr'><strong>scrmone</strong></span> <span class='ocrx_word' id='word_1_63' title='bbox 1689 836 1715 865; x_wconf 77' lang='grc' dir='ltr'>ι</span> <span class='ocrx_word' id='word_1_64' title='bbox 1746 826 2046 897; x_wconf 88' lang='lat' dir='ltr'><strong>prolapsus.</strong></span> <span class='ocrx_word' id='word_1_65' title='bbox 2076 824 2172 880; x_wconf 86' lang='lat' dir='ltr'><strong>Sin</strong></span> 
     </span>
    </p>
   </div>
   <div class='ocr_carea' id='block_1_8' title="bbox 584 906 2169 981">
    <p class='ocr_par' dir='ltr' id='par_1_8' title="bbox 584 906 2169 981">
     <span class='ocr_line' id='line_1_8' title="bbox 584 906 2169 981; baseline -0.004 -3"><span class='ocrx_word' id='word_1_66' title='bbox 584 922 767 979; x_wconf 80' lang='lat' dir='ltr'><strong>autem</strong></span> <span class='ocrx_word' id='word_1_67' title='bbox 808 906 998 977; x_wconf 77' lang='lat' dir='ltr'><strong>Oculos</strong></span> <span class='ocrx_word' id='word_1_68' title='bbox 1038 919 1106 975; x_wconf 82' lang='lat' dir='ltr'><strong>ad</strong></span> <span class='ocrx_word' id='word_1_69' title='bbox 1141 919 1507 975; x_wconf 73' lang='lat' dir='ltr'><strong>diversitatem</strong></span> <span class='ocrx_word' id='word_1_70' title='bbox 1540 925 1800 973; x_wconf 79' lang='lat' dir='ltr'><strong>creaturae</strong></span> <span class='ocrx_word' id='word_1_71' title='bbox 1826 924 2169 981; x_wconf 88' lang='lat' dir='ltr'><strong>convertero,</strong></span> 
     </span>
    </p>
   </div>
   <div class='ocr_carea' id='block_1_9' title="bbox 585 1002 2170 1078">
    <p class='ocr_par' dir='ltr' id='par_1_9' title="bbox 585 1002 2170 1078">
     <span class='ocr_line' id='line_1_9' title="bbox 585 1002 2170 1078; baseline -0.006 -8"><span class='ocrx_word' id='word_1_72' title='bbox 585 1014 688 1070; x_wconf 80' lang='lat' dir='ltr'><strong>nec</strong></span> <span class='ocrx_word' id='word_1_73' title='bbox 716 1011 996 1069; x_wconf 75' lang='lat' dir='ltr'><strong>exordium</strong></span> <span class='ocrx_word' id='word_1_74' title='bbox 1029 1011 1353 1066; x_wconf 65' lang='lat' dir='ltr'><strong>nat-rationis</strong></span> <span class='ocrx_word' id='word_1_75' title='bbox 1391 1002 1624 1065; x_wconf 75' lang='lat' dir='ltr'><strong>arbitror</strong></span> <span class='ocrx_word' id='word_1_76' title='bbox 1656 1007 2030 1078; x_wconf 80' lang='lat' dir='ltr'><strong>assumpsisse.</strong></span> <span class='ocrx_word' id='word_1_77' title='bbox 2063 1007 2170 1062; x_wconf 83' lang='lat' dir='ltr'><strong>Ve-</strong></span> 
     </span>
    </p>
   </div>
   <div class='ocr_carea' id='block_1_10' title="bbox 541 1098 2170 1173">
    <p class='ocr_par' dir='ltr' id='par_1_10' title="bbox 541 1098 2170 1173">
     <span class='ocr_line' id='line_1_10' title="bbox 541 1098 2170 1173; baseline -0.004 -10"><span class='ocrx_word' id='word_1_78' title='bbox 541 1117 554 1131; x_wconf 84' lang='lat'>‘</span> <span class='ocrx_word' id='word_1_79' title='bbox 588 1110 886 1164; x_wconf 81' lang='lat' dir='ltr'><strong>rumtatnen</strong></span> <span class='ocrx_word' id='word_1_80' title='bbox 935 1120 1043 1161; x_wconf 84' lang='lat' dir='ltr'><strong>non</strong></span> <span class='ocrx_word' id='word_1_81' title='bbox 1091 1112 1172 1160; x_wconf 90' lang='lat' dir='ltr'><strong>est</strong></span> <span class='ocrx_word' id='word_1_82' title='bbox 1216 1098 1483 1160; x_wconf 79' lang='lat' dir='ltr'><strong>utilevos</strong></span> <span class='ocrx_word' id='word_1_83' title='bbox 1526 1102 1803 1173; x_wconf 57' lang='lat' dir='ltr'><strong>praterire</strong></span> <span class='ocrx_word' id='word_1_84' title='bbox 1836 1108 2170 1158; x_wconf 80' lang='lat' dir='ltr'><strong>transcursu.</strong></span> 
     </span>
    </p>
   </div>
   <div class='ocr_carea' id='block_1_11' title="bbox 597 1192 2176 1266">
    <p class='ocr_par' dir='ltr' id='par_1_11' title="bbox 597 1192 2176 1266">
     <span class='ocr_line' id='line_1_11' title="bbox 597 1192 2176 1266; baseline -0.003 -14"><span class='ocrx_word' id='word_1_85' title='bbox 597 1197 723 1266; x_wconf 68' lang='lat' dir='ltr'><strong>)uid</strong></span> <span class='ocrx_word' id='word_1_86' title='bbox 750 1198 893 1252; x_wconf 89' lang='lat' dir='ltr'><strong>enim</strong></span> <span class='ocrx_word' id='word_1_87' title='bbox 921 1196 1128 1252; x_wconf 79' lang='lat' dir='ltr'><strong>facietis</strong></span> <span class='ocrx_word' id='word_1_88' title='bbox 1155 1208 1324 1264; x_wconf 87' lang='lat' dir='ltr'><strong>usque</strong></span> <span class='ocrx_word' id='word_1_89' title='bbox 1371 1194 1437 1251; x_wconf 87' lang='lat' dir='ltr'><strong>ad</strong></span> <span class='ocrx_word' id='word_1_90' title='bbox 1480 1192 1803 1264; x_wconf 78' lang='lat' dir='ltr'><strong>vesperam?</strong></span> <span class='ocrx_word' id='word_1_91' title='bbox 1830 1193 1875 1247; x_wconf 79' lang='grc' dir='ltr'><strong>Δ</strong></span> <span class='ocrx_word' id='word_1_92' title='bbox 1902 1193 2176 1264; x_wconf 53' lang='lat' dir='ltr'><strong>pransori-</strong></span> 
     </span>
    </p>
   </div>
   <div class='ocr_carea' id='block_1_12' title="bbox 521 1274 2177 1355">
    <p class='ocr_par' dir='ltr' id='par_1_12' title="bbox 521 1274 2177 1355">
     <span class='ocr_line' id='line_1_12' title="bbox 521 1274 2177 1355; baseline -0.002 -11"><span class='ocrx_word' id='word_1_93' title='bbox 521 1328 551 1349; x_wconf 84' lang='grc'><strong>.,</strong></span> <span class='ocrx_word' id='word_1_94' title='bbox 593 1286 688 1346; x_wconf 87' lang='lat' dir='ltr'><strong>bus</strong></span> <span class='ocrx_word' id='word_1_95' title='bbox 716 1292 862 1343; x_wconf 87' lang='lat' dir='ltr'><strong>certe</strong></span> <span class='ocrx_word' id='word_1_96' title='bbox 905 1274 1017 1342; x_wconf 84' lang='lat' dir='ltr'><strong>non</strong></span> <span class='ocrx_word' id='word_1_97' title='bbox 1051 1286 1337 1353; x_wconf 79' lang='lat' dir='ltr'><strong>urgemini,</strong></span> <span class='ocrx_word' id='word_1_98' title='bbox 1364 1290 1464 1341; x_wconf 87' lang='lat' dir='ltr'><strong>itec</strong></span> <span class='ocrx_word' id='word_1_99' title='bbox 1490 1284 1857 1340; x_wconf 72' lang='lat' dir='ltr'><strong>conviviorum</strong></span> <span class='ocrx_word' id='word_1_100' title='bbox 1886 1290 2177 1355; x_wconf 83' lang='lat' dir='ltr'><strong>apparatus</strong></span> 
     </span>
    </p>
   </div>
   <div class='ocr_carea' id='block_1_13' title="bbox 589 1376 2171 1447">
    <p class='ocr_par' dir='ltr' id='par_1_13' title="bbox 589 1376 2171 1447">
     <span class='ocr_line' id='line_1_13' title="bbox 589 1376 2171 1447; baseline -0.002 -13"><span class='ocrx_word' id='word_1_101' title='bbox 589 1379 737 1434; x_wconf 89' lang='lat' dir='ltr'><strong>abire</strong></span> <span class='ocrx_word' id='word_1_102' title='bbox 767 1390 866 1435; x_wconf 86' lang='lat' dir='ltr'><strong>nos</strong></span> <span class='ocrx_word' id='word_1_103' title='bbox 894 1380 1167 1443; x_wconf 82' lang='lat' dir='ltr'><strong>admonet,</strong></span> <span class='ocrx_word' id='word_1_104' title='bbox 1199 1379 1452 1447; x_wconf 85' lang='lat' dir='ltr'><strong>quoniam</strong></span> <span class='ocrx_word' id='word_1_105' title='bbox 1500 1386 1711 1447; x_wconf 84' lang='lat' dir='ltr'><strong>tempus</strong></span> <span class='ocrx_word' id='word_1_106' title='bbox 1752 1376 2029 1446; x_wconf 84' lang='lat' dir='ltr'><strong>jejunandi</strong></span> <span class='ocrx_word' id='word_1_107' title='bbox 2068 1386 2171 1432; x_wconf 88' lang='lat' dir='ltr'><strong>est.</strong></span> 
     </span>
    </p>
   </div>
   <div class='ocr_carea' id='block_1_14' title="bbox 586 1468 2175 1542">
    <p class='ocr_par' dir='ltr' id='par_1_14' title="bbox 586 1468 2175 1542">
     <span class='ocr_line' id='line_1_14' title="bbox 586 1468 2175 1542; baseline -0.002 -16"><span class='ocrx_word' id='word_1_108' title='bbox 586 1472 928 1542; x_wconf 80' lang='lat' dir='ltr'><strong>Quapropter</strong></span> <span class='ocrx_word' id='word_1_109' title='bbox 949 1472 994 1525; x_wconf 90' lang='lat' dir='ltr'><strong>si</strong></span> <span class='ocrx_word' id='word_1_110' title='bbox 1022 1470 1218 1540; x_wconf 86' lang='lat' dir='ltr'><strong>placet,</strong></span> <span class='ocrx_word' id='word_1_111' title='bbox 1245 1469 1621 1523; x_wconf 82' lang='lat' dir='ltr'><strong>abstinentiam</strong></span> <span class='ocrx_word' id='word_1_112' title='bbox 1661 1470 1906 1537; x_wconf 88' lang='lat' dir='ltr'><strong>corporis</strong></span> <span class='ocrx_word' id='word_1_113' title='bbox 1934 1468 1987 1522; x_wconf 87' lang='lat' dir='ltr'><strong>in</strong></span> <span class='ocrx_word' id='word_1_114' title='bbox 2018 1469 2175 1523; x_wconf 86' lang='lat' dir='ltr'><strong>volu-</strong></span> 
     </span>
    </p>
   </div>
   <div class='ocr_carea' id='block_1_15' title="bbox 587 1559 2175 1632">
    <p class='ocr_par' dir='ltr' id='par_1_15' title="bbox 587 1559 2175 1632">
     <span class='ocr_line' id='line_1_15' title="bbox 587 1559 2175 1632; baseline 0 -16"><span class='ocrx_word' id='word_1_115' title='bbox 587 1570 762 1632; x_wconf 85' lang='lat' dir='ltr'><strong>ptates</strong></span> <span class='ocrx_word' id='word_1_116' title='bbox 790 1561 953 1615; x_wconf 80' lang='lat' dir='ltr'><strong>animi</strong></span> <span class='ocrx_word' id='word_1_117' title='bbox 978 1568 1370 1615; x_wconf 84' lang='lat' dir='ltr'><strong>convertamus.</strong></span> <span class='ocrx_word' id='word_1_118' title='bbox 1401 1559 1608 1629; x_wconf 62' lang='lat' dir='ltr'><strong>Saepius</strong></span> <span class='ocrx_word' id='word_1_119' title='bbox 1646 1560 1830 1628; x_wconf 87' lang='lat' dir='ltr'><strong>utique</strong></span> <span class='ocrx_word' id='word_1_120' title='bbox 1856 1560 2175 1630; x_wconf 85' lang='lat' dir='ltr'><strong>corporibus</strong></span> 
     </span>
    </p>
   </div>
   <div class='ocr_carea' id='block_1_16' title="bbox 587 1646 2173 1726">
    <p class='ocr_par' dir='ltr' id='par_1_16' title="bbox 587 1646 2173 1726">
     <span class='ocr_line' id='line_1_16' title="bbox 587 1646 2173 1726; baseline -0.002 -16"><span class='ocrx_word' id='word_1_121' title='bbox 587 1655 857 1726; x_wconf 85' lang='lat' dir='ltr'><strong>paruist&#39;s,</strong></span> <span class='ocrx_word' id='word_1_122' title='bbox 889 1653 989 1709; x_wconf 90' lang='lat' dir='ltr'><strong>hos</strong></span> <span class='ocrx_word' id='word_1_123' title='bbox 1034 1653 1223 1708; x_wconf 85' lang='lat' dir='ltr'><strong>saltem</strong></span> <span class='ocrx_word' id='word_1_124' title='bbox 1250 1651 1368 1706; x_wconf 86' lang='lat' dir='ltr'><strong>dies</strong></span> <span class='ocrx_word' id='word_1_125' title='bbox 1397 1651 1715 1721; x_wconf 88' lang='lat' dir='ltr'><strong>deputemus</strong></span> <span class='ocrx_word' id='word_1_126' title='bbox 1743 1646 1926 1707; x_wconf 84' lang='lat' dir='ltr'><strong>usibus</strong></span> <span class='ocrx_word' id='word_1_127' title='bbox 1967 1652 2173 1708; x_wconf 83' lang='lat' dir='ltr'><strong>animo-</strong></span> 
     </span>
    </p>
   </div>
   <div class='ocr_carea' id='block_1_17' title="bbox 584 1740 2165 1814">
    <p class='ocr_par' dir='ltr' id='par_1_17' title="bbox 584 1740 2165 1814">
     <span class='ocr_line' id='line_1_17' title="bbox 584 1740 2165 1814; baseline -0.004 -12"><span class='ocrx_word' id='word_1_128' title='bbox 584 1758 725 1811; x_wconf 89' lang='lat' dir='ltr'><strong>rum,</strong></span> <span class='ocrx_word' id='word_1_129' title='bbox 752 1745 889 1801; x_wconf 78' lang='lat' dir='ltr'><strong>sicitt</strong></span> <span class='ocrx_word' id='word_1_130' title='bbox 914 1744 1169 1814; x_wconf 86' lang='lat' dir='ltr'><strong>scriptum</strong></span> <span class='ocrx_word' id='word_1_131' title='bbox 1199 1749 1281 1797; x_wconf 90' lang='lat' dir='ltr'><strong>est</strong></span> <span class='ocrx_word' id='word_1_132' title='bbox 1308 1760 1322 1796; x_wconf 84' lang='lat'><strong>:</strong></span> <span class='ocrx_word' id='word_1_133' title='bbox 1358 1741 1623 1801; x_wconf 62' lang='lat' dir='ltr'><strong>Delaware</strong></span> <span class='ocrx_word' id='word_1_134' title='bbox 1642 1740 1697 1797; x_wconf 84' lang='lat' dir='ltr'><strong>in</strong></span> <span class='ocrx_word' id='word_1_135' title='bbox 1723 1741 1967 1809; x_wconf 70' lang='lat' dir='ltr'><strong>Domum,</strong></span> <span class='ocrx_word' id='word_1_136' title='bbox 1997 1752 2048 1796; x_wconf 82' lang='lat' dir='ltr'><strong>et</strong></span> <span class='ocrx_word' id='word_1_137' title='bbox 2073 1744 2165 1797; x_wconf 86' lang='lat' dir='ltr'><strong>da-</strong></span> 
     </span>
    </p>
   </div>
   <div class='ocr_carea' id='block_1_18' title="bbox 2275 728 3883 804">
    <p class='ocr_par' dir='ltr' id='par_1_18' title="bbox 2275 728 3883 804">
     <span class='ocr_line' id='line_1_18' title="bbox 2275 728 3883 804; baseline -0.004 -13"><span class='ocrx_word' id='word_1_138' title='bbox 2275 737 2486 791; x_wconf 87' lang='lat' dir='ltr'><strong>animus</strong></span> <span class='ocrx_word' id='word_1_139' title='bbox 2524 734 2710 789; x_wconf 83' lang='lat' dir='ltr'><strong>multis</strong></span> <span class='ocrx_word' id='word_1_140' title='bbox 2745 734 3072 804; x_wconf 81' lang='lat' dir='ltr'><strong>pravitatum</strong></span> <span class='ocrx_word' id='word_1_141' title='bbox 3113 731 3353 787; x_wconf 81' lang='lat' dir='ltr'><strong>millibus</strong></span> <span class='ocrx_word' id='word_1_142' title='bbox 3379 731 3675 786; x_wconf 83' lang='lat' dir='ltr'><strong>oneratur?</strong></span> <span class='ocrx_word' id='word_1_143' title='bbox 3706 728 3883 785; x_wconf 86' lang='lat' dir='ltr'><strong>Porro</strong></span> 
     </span>
    </p>
   </div>
   <div class='ocr_carea' id='block_1_19' title="bbox 2275 825 3885 899">
    <p class='ocr_par' dir='ltr' id='par_1_19' title="bbox 2275 825 3885 899">
     <span class='ocr_line' id='line_1_19' title="bbox 2275 825 3885 899; baseline -0.002 -16"><span class='ocrx_word' id='word_1_144' title='bbox 2275 830 2368 899; x_wconf 86' lang='lat' dir='ltr'><strong>qui</strong></span> <span class='ocrx_word' id='word_1_145' title='bbox 2396 844 2504 885; x_wconf 88' lang='lat' dir='ltr'><strong>non</strong></span> <span class='ocrx_word' id='word_1_146' title='bbox 2534 829 2669 883; x_wconf 91' lang='lat' dir='ltr'><strong>ludit</strong></span> <span class='ocrx_word' id='word_1_147' title='bbox 2696 828 2938 895; x_wconf 78' lang='lat' dir='ltr'><strong>tesseris,</strong></span> <span class='ocrx_word' id='word_1_148' title='bbox 2978 825 3074 881; x_wconf 85' lang='lat' dir='ltr'><strong>sed</strong></span> <span class='ocrx_word' id='word_1_149' title='bbox 3098 832 3273 892; x_wconf 85' lang='lat' dir='ltr'><strong>vacat,</strong></span> <span class='ocrx_word' id='word_1_150' title='bbox 3302 840 3439 896; x_wconf 84' lang='lat' dir='ltr'><strong>quas</strong></span> <span class='ocrx_word' id='word_1_151' title='bbox 3466 841 3575 880; x_wconf 88' lang='lat' dir='ltr'><strong>non</strong></span> <span class='ocrx_word' id='word_1_152' title='bbox 3606 827 3885 879; x_wconf 68' lang='lat' dir='ltr'><strong>vanitates</strong></span> 
     </span>
    </p>
   </div>
   <div class='ocr_carea' id='block_1_20' title="bbox 2276 916 3883 989">
    <p class='ocr_par' dir='ltr' id='par_1_20' title="bbox 2276 916 3883 989">
     <span class='ocr_line' id='line_1_20' title="bbox 2276 916 3883 989; baseline -0.002 -14"><span class='ocrx_word' id='word_1_153' title='bbox 2276 932 2341 976; x_wconf 76' lang='lat' dir='ltr'><strong>es</strong></span> <span class='ocrx_word' id='word_1_154' title='bbox 2373 928 2468 975; x_wconf 83' lang='lat' dir='ltr'><strong>bre</strong></span> <span class='ocrx_word' id='word_1_155' title='bbox 2495 918 2783 989; x_wconf 80' lang='lat' dir='ltr'><strong>depromit,</strong></span> <span class='ocrx_word' id='word_1_156' title='bbox 2808 925 2904 972; x_wconf 90' lang='lat' dir='ltr'><strong>aut</strong></span> <span class='ocrx_word' id='word_1_157' title='bbox 2926 916 3055 987; x_wconf 87' lang='lat' dir='ltr'><strong>quid</strong></span> <span class='ocrx_word' id='word_1_158' title='bbox 3081 930 3191 971; x_wconf 87' lang='lat' dir='ltr'><strong>non</strong></span> <span class='ocrx_word' id='word_1_159' title='bbox 3217 917 3449 987; x_wconf 84' lang='lat' dir='ltr'><strong>percipit</strong></span> <span class='ocrx_word' id='word_1_160' title='bbox 3474 917 3699 972; x_wconf 80' lang='lat' dir='ltr'><strong>auribus</strong></span> <span class='ocrx_word' id='word_1_161' title='bbox 3717 932 3883 972; x_wconf 76' lang='lat' dir='ltr'><strong>esse-</strong></span> 
     </span>
    </p>
   </div>
   <div class='ocr_carea' id='block_1_21' title="bbox 2276 1011 3963 1081">
    <p class='ocr_par' dir='ltr' id='par_1_21' title="bbox 2276 1011 3963 1081">
     <span class='ocr_line' id='line_1_21' title="bbox 2276 1011 3963 1081; baseline -0.005 -12"><span class='ocrx_word' id='word_1_162' title='bbox 2276 1013 2572 1069; x_wconf 74' lang='lat' dir='ltr'><strong>crandum?</strong></span> <span class='ocrx_word' id='word_1_163' title='bbox 2596 1013 2674 1066; x_wconf 85' lang='lat' dir='ltr'><strong>ita</strong></span> <span class='ocrx_word' id='word_1_164' title='bbox 2703 1011 2953 1067; x_wconf 87' lang='lat' dir='ltr'><strong>otiositas</strong></span> <span class='ocrx_word' id='word_1_165' title='bbox 2991 1011 3110 1067; x_wconf 87' lang='lat' dir='ltr'><strong>sine</strong></span> <span class='ocrx_word' id='word_1_166' title='bbox 3143 1011 3340 1067; x_wconf 75' lang='lat' dir='ltr'><strong>timore</strong></span> <span class='ocrx_word' id='word_1_167' title='bbox 3370 1012 3465 1067; x_wconf 85' lang='lat' dir='ltr'><strong>Dei</strong></span> <span class='ocrx_word' id='word_1_168' title='bbox 3492 1012 3754 1081; x_wconf 77' lang='lat' dir='ltr'><strong>magistra</strong></span> <span class='ocrx_word' id='word_1_169' title='bbox 3786 1028 3885 1066; x_wconf 86' lang='lat' dir='ltr'><strong>ne-</strong></span> <span class='ocrx_word' id='word_1_170' title='bbox 3958 1030 3963 1059; x_wconf 71' lang='grc' dir='ltr'>ι</span> 
     </span>
    </p>
   </div>
   <div class='ocr_carea' id='block_1_22' title="bbox 2276 1103 3885 1175">
    <p class='ocr_par' dir='ltr' id='par_1_22' title="bbox 2276 1103 3885 1175">
     <span class='ocr_line' id='line_1_22' title="bbox 2276 1103 3885 1175; baseline -0.001 -15"><span class='ocrx_word' id='word_1_171' title='bbox 2276 1106 2458 1175; x_wconf 70' lang='lat' dir='ltr'><strong>quitize</strong></span> <span class='ocrx_word' id='word_1_172' title='bbox 2478 1113 2578 1160; x_wconf 91' lang='lat' dir='ltr'><strong>est.</strong></span> <span class='ocrx_word' id='word_1_173' title='bbox 2609 1103 2676 1159; x_wconf 81' lang='lat' dir='ltr'><strong>Et</strong></span> <span class='ocrx_word' id='word_1_174' title='bbox 2702 1104 2917 1175; x_wconf 82' lang='lat' dir='ltr'><strong>quidem</strong></span> <span class='ocrx_word' id='word_1_175' title='bbox 2943 1118 3209 1174; x_wconf 54' lang='lat' dir='ltr'><strong>praesumo</strong></span> <span class='ocrx_word' id='word_1_176' title='bbox 3228 1103 3428 1173; x_wconf 81' lang='lat' dir='ltr'><strong>aliquid</strong></span> <span class='ocrx_word' id='word_1_177' title='bbox 3448 1104 3605 1159; x_wconf 81' lang='lat' dir='ltr'><strong>vobis</strong></span> <span class='ocrx_word' id='word_1_178' title='bbox 3626 1104 3885 1158; x_wconf 81' lang='lat' dir='ltr'><strong>utilitatis</strong></span> 
     </span>
    </p>
   </div>
   <div class='ocr_carea' id='block_1_23' title="bbox 2276 1193 3882 1266">
    <p class='ocr_par' dir='ltr' id='par_1_23' title="bbox 2276 1193 3882 1266">
     <span class='ocr_line' id='line_1_23' title="bbox 2276 1193 3882 1266; baseline -0.003 -14"><span class='ocrx_word' id='word_1_179' title='bbox 2276 1212 2345 1252; x_wconf 77' lang='lat' dir='ltr'><strong>ex</strong></span> <span class='ocrx_word' id='word_1_180' title='bbox 2373 1197 2455 1251; x_wconf 88' lang='lat' dir='ltr'><strong>his</strong></span> <span class='ocrx_word' id='word_1_181' title='bbox 2482 1208 2603 1266; x_wconf 70' lang='lat' dir='ltr'><strong>qum</strong></span> <span class='ocrx_word' id='word_1_182' title='bbox 2627 1196 2793 1251; x_wconf 85' lang='lat' dir='ltr'><strong>locuti</strong></span> <span class='ocrx_word' id='word_1_183' title='bbox 2810 1211 3000 1252; x_wconf 88' lang='lat' dir='ltr'><strong>sumus</strong></span> <span class='ocrx_word' id='word_1_184' title='bbox 3018 1194 3249 1265; x_wconf 81' lang='lat' dir='ltr'><strong>acquiri.</strong></span> <span class='ocrx_word' id='word_1_185' title='bbox 3271 1193 3426 1262; x_wconf 83' lang='lat' dir='ltr'><strong>Quod</strong></span> <span class='ocrx_word' id='word_1_186' title='bbox 3445 1196 3491 1249; x_wconf 91' lang='lat' dir='ltr'><strong>si</strong></span> <span class='ocrx_word' id='word_1_187' title='bbox 3511 1209 3674 1250; x_wconf 87' lang='lat' dir='ltr'><strong>secus</strong></span> <span class='ocrx_word' id='word_1_188' title='bbox 3697 1194 3882 1259; x_wconf 77' lang='lat' dir='ltr'><strong>fuerit,</strong></span> 
     </span>
    </p>
   </div>
   <div class='ocr_carea' id='block_1_24' title="bbox 2277 1283 3883 1356">
    <p class='ocr_par' dir='ltr' id='par_1_24' title="bbox 2277 1283 3883 1356">
     <span class='ocr_line' id='line_1_24' title="bbox 2277 1283 3883 1356; baseline -0.002 -14"><span class='ocrx_word' id='word_1_189' title='bbox 2277 1296 2458 1342; x_wconf 87' lang='lat' dir='ltr'><strong>tamen</strong></span> <span class='ocrx_word' id='word_1_190' title='bbox 2510 1295 2737 1356; x_wconf 84' lang='lat' dir='ltr'><strong>peccato</strong></span> <span class='ocrx_word' id='word_1_191' title='bbox 2779 1301 2875 1341; x_wconf 89' lang='lat' dir='ltr'><strong>vos</strong></span> <span class='ocrx_word' id='word_1_192' title='bbox 2913 1301 3116 1341; x_wconf 89' lang='lat' dir='ltr'><strong>vacuos</strong></span> <span class='ocrx_word' id='word_1_193' title='bbox 3158 1283 3189 1325; x_wconf 69' lang='grc' dir='ltr'>δ</span> <span class='ocrx_word' id='word_1_194' title='bbox 3229 1286 3584 1341; x_wconf 84' lang='lat' dir='ltr'><strong>commoratio</strong></span> <span class='ocrx_word' id='word_1_195' title='bbox 3629 1287 3738 1342; x_wconf 89' lang='lat' dir='ltr'><strong>loci</strong></span> <span class='ocrx_word' id='word_1_196' title='bbox 3788 1286 3883 1340; x_wconf 84' lang='lat' dir='ltr'><strong>hu-</strong></span> 
     </span>
    </p>
   </div>
   <div class='ocr_carea' id='block_1_25' title="bbox 2271 1377 3879 1449">
    <p class='ocr_par' dir='ltr' id='par_1_25' title="bbox 2271 1377 3879 1449">
     <span class='ocr_line' id='line_1_25' title="bbox 2271 1377 3879 1449; baseline -0.002 -14"><span class='ocrx_word' id='word_1_197' title='bbox 2271 1378 2571 1449; x_wconf 83' lang='lat' dir='ltr'><strong>juscemodi</strong></span> <span class='ocrx_word' id='word_1_198' title='bbox 2597 1378 2861 1449; x_wconf 85' lang='lat' dir='ltr'><strong>perliciet.</strong></span> <span class='ocrx_word' id='word_1_199' title='bbox 2891 1377 3214 1449; x_wconf 78' lang='lat' dir='ltr'><strong>Quantaque</strong></span> <span class='ocrx_word' id='word_1_200' title='bbox 3243 1379 3363 1449; x_wconf 86' lang='lat' dir='ltr'><strong>plus</strong></span> <span class='ocrx_word' id='word_1_201' title='bbox 3402 1395 3499 1434; x_wconf 86' lang='lat' dir='ltr'><strong>vos</strong></span> <span class='ocrx_word' id='word_1_202' title='bbox 3538 1380 3593 1433; x_wconf 94' lang='lat' dir='ltr'><strong>in</strong></span> <span class='ocrx_word' id='word_1_203' title='bbox 3631 1378 3879 1434; x_wconf 83' lang='lat' dir='ltr'><strong>Ecclesia</strong></span> 
     </span>
    </p>
   </div>
   <div class='ocr_carea' id='block_1_26' title="bbox 2276 1470 3875 1539">
    <p class='ocr_par' dir='ltr' id='par_1_26' title="bbox 2276 1470 3875 1539">
     <span class='ocr_line' id='line_1_26' title="bbox 2276 1470 3875 1539; baseline -0.001 -12"><span class='ocrx_word' id='word_1_204' title='bbox 2276 1470 2491 1528; x_wconf 89' lang='lat' dir='ltr'><strong>Domini</strong></span> <span class='ocrx_word' id='word_1_205' title='bbox 2526 1478 2877 1537; x_wconf 86' lang='lat' dir='ltr'><strong>retentamus,</strong></span> <span class='ocrx_word' id='word_1_206' title='bbox 2908 1479 3060 1527; x_wconf 87' lang='lat' dir='ltr'><strong>tanto</strong></span> <span class='ocrx_word' id='word_1_207' title='bbox 3108 1471 3280 1539; x_wconf 79' lang='lat' dir='ltr'><strong>magis</strong></span> <span class='ocrx_word' id='word_1_208' title='bbox 3308 1487 3338 1525; x_wconf 88' lang='lat' dir='ltr'><strong>a</strong></span> <span class='ocrx_word' id='word_1_209' title='bbox 3367 1472 3639 1527; x_wconf 84' lang='lat' dir='ltr'><strong>malorum</strong></span> <span class='ocrx_word' id='word_1_210' title='bbox 3673 1472 3875 1539; x_wconf 78' lang='lat' dir='ltr'><strong>cogita—</strong></span> 
     </span>
    </p>
   </div>
   <div class='ocr_carea' id='block_1_27' title="bbox 2275 1562 3874 1636">
    <p class='ocr_par' dir='ltr' id='par_1_27' title="bbox 2275 1562 3874 1636">
     <span class='ocr_line' id='line_1_27' title="bbox 2275 1562 3874 1636; baseline 0.001 -17"><span class='ocrx_word' id='word_1_211' title='bbox 2275 1567 2512 1621; x_wconf 87' lang='lat' dir='ltr'><strong>tionibus</strong></span> <span class='ocrx_word' id='word_1_212' title='bbox 2571 1580 2904 1636; x_wconf 83' lang='lat' dir='ltr'><strong>separamus.</strong></span> <span class='ocrx_word' id='word_1_213' title='bbox 2961 1562 3292 1621; x_wconf 77' lang='lat' dir='ltr'><strong>Sui‘iicientia</strong></span> <span class='ocrx_word' id='word_1_214' title='bbox 3352 1573 3477 1620; x_wconf 90' lang='lat' dir='ltr'><strong>sunt</strong></span> <span class='ocrx_word' id='word_1_215' title='bbox 3526 1580 3652 1634; x_wconf 64' lang='lat' dir='ltr'><strong>qtae</strong></span> <span class='ocrx_word' id='word_1_216' title='bbox 3707 1565 3874 1621; x_wconf 78' lang='lat' dir='ltr'><strong>dis-e-</strong></span> 
     </span>
    </p>
   </div>
   <div class='ocr_carea' id='block_1_28' title="bbox 2277 1654 3879 1726">
    <p class='ocr_par' dir='ltr' id='par_1_28' title="bbox 2277 1654 3879 1726">
     <span class='ocr_line' id='line_1_28' title="bbox 2277 1654 3879 1726; baseline 0.001 -17"><span class='ocrx_word' id='word_1_217' title='bbox 2277 1656 2483 1711; x_wconf 79' lang='lat' dir='ltr'><strong>ruimus</strong></span> <span class='ocrx_word' id='word_1_218' title='bbox 2514 1656 2658 1726; x_wconf 89' lang='lat' dir='ltr'><strong>apud</strong></span> <span class='ocrx_word' id='word_1_219' title='bbox 2688 1656 3050 1725; x_wconf 67' lang='lat' dir='ltr'><strong>aequissimum</strong></span> <span class='ocrx_word' id='word_1_220' title='bbox 3091 1654 3450 1723; x_wconf 73' lang='lat' dir='ltr'><strong>cognitorem,</strong></span> <span class='ocrx_word' id='word_1_221' title='bbox 3478 1655 3527 1709; x_wconf 88' lang='lat' dir='ltr'><strong>si</strong></span> <span class='ocrx_word' id='word_1_222' title='bbox 3554 1663 3740 1709; x_wconf 86' lang='lat' dir='ltr'><strong>tamen</strong></span> <span class='ocrx_word' id='word_1_223' title='bbox 3771 1671 3879 1711; x_wconf 88' lang='lat' dir='ltr'><strong>non</strong></span> 
     </span>
    </p>
   </div>
   <div class='ocr_carea' id='block_1_29' title="bbox 2278 1746 3882 1818">
    <p class='ocr_par' dir='ltr' id='par_1_29' title="bbox 2278 1746 3882 1818">
     <span class='ocr_line' id='line_1_29' title="bbox 2278 1746 3882 1818; baseline 0.001 -17"><span class='ocrx_word' id='word_1_224' title='bbox 2278 1746 2345 1801; x_wconf 85' lang='lat' dir='ltr'><strong>ad</strong></span> <span class='ocrx_word' id='word_1_225' title='bbox 2372 1747 2620 1818; x_wconf 87' lang='lat' dir='ltr'><strong>copiosas</strong></span> <span class='ocrx_word' id='word_1_226' title='bbox 2649 1756 2911 1802; x_wconf 72' lang='lat' dir='ltr'><strong>creatum</strong></span> <span class='ocrx_word' id='word_1_227' title='bbox 2938 1747 3174 1814; x_wconf 83' lang='lat' dir='ltr'><strong>divitias,</strong></span> <span class='ocrx_word' id='word_1_228' title='bbox 3203 1747 3302 1802; x_wconf 89' lang='lat' dir='ltr'><strong>sed</strong></span> <span class='ocrx_word' id='word_1_229' title='bbox 3335 1747 3401 1801; x_wconf 86' lang='lat' dir='ltr'><strong>ad</strong></span> <span class='ocrx_word' id='word_1_230' title='bbox 3432 1747 3759 1817; x_wconf 83' lang='lat' dir='ltr'><strong>parvitatem</strong></span> <span class='ocrx_word' id='word_1_231' title='bbox 3790 1764 3882 1802; x_wconf 87' lang='lat' dir='ltr'><strong>uo-</strong></span> 
     </span>
    </p>
   </div>
   <div class='ocr_carea' id='block_1_30' title="bbox 585 1826 3875 1913">
    <p class='ocr_par' dir='ltr' id='par_1_30' title="bbox 585 1826 3875 1913">
     <span class='ocr_line' id='line_1_30' title="bbox 585 1826 3875 1913; baseline 0.001 -23"><span class='ocrx_word' id='word_1_232' title='bbox 585 1836 657 1891; x_wconf 80' lang='lat' dir='ltr'><strong>bil</strong></span> <span class='ocrx_word' id='word_1_233' title='bbox 678 1836 768 1890; x_wconf 81' lang='lat' dir='ltr'><strong>tibi</strong></span> <span class='ocrx_word' id='word_1_234' title='bbox 788 1835 1056 1908; x_wconf 77' lang='lat' dir='ltr'><strong>petitiones</strong></span> <span class='ocrx_word' id='word_1_235' title='bbox 1079 1826 1249 1889; x_wconf 80' lang='lat' dir='ltr'><strong>cordis</strong></span> <span class='ocrx_word' id='word_1_236' title='bbox 1272 1833 1344 1887; x_wconf 83' lang='lat' dir='ltr'><strong>tui</strong></span> <span class='ocrx_word' id='word_1_237' title='bbox 1370 1832 1542 1906; x_wconf 82' lang='lat' dir='ltr'><strong>(Psal.</strong></span> <span class='ocrx_word' id='word_1_238' title='bbox 1575 1847 1753 1913; x_wconf 67' lang='lat' dir='ltr'><strong>tum,</strong></span> <span class='ocrx_word' id='word_1_239' title='bbox 1784 1833 1861 1903; x_wconf 67' lang='grc' dir='ltr'><strong>Δ).</strong></span> <span class='ocrx_word' id='word_1_240' title='bbox 1884 1833 1942 1888; x_wconf 89' lang='lat' dir='ltr'><strong>Si</strong></span> <span class='ocrx_word' id='word_1_241' title='bbox 1965 1834 2176 1889; x_wconf 77' lang='lat' dir='ltr'><strong>divitias</strong></span> <span class='ocrx_word' id='word_1_242' title='bbox 2206 1838 2251 1903; x_wconf 69' lang='grc' dir='ltr'><strong>Β</strong></span> <span class='ocrx_word' id='word_1_243' title='bbox 2279 1846 2406 1892; x_wconf 65' lang='lat' dir='ltr'><strong>sirm</strong></span> <span class='ocrx_word' id='word_1_244' title='bbox 2422 1838 2797 1908; x_wconf 84' lang='lat' dir='ltr'><strong>possibilitatis</strong></span> <span class='ocrx_word' id='word_1_245' title='bbox 2817 1838 3106 1908; x_wconf 77' lang='lat' dir='ltr'><strong>aspexerit,</strong></span> <span class='ocrx_word' id='word_1_246' title='bbox 3126 1838 3212 1892; x_wconf 85' lang='lat' dir='ltr'><strong>vel</strong></span> <span class='ocrx_word' id='word_1_247' title='bbox 3243 1837 3310 1893; x_wconf 86' lang='lat' dir='ltr'><strong>ad</strong></span> <span class='ocrx_word' id='word_1_248' title='bbox 3330 1852 3638 1892; x_wconf 87' lang='lat' dir='ltr'><strong>mensuram</strong></span> <span class='ocrx_word' id='word_1_249' title='bbox 3667 1849 3690 1876; x_wconf 67' lang='grc' dir='ltr'>ε</span> <span class='ocrx_word' id='word_1_250' title='bbox 3714 1852 3875 1907; x_wconf 79' lang='lat' dir='ltr'><strong>super</strong></span> 
     </span>
    </p>
   </div>
   <div class='ocr_carea' id='block_1_31' title="bbox 587 1922 2174 1998">
    <p class='ocr_par' dir='ltr' id='par_1_31' title="bbox 587 1922 2174 1998">
     <span class='ocr_line' id='line_1_31' title="bbox 587 1922 2174 1998; baseline -0.001 -15"><span class='ocrx_word' id='word_1_251' title='bbox 587 1944 756 1996; x_wconf 73' lang='lat' dir='ltr'><strong>amas,</strong></span> <span class='ocrx_word' id='word_1_252' title='bbox 784 1922 919 1998; x_wconf 84' lang='lat' dir='ltr'><strong>opes</strong></span> <span class='ocrx_word' id='word_1_253' title='bbox 948 1927 1044 1981; x_wconf 87' lang='lat' dir='ltr'><strong>tibi</strong></span> <span class='ocrx_word' id='word_1_254' title='bbox 1072 1932 1267 1996; x_wconf 78' lang='lat' dir='ltr'><strong>praesto</strong></span> <span class='ocrx_word' id='word_1_255' title='bbox 1298 1934 1425 1980; x_wconf 88' lang='lat' dir='ltr'><strong>sunt</strong></span> <span class='ocrx_word' id='word_1_256' title='bbox 1462 1926 1787 1995; x_wconf 84' lang='lat' dir='ltr'><strong>spirituales,</strong></span> <span class='ocrx_word' id='word_1_257' title='bbox 1817 1926 1869 1981; x_wconf 90' lang='lat' dir='ltr'><strong>id</strong></span> <span class='ocrx_word' id='word_1_258' title='bbox 1898 1936 2001 1994; x_wconf 89' lang='lat' dir='ltr'><strong>est,</strong></span> <span class='ocrx_word' id='word_1_259' title='bbox 2023 1928 2174 1997; x_wconf 82' lang='lat' dir='ltr'><strong>judi-</strong></span> 
     </span>
    </p>
   </div>
   <div class='ocr_carea' id='block_1_32' title="bbox 585 2019 2175 2090">
    <p class='ocr_par' dir='ltr' id='par_1_32' title="bbox 585 2019 2175 2090">
     <span class='ocr_line' id='line_1_32' title="bbox 585 2019 2175 2090; baseline -0.001 -14"><span class='ocrx_word' id='word_1_260' title='bbox 585 2023 666 2077; x_wconf 84' lang='lat' dir='ltr'><strong>cia</strong></span> <span class='ocrx_word' id='word_1_261' title='bbox 706 2020 804 2075; x_wconf 71' lang='lat' dir='ltr'><strong>Dei</strong></span> <span class='ocrx_word' id='word_1_262' title='bbox 848 2026 986 2087; x_wconf 73' lang='lat' dir='ltr'><strong>uera,</strong></span> <span class='ocrx_word' id='word_1_263' title='bbox 1029 2019 1321 2090; x_wconf 78' lang='lat' dir='ltr'><strong>justiﬁcala</strong></span> <span class='ocrx_word' id='word_1_264' title='bbox 1364 2019 1420 2072; x_wconf 81' lang='lat' dir='ltr'><strong>in</strong></span> <span class='ocrx_word' id='word_1_265' title='bbox 1444 2021 1759 2089; x_wconf 81' lang='lat' dir='ltr'><strong>‘semetipsa,</strong></span> <span class='ocrx_word' id='word_1_266' title='bbox 1806 2019 2175 2076; x_wconf 78' lang='lat' dir='ltr'><strong>desiderabilia</strong></span> 
     </span>
    </p>
   </div>
   <div class='ocr_carea' id='block_1_33' title="bbox 585 2109 2173 2184">
    <p class='ocr_par' dir='ltr' id='par_1_33' title="bbox 585 2109 2173 2184">
     <span class='ocr_line' id='line_1_33' title="bbox 585 2109 2173 2184; baseline -0.001 -15"><span class='ocrx_word' id='word_1_267' title='bbox 585 2126 740 2184; x_wconf 82' lang='lat' dir='ltr'><strong>super</strong></span> <span class='ocrx_word' id='word_1_268' title='bbox 762 2128 945 2167; x_wconf 84' lang='lat' dir='ltr'><strong>aurum</strong></span> <span class='ocrx_word' id='word_1_269' title='bbox 970 2121 1020 2166; x_wconf 81' lang='lat' dir='ltr'><strong>et</strong></span> <span class='ocrx_word' id='word_1_270' title='bbox 1043 2110 1268 2181; x_wconf 82' lang='lat' dir='ltr'><strong>lapidem</strong></span> <span class='ocrx_word' id='word_1_271' title='bbox 1295 2112 1578 2181; x_wconf 77' lang='lat' dir='ltr'><strong>pretiosum</strong></span> <span class='ocrx_word' id='word_1_272' title='bbox 1599 2109 1771 2181; x_wconf 89' lang='lat' dir='ltr'><strong>(Psal.</strong></span> <span class='ocrx_word' id='word_1_273' title='bbox 1800 2126 1944 2175; x_wconf 73' lang='lat' dir='ltr'><strong>svnt,</strong></span> <span class='ocrx_word' id='word_1_274' title='bbox 1978 2111 2086 2181; x_wconf 83' lang='lat' dir='ltr'><strong>i0).</strong></span> <span class='ocrx_word' id='word_1_275' title='bbox 2116 2112 2173 2167; x_wconf 91' lang='lat' dir='ltr'><strong>Si</strong></span> 
     </span>
    </p>
   </div>
   <div class='ocr_carea' id='block_1_34' title="bbox 585 2203 2174 2275">
    <p class='ocr_par' dir='ltr' id='par_1_34' title="bbox 585 2203 2174 2275">
     <span class='ocr_line' id='line_1_34' title="bbox 585 2203 2174 2275; baseline -0.003 -13"><span class='ocrx_word' id='word_1_276' title='bbox 585 2208 722 2263; x_wconf 81' lang='lat' dir='ltr'><strong>edax</strong></span> <span class='ocrx_word' id='word_1_277' title='bbox 748 2210 803 2261; x_wconf 90' lang='lat' dir='ltr'><strong>et</strong></span> <span class='ocrx_word' id='word_1_278' title='bbox 824 2206 1042 2275; x_wconf 78' lang='lat' dir='ltr'><strong>gulosus</strong></span> <span class='ocrx_word' id='word_1_279' title='bbox 1060 2218 1138 2267; x_wconf 88' lang='lat' dir='ltr'><strong>es,</strong></span> <span class='ocrx_word' id='word_1_280' title='bbox 1163 2203 1330 2258; x_wconf 85' lang='lat' dir='ltr'><strong>babes</strong></span> <span class='ocrx_word' id='word_1_281' title='bbox 1351 2203 1515 2258; x_wconf 84' lang='lat' dir='ltr'><strong>verba</strong></span> <span class='ocrx_word' id='word_1_282' title='bbox 1536 2203 1746 2258; x_wconf 84' lang='lat' dir='ltr'><strong>Domini</strong></span> <span class='ocrx_word' id='word_1_283' title='bbox 1768 2203 2001 2258; x_wconf 79' lang='lat' dir='ltr'><strong>dulciora</strong></span> <span class='ocrx_word' id='word_1_284' title='bbox 2021 2220 2174 2275; x_wconf 79' lang='lat' dir='ltr'><strong>super</strong></span> 
     </span>
    </p>
   </div>
   <div class='ocr_carea' id='block_1_35' title="bbox 585 2292 2170 2372">
    <p class='ocr_par' dir='ltr' id='par_1_35' title="bbox 585 2292 2170 2372">
     <span class='ocr_line' id='line_1_35' title="bbox 585 2292 2170 2372; baseline 0 -17"><span class='ocrx_word' id='word_1_285' title='bbox 585 2300 686 2355; x_wconf 88' lang='lat' dir='ltr'><strong>mel</strong></span> <span class='ocrx_word' id='word_1_286' title='bbox 712 2309 761 2354; x_wconf 83' lang='lat' dir='ltr'><strong>et</strong></span> <span class='ocrx_word' id='word_1_287' title='bbox 789 2301 959 2372; x_wconf 78' lang='lat' dir='ltr'><strong>{avum</strong></span> <span class='ocrx_word' id='word_1_288' title='bbox 981 2292 1190 2372; x_wconf 82' lang='lat' dir='ltr'><strong>(Ibid.).</strong></span> <span class='ocrx_word' id='word_1_289' title='bbox 1219 2297 1369 2352; x_wconf 81' lang='lat' dir='ltr'><strong>Nunc</strong></span> <span class='ocrx_word' id='word_1_290' title='bbox 1393 2297 1443 2353; x_wconf 87' lang='lat' dir='ltr'><strong>si</strong></span> <span class='ocrx_word' id='word_1_291' title='bbox 1467 2297 1719 2353; x_wconf 88' lang='lat' dir='ltr'><strong>dimisero</strong></span> <span class='ocrx_word' id='word_1_292' title='bbox 1742 2312 1841 2353; x_wconf 88' lang='lat' dir='ltr'><strong>vos</strong></span> <span class='ocrx_word' id='word_1_293' title='bbox 1863 2304 2170 2369; x_wconf 65' lang='lat' dir='ltr'><strong>citatumque</strong></span> 
     </span>
    </p>
   </div>
   <div class='ocr_carea' id='block_1_36' title="bbox 585 2391 2171 2463">
    <p class='ocr_par' dir='ltr' id='par_1_36' title="bbox 585 2391 2171 2463">
     <span class='ocr_line' id='line_1_36' title="bbox 585 2391 2171 2463; baseline -0.001 -14"><span class='ocrx_word' id='word_1_294' title='bbox 585 2393 903 2460; x_wconf 79' lang='lat' dir='ltr'><strong>dissolvere,</strong></span> <span class='ocrx_word' id='word_1_295' title='bbox 934 2392 1024 2446; x_wconf 87' lang='lat' dir='ltr'><strong>alii</strong></span> <span class='ocrx_word' id='word_1_296' title='bbox 1055 2407 1178 2446; x_wconf 83' lang='lat' dir='ltr'><strong>mox</strong></span> <span class='ocrx_word' id='word_1_297' title='bbox 1205 2398 1441 2446; x_wconf 89' lang='lat' dir='ltr'><strong>vestrum</strong></span> <span class='ocrx_word' id='word_1_298' title='bbox 1470 2400 1694 2446; x_wconf 89' lang='lat' dir='ltr'><strong>currunt</strong></span> <span class='ocrx_word' id='word_1_299' title='bbox 1721 2400 2075 2463; x_wconf 88' lang='lat' dir='ltr'><strong>properanter</strong></span> <span class='ocrx_word' id='word_1_300' title='bbox 2103 2391 2171 2447; x_wconf 86' lang='lat' dir='ltr'><strong>ad</strong></span> 
     </span>
    </p>
   </div>
   <div class='ocr_carea' id='block_1_37' title="bbox 585 2472 2173 2553">
    <p class='ocr_par' dir='ltr' id='par_1_37' title="bbox 585 2472 2173 2553">
     <span class='ocr_line' id='line_1_37' title="bbox 585 2472 2173 2553; baseline -0.002 -13"><span class='ocrx_word' id='word_1_301' title='bbox 585 2486 778 2552; x_wconf 88' lang='lat' dir='ltr'><strong>aleam,</strong></span> <span class='ocrx_word' id='word_1_302' title='bbox 812 2484 865 2539; x_wconf 86' lang='lat' dir='ltr'><strong>in</strong></span> <span class='ocrx_word' id='word_1_303' title='bbox 893 2498 999 2553; x_wconf 88' lang='lat' dir='ltr'><strong>qua</strong></span> <span class='ocrx_word' id='word_1_304' title='bbox 1022 2481 1223 2553; x_wconf 77' lang='lat' dir='ltr'><strong>iuratio</strong></span> <span class='ocrx_word' id='word_1_305' title='bbox 1252 2488 1307 2537; x_wconf 89' lang='lat' dir='ltr'><strong>et</strong></span> <span class='ocrx_word' id='word_1_306' title='bbox 1339 2483 1617 2538; x_wconf 87' lang='lat' dir='ltr'><strong>contentio</strong></span> <span class='ocrx_word' id='word_1_307' title='bbox 1658 2472 1966 2549; x_wconf 81' lang='lat' dir='ltr'><strong>vehemens,</strong></span> <span class='ocrx_word' id='word_1_308' title='bbox 1997 2491 2053 2537; x_wconf 87' lang='lat' dir='ltr'><strong>et</strong></span> <span class='ocrx_word' id='word_1_309' title='bbox 2089 2483 2173 2537; x_wconf 89' lang='lat' dir='ltr'><strong>lu-</strong></span> 
     </span>
    </p>
   </div>
   <div class='ocr_carea' id='block_1_38' title="bbox 584 2568 2169 2645">
    <p class='ocr_par' dir='ltr' id='par_1_38' title="bbox 584 2568 2169 2645">
     <span class='ocr_line' id='line_1_38' title="bbox 584 2568 2169 2645; baseline -0.003 -13"><span class='ocrx_word' id='word_1_310' title='bbox 584 2575 767 2633; x_wconf 88' lang='lat' dir='ltr'><strong>crandi</strong></span> <span class='ocrx_word' id='word_1_311' title='bbox 796 2572 1059 2645; x_wconf 88' lang='lat' dir='ltr'><strong>cupiditas</strong></span> <span class='ocrx_word' id='word_1_312' title='bbox 1085 2568 1329 2640; x_wconf 86' lang='lat' dir='ltr'><strong>habetur,</strong></span> <span class='ocrx_word' id='word_1_313' title='bbox 1363 2578 1610 2643; x_wconf 82' lang='lat' dir='ltr'><strong>astatqu</strong></span> <span class='ocrx_word' id='word_1_314' title='bbox 1646 2573 1854 2628; x_wconf 64' lang='lat' dir='ltr'><strong>daemon</strong></span> <span class='ocrx_word' id='word_1_315' title='bbox 1882 2575 2169 2639; x_wconf 84' lang='lat' dir='ltr'><strong>obscenus,</strong></span> 
     </span>
    </p>
   </div>
   <div class='ocr_carea' id='block_1_39' title="bbox 657 2728 2167 2804">
    <p class='ocr_par' dir='ltr' id='par_1_39' title="bbox 657 2728 2167 2804">
     <span class='ocr_line' id='line_1_39' title="bbox 657 2728 2167 2804; baseline -0.004 -15"><span class='ocrx_word' id='word_1_316' title='bbox 657 2744 683 2773; x_wconf 77' lang='grc' dir='ltr'>ι</span> <span class='ocrx_word' id='word_1_317' title='bbox 722 2732 887 2800; x_wconf 81' lang='lat' dir='ltr'><strong>Editi,</strong></span> <span class='ocrx_word' id='word_1_318' title='bbox 934 2732 1223 2804; x_wconf 60' lang='lat' dir='ltr'><strong>perlapsus.</strong></span> <span class='ocrx_word' id='word_1_319' title='bbox 1276 2729 1423 2804; x_wconf 81' lang='lat' dir='ltr'><strong>Libri</strong></span> <span class='ocrx_word' id='word_1_320' title='bbox 1451 2736 1690 2804; x_wconf 76' lang='lat' dir='ltr'><strong>veteres,</strong></span> <span class='ocrx_word' id='word_1_321' title='bbox 1715 2728 2167 2804; x_wconf 66' lang='lat' dir='ltr'><strong>prglapsus._N_cc</strong></span> 
     </span>
    </p>
   </div>
   <div class='ocr_carea' id='block_1_40' title="bbox 584 2794 2162 2874">
    <p class='ocr_par' dir='ltr' id='par_1_40' title="bbox 584 2794 2162 2874">
     <span class='ocr_line' id='line_1_40' title="bbox 584 2794 2162 2874; baseline -0.006 -15"><span class='ocrx_word' id='word_1_322' title='bbox 584 2807 657 2867; x_wconf 82' lang='lat' dir='ltr'><strong>ita</strong></span> <span class='ocrx_word' id='word_1_323' title='bbox 689 2804 854 2858; x_wconf 86' lang='lat' dir='ltr'><strong>multo</strong></span> <span class='ocrx_word' id='word_1_324' title='bbox 875 2794 1006 2874; x_wconf 76' lang='lat' dir='ltr'><strong>post</strong></span> <span class='ocrx_word' id='word_1_325' title='bbox 1032 2794 1185 2874; x_wconf 74' lang='lat' dir='ltr'><strong>Colb.</strong></span> <span class='ocrx_word' id='word_1_326' title='bbox 1218 2794 1991 2874; x_wconf 40' lang='lat' dir='ltr'><strong>secundusLjudiciaDomini.</strong></span> <span class='ocrx_word' id='word_1_327' title='bbox 2020 2796 2162 2874; x_wconf 78' lang='lat' dir='ltr'><strong>Sub-</strong></span> 
     </span>
    </p>
   </div>
   <div class='ocr_carea' id='block_1_41' title="bbox 584 2867 2168 3001">
    <p class='ocr_par' dir='ltr' id='par_1_41' title="bbox 584 2867 2168 3001">
     <span class='ocr_line' id='line_1_41' title="bbox 584 2867 2168 3001; baseline -0.005 -72"><span class='ocrx_word' id='word_1_328' title='bbox 584 2867 899 3001; x_wconf 46' lang='lat' dir='ltr'><strong>i‘ndebmtssf</strong></span> <span class='ocrx_word' id='word_1_329' title='bbox 920 2872 1110 2938; x_wconf 86' lang='lat' dir='ltr'><strong>nostri,</strong></span> <span class='ocrx_word' id='word_1_330' title='bbox 1144 2874 1355 2944; x_wconf 82' lang='lat' dir='ltr'><strong>gulosus</strong></span> <span class='ocrx_word' id='word_1_331' title='bbox 1382 2867 1623 2926; x_wconf 82' lang='lat' dir='ltr'><strong>es.&#39;lllud</strong></span> <span class='ocrx_word' id='word_1_332' title='bbox 1651 2885 1705 2924; x_wconf 85' lang='lat' dir='ltr'><strong>es</strong></span> <span class='ocrx_word' id='word_1_333' title='bbox 1736 2870 1789 2923; x_wconf 91' lang='lat' dir='ltr'><strong>in</strong></span> <span class='ocrx_word' id='word_1_334' title='bbox 1818 2867 1977 2924; x_wconf 82' lang='lat' dir='ltr'><strong>editis</strong></span> <span class='ocrx_word' id='word_1_335' title='bbox 2024 2868 2168 2923; x_wconf 81' lang='lat' dir='ltr'><strong>desi-</strong></span> 
     </span>
     <span class='ocr_line' id='line_1_42' title="bbox 620 2958 890 3000; baseline -0.007 -1"><span class='ocrx_word' id='word_1_336' title='bbox 620 2961 709 3000; x_wconf 87' lang='lat' dir='ltr'><strong>cra</strong></span> <span class='ocrx_word' id='word_1_337' title='bbox 755 2958 779 2997; x_wconf 81' lang='lat' dir='ltr'><strong>a</strong></span> <span class='ocrx_word' id='word_1_338' title='bbox 810 2960 890 2997; x_wconf 91' lang='lat' dir='ltr'><strong>ur.</strong></span> 
     </span>
    </p>
   </div>
   <div class='ocr_carea' id='block_1_42' title="bbox 620 2945 890 3000">
    <p class='ocr_par' dir='ltr' id='par_1_42' title="bbox 620 2945 890 3000">
     <span class='ocr_line' id='line_1_43' title="bbox 620 2945 890 3000; baseline -0.007 -1"><span class='ocrx_word' id='word_1_339' title='bbox 620 2945 890 3000; x_wconf 82' lang='lat' dir='ltr'><strong>crabatur.</strong></span> 
     </span>
    </p>
   </div>
   <div class='ocr_carea' id='block_1_43' title="bbox 657 3007 2171 3082">
    <p class='ocr_par' dir='ltr' id='par_1_43' title="bbox 657 3007 2171 3082">
     <span class='ocr_line' id='line_1_44' title="bbox 657 3007 2171 3082; baseline -0.003 -15"><span class='ocrx_word' id='word_1_340' title='bbox 657 3016 681 3052; x_wconf 67' lang='grc' dir='ltr'>δ</span> <span class='ocrx_word' id='word_1_341' title='bbox 713 3014 874 3080; x_wconf 79' lang='lat' dir='ltr'><strong>Editi,</strong></span> <span class='ocrx_word' id='word_1_342' title='bbox 907 3012 1324 3069; x_wconf 73' lang='lat' dir='ltr'><strong>commemoratio</strong></span> <span class='ocrx_word' id='word_1_343' title='bbox 1350 3012 1462 3067; x_wconf 85' lang='lat' dir='ltr'><strong>loco</strong></span> <span class='ocrx_word' id='word_1_344' title='bbox 1491 3010 1902 3082; x_wconf 58' lang='lat' dir='ltr'><strong>huiusmodi&quot;...</strong></span> <span class='ocrx_word' id='word_1_345' title='bbox 1935 3007 2171 3063; x_wconf 81' lang='lat' dir='ltr'><strong>Ecclesia</strong></span> 
     </span>
    </p>
   </div>
   <div class='ocr_carea' id='block_1_44' title="bbox 570 3076 2172 3153">
    <p class='ocr_par' dir='ltr' id='par_1_44' title="bbox 570 3076 2172 3153">
     <span class='ocr_line' id='line_1_45' title="bbox 570 3076 2172 3153; baseline -0.002 -18"><span class='ocrx_word' id='word_1_346' title='bbox 570 3085 700 3139; x_wconf 86' lang='lat' dir='ltr'><strong>.Dei.</strong></span> <span class='ocrx_word' id='word_1_347' title='bbox 734 3076 887 3137; x_wconf 87' lang='lat' dir='ltr'><strong>Colb.</strong></span> <span class='ocrx_word' id='word_1_348' title='bbox 937 3094 1164 3153; x_wconf 85' lang='lat' dir='ltr'><strong>uterque</strong></span> <span class='ocrx_word' id='word_1_349' title='bbox 1195 3090 1252 3137; x_wconf 88' lang='lat' dir='ltr'><strong>ut</strong></span> <span class='ocrx_word' id='word_1_350' title='bbox 1292 3083 1345 3136; x_wconf 89' lang='lat' dir='ltr'><strong>in</strong></span> <span class='ocrx_word' id='word_1_351' title='bbox 1386 3076 1662 3138; x_wconf 66' lang='lat' dir='ltr'><strong>conteitu.</strong></span> <span class='ocrx_word' id='word_1_352' title='bbox 1713 3076 2004 3153; x_wconf 75' lang='lat' dir='ltr'><strong>Aliquanto</strong></span> <span class='ocrx_word' id='word_1_353' title='bbox 2048 3088 2172 3150; x_wconf 86' lang='lat' dir='ltr'><strong>post</strong></span> 
     </span>
    </p>
   </div>
   <div class='ocr_carea' id='block_1_45' title="bbox 584 3148 2096 3223">
    <p class='ocr_par' dir='ltr' id='par_1_45' title="bbox 584 3148 2096 3223">
     <span class='ocr_line' id='line_1_46' title="bbox 584 3148 2096 3223; baseline -0.003 -16"><span class='ocrx_word' id='word_1_354' title='bbox 584 3154 753 3223; x_wconf 47' lang='lat' dir='ltr'><strong>Coll);</strong></span> <span class='ocrx_word' id='word_1_355' title='bbox 769 3152 1063 3223; x_wconf 71' lang='lat' dir='ltr'><strong>secundus,</strong></span> <span class='ocrx_word' id='word_1_356' title='bbox 1078 3148 1156 3205; x_wconf 69' lang='lat' dir='ltr'><strong>ad</strong></span> <span class='ocrx_word' id='word_1_357' title='bbox 1179 3154 1451 3223; x_wconf 81' lang='lat' dir='ltr'><strong>parvitatis</strong></span> <span class='ocrx_word' id='word_1_358' title='bbox 1485 3161 1679 3223; x_wconf 60' lang='lat' dir='ltr'><strong>nostris</strong></span> <span class='ocrx_word' id='word_1_359' title='bbox 1702 3148 2096 3223; x_wconf 72' lang='lat' dir='ltr'><strong>possibilitates.</strong></span> 
     </span>
    </p>
   </div>
   <div class='ocr_carea' id='block_1_46' title="bbox 661 3206 2252 3291">
    <p class='ocr_par' dir='ltr' id='par_1_46' title="bbox 661 3206 2252 3291">
     <span class='ocr_line' id='line_1_47' title="bbox 661 3206 2252 3291; baseline 0.003 -18"><span class='ocrx_word' id='word_1_360' title='bbox 661 3234 682 3261; x_wconf 75' lang='grc' dir='ltr'>ε</span> <span class='ocrx_word' id='word_1_361' title='bbox 716 3206 858 3274; x_wconf 73' lang='lat' dir='ltr'><strong>Editi</strong></span> <span class='ocrx_word' id='word_1_362' title='bbox 879 3229 932 3274; x_wconf 88' lang='lat' dir='ltr'><strong>et</strong></span> <span class='ocrx_word' id='word_1_363' title='bbox 953 3206 1107 3275; x_wconf 76' lang='lat' dir='ltr'><strong>Coll).</strong></span> <span class='ocrx_word' id='word_1_364' title='bbox 1137 3206 1364 3291; x_wconf 63' lang='lat' dir='ltr'><strong>pi‘imus,</strong></span> <span class='ocrx_word' id='word_1_365' title='bbox 1391 3238 1548 3290; x_wconf 83' lang='lat' dir='ltr'><strong>super</strong></span> <span class='ocrx_word' id='word_1_366' title='bbox 1570 3206 1712 3276; x_wconf 48' lang='lat' dir='ltr'><strong>leva.</strong></span> <span class='ocrx_word' id='word_1_367' title='bbox 1727 3217 1983 3291; x_wconf 81' lang='lat' dir='ltr'><strong>capienda</strong></span> <span class='ocrx_word' id='word_1_368' title='bbox 2010 3239 2024 3273; x_wconf 86' lang='lat'>:</span> <span class='ocrx_word' id='word_1_369' title='bbox 2048 3234 2178 3288; x_wconf 86' lang='lat' dir='ltr'><strong>quo-</strong></span> <span class='ocrx_word' id='word_1_370' title='bbox 2204 3210 2252 3277; x_wconf 82' lang='lat' dir='ltr'><strong>C</strong></span> 
     </span>
    </p>
   </div>
   <div class='ocr_carea' id='block_1_47' title="bbox 2279 1928 3877 2001">
    <p class='ocr_par' dir='ltr' id='par_1_47' title="bbox 2279 1928 3877 2001">
     <span class='ocr_line' id='line_1_48' title="bbox 2279 1928 3877 2001; baseline 0.001 -16"><span class='ocrx_word' id='word_1_371' title='bbox 2279 1931 2465 1985; x_wconf 72' lang='lat' dir='ltr'><strong>iustitia</strong></span> <span class='ocrx_word' id='word_1_372' title='bbox 2493 1930 2755 2000; x_wconf 86' lang='lat' dir='ltr'><strong>capienda</strong></span> <span class='ocrx_word' id='word_1_373' title='bbox 2779 1929 3144 2001; x_wconf 71' lang='lat' dir='ltr'><strong>praesentium.</strong></span> <span class='ocrx_word' id='word_1_374' title='bbox 3175 1928 3259 1983; x_wconf 90' lang='lat' dir='ltr'><strong>Sit</strong></span> <span class='ocrx_word' id='word_1_375' title='bbox 3289 1928 3473 2000; x_wconf 89' lang='lat' dir='ltr'><strong>itaque</strong></span> <span class='ocrx_word' id='word_1_376' title='bbox 3499 1930 3764 1983; x_wconf 84' lang='lat' dir='ltr'><strong>terminus</strong></span> <span class='ocrx_word' id='word_1_377' title='bbox 3792 1929 3877 1987; x_wconf 70' lang='lat' dir='ltr'><strong>hic</strong></span> 
     </span>
    </p>
   </div>
   <div class='ocr_carea' id='block_1_48' title="bbox 2279 2020 3878 2089">
    <p class='ocr_par' dir='ltr' id='par_1_48' title="bbox 2279 2020 3878 2089">
     <span class='ocr_line' id='line_1_49' title="bbox 2279 2020 3878 2089; baseline 0 -12"><span class='ocrx_word' id='word_1_378' title='bbox 2279 2023 2527 2077; x_wconf 89' lang='lat' dir='ltr'><strong>matutini</strong></span> <span class='ocrx_word' id='word_1_379' title='bbox 2568 2023 2817 2087; x_wconf 84' lang='lat' dir='ltr'><strong>convivii,</strong></span> <span class='ocrx_word' id='word_1_380' title='bbox 2856 2036 2924 2076; x_wconf 91' lang='lat' dir='ltr'><strong>ne</strong></span> <span class='ocrx_word' id='word_1_381' title='bbox 2969 2022 3109 2075; x_wconf 88' lang='lat' dir='ltr'><strong>ultra</strong></span> <span class='ocrx_word' id='word_1_382' title='bbox 3141 2020 3362 2076; x_wconf 89' lang='lat' dir='ltr'><strong>modum</strong></span> <span class='ocrx_word' id='word_1_383' title='bbox 3406 2020 3612 2089; x_wconf 72' lang='lat' dir='ltr'><strong>ingesta</strong></span> <span class='ocrx_word' id='word_1_384' title='bbox 3651 2021 3878 2077; x_wconf 78' lang='lat' dir='ltr'><strong>satietas</strong></span> 
     </span>
    </p>
   </div>
   <div class='ocr_carea' id='block_1_49' title="bbox 2277 2109 3879 2182">
    <p class='ocr_par' dir='ltr' id='par_1_49' title="bbox 2277 2109 3879 2182">
     <span class='ocr_line' id='line_1_50' title="bbox 2277 2109 3879 2182; baseline -0.002 -14"><span class='ocrx_word' id='word_1_385' title='bbox 2277 2114 2549 2169; x_wconf 73' lang='lat' dir='ltr'><strong>fastidium</strong></span> <span class='ocrx_word' id='word_1_386' title='bbox 2580 2113 2895 2182; x_wconf 70' lang='lat' dir='ltr'><strong>vespertinae</strong></span> <span class='ocrx_word' id='word_1_387' title='bbox 2933 2113 3089 2167; x_wconf 88' lang='lat' dir='ltr'><strong>vobis</strong></span> <span class='ocrx_word' id='word_1_388' title='bbox 3122 2111 3450 2181; x_wconf 84' lang='lat' dir='ltr'><strong>epulationis</strong></span> <span class='ocrx_word' id='word_1_389' title='bbox 3494 2110 3721 2180; x_wconf 87' lang='lat' dir='ltr'><strong>injiciat.</strong></span> <span class='ocrx_word' id='word_1_390' title='bbox 3764 2109 3879 2165; x_wconf 74' lang='lat' dir='ltr'><strong>Do-</strong></span> 
     </span>
    </p>
   </div>
   <div class='ocr_carea' id='block_1_50' title="bbox 2277 2193 3881 2274">
    <p class='ocr_par' dir='ltr' id='par_1_50' title="bbox 2277 2193 3881 2274">
     <span class='ocr_line' id='line_1_51' title="bbox 2277 2193 3881 2274; baseline -0.001 -14"><span class='ocrx_word' id='word_1_391' title='bbox 2277 2207 2457 2261; x_wconf 88' lang='lat' dir='ltr'><strong>minus</strong></span> <span class='ocrx_word' id='word_1_392' title='bbox 2485 2221 2636 2269; x_wconf 84' lang='lat' dir='ltr'><strong>sane,</strong></span> <span class='ocrx_word' id='word_1_393' title='bbox 2668 2206 2761 2273; x_wconf 83' lang='lat' dir='ltr'><strong>qui</strong></span> <span class='ocrx_word' id='word_1_394' title='bbox 2789 2193 3049 2259; x_wconf 65' lang='lat' dir='ltr'><strong>creaturas</strong></span> <span class='ocrx_word' id='word_1_395' title='bbox 3077 2220 3188 2259; x_wconf 71' lang='lat' dir='ltr'><strong>sua:</strong></span> <span class='ocrx_word' id='word_1_396' title='bbox 3214 2204 3388 2274; x_wconf 85' lang='lat' dir='ltr'><strong>copiis</strong></span> <span class='ocrx_word' id='word_1_397' title='bbox 3413 2211 3607 2259; x_wconf 83' lang='lat' dir='ltr'><strong>cuncta</strong></span> <span class='ocrx_word' id='word_1_398' title='bbox 3638 2202 3881 2273; x_wconf 85' lang='lat' dir='ltr'><strong>comple-</strong></span> 
     </span>
    </p>
   </div>
   <div class='ocr_carea' id='block_1_51' title="bbox 2280 2290 3879 2365">
    <p class='ocr_par' dir='ltr' id='par_1_51' title="bbox 2280 2290 3879 2365">
     <span class='ocr_line' id='line_1_52' title="bbox 2280 2290 3879 2365; baseline 0 -14"><span class='ocrx_word' id='word_1_399' title='bbox 2280 2298 2376 2362; x_wconf 84' lang='lat' dir='ltr'><strong>vit,</strong></span> <span class='ocrx_word' id='word_1_400' title='bbox 2401 2305 2456 2352; x_wconf 89' lang='lat' dir='ltr'><strong>et</strong></span> <span class='ocrx_word' id='word_1_401' title='bbox 2473 2297 2565 2365; x_wconf 88' lang='lat' dir='ltr'><strong>qui</strong></span> <span class='ocrx_word' id='word_1_402' title='bbox 2590 2296 2645 2349; x_wconf 89' lang='lat' dir='ltr'><strong>in</strong></span> <span class='ocrx_word' id='word_1_403' title='bbox 2671 2296 2834 2350; x_wconf 86' lang='lat' dir='ltr'><strong>rebus</strong></span> <span class='ocrx_word' id='word_1_404' title='bbox 2855 2295 3107 2351; x_wconf 83' lang='lat' dir='ltr'><strong>omnibus</strong></span> <span class='ocrx_word' id='word_1_405' title='bbox 3129 2290 3454 2350; x_wconf 86' lang='lat' dir='ltr'><strong>mirabilium</strong></span> <span class='ocrx_word' id='word_1_406' title='bbox 3474 2310 3701 2350; x_wconf 87' lang='lat' dir='ltr'><strong>suorum</strong></span> <span class='ocrx_word' id='word_1_407' title='bbox 3722 2294 3879 2351; x_wconf 86' lang='lat' dir='ltr'><strong>nobis</strong></span> 
     </span>
    </p>
   </div>
   <div class='ocr_carea' id='block_1_52' title="bbox 2279 2386 3881 2456">
    <p class='ocr_par' dir='ltr' id='par_1_52' title="bbox 2279 2386 3881 2456">
     <span class='ocr_line' id='line_1_53' title="bbox 2279 2386 3881 2456; baseline -0.002 -12"><span class='ocrx_word' id='word_1_408' title='bbox 2279 2388 2305 2426; x_wconf 74' lang='grc' dir='ltr'><em>ὸ</em></span> <span class='ocrx_word' id='word_1_409' title='bbox 2327 2396 2528 2443; x_wconf 75' lang='lat' dir='ltr'><strong>mterna</strong></span> <span class='ocrx_word' id='word_1_410' title='bbox 2551 2387 2884 2441; x_wconf 88' lang='lat' dir='ltr'><strong>monimenta</strong></span> <span class='ocrx_word' id='word_1_411' title='bbox 2910 2386 3156 2456; x_wconf 78' lang='lat' dir='ltr'><strong>praebuit,</strong></span> <span class='ocrx_word' id='word_1_412' title='bbox 3179 2386 3416 2443; x_wconf 89' lang='lat' dir='ltr'><strong>cumulet</strong></span> <span class='ocrx_word' id='word_1_413' title='bbox 3436 2394 3648 2441; x_wconf 86' lang='lat' dir='ltr'><strong>mentes</strong></span> <span class='ocrx_word' id='word_1_414' title='bbox 3667 2397 3881 2441; x_wconf 81' lang='lat' dir='ltr'><strong>nostras</strong></span> 
     </span>
    </p>
   </div>
   <div class='ocr_carea' id='block_1_53' title="bbox 2276 2473 3877 2565">
    <p class='ocr_par' dir='ltr' id='par_1_53' title="bbox 2276 2473 3877 2565">
     <span class='ocr_line' id='line_1_54' title="bbox 2276 2473 3877 2565; baseline -0.002 -30"><span class='ocrx_word' id='word_1_415' title='bbox 2276 2481 2475 2565; x_wconf 72' lang='lat' dir='ltr'><strong>gaudio</strong></span> <span class='ocrx_word' id='word_1_416' title='bbox 2509 2478 2737 2548; x_wconf 87' lang='lat' dir='ltr'><strong>spiritali</strong></span> <span class='ocrx_word' id='word_1_417' title='bbox 2765 2479 2819 2532; x_wconf 92' lang='lat' dir='ltr'><strong>in</strong></span> <span class='ocrx_word' id='word_1_418' title='bbox 2845 2475 3062 2533; x_wconf 87' lang='lat' dir='ltr'><strong>Christo</strong></span> <span class='ocrx_word' id='word_1_419' title='bbox 3098 2473 3245 2543; x_wconf 77' lang='lat' dir='ltr'><strong>Iesu,</strong></span> <span class='ocrx_word' id='word_1_420' title='bbox 3277 2478 3363 2533; x_wconf 91' lang='lat' dir='ltr'><strong>cui</strong></span> <span class='ocrx_word' id='word_1_421' title='bbox 3405 2478 3575 2545; x_wconf 78' lang='lat' dir='ltr'><strong>gloria</strong></span> <span class='ocrx_word' id='word_1_422' title='bbox 3608 2486 3664 2532; x_wconf 87' lang='lat' dir='ltr'><strong>et</strong></span> <span class='ocrx_word' id='word_1_423' title='bbox 3702 2478 3877 2532; x_wconf 80' lang='lat' dir='ltr'><strong>honor</strong></span> 
     </span>
    </p>
   </div>
   <div class='ocr_carea' id='block_1_54' title="bbox 2282 2569 3742 2640">
    <p class='ocr_par' dir='ltr' id='par_1_54' title="bbox 2282 2569 3742 2640">
     <span class='ocr_line' id='line_1_55' title="bbox 2282 2569 3742 2640; baseline -0.002 -15"><span class='ocrx_word' id='word_1_424' title='bbox 2282 2587 2425 2626; x_wconf 88' lang='lat' dir='ltr'><strong>nunc</strong></span> <span class='ocrx_word' id='word_1_425' title='bbox 2453 2579 2504 2626; x_wconf 88' lang='lat' dir='ltr'><strong>et</strong></span> <span class='ocrx_word' id='word_1_426' title='bbox 2536 2584 2769 2640; x_wconf 88' lang='lat' dir='ltr'><strong>semper,</strong></span> <span class='ocrx_word' id='word_1_427' title='bbox 2794 2577 2850 2624; x_wconf 86' lang='lat' dir='ltr'><strong>et</strong></span> <span class='ocrx_word' id='word_1_428' title='bbox 2877 2570 2930 2624; x_wconf 90' lang='lat' dir='ltr'><strong>in</strong></span> <span class='ocrx_word' id='word_1_429' title='bbox 2959 2571 3154 2625; x_wconf 64' lang='lat' dir='ltr'><strong>saecula</strong></span> <span class='ocrx_word' id='word_1_430' title='bbox 3180 2569 3531 2627; x_wconf 63' lang='lat' dir='ltr'><strong>saeculorum.</strong></span> <span class='ocrx_word' id='word_1_431' title='bbox 3553 2570 3742 2623; x_wconf 83' lang='lat' dir='ltr'><strong>Amen.</strong></span> 
     </span>
    </p>
   </div>
   <div class='ocr_carea' id='block_1_55' title="bbox 2275 2720 3879 2794">
    <p class='ocr_par' dir='ltr' id='par_1_55' title="bbox 2275 2720 3879 2794">
     <span class='ocr_line' id='line_1_56' title="bbox 2275 2720 3879 2794; baseline -0.003 -14"><span class='ocrx_word' id='word_1_432' title='bbox 2275 2742 2397 2780; x_wconf 89' lang='lat' dir='ltr'><strong>rum</strong></span> <span class='ocrx_word' id='word_1_433' title='bbox 2421 2724 2713 2794; x_wconf 86' lang='lat' dir='ltr'><strong>verborum</strong></span> <span class='ocrx_word' id='word_1_434' title='bbox 2744 2740 2862 2794; x_wconf 73' lang='lat' dir='ltr'><strong>quae</strong></span> <span class='ocrx_word' id='word_1_435' title='bbox 2892 2724 3085 2778; x_wconf 84' lang='lat' dir='ltr'><strong>ido‘nea</strong></span> <span class='ocrx_word' id='word_1_436' title='bbox 3118 2722 3383 2794; x_wconf 80' lang='lat' dir='ltr'><strong>sententia</strong></span> <span class='ocrx_word' id='word_1_437' title='bbox 3415 2736 3535 2775; x_wconf 85' lang='lat' dir='ltr'><strong>esse</strong></span> <span class='ocrx_word' id='word_1_438' title='bbox 3566 2722 3747 2794; x_wconf 55' lang='lat' dir='ltr'><strong>possit,</strong></span> <span class='ocrx_word' id='word_1_439' title='bbox 3783 2720 3879 2775; x_wconf 84' lang='lat' dir='ltr'><strong>alii</strong></span> 
     </span>
    </p>
   </div>
   <div class='ocr_carea' id='block_1_56' title="bbox 2274 2789 3875 2864">
    <p class='ocr_par' dir='ltr' id='par_1_56' title="bbox 2274 2789 3875 2864">
     <span class='ocr_line' id='line_1_57' title="bbox 2274 2789 3875 2864; baseline -0.003 -15"><span class='ocrx_word' id='word_1_440' title='bbox 2274 2794 2530 2849; x_wconf 85' lang='lat' dir='ltr'><strong>viderint.</strong></span> <span class='ocrx_word' id='word_1_441' title='bbox 2563 2794 2662 2848; x_wconf 85' lang='lat' dir='ltr'><strong>Alii</strong></span> <span class='ocrx_word' id='word_1_442' title='bbox 2685 2789 2789 2849; x_wconf 78' lang='lat' dir='ltr'><strong>duo</strong></span> <span class='ocrx_word' id='word_1_443' title='bbox 2812 2810 2965 2860; x_wconf 89' lang='lat' dir='ltr'><strong>mss.,</strong></span> <span class='ocrx_word' id='word_1_444' title='bbox 2990 2811 3143 2864; x_wconf 80' lang='lat' dir='ltr'><strong>super</strong></span> <span class='ocrx_word' id='word_1_445' title='bbox 3164 2793 3346 2847; x_wconf 63' lang='lat' dir='ltr'><strong>latitia</strong></span> <span class='ocrx_word' id='word_1_446' title='bbox 3373 2789 3643 2862; x_wconf 76' lang='lat' dir='ltr'><strong>capienda.</strong></span> <span class='ocrx_word' id='word_1_447' title='bbox 3668 2789 3875 2856; x_wconf 75' lang='lat' dir='ltr'><strong>Gnrce,</strong></span> 
     </span>
    </p>
   </div>
   <div class='ocr_carea' id='block_1_57' title="bbox 2274 2870 3170 2949">
    <p class='ocr_par' dir='ltr' id='par_1_57' title="bbox 2274 2870 3170 2949">
     <span class='ocr_line' id='line_1_58' title="bbox 2274 2870 3170 2949; baseline -0.004 -29"><span class='ocrx_word' id='word_1_448' title='bbox 2274 2872 2350 2927; x_wconf 73' lang='grc' dir='ltr'><strong>εἰς·</strong></span> <span class='ocrx_word' id='word_1_449' title='bbox 2365 2870 2726 2949; x_wconf 38' lang='grc' dir='ltr'><strong>,ειξγροσνένηνκ</strong></span> <span class='ocrx_word' id='word_1_450' title='bbox 2753 2936 2784 2949; x_wconf 34' lang='grc' dir='ltr'><strong>.Δ</strong></span> <span class='ocrx_word' id='word_1_451' title='bbox 3106 2945 3114 2949; x_wconf 25' lang='grc' dir='ltr'><strong><em>Δ</em></strong></span> <span class='ocrx_word' id='word_1_452' title='bbox 3144 2870 3170 2881; x_wconf 76' lang='grc'><strong><em>⁸</em></strong></span> 
     </span>
    </p>
   </div>
   <div class='ocr_carea' id='block_1_58' title="bbox 2274 2932 3881 2991">
    <p class='ocr_par' dir='ltr' id='par_1_58' title="bbox 2274 2932 3881 2991">
     <span class='ocr_line' id='line_1_59' title="bbox 2274 2932 3881 2991; baseline -0.002 0"><span class='ocrx_word' id='word_1_453' title='bbox 2274 2983 2281 2991; x_wconf 93' lang='grc'><strong><em>.</em></strong></span> <span class='ocrx_word' id='word_1_454' title='bbox 2349 2935 2381 2975; x_wconf 66' lang='grc' dir='ltr'><strong>ιι</strong></span> <span class='ocrx_word' id='word_1_455' title='bbox 2415 2932 2594 2991; x_wconf 83' lang='lat' dir='ltr'><strong>Mirari</strong></span> <span class='ocrx_word' id='word_1_456' title='bbox 2646 2936 2793 2991; x_wconf 84' lang='lat' dir='ltr'><strong>subit</strong></span> <span class='ocrx_word' id='word_1_457' title='bbox 2828 2950 3019 2991; x_wconf 88' lang='lat' dir='ltr'><strong>vocem</strong></span> <span class='ocrx_word' id='word_1_458' title='bbox 3049 2945 3243 2990; x_wconf 64' lang='lat' dir='ltr'><strong>aeterna</strong></span> <span class='ocrx_word' id='word_1_459' title='bbox 3273 2944 3329 2989; x_wconf 91' lang='lat' dir='ltr'><strong>et</strong></span> <span class='ocrx_word' id='word_1_460' title='bbox 3357 2933 3407 2987; x_wconf 84' lang='lat' dir='ltr'><strong>in</strong></span> <span class='ocrx_word' id='word_1_461' title='bbox 3438 2932 3597 2988; x_wconf 84' lang='lat' dir='ltr'><strong>editis</strong></span> <span class='ocrx_word' id='word_1_462' title='bbox 3622 2941 3680 2985; x_wconf 73' lang='lat' dir='ltr'><strong>et</strong></span> <span class='ocrx_word' id='word_1_463' title='bbox 3704 2933 3755 2987; x_wconf 92' lang='lat' dir='ltr'><strong>in</strong></span> <span class='ocrx_word' id='word_1_464' title='bbox 3786 2949 3881 2987; x_wconf 67' lang='lat' dir='ltr'><strong>ve~</strong></span> 
     </span>
    </p>
   </div>
   <div class='ocr_carea' id='block_1_59' title="bbox 2280 3002 3879 3097">
    <p class='ocr_par' dir='ltr' id='par_1_59' title="bbox 2280 3002 3879 3097">
     <span class='ocr_line' id='line_1_60' title="bbox 2280 3002 3879 3097; baseline -0.003 -36"><span class='ocrx_word' id='word_1_465' title='bbox 2280 3007 2489 3097; x_wconf 58' lang='lat' dir='ltr'><strong>teribus</strong></span> <span class='ocrx_word' id='word_1_466' title='bbox 2517 3007 2667 3062; x_wconf 87' lang='lat' dir='ltr'><strong>libris</strong></span> <span class='ocrx_word' id='word_1_467' title='bbox 2709 3006 2966 3097; x_wconf 54' lang='lat' dir='ltr'><strong>reperiri,</strong></span> <span class='ocrx_word' id='word_1_468' title='bbox 3011 3021 3132 3061; x_wconf 89' lang='lat' dir='ltr'><strong>cum</strong></span> <span class='ocrx_word' id='word_1_469' title='bbox 3161 3006 3423 3097; x_wconf 65' lang='lat' dir='ltr'><strong>scriptum</strong></span> <span class='ocrx_word' id='word_1_470' title='bbox 3451 3004 3522 3057; x_wconf 85' lang='lat' dir='ltr'><strong>sit</strong></span> <span class='ocrx_word' id='word_1_471' title='bbox 3551 3003 3703 3097; x_wconf 56' lang='lat' dir='ltr'><strong>apud</strong></span> <span class='ocrx_word' id='word_1_472' title='bbox 3725 3002 3879 3056; x_wconf 86' lang='lat' dir='ltr'><strong>Basi-</strong></span> 
     </span>
    </p>
   </div>
   <div class='ocr_carea' id='block_1_60' title="bbox 2275 3074 3876 3155">
    <p class='ocr_par' dir='ltr' id='par_1_60' title="bbox 2275 3074 3876 3155">
     <span class='ocr_line' id='line_1_61' title="bbox 2275 3074 3876 3155; baseline -0.003 -25"><span class='ocrx_word' id='word_1_473' title='bbox 2275 3074 2428 3155; x_wconf 72' lang='lat' dir='ltr'><strong>littnt,</strong></span> <span class='ocrx_word' id='word_1_474' title='bbox 2458 3081 2638 3155; x_wconf 59' lang='grc' dir='ltr'><strong>ἐναργῆ</strong></span> <span class='ocrx_word' id='word_1_475' title='bbox 2668 3078 2729 3155; x_wconf 68' lang='grc' dir='ltr'>τᾲ</span> <span class='ocrx_word' id='word_1_476' title='bbox 2758 3074 3098 3151; x_wconf 52' lang='lat' dir='ltr'><strong>tinctu-lupata</strong></span> <span class='ocrx_word' id='word_1_477' title='bbox 3120 3074 3427 3142; x_wconf 54' lang='grc' dir='ltr'><strong>καταλιπὼν,</strong></span> <span class='ocrx_word' id='word_1_478' title='bbox 3452 3074 3736 3143; x_wconf 76' lang='lat' dir='ltr'><strong>manifesta</strong></span> <span class='ocrx_word' id='word_1_479' title='bbox 3762 3088 3876 3127; x_wconf 84' lang='lat' dir='ltr'><strong>mo-</strong></span> 
     </span>
    </p>
   </div>
   <div class='ocr_carea' id='block_1_61' title="bbox 2281 3146 2764 3219">
    <p class='ocr_par' dir='ltr' id='par_1_61' title="bbox 2281 3146 2764 3219">
     <span class='ocr_line' id='line_1_62' title="bbox 2281 3146 2764 3219; baseline 0.002 -19"><span class='ocrx_word' id='word_1_480' title='bbox 2281 3147 2515 3201; x_wconf 72' lang='lat' dir='ltr'><strong>nimenta</strong></span> <span class='ocrx_word' id='word_1_481' title='bbox 2541 3146 2764 3219; x_wconf 71' lang='lat' dir='ltr'><strong>reliquit.</strong></span> 
     </span>
    </p>
   </div>
   <div class='ocr_carea' id='block_1_62' title="bbox 1633 3442 2815 3568">
    <p class='ocr_par' dir='ltr' id='par_1_62' title="bbox 1633 3442 2815 3568">
     <span class='ocr_line' id='line_1_63' title="bbox 1633 3442 2815 3568; baseline 0.002 -2"><span class='ocrx_word' id='word_1_482' title='bbox 1633 3442 2110 3566; x_wconf 80' lang='lat' dir='ltr'><strong>LIBER</strong></span> <span class='ocrx_word' id='word_1_483' title='bbox 2185 3442 2815 3568; x_wconf 68' lang='lat' dir='ltr'><strong>NONUS.</strong></span> 
     </span>
    </p>
   </div>
   <div class='ocr_carea' id='block_1_63' title="bbox 662 3616 2174 3693">
    <p class='ocr_par' dir='ltr' id='par_1_63' title="bbox 662 3616 2174 3693">
     <span class='ocr_line' id='line_1_64' title="bbox 662 3616 2174 3693; baseline -0.002 -14"><span class='ocrx_word' id='word_1_484' title='bbox 662 3624 708 3679; x_wconf 92' lang='grc'><strong>1.</strong></span> <span class='ocrx_word' id='word_1_485' title='bbox 741 3623 909 3679; x_wconf 85' lang='lat' dir='ltr'><strong>Dicite</strong></span> <span class='ocrx_word' id='word_1_486' title='bbox 937 3635 1120 3693; x_wconf 57' lang='lat' dir='ltr'><strong>quasso</strong></span> <span class='ocrx_word' id='word_1_487' title='bbox 1147 3619 1321 3691; x_wconf 81' lang='lat' dir='ltr'><strong>qualis</strong></span> <span class='ocrx_word' id='word_1_488' title='bbox 1346 3618 1500 3675; x_wconf 89' lang='lat' dir='ltr'><strong>vobis</strong></span> <span class='ocrx_word' id='word_1_489' title='bbox 1532 3626 1732 3675; x_wconf 73' lang='lat' dir='ltr'><strong>nostra:</strong></span> <span class='ocrx_word' id='word_1_490' title='bbox 1758 3616 2174 3676; x_wconf 86' lang='lat' dir='ltr'><strong>sermocinatio-</strong></span> 
     </span>
    </p>
   </div>
   <div class='ocr_carea' id='block_1_64' title="bbox 588 3708 2197 3783">
    <p class='ocr_par' dir='ltr' id='par_1_64' title="bbox 588 3708 2197 3783">
     <span class='ocr_line' id='line_1_65' title="bbox 588 3708 2197 3783; baseline -0.006 -9"><span class='ocrx_word' id='word_1_491' title='bbox 588 3720 672 3775; x_wconf 88' lang='lat' dir='ltr'><strong>nis</strong></span> <span class='ocrx_word' id='word_1_492' title='bbox 700 3717 961 3773; x_wconf 87' lang='lat' dir='ltr'><strong>matutina</strong></span> <span class='ocrx_word' id='word_1_493' title='bbox 989 3715 1104 3769; x_wconf 88' lang='lat' dir='ltr'><strong>visa</strong></span> <span class='ocrx_word' id='word_1_494' title='bbox 1132 3720 1217 3768; x_wconf 89' lang='lat' dir='ltr'><strong>est</strong></span> <span class='ocrx_word' id='word_1_495' title='bbox 1244 3727 1449 3767; x_wconf 89' lang='lat' dir='ltr'><strong>mensa.</strong></span> <span class='ocrx_word' id='word_1_496' title='bbox 1480 3708 1612 3765; x_wconf 85' lang='lat' dir='ltr'><strong>Mihi</strong></span> <span class='ocrx_word' id='word_1_497' title='bbox 1636 3709 1781 3783; x_wconf 83' lang='lat' dir='ltr'><strong>enim</strong></span> <span class='ocrx_word' id='word_1_498' title='bbox 1813 3719 1834 3748; x_wconf 80' lang='grc'><strong><em>⁸</em></strong></span> <span class='ocrx_word' id='word_1_499' title='bbox 1868 3709 1999 3765; x_wconf 89' lang='lat' dir='ltr'><strong>libet</strong></span> <span class='ocrx_word' id='word_1_500' title='bbox 2026 3720 2197 3770; x_wconf 18' lang='lat' dir='ltr'><strong>com-4</strong></span> 
     </span>
    </p>
   </div>
   <div class='ocr_carea' id='block_1_65' title="bbox 588 3800 2175 3881">
    <p class='ocr_par' dir='ltr' id='par_1_65' title="bbox 588 3800 2175 3881">
     <span class='ocr_line' id='line_1_66' title="bbox 588 3800 2175 3881; baseline -0.004 -17"><span class='ocrx_word' id='word_1_501' title='bbox 588 3823 780 3881; x_wconf 86' lang='lat' dir='ltr'><strong>parare</strong></span> <span class='ocrx_word' id='word_1_502' title='bbox 811 3807 1126 3862; x_wconf 87' lang='lat' dir='ltr'><strong>tenuitatem</strong></span> <span class='ocrx_word' id='word_1_503' title='bbox 1162 3811 1404 3858; x_wconf 86' lang='lat' dir='ltr'><strong>nostram</strong></span> <span class='ocrx_word' id='word_1_504' title='bbox 1432 3816 1605 3871; x_wconf 81' lang='lat' dir='ltr'><strong>egeno</strong></span> <span class='ocrx_word' id='word_1_505' title='bbox 1632 3802 1866 3872; x_wconf 87' lang='lat' dir='ltr'><strong>cuipiam</strong></span> <span class='ocrx_word' id='word_1_506' title='bbox 1896 3800 2175 3858; x_wconf 84' lang='lat' dir='ltr'><strong>exbibenti</strong></span> 
     </span>
    </p>
   </div>
   <div class='ocr_carea' id='block_1_66' title="bbox 587 3891 2174 3966">
    <p class='ocr_par' dir='ltr' id='par_1_66' title="bbox 587 3891 2174 3966">
     <span class='ocr_line' id='line_1_67' title="bbox 587 3891 2174 3966; baseline -0.005 -10"><span class='ocrx_word' id='word_1_507' title='bbox 587 3899 914 3963; x_wconf 81' lang='lat' dir='ltr'><strong>convivium,</strong></span> <span class='ocrx_word' id='word_1_508' title='bbox 944 3896 1036 3966; x_wconf 90' lang='lat' dir='ltr'><strong>qui</strong></span> <span class='ocrx_word' id='word_1_509' title='bbox 1065 3891 1487 3951; x_wconf 86' lang='lat' dir='ltr'><strong>munificentiam</strong></span> <span class='ocrx_word' id='word_1_510' title='bbox 1520 3893 1682 3947; x_wconf 88' lang='lat' dir='ltr'><strong>animi</strong></span> <span class='ocrx_word' id='word_1_511' title='bbox 1714 3892 1797 3948; x_wconf 88' lang='lat' dir='ltr'><strong>sui</strong></span> <span class='ocrx_word' id='word_1_512' title='bbox 1824 3892 2045 3964; x_wconf 89' lang='lat' dir='ltr'><strong>copiose</strong></span> <span class='ocrx_word' id='word_1_513' title='bbox 2074 3891 2174 3949; x_wconf 87' lang='lat' dir='ltr'><strong>de-</strong></span> 
     </span>
    </p>
   </div>
   <div class='ocr_carea' id='block_1_67' title="bbox 589 3982 2173 4053">
    <p class='ocr_par' dir='ltr' id='par_1_67' title="bbox 589 3982 2173 4053">
     <span class='ocr_line' id='line_1_68' title="bbox 589 3982 2173 4053; baseline -0.005 -8"><span class='ocrx_word' id='word_1_514' title='bbox 589 3992 831 4047; x_wconf 79' lang='lat' dir='ltr'><strong>siderans</strong></span> <span class='ocrx_word' id='word_1_515' title='bbox 850 3995 1146 4053; x_wconf 83' lang='lat' dir='ltr'><strong>ostentare,</strong></span> <span class='ocrx_word' id='word_1_516' title='bbox 1176 3982 1359 4041; x_wconf 85' lang='lat' dir='ltr'><strong>deﬁcit</strong></span> <span class='ocrx_word' id='word_1_517' title='bbox 1386 3983 1697 4039; x_wconf 82' lang='lat' dir='ltr'><strong>facultatum</strong></span> <span class='ocrx_word' id='word_1_518' title='bbox 1727 3984 2032 4038; x_wconf 89' lang='lat' dir='ltr'><strong>retardatus</strong></span> <span class='ocrx_word' id='word_1_519' title='bbox 2053 3984 2173 4038; x_wconf 80' lang='lat' dir='ltr'><strong>ino-</strong></span> 
     </span>
    </p>
   </div>
   <div class='ocr_carea' id='block_1_68' title="bbox 590 4066 2172 4153">
    <p class='ocr_par' dir='ltr' id='par_1_68' title="bbox 590 4066 2172 4153">
     <span class='ocr_line' id='line_1_69' title="bbox 590 4066 2172 4153; baseline -0.004 -16"><span class='ocrx_word' id='word_1_520' title='bbox 590 4084 695 4153; x_wconf 86' lang='lat' dir='ltr'><strong>pia,</strong></span> <span class='ocrx_word' id='word_1_521' title='bbox 717 4091 772 4135; x_wconf 90' lang='lat' dir='ltr'><strong>et</strong></span> <span class='ocrx_word' id='word_1_522' title='bbox 796 4066 865 4138; x_wconf 83' lang='lat' dir='ltr'><strong>ob</strong></span> <span class='ocrx_word' id='word_1_523' title='bbox 880 4070 984 4136; x_wconf 79' lang='lat' dir='ltr'><strong>hac</strong></span> <span class='ocrx_word' id='word_1_524' title='bbox 1002 4074 1322 4150; x_wconf 86' lang='lat' dir='ltr'><strong>apparatum</strong></span> <span class='ocrx_word' id='word_1_525' title='bbox 1346 4076 1634 4147; x_wconf 85' lang='lat' dir='ltr'><strong>pauperem</strong></span> <span class='ocrx_word' id='word_1_526' title='bbox 1655 4075 2043 4145; x_wconf 86' lang='lat' dir='ltr'><strong>qualiscunque</strong></span> <span class='ocrx_word' id='word_1_527' title='bbox 2070 4074 2172 4141; x_wconf 82' lang='lat' dir='ltr'><strong>est,</strong></span> 
     </span>
    </p>
   </div>
   <div class='ocr_carea' id='block_1_69' title="bbox 591 4163 2176 4242">
    <p class='ocr_par' dir='ltr' id='par_1_69' title="bbox 591 4163 2176 4242">
     <span class='ocr_line' id='line_1_70' title="bbox 591 4163 2176 4242; baseline -0.003 -14"><span class='ocrx_word' id='word_1_528' title='bbox 591 4174 791 4242; x_wconf 82' lang='lat' dir='ltr'><strong>largius</strong></span> <span class='ocrx_word' id='word_1_529' title='bbox 816 4172 1124 4232; x_wconf 74' lang='lat' dir='ltr'><strong>mtn&#39;iStrat-e</strong></span> <span class='ocrx_word' id='word_1_530' title='bbox 1144 4171 1383 4237; x_wconf 87' lang='lat' dir='ltr'><strong>molitur,</strong></span> <span class='ocrx_word' id='word_1_531' title='bbox 1408 4170 1575 4224; x_wconf 90' lang='lat' dir='ltr'><strong>risum</strong></span> <span class='ocrx_word' id='word_1_532' title='bbox 1603 4168 1671 4224; x_wconf 85' lang='lat' dir='ltr'><strong>de</strong></span> <span class='ocrx_word' id='word_1_533' title='bbox 1699 4186 1756 4223; x_wconf 90' lang='lat' dir='ltr'><strong>se</strong></span> <span class='ocrx_word' id='word_1_534' title='bbox 1783 4170 2071 4240; x_wconf 83' lang='lat' dir='ltr'><strong>perhibens</strong></span> <span class='ocrx_word' id='word_1_535' title='bbox 2089 4163 2176 4224; x_wconf 77' lang='lat' dir='ltr'><strong>in-</strong></span> 
     </span>
    </p>
   </div>
   <div class='ocr_carea' id='block_1_70' title="bbox 593 4250 2179 4333">
    <p class='ocr_par' dir='ltr' id='par_1_70' title="bbox 593 4250 2179 4333">
     <span class='ocr_line' id='line_1_71' title="bbox 593 4250 2179 4333; baseline -0.003 -15"><span class='ocrx_word' id='word_1_536' title='bbox 593 4265 793 4318; x_wconf 80' lang='lat' dir='ltr'><strong>vitatis.</strong></span> <span class='ocrx_word' id='word_1_537' title='bbox 827 4275 904 4318; x_wconf 78' lang='lat' dir='ltr'><strong>ita</strong></span> <span class='ocrx_word' id='word_1_538' title='bbox 935 4250 993 4316; x_wconf 76' lang='lat' dir='ltr'><strong>iit</strong></span> <span class='ocrx_word' id='word_1_539' title='bbox 1020 4271 1080 4316; x_wconf 93' lang='lat' dir='ltr'><strong>ut</strong></span> <span class='ocrx_word' id='word_1_540' title='bbox 1102 4261 1537 4333; x_wconf 78' lang='lat' dir='ltr'><strong>exprobrationis</strong></span> <span class='ocrx_word' id='word_1_541' title='bbox 1565 4260 1858 4329; x_wconf 81' lang='lat' dir='ltr'><strong>ignominia</strong></span> <span class='ocrx_word' id='word_1_542' title='bbox 1886 4259 2179 4319; x_wconf 83' lang='lat' dir='ltr'><strong>liberalitas</strong></span> 
     </span>
    </p>
   </div>
   <div class='ocr_carea' id='block_1_71' title="bbox 588 4348 2177 4421">
    <p class='ocr_par' dir='ltr' id='par_1_71' title="bbox 588 4348 2177 4421">
     <span class='ocr_line' id='line_1_72' title="bbox 588 4348 2177 4421; baseline -0.003 -12"><span class='ocrx_word' id='word_1_543' title='bbox 588 4353 838 4409; x_wconf 71' lang='lat' dir='ltr'><strong>attentam</strong></span> <span class='ocrx_word' id='word_1_544' title='bbox 866 4356 974 4407; x_wconf 81' lang='lat' dir='ltr'><strong>non</strong></span> <span class='ocrx_word' id='word_1_545' title='bbox 1016 4360 1219 4408; x_wconf 82' lang='lat' dir='ltr'><strong>careat.</strong></span> <span class='ocrx_word' id='word_1_546' title='bbox 1256 4348 1384 4406; x_wconf 83' lang='lat' dir='ltr'><strong>Tale</strong></span> <span class='ocrx_word' id='word_1_547' title='bbox 1415 4349 1668 4421; x_wconf 90' lang='lat' dir='ltr'><strong>quiddam</strong></span> <span class='ocrx_word' id='word_1_548' title='bbox 1697 4358 1781 4404; x_wconf 88' lang='lat' dir='ltr'><strong>est</strong></span> <span class='ocrx_word' id='word_1_549' title='bbox 1810 4357 1866 4404; x_wconf 91' lang='lat' dir='ltr'><strong>et</strong></span> <span class='ocrx_word' id='word_1_550' title='bbox 1905 4350 1956 4403; x_wconf 91' lang='lat' dir='ltr'><strong>in</strong></span> <span class='ocrx_word' id='word_1_551' title='bbox 1989 4349 2143 4405; x_wconf 82' lang='lat' dir='ltr'><strong>nobis</strong></span> <span class='ocrx_word' id='word_1_552' title='bbox 2162 4391 2177 4416; x_wconf 91' lang='lat'><strong>,</strong></span> 
     </span>
    </p>
   </div>
   <div class='ocr_carea' id='block_1_72' title="bbox 585 4441 2176 4502">
    <p class='ocr_par' dir='ltr' id='par_1_72' title="bbox 585 4441 2176 4502">
     <span class='ocr_line' id='line_1_73' title="bbox 585 4441 2176 4502; baseline -0.004 -1"><span class='ocrx_word' id='word_1_553' title='bbox 585 4447 633 4502; x_wconf 86' lang='lat' dir='ltr'><strong>si</strong></span> <span class='ocrx_word' id='word_1_554' title='bbox 664 4455 839 4501; x_wconf 83' lang='lat' dir='ltr'><strong>tamen</strong></span> <span class='ocrx_word' id='word_1_555' title='bbox 882 4460 978 4497; x_wconf 86' lang='lat' dir='ltr'><strong>vos</strong></span> <span class='ocrx_word' id='word_1_556' title='bbox 1006 4459 1113 4498; x_wconf 91' lang='lat' dir='ltr'><strong>non</strong></span> <span class='ocrx_word' id='word_1_557' title='bbox 1156 4442 1312 4495; x_wconf 86' lang='lat' dir='ltr'><strong>aliter</strong></span> <span class='ocrx_word' id='word_1_558' title='bbox 1341 4441 1587 4495; x_wconf 90' lang='lat' dir='ltr'><strong>sentietis</strong></span> <span class='ocrx_word' id='word_1_559' title='bbox 1630 4446 2047 4495; x_wconf 87' lang='lat' dir='ltr'><strong>:‘verumtamcn</strong></span> <span class='ocrx_word' id='word_1_560' title='bbox 2089 4444 2176 4496; x_wconf 87' lang='lat' dir='ltr'><strong>ut-</strong></span> 
     </span>
    </p>
   </div>
   <div class='ocr_carea' id='block_1_73' title="bbox 587 4532 2195 4617">
    <p class='ocr_par' dir='ltr' id='par_1_73' title="bbox 587 4532 2195 4617">
     <span class='ocr_line' id='line_1_74' title="bbox 587 4532 2195 4617; baseline -0.002 -25"><span class='ocrx_word' id='word_1_561' title='bbox 587 4552 802 4613; x_wconf 82' lang='lat' dir='ltr'><strong>cunque</strong></span> <span class='ocrx_word' id='word_1_562' title='bbox 830 4552 889 4590; x_wconf 87' lang='lat' dir='ltr'><strong>se</strong></span> <span class='ocrx_word' id='word_1_563' title='bbox 917 4535 1115 4588; x_wconf 91' lang='lat' dir='ltr'><strong>habent</strong></span> <span class='ocrx_word' id='word_1_564' title='bbox 1159 4539 1342 4587; x_wconf 90' lang='lat' dir='ltr'><strong>nostra</strong></span> <span class='ocrx_word' id='word_1_565' title='bbox 1370 4572 1384 4597; x_wconf 91' lang='lat'><strong>,</strong></span> <span class='ocrx_word' id='word_1_566' title='bbox 1426 4548 1533 4587; x_wconf 90' lang='lat' dir='ltr'><strong>non</strong></span> <span class='ocrx_word' id='word_1_567' title='bbox 1563 4532 1996 4587; x_wconf 78' lang='lat' dir='ltr'><strong>extenuabantur</strong></span> <span class='ocrx_word' id='word_1_568' title='bbox 2023 4549 2051 4586; x_wconf 89' lang='lat' dir='ltr'><strong>a</strong></span> <span class='ocrx_word' id='word_1_569' title='bbox 2082 4546 2195 4617; x_wconf 32' lang='lat' dir='ltr'><strong>vo-I</strong></span> 
     </span>
    </p>
   </div>
   <div class='ocr_carea' id='block_1_74' title="bbox 588 4608 2256 4711">
    <p class='ocr_par' dir='ltr' id='par_1_74' title="bbox 588 4608 2256 4711">
     <span class='ocr_line' id='line_1_75' title="bbox 588 4608 2256 4711; baseline -0.003 -30"><span class='ocrx_word' id='word_1_570' title='bbox 588 4626 690 4681; x_wconf 92' lang='lat' dir='ltr'><strong>bis.</strong></span> <span class='ocrx_word' id='word_1_571' title='bbox 743 4608 925 4694; x_wconf 83' lang='lat' dir='ltr'><strong>Neque</strong></span> <span class='ocrx_word' id='word_1_572' title='bbox 972 4623 1113 4676; x_wconf 88' lang='lat' dir='ltr'><strong>enim</strong></span> <span class='ocrx_word' id='word_1_573' title='bbox 1167 4620 1471 4677; x_wconf 77' lang='lat' dir='ltr'><strong>Haeliszcum</strong></span> <span class='ocrx_word' id='word_1_574' title='bbox 1518 4630 1577 4677; x_wconf 92' lang='lat' dir='ltr'><strong>ut</strong></span> <span class='ocrx_word' id='word_1_575' title='bbox 1632 4622 1934 4693; x_wconf 87' lang='lat' dir='ltr'><strong>improbum</strong></span> <span class='ocrx_word' id='word_1_576' title='bbox 1987 4608 2256 4711; x_wconf 26' lang='lat' dir='ltr'><strong>pasto-ID</strong></span> 
     </span>
    </p>
   </div>
   <div class='ocr_carea' id='block_1_75' title="bbox 586 4713 2168 4787">
    <p class='ocr_par' dir='ltr' id='par_1_75' title="bbox 586 4713 2168 4787">
     <span class='ocr_line' id='line_1_76' title="bbox 586 4713 2168 4787; baseline -0.003 -13"><span class='ocrx_word' id='word_1_577' title='bbox 586 4731 705 4774; x_wconf 86' lang='lat' dir='ltr'><strong>rem</strong></span> <span class='ocrx_word' id='word_1_578' title='bbox 746 4717 771 4755; x_wconf 72' lang='grc' dir='ltr'>ιι</span> <span class='ocrx_word' id='word_1_579' title='bbox 815 4714 1125 4770; x_wconf 81' lang='lat' dir='ltr'><strong>refutabant</strong></span> <span class='ocrx_word' id='word_1_580' title='bbox 1168 4714 1310 4770; x_wconf 85' lang='lat' dir='ltr'><strong>illius</strong></span> <span class='ocrx_word' id='word_1_581' title='bbox 1339 4714 1600 4785; x_wconf 87' lang='lat' dir='ltr'><strong>temporis</strong></span> <span class='ocrx_word' id='word_1_582' title='bbox 1628 4715 1869 4771; x_wconf 72' lang='lat' dir='ltr'><strong>convivm</strong></span> <span class='ocrx_word' id='word_1_583' title='bbox 1900 4714 2007 4784; x_wconf 85' lang='lat' dir='ltr'><strong>(1V</strong></span> <span class='ocrx_word' id='word_1_584' title='bbox 2038 4713 2168 4787; x_wconf 84' lang='lat' dir='ltr'><strong>Reg.</strong></span> 
     </span>
    </p>
   </div>
   <div class='ocr_carea' id='block_1_76' title="bbox 587 4804 2169 4880">
    <p class='ocr_par' dir='ltr' id='par_1_76' title="bbox 587 4804 2169 4880">
     <span class='ocr_line' id='line_1_77' title="bbox 587 4804 2169 4880; baseline -0.003 -14"><span class='ocrx_word' id='word_1_585' title='bbox 587 4818 658 4875; x_wconf 77' lang='lat' dir='ltr'><strong>tv,</strong></span> <span class='ocrx_word' id='word_1_586' title='bbox 691 4806 780 4880; x_wconf 77' lang='lat'><strong>59)</strong></span> <span class='ocrx_word' id='word_1_587' title='bbox 815 4826 827 4861; x_wconf 92' lang='lat'><strong>:</strong></span> <span class='ocrx_word' id='word_1_588' title='bbox 858 4814 916 4862; x_wconf 85' lang='lat' dir='ltr'><strong>et</strong></span> <span class='ocrx_word' id='word_1_589' title='bbox 942 4812 1093 4862; x_wconf 83' lang='lat' dir='ltr'><strong>certe</strong></span> <span class='ocrx_word' id='word_1_590' title='bbox 1133 4805 1437 4874; x_wconf 68' lang='lat' dir='ltr'><strong>agrestibus</strong></span> <span class='ocrx_word' id='word_1_591' title='bbox 1463 4820 1561 4860; x_wconf 89' lang='lat' dir='ltr'><strong>eos</strong></span> <span class='ocrx_word' id='word_1_592' title='bbox 1587 4804 1866 4861; x_wconf 82' lang='lat' dir='ltr'><strong>reﬁciebat</strong></span> <span class='ocrx_word' id='word_1_593' title='bbox 1893 4806 2169 4862; x_wconf 84' lang='lat' dir='ltr'><strong>olusculis.</strong></span> 
     </span>
    </p>
   </div>
   <div class='ocr_carea' id='block_1_77' title="bbox 585 4897 2172 4973">
    <p class='ocr_par' dir='ltr' id='par_1_77' title="bbox 585 4897 2172 4973">
     <span class='ocr_line' id='line_1_78' title="bbox 585 4897 2172 4973; baseline -0.002 -15"><span class='ocrx_word' id='word_1_594' title='bbox 585 4902 904 4973; x_wconf 86' lang='lat' dir='ltr'><strong>Compertas</strong></span> <span class='ocrx_word' id='word_1_595' title='bbox 948 4900 1127 4971; x_wconf 76' lang='lat' dir='ltr'><strong>itaque</strong></span> <span class='ocrx_word' id='word_1_596' title='bbox 1166 4897 1344 4954; x_wconf 90' lang='lat' dir='ltr'><strong>habeo</strong></span> <span class='ocrx_word' id='word_1_597' title='bbox 1372 4899 1517 4966; x_wconf 77' lang='lat' dir='ltr'><strong>leges</strong></span> <span class='ocrx_word' id='word_1_598' title='bbox 1557 4898 1818 4967; x_wconf 86' lang='lat' dir='ltr'><strong>quasdam</strong></span> <span class='ocrx_word' id='word_1_599' title='bbox 1846 4913 2012 4970; x_wconf 90' lang='lat' dir='ltr'><strong>super</strong></span> <span class='ocrx_word' id='word_1_600' title='bbox 2042 4900 2172 4955; x_wconf 86' lang='lat' dir='ltr'><strong>alle-</strong></span> 
     </span>
    </p>
   </div>
   <div class='ocr_carea' id='block_1_78' title="bbox 584 4976 2170 5064">
    <p class='ocr_par' dir='ltr' id='par_1_78' title="bbox 584 4976 2170 5064">
     <span class='ocr_line' id='line_1_79' title="bbox 584 4976 2170 5064; baseline -0.003 -14"><span class='ocrx_word' id='word_1_601' title='bbox 584 4996 733 5064; x_wconf 75' lang='lat' dir='ltr'><strong>goria</strong></span> <span class='ocrx_word' id='word_1_602' title='bbox 751 5037 765 5062; x_wconf 95' lang='lat'><strong>,</strong></span> <span class='ocrx_word' id='word_1_603' title='bbox 809 5009 915 5049; x_wconf 91' lang='lat' dir='ltr'><strong>non</strong></span> <span class='ocrx_word' id='word_1_604' title='bbox 944 5007 1078 5064; x_wconf 90' lang='lat' dir='ltr'><strong>quas</strong></span> <span class='ocrx_word' id='word_1_605' title='bbox 1106 5006 1173 5047; x_wconf 81' lang='lat' dir='ltr'><strong>ex</strong></span> <span class='ocrx_word' id='word_1_606' title='bbox 1201 4980 1410 5061; x_wconf 75' lang='lat' dir='ltr'><strong>meipSo</strong></span> <span class='ocrx_word' id='word_1_607' title='bbox 1437 4976 1645 5045; x_wconf 64' lang='lat' dir='ltr'><strong>conleci</strong></span> <span class='ocrx_word' id='word_1_608' title='bbox 1672 5031 1686 5055; x_wconf 94' lang='lat'><strong>,</strong></span> <span class='ocrx_word' id='word_1_609' title='bbox 1730 4991 1824 5045; x_wconf 87' lang='lat' dir='ltr'><strong>sed</strong></span> <span class='ocrx_word' id='word_1_610' title='bbox 1853 5007 1987 5060; x_wconf 87' lang='lat' dir='ltr'><strong>quas</strong></span> <span class='ocrx_word' id='word_1_611' title='bbox 2010 4980 2170 5047; x_wconf 81' lang='lat' dir='ltr'><strong>didiCi</strong></span> 
     </span>
    </p>
   </div>
   <div class='ocr_carea' id='block_1_79' title="bbox 583 5082 2171 5152">
    <p class='ocr_par' dir='ltr' id='par_1_79' title="bbox 583 5082 2171 5152">
     <span class='ocr_line' id='line_1_80' title="bbox 583 5082 2171 5152; baseline -0.001 -11"><span class='ocrx_word' id='word_1_612' title='bbox 583 5087 821 5141; x_wconf 31' lang='lat' dir='ltr'><strong>aliorum.</strong></span> <span class='ocrx_word' id='word_1_613' title='bbox 841 5084 1207 5140; x_wconf 82' lang='lat' dir='ltr'><strong>voluminibus</strong></span> <span class='ocrx_word' id='word_1_614' title='bbox 1232 5082 1539 5146; x_wconf 83' lang='lat' dir='ltr'><strong>recensitis,</strong></span> <span class='ocrx_word' id='word_1_615' title='bbox 1571 5096 1669 5152; x_wconf 85' lang='lat' dir='ltr'><strong>per</strong></span> <span class='ocrx_word' id='word_1_616' title='bbox 1695 5097 1831 5151; x_wconf 85' lang='lat' dir='ltr'><strong>quas</strong></span> <span class='ocrx_word' id='word_1_617' title='bbox 1869 5083 1924 5137; x_wconf 91' lang='lat' dir='ltr'><strong>bi</strong></span> <span class='ocrx_word' id='word_1_618' title='bbox 1959 5085 2058 5152; x_wconf 86' lang='lat' dir='ltr'><strong>qui</strong></span> <span class='ocrx_word' id='word_1_619' title='bbox 2081 5099 2171 5139; x_wconf 91' lang='lat' dir='ltr'><strong>ac-</strong></span> 
     </span>
    </p>
   </div>
   <div class='ocr_carea' id='block_1_80' title="bbox 581 5166 2170 5247">
    <p class='ocr_par' dir='ltr' id='par_1_80' title="bbox 581 5166 2170 5247">
     <span class='ocr_line' id='line_1_81' title="bbox 581 5166 2170 5247; baseline -0.002 -17"><span class='ocrx_word' id='word_1_620' title='bbox 581 5166 866 5247; x_wconf 67' lang='lat' dir='ltr'><strong>quiescant</strong></span> <span class='ocrx_word' id='word_1_621' title='bbox 893 5174 1269 5231; x_wconf 72' lang='lat' dir='ltr'><strong>communibus</strong></span> <span class='ocrx_word' id='word_1_622' title='bbox 1294 5173 1607 5230; x_wconf 73' lang='lat' dir='ltr'><strong>consentire</strong></span> <span class='ocrx_word' id='word_1_623' title='bbox 1647 5173 1945 5242; x_wconf 89' lang='lat' dir='ltr'><strong>scripturis,</strong></span> <span class='ocrx_word' id='word_1_624' title='bbox 1976 5187 2170 5242; x_wconf 90' lang='lat' dir='ltr'><strong>aquam</strong></span> 
     </span>
    </p>
   </div>
   <div class='ocr_carea' id='block_1_81' title="bbox 579 5267 2169 5339">
    <p class='ocr_par' dir='ltr' id='par_1_81' title="bbox 579 5267 2169 5339">
     <span class='ocr_line' id='line_1_82' title="bbox 579 5267 2169 5339; baseline -0.001 -16"><span class='ocrx_word' id='word_1_625' title='bbox 579 5269 770 5325; x_wconf 85' lang='lat' dir='ltr'><strong>dicunt</strong></span> <span class='ocrx_word' id='word_1_626' title='bbox 804 5285 911 5324; x_wconf 87' lang='lat' dir='ltr'><strong>non</strong></span> <span class='ocrx_word' id='word_1_627' title='bbox 953 5284 1075 5325; x_wconf 87' lang='lat' dir='ltr'><strong>esse</strong></span> <span class='ocrx_word' id='word_1_628' title='bbox 1102 5283 1296 5339; x_wconf 83' lang='lat' dir='ltr'><strong>aquam</strong></span> <span class='ocrx_word' id='word_1_629' title='bbox 1316 5310 1331 5337; x_wconf 91' lang='lat'><strong>,</strong></span> <span class='ocrx_word' id='word_1_630' title='bbox 1372 5268 1467 5326; x_wconf 89' lang='lat' dir='ltr'><strong>sed</strong></span> <span class='ocrx_word' id='word_1_631' title='bbox 1494 5267 1662 5323; x_wconf 84' lang='lat' dir='ltr'><strong>aliam</strong></span> <span class='ocrx_word' id='word_1_632' title='bbox 1694 5267 1983 5336; x_wconf 87' lang='lat' dir='ltr'><strong>quamdam</strong></span> <span class='ocrx_word' id='word_1_633' title='bbox 2016 5274 2169 5322; x_wconf 88' lang='lat' dir='ltr'><strong>natu-</strong></span> 
     </span>
    </p>
   </div>
   <div class='ocr_carea' id='block_1_82' title="bbox 582 5360 2164 5434">
    <p class='ocr_par' dir='ltr' id='par_1_82' title="bbox 582 5360 2164 5434">
     <span class='ocr_line' id='line_1_83' title="bbox 582 5360 2164 5434; baseline -0.001 -17"><span class='ocrx_word' id='word_1_634' title='bbox 582 5370 718 5426; x_wconf 84' lang='lat' dir='ltr'><strong>ram,</strong></span> <span class='ocrx_word' id='word_1_635' title='bbox 750 5360 923 5431; x_wconf 83' lang='lat' dir='ltr'><strong>pisces</strong></span> <span class='ocrx_word' id='word_1_636' title='bbox 949 5374 1167 5432; x_wconf 78' lang='lat' dir='ltr'><strong>quoque</strong></span> <span class='ocrx_word' id='word_1_637' title='bbox 1193 5361 1279 5417; x_wconf 74' lang='lat' dir='ltr'><strong>vel</strong></span> <span class='ocrx_word' id='word_1_638' title='bbox 1306 5370 1587 5432; x_wconf 87' lang='lat' dir='ltr'><strong>serpentes</strong></span> <span class='ocrx_word' id='word_1_639' title='bbox 1607 5388 1629 5425; x_wconf 65' lang='grc' dir='ltr'><em>ς</em></span> <span class='ocrx_word' id='word_1_640' title='bbox 1672 5369 1765 5416; x_wconf 88' lang='lat' dir='ltr'><strong>aut</strong></span> <span class='ocrx_word' id='word_1_641' title='bbox 1793 5360 2022 5426; x_wconf 79' lang='lat' dir='ltr'><strong>bestias,</strong></span> <span class='ocrx_word' id='word_1_642' title='bbox 2058 5377 2164 5434; x_wconf 82' lang='lat' dir='ltr'><strong>non</strong></span> 
     </span>
    </p>
   </div>
   <div class='ocr_carea' id='block_1_83' title="bbox 653 5576 2168 5649">
    <p class='ocr_par' dir='ltr' id='par_1_83' title="bbox 653 5576 2168 5649">
     <span class='ocr_line' id='line_1_84' title="bbox 653 5576 2168 5649; baseline -0.005 -12"><span class='ocrx_word' id='word_1_643' title='bbox 653 5586 687 5621; x_wconf 65' lang='grc'><strong><em>⁸</em></strong></span> <span class='ocrx_word' id='word_1_644' title='bbox 709 5576 863 5637; x_wconf 71' lang='lat' dir='ltr'><strong>Gell).</strong></span> <span class='ocrx_word' id='word_1_645' title='bbox 893 5578 1180 5645; x_wconf 84' lang='lat' dir='ltr'><strong>secundus,</strong></span> <span class='ocrx_word' id='word_1_646' title='bbox 1211 5580 1497 5649; x_wconf 55' lang='lat' dir='ltr'><strong>mihienim</strong></span> <span class='ocrx_word' id='word_1_647' title='bbox 1522 5579 1730 5649; x_wconf 60' lang='grc' dir='ltr'><strong>τίσει...</strong></span> <span class='ocrx_word' id='word_1_648' title='bbox 1758 5592 1916 5649; x_wconf 67' lang='grc' dir='ltr'><strong>ες]ῳο</strong></span> <span class='ocrx_word' id='word_1_649' title='bbox 1943 5576 2168 5649; x_wconf 70' lang='lat' dir='ltr'><strong>cupienti</strong></span> 
     </span>
    </p>
   </div>
   <div class='ocr_carea' id='block_1_84' title="bbox 578 5646 2165 5720">
    <p class='ocr_par' dir='ltr' id='par_1_84' title="bbox 578 5646 2165 5720">
     <span class='ocr_line' id='line_1_85' title="bbox 578 5646 2165 5720; baseline -0.004 -13"><span class='ocrx_word' id='word_1_650' title='bbox 578 5651 818 5720; x_wconf 74' lang='lat' dir='ltr'><strong>exhibere</strong></span> <span class='ocrx_word' id='word_1_651' title='bbox 844 5652 1147 5706; x_wconf 78' lang='lat' dir='ltr'><strong>convivium.</strong></span> <span class='ocrx_word' id='word_1_652' title='bbox 1188 5648 1391 5703; x_wconf 76' lang='lat' dir='ltr'><strong>Ibidem</strong></span> <span class='ocrx_word' id='word_1_653' title='bbox 1418 5650 1569 5720; x_wconf 79' lang='lat' dir='ltr'><strong>editi,</strong></span> <span class='ocrx_word' id='word_1_654' title='bbox 1598 5646 1804 5720; x_wconf 60' lang='lat' dir='ltr'><strong>defecit:</strong></span> <span class='ocrx_word' id='word_1_655' title='bbox 1838 5646 1980 5702; x_wconf 84' lang='lat' dir='ltr'><strong>Libri</strong></span> <span class='ocrx_word' id='word_1_656' title='bbox 2010 5646 2165 5720; x_wconf 72' lang='lat' dir='ltr'><strong>vete-</strong></span> 
     </span>
    </p>
   </div>
   <div class='ocr_carea' id='block_1_85' title="bbox 541 5718 2165 5793">
    <p class='ocr_par' dir='ltr' id='par_1_85' title="bbox 541 5718 2165 5793">
     <span class='ocr_line' id='line_1_86' title="bbox 541 5718 2165 5793; baseline -0.005 -17"><span class='ocrx_word' id='word_1_657' title='bbox 541 5736 547 5741; x_wconf 69' lang='lat'><strong><em>&#39;</em></strong></span> <span class='ocrx_word' id='word_1_658' title='bbox 583 5734 699 5793; x_wconf 75' lang='lat' dir='ltr'><strong>res,</strong></span> <span class='ocrx_word' id='word_1_659' title='bbox 723 5718 913 5793; x_wconf 69' lang='lat' dir='ltr'><strong>deﬁgit.</strong></span> <span class='ocrx_word' id='word_1_660' title='bbox 948 5720 1162 5793; x_wconf 74' lang='lat' dir='ltr'><strong>Rursus</strong></span> <span class='ocrx_word' id='word_1_661' title='bbox 1193 5720 1310 5793; x_wconf 72' lang='lat' dir='ltr'><strong>hoc</strong></span> <span class='ocrx_word' id='word_1_662' title='bbox 1327 5719 1444 5787; x_wconf 85' lang='lat' dir='ltr'><strong>ipso</strong></span> <span class='ocrx_word' id='word_1_663' title='bbox 1461 5720 1526 5793; x_wconf 71' lang='lat' dir='ltr'><strong>in</strong></span> <span class='ocrx_word' id='word_1_664' title='bbox 1558 5718 1680 5793; x_wconf 76' lang='lat' dir='ltr'><strong>loco</strong></span> <span class='ocrx_word' id='word_1_665' title='bbox 1720 5733 1821 5793; x_wconf 78' lang='lat' dir='ltr'><strong>nis.</strong></span> <span class='ocrx_word' id='word_1_666' title='bbox 1873 5718 2079 5783; x_wconf 84' lang='lat' dir='ltr'><strong>nostri,</strong></span> <span class='ocrx_word' id='word_1_667' title='bbox 2116 5726 2165 5769; x_wconf 82' lang='lat' dir='ltr'><strong>et</strong></span> 
     </span>
    </p>
   </div>
   <div class='ocr_carea' id='block_1_86' title="bbox 580 5788 1784 5857">
    <p class='ocr_par' dir='ltr' id='par_1_86' title="bbox 580 5788 1784 5857">
     <span class='ocr_line' id='line_1_87' title="bbox 580 5788 1784 5857; baseline -0.005 -9"><span class='ocrx_word' id='word_1_668' title='bbox 580 5789 652 5848; x_wconf 78' lang='lat' dir='ltr'><strong>ob</strong></span> <span class='ocrx_word' id='word_1_669' title='bbox 680 5788 1017 5844; x_wconf 55' lang='lat' dir='ltr'><strong>Mcl-Deerat</strong></span> <span class='ocrx_word' id='word_1_670' title='bbox 1042 5789 1350 5857; x_wconf 64' lang='lat' dir='ltr'><strong>coniunctio</strong></span> <span class='ocrx_word' id='word_1_671' title='bbox 1378 5797 1431 5842; x_wconf 86' lang='lat' dir='ltr'><strong>et</strong></span> <span class='ocrx_word' id='word_1_672' title='bbox 1460 5788 1511 5842; x_wconf 89' lang='lat' dir='ltr'><strong>iu</strong></span> <span class='ocrx_word' id='word_1_673' title='bbox 1535 5789 1784 5857; x_wconf 70' lang='lat' dir='ltr'><strong>vulgatis.</strong></span> 
     </span>
    </p>
   </div>
   <div class='ocr_carea' id='block_1_87' title="bbox 1326 5978 1360 5985">
    <p class='ocr_par' dir='ltr' id='par_1_87' title="bbox 1326 5978 1360 5985">
     <span class='ocr_line' id='line_1_88' title="bbox 1326 5978 1360 5985; baseline 0 0"><span class='ocrx_word' id='word_1_674' title='bbox 1326 5978 1360 5985; x_wconf 69' lang='lat'><strong><em>~</em></strong></span> 
     </span>
    </p>
   </div>
   <div class='ocr_carea' id='block_1_88' title="bbox 2284 3620 3873 3699">
    <p class='ocr_par' dir='ltr' id='par_1_88' title="bbox 2284 3620 3873 3699">
     <span class='ocr_line' id='line_1_89' title="bbox 2284 3620 3873 3699; baseline 0.001 -25"><span class='ocrx_word' id='word_1_675' title='bbox 2284 3637 2384 3692; x_wconf 88' lang='lat' dir='ltr'><strong>pro</strong></span> <span class='ocrx_word' id='word_1_676' title='bbox 2417 3620 2657 3675; x_wconf 84' lang='lat' dir='ltr'><strong>veritatis</strong></span> <span class='ocrx_word' id='word_1_677' title='bbox 2683 3622 2913 3688; x_wconf 85' lang='lat' dir='ltr'><strong>ratione,</strong></span> <span class='ocrx_word' id='word_1_678' title='bbox 2946 3620 3041 3678; x_wconf 89' lang='lat' dir='ltr'><strong>sed</strong></span> <span class='ocrx_word' id='word_1_679' title='bbox 3067 3636 3164 3693; x_wconf 90' lang='lat' dir='ltr'><strong>pro</strong></span> <span class='ocrx_word' id='word_1_680' title='bbox 3193 3635 3293 3677; x_wconf 90' lang='lat' dir='ltr'><strong>suo</strong></span> <span class='ocrx_word' id='word_1_681' title='bbox 3321 3628 3757 3677; x_wconf 82' lang='lat' dir='ltr'><strong>cOmmentantur</strong></span> <span class='ocrx_word' id='word_1_682' title='bbox 3784 3637 3873 3699; x_wconf 72' lang='lat' dir='ltr'><strong>ar-</strong></span> 
     </span>
    </p>
   </div>
   <div class='ocr_carea' id='block_1_89' title="bbox 2276 3709 3873 3784">
    <p class='ocr_par' dir='ltr' id='par_1_89' title="bbox 2276 3709 3873 3784">
     <span class='ocr_line' id='line_1_90' title="bbox 2276 3709 3873 3784; baseline -0.002 -13"><span class='ocrx_word' id='word_1_683' title='bbox 2276 3715 2446 3771; x_wconf 83' lang='lat' dir='ltr'><strong>bitrio</strong></span> <span class='ocrx_word' id='word_1_684' title='bbox 2480 3716 2491 3768; x_wconf 77' lang='grc' dir='ltr'><strong>ὲ</strong></span> <span class='ocrx_word' id='word_1_685' title='bbox 2522 3714 2661 3770; x_wconf 88' lang='lat' dir='ltr'><strong>sicut</strong></span> <span class='ocrx_word' id='word_1_686' title='bbox 2686 3715 3008 3784; x_wconf 86' lang='lat' dir='ltr'><strong>interpretes</strong></span> <span class='ocrx_word' id='word_1_687' title='bbox 3037 3715 3392 3781; x_wconf 85' lang='lat' dir='ltr'><strong>somniorum,</strong></span> <span class='ocrx_word' id='word_1_688' title='bbox 3425 3714 3550 3769; x_wconf 82' lang='lat' dir='ltr'><strong>visis</strong></span> <span class='ocrx_word' id='word_1_689' title='bbox 3587 3730 3689 3783; x_wconf 87' lang='lat' dir='ltr'><strong>per</strong></span> <span class='ocrx_word' id='word_1_690' title='bbox 3705 3709 3873 3784; x_wconf 87' lang='lat' dir='ltr'><strong>sopo-</strong></span> 
     </span>
    </p>
   </div>
   <div class='ocr_carea' id='block_1_90' title="bbox 2282 3804 3869 3876">
    <p class='ocr_par' dir='ltr' id='par_1_90' title="bbox 2282 3804 3869 3876">
     <span class='ocr_line' id='line_1_91' title="bbox 2282 3804 3869 3876; baseline -0.003 -14"><span class='ocrx_word' id='word_1_691' title='bbox 2282 3812 2397 3862; x_wconf 85' lang='lat' dir='ltr'><strong>rem</strong></span> <span class='ocrx_word' id='word_1_692' title='bbox 2429 3806 2590 3861; x_wconf 87' lang='lat' dir='ltr'><strong>variis</strong></span> <span class='ocrx_word' id='word_1_693' title='bbox 2627 3806 2967 3874; x_wconf 84' lang='lat' dir='ltr'><strong>imaginibus,</strong></span> <span class='ocrx_word' id='word_1_694' title='bbox 3001 3804 3125 3876; x_wconf 86' lang='lat' dir='ltr'><strong>quid</strong></span> <span class='ocrx_word' id='word_1_695' title='bbox 3158 3805 3395 3861; x_wconf 78' lang='lat' dir='ltr'><strong>futurum</strong></span> <span class='ocrx_word' id='word_1_696' title='bbox 3423 3806 3489 3859; x_wconf 87' lang='lat' dir='ltr'><strong>sit</strong></span> <span class='ocrx_word' id='word_1_697' title='bbox 3516 3819 3614 3873; x_wconf 87' lang='lat' dir='ltr'><strong>pro</strong></span> <span class='ocrx_word' id='word_1_698' title='bbox 3637 3819 3733 3858; x_wconf 87' lang='lat' dir='ltr'><strong>sua</strong></span> <span class='ocrx_word' id='word_1_699' title='bbox 3765 3820 3869 3857; x_wconf 84' lang='lat' dir='ltr'><strong>vo-</strong></span> 
     </span>
    </p>
   </div>
   <div class='ocr_carea' id='block_1_91' title="bbox 2282 3895 3871 3970">
    <p class='ocr_par' dir='ltr' id='par_1_91' title="bbox 2282 3895 3871 3970">
     <span class='ocr_line' id='line_1_92' title="bbox 2282 3895 3871 3970; baseline -0.003 -15"><span class='ocrx_word' id='word_1_700' title='bbox 2282 3901 2488 3955; x_wconf 87' lang='lat' dir='ltr'><strong>luntate</strong></span> <span class='ocrx_word' id='word_1_701' title='bbox 2518 3900 2886 3970; x_wconf 87' lang='lat' dir='ltr'><strong>pronuntiant.</strong></span> <span class='ocrx_word' id='word_1_702' title='bbox 2912 3897 3024 3967; x_wconf 81' lang='lat' dir='ltr'><strong>Ego</strong></span> <span class='ocrx_word' id='word_1_703' title='bbox 3055 3907 3235 3954; x_wconf 89' lang='lat' dir='ltr'><strong>autem</strong></span> <span class='ocrx_word' id='word_1_704' title='bbox 3266 3914 3379 3954; x_wconf 87' lang='lat' dir='ltr'><strong>cum</strong></span> <span class='ocrx_word' id='word_1_705' title='bbox 3407 3895 3625 3951; x_wconf 86' lang='lat' dir='ltr'><strong>audiero</strong></span> <span class='ocrx_word' id='word_1_706' title='bbox 3654 3896 3871 3964; x_wconf 74' lang='lat' dir='ltr'><strong>fenum‘,</strong></span> 
     </span>
    </p>
   </div>
   <div class='ocr_carea' id='block_1_92' title="bbox 2279 3986 3871 4057">
    <p class='ocr_par' dir='ltr' id='par_1_92' title="bbox 2279 3986 3871 4057">
     <span class='ocr_line' id='line_1_93' title="bbox 2279 3986 3871 4057; baseline -0.002 -13"><span class='ocrx_word' id='word_1_707' title='bbox 2279 3988 2387 4044; x_wconf 85' lang='lat' dir='ltr'><strong>hoc</strong></span> <span class='ocrx_word' id='word_1_708' title='bbox 2425 3988 2666 4056; x_wconf 80' lang='lat' dir='ltr'><strong>intelligo</strong></span> <span class='ocrx_word' id='word_1_709' title='bbox 2695 3986 2841 4056; x_wconf 90' lang='lat' dir='ltr'><strong>quod</strong></span> <span class='ocrx_word' id='word_1_710' title='bbox 2871 3988 3070 4041; x_wconf 90' lang='lat' dir='ltr'><strong>dictum</strong></span> <span class='ocrx_word' id='word_1_711' title='bbox 3099 3995 3204 4042; x_wconf 89' lang='lat' dir='ltr'><strong>est.</strong></span> <span class='ocrx_word' id='word_1_712' title='bbox 3237 3987 3367 4041; x_wconf 83' lang='lat' dir='ltr'><strong>item</strong></span> <span class='ocrx_word' id='word_1_713' title='bbox 3400 3989 3572 4057; x_wconf 85' lang='lat' dir='ltr'><strong>pisces</strong></span> <span class='ocrx_word' id='word_1_714' title='bbox 3602 3993 3697 4041; x_wconf 89' lang='lat' dir='ltr'><strong>aut</strong></span> <span class='ocrx_word' id='word_1_715' title='bbox 3726 3994 3871 4056; x_wconf 82' lang='lat' dir='ltr'><strong>qua&#39;-</strong></span> 
     </span>
    </p>
   </div>
   <div class='ocr_carea' id='block_1_93' title="bbox 2279 4078 3899 4149">
    <p class='ocr_par' dir='ltr' id='par_1_93' title="bbox 2279 4078 3899 4149">
     <span class='ocr_line' id='line_1_94' title="bbox 2279 4078 3899 4149; baseline 0 -14"><span class='ocrx_word' id='word_1_716' title='bbox 2279 4079 2572 4149; x_wconf 77' lang='lat' dir='ltr'><strong>drupedes,</strong></span> <span class='ocrx_word' id='word_1_717' title='bbox 2633 4087 2724 4133; x_wconf 87' lang='lat' dir='ltr'><strong>aut</strong></span> <span class='ocrx_word' id='word_1_718' title='bbox 2765 4079 3025 4147; x_wconf 80' lang='lat' dir='ltr'><strong>virgulta,</strong></span> <span class='ocrx_word' id='word_1_719' title='bbox 3073 4078 3344 4147; x_wconf 89' lang='lat' dir='ltr'><strong>quomodo</strong></span> <span class='ocrx_word' id='word_1_720' title='bbox 3386 4078 3555 4134; x_wconf 78' lang='lat' dir='ltr'><strong>relata</strong></span> <span class='ocrx_word' id='word_1_721' title='bbox 3605 4086 3764 4143; x_wconf 87' lang='lat' dir='ltr'><strong>sunt,</strong></span> <span class='ocrx_word' id='word_1_722' title='bbox 3797 4078 3899 4135; x_wconf 74' lang='lat' dir='ltr'><strong>ita‘</strong></span> 
     </span>
    </p>
   </div>
   <div class='ocr_carea' id='block_1_94' title="bbox 2280 4169 3875 4244">
    <p class='ocr_par' dir='ltr' id='par_1_94' title="bbox 2280 4169 3875 4244">
     <span class='ocr_line' id='line_1_95' title="bbox 2280 4169 3875 4244; baseline 0.001 -21"><span class='ocrx_word' id='word_1_723' title='bbox 2280 4173 2521 4244; x_wconf 72' lang='lat' dir='ltr'><strong>percipio</strong></span> <span class='ocrx_word' id='word_1_724' title='bbox 2556 4191 2567 4223; x_wconf 87' lang='lat'>:</span> <span class='ocrx_word' id='word_1_725' title='bbox 2608 4170 2786 4244; x_wconf 83' lang='lat' dir='ltr'><strong>Neque</strong></span> <span class='ocrx_word' id='word_1_726' title='bbox 2813 4174 2951 4226; x_wconf 86' lang='lat' dir='ltr'><strong>enim</strong></span> <span class='ocrx_word' id='word_1_727' title='bbox 2978 4172 3219 4226; x_wconf 74' lang='lat' dir='ltr'><strong>erubesco</strong></span> <span class='ocrx_word' id='word_1_728' title='bbox 3244 4170 3585 4242; x_wconf 73' lang='lat' dir='ltr'><strong>Erangelium</strong></span> <span class='ocrx_word' id='word_1_729' title='bbox 3610 4169 3786 4243; x_wconf 78' lang='lat' dir='ltr'><strong>(Rom.</strong></span> <span class='ocrx_word' id='word_1_730' title='bbox 3813 4185 3875 4237; x_wconf 84' lang='lat' dir='ltr'><strong>tt,</strong></span> 
     </span>
    </p>
   </div>
   <div class='ocr_carea' id='block_1_95' title="bbox 2283 4258 3875 4336">
    <p class='ocr_par' dir='ltr' id='par_1_95' title="bbox 2283 4258 3875 4336">
     <span class='ocr_line' id='line_1_96' title="bbox 2283 4258 3875 4336; baseline -0.002 -18"><span class='ocrx_word' id='word_1_731' title='bbox 2283 4262 2394 4336; x_wconf 83' lang='lat' dir='ltr'><strong>l6).</strong></span> <span class='ocrx_word' id='word_1_732' title='bbox 2430 4263 2561 4318; x_wconf 85' lang='lat' dir='ltr'><strong>Nam</strong></span> <span class='ocrx_word' id='word_1_733' title='bbox 2593 4263 2717 4319; x_wconf 87' lang='lat' dir='ltr'><strong>licet</strong></span> <span class='ocrx_word' id='word_1_734' title='bbox 2755 4265 2807 4318; x_wconf 92' lang='lat' dir='ltr'><strong>hi</strong></span> <span class='ocrx_word' id='word_1_735' title='bbox 2851 4263 2942 4333; x_wconf 84' lang='lat' dir='ltr'><strong>qui</strong></span> <span class='ocrx_word' id='word_1_736' title='bbox 2990 4258 3056 4318; x_wconf 87' lang='lat' dir='ltr'><strong>de</strong></span> <span class='ocrx_word' id='word_1_737' title='bbox 3097 4262 3296 4317; x_wconf 89' lang='lat' dir='ltr'><strong>mundo</strong></span> <span class='ocrx_word' id='word_1_738' title='bbox 3327 4260 3479 4333; x_wconf 83' lang='lat' dir='ltr'><strong>plura</strong></span> <span class='ocrx_word' id='word_1_739' title='bbox 3510 4263 3875 4333; x_wconf 60' lang='lat' dir='ltr'><strong>scripserunt;</strong></span> 
     </span>
    </p>
   </div>
   <div class='ocr_carea' id='block_1_96' title="bbox 2268 4350 3877 4424">
    <p class='ocr_par' dir='ltr' id='par_1_96' title="bbox 2268 4350 3877 4424">
     <span class='ocr_line' id='line_1_97' title="bbox 2268 4350 3877 4424; baseline -0.001 -14"><span class='ocrx_word' id='word_1_740' title='bbox 2268 4360 2428 4410; x_wconf 86' lang='lat' dir='ltr'><strong>&#39;certa</strong></span> <span class='ocrx_word' id='word_1_741' title='bbox 2461 4354 2526 4409; x_wconf 89' lang='lat' dir='ltr'><strong>de</strong></span> <span class='ocrx_word' id='word_1_742' title='bbox 2571 4362 2729 4409; x_wconf 79' lang='lat' dir='ltr'><strong>terrae</strong></span> <span class='ocrx_word' id='word_1_743' title='bbox 2758 4350 3121 4409; x_wconf 84' lang='lat' dir='ltr'><strong>schematibus</strong></span> <span class='ocrx_word' id='word_1_744' title='bbox 3150 4352 3473 4424; x_wconf 77' lang='lat' dir='ltr'><strong>disputarint</strong></span> <span class='ocrx_word' id='word_1_745' title='bbox 3497 4394 3513 4418; x_wconf 91' lang='lat'><strong>,</strong></span> <span class='ocrx_word' id='word_1_746' title='bbox 3559 4352 3720 4408; x_wconf 88' lang='lat' dir='ltr'><strong>modo</strong></span> <span class='ocrx_word' id='word_1_747' title='bbox 3748 4364 3877 4409; x_wconf 86' lang='lat' dir='ltr'><strong>eam</strong></span> 
     </span>
    </p>
   </div>
   <div class='ocr_carea' id='block_1_97' title="bbox 2266 4442 3879 4518">
    <p class='ocr_par' dir='ltr' id='par_1_97' title="bbox 2266 4442 3879 4518">
     <span class='ocr_line' id='line_1_98' title="bbox 2266 4442 3879 4518; baseline -0.001 -16"><span class='ocrx_word' id='word_1_748' title='bbox 2266 4447 2502 4518; x_wconf 72' lang='lat' dir='ltr'><strong>sphaera:</strong></span> <span class='ocrx_word' id='word_1_749' title='bbox 2526 4489 2540 4512; x_wconf 91' lang='lat'><strong>,</strong></span> <span class='ocrx_word' id='word_1_750' title='bbox 2588 4446 2749 4502; x_wconf 89' lang='lat' dir='ltr'><strong>modo</strong></span> <span class='ocrx_word' id='word_1_751' title='bbox 2778 4442 3053 4518; x_wconf 85' lang='lat' dir='ltr'><strong>cylindro,</strong></span> <span class='ocrx_word' id='word_1_752' title='bbox 3094 4447 3255 4500; x_wconf 89' lang='lat' dir='ltr'><strong>modo</strong></span> <span class='ocrx_word' id='word_1_753' title='bbox 3282 4445 3487 4500; x_wconf 85' lang='lat' dir='ltr'><strong>circulo</strong></span> <span class='ocrx_word' id='word_1_754' title='bbox 3518 4445 3769 4507; x_wconf 86' lang='lat' dir='ltr'><strong>similem,</strong></span> <span class='ocrx_word' id='word_1_755' title='bbox 3822 4454 3879 4501; x_wconf 86' lang='lat' dir='ltr'><strong>et</strong></span> 
     </span>
    </p>
   </div>
   <div class='ocr_carea' id='block_1_98' title="bbox 2281 4534 3879 4609">
    <p class='ocr_par' dir='ltr' id='par_1_98' title="bbox 2281 4534 3879 4609">
     <span class='ocr_line' id='line_1_99' title="bbox 2281 4534 3879 4609; baseline -0.003 -17"><span class='ocrx_word' id='word_1_756' title='bbox 2281 4539 2578 4609; x_wconf 60' lang='lat' dir='ltr'><strong>aequalibus</strong></span> <span class='ocrx_word' id='word_1_757' title='bbox 2608 4537 2842 4605; x_wconf 91' lang='lat' dir='ltr'><strong>undique</strong></span> <span class='ocrx_word' id='word_1_758' title='bbox 2889 4538 3169 4592; x_wconf 81' lang='lat' dir='ltr'><strong>collectam</strong></span> <span class='ocrx_word' id='word_1_759' title='bbox 3209 4534 3452 4607; x_wconf 81' lang='lat' dir='ltr'><strong>partibus</strong></span> <span class='ocrx_word' id='word_1_760' title='bbox 3494 4536 3879 4604; x_wconf 78' lang='lat' dir='ltr'><strong>designantes,</strong></span> 
     </span>
    </p>
   </div>
   <div class='ocr_carea' id='block_1_99' title="bbox 2281 4617 3879 4698">
    <p class='ocr_par' dir='ltr' id='par_1_99' title="bbox 2281 4617 3879 4698">
     <span class='ocr_line' id='line_1_100' title="bbox 2281 4617 3879 4698; baseline -0.002 -11"><span class='ocrx_word' id='word_1_761' title='bbox 2281 4638 2336 4687; x_wconf 88' lang='lat' dir='ltr'><strong>et</strong></span> <span class='ocrx_word' id='word_1_762' title='bbox 2369 4617 2421 4687; x_wconf 84' lang='lat' dir='ltr'><strong>in</strong></span> <span class='ocrx_word' id='word_1_763' title='bbox 2454 4631 2630 4687; x_wconf 88' lang='lat' dir='ltr'><strong>medio</strong></span> <span class='ocrx_word' id='word_1_764' title='bbox 2660 4642 2779 4688; x_wconf 79' lang='lat' dir='ltr'><strong>esse</strong></span> <span class='ocrx_word' id='word_1_765' title='bbox 2810 4640 3014 4686; x_wconf 62' lang='lat' dir='ltr'><strong>cavam;</strong></span> <span class='ocrx_word' id='word_1_766' title='bbox 3057 4628 3136 4684; x_wconf 79' lang='lat' dir='ltr'><strong>Ad</strong></span> <span class='ocrx_word' id='word_1_767' title='bbox 3172 4643 3363 4685; x_wconf 88' lang='lat' dir='ltr'><strong>omnes</strong></span> <span class='ocrx_word' id='word_1_768' title='bbox 3391 4626 3534 4684; x_wconf 83' lang='lat' dir='ltr'><strong>enim</strong></span> <span class='ocrx_word' id='word_1_769' title='bbox 3563 4626 3879 4698; x_wconf 85' lang='lat' dir='ltr'><strong>bujusmodi</strong></span> 
     </span>
    </p>
   </div>
   <div class='ocr_carea' id='block_1_100' title="bbox 2268 4719 3875 4793">
    <p class='ocr_par' dir='ltr' id='par_1_100' title="bbox 2268 4719 3875 4793">
     <span class='ocr_line' id='line_1_101' title="bbox 2268 4719 3875 4793; baseline -0.004 -14"><span class='ocrx_word' id='word_1_770' title='bbox 2268 4723 2587 4793; x_wconf 78' lang='lat' dir='ltr'><strong>opiniones,</strong></span> <span class='ocrx_word' id='word_1_771' title='bbox 2642 4723 2936 4793; x_wconf 87' lang='lat' dir='ltr'><strong>scriptores</strong></span> <span class='ocrx_word' id='word_1_772' title='bbox 2982 4721 3406 4791; x_wconf 68' lang='lat' dir='ltr'><strong>cosmographia:</strong></span> <span class='ocrx_word' id='word_1_773' title='bbox 3445 4719 3687 4790; x_wconf 88' lang='lat' dir='ltr'><strong>prolapsi</strong></span> <span class='ocrx_word' id='word_1_774' title='bbox 3724 4728 3875 4782; x_wconf 87' lang='lat' dir='ltr'><strong>sunt,</strong></span> 
     </span>
    </p>
   </div>
   <div class='ocr_carea' id='block_1_101' title="bbox 2278 4812 3877 4883">
    <p class='ocr_par' dir='ltr' id='par_1_101' title="bbox 2278 4812 3877 4883">
     <span class='ocr_line' id='line_1_102' title="bbox 2278 4812 3877 4883; baseline -0.003 -14"><span class='ocrx_word' id='word_1_775' title='bbox 2278 4815 2416 4870; x_wconf 86' lang='lat' dir='ltr'><strong>alter</strong></span> <span class='ocrx_word' id='word_1_776' title='bbox 2444 4816 2666 4870; x_wconf 85' lang='lat' dir='ltr'><strong>alterius</strong></span> <span class='ocrx_word' id='word_1_777' title='bbox 2704 4813 2955 4883; x_wconf 77' lang='lat' dir='ltr'><strong>dogmata</strong></span> <span class='ocrx_word' id='word_1_778' title='bbox 2994 4813 3372 4870; x_wconf 86' lang='lat' dir='ltr'><strong>rescindendo.</strong></span> <span class='ocrx_word' id='word_1_779' title='bbox 3402 4812 3518 4881; x_wconf 73' lang='lat' dir='ltr'><strong>Ego</strong></span> <span class='ocrx_word' id='word_1_780' title='bbox 3548 4819 3730 4866; x_wconf 88' lang='lat' dir='ltr'><strong>tamen</strong></span> <span class='ocrx_word' id='word_1_781' title='bbox 3762 4826 3877 4865; x_wconf 88' lang='lat' dir='ltr'><strong>non</strong></span> 
     </span>
    </p>
   </div>
   <div class='ocr_carea' id='block_1_102' title="bbox 2278 4890 3881 4971">
    <p class='ocr_par' dir='ltr' id='par_1_102' title="bbox 2278 4890 3881 4971">
     <span class='ocr_line' id='line_1_103' title="bbox 2278 4890 3881 4971; baseline -0.003 -11"><span class='ocrx_word' id='word_1_782' title='bbox 2278 4905 2516 4971; x_wconf 86' lang='lat' dir='ltr'><strong>adducor</strong></span> <span class='ocrx_word' id='word_1_783' title='bbox 2556 4914 2613 4959; x_wconf 90' lang='lat' dir='ltr'><strong>ut</strong></span> <span class='ocrx_word' id='word_1_784' title='bbox 2641 4905 2813 4959; x_wconf 84' lang='lat' dir='ltr'><strong>dicam</strong></span> <span class='ocrx_word' id='word_1_785' title='bbox 2846 4905 3048 4959; x_wconf 89' lang='lat' dir='ltr'><strong>idcirco</strong></span> <span class='ocrx_word' id='word_1_786' title='bbox 3074 4904 3399 4959; x_wconf 87' lang='lat' dir='ltr'><strong>deteriorem</strong></span> <span class='ocrx_word' id='word_1_787' title='bbox 3440 4890 3685 4957; x_wconf 85' lang='lat' dir='ltr'><strong>nostram</strong></span> <span class='ocrx_word' id='word_1_788' title='bbox 3711 4917 3881 4956; x_wconf 56' lang='lat' dir='ltr'><strong>mult-</strong></span> 
     </span>
    </p>
   </div>
   <div class='ocr_carea' id='block_1_103' title="bbox 2277 4993 3882 5066">
    <p class='ocr_par' dir='ltr' id='par_1_103' title="bbox 2277 4993 3882 5066">
     <span class='ocr_line' id='line_1_104' title="bbox 2277 4993 3882 5066; baseline -0.001 -15"><span class='ocrx_word' id='word_1_789' title='bbox 2277 4995 2640 5053; x_wconf 76' lang='lat' dir='ltr'><strong>diﬁcationem</strong></span> <span class='ocrx_word' id='word_1_790' title='bbox 2670 4996 2839 5051; x_wconf 82' lang='lat' dir='ltr'><strong>videri</strong></span> <span class='ocrx_word' id='word_1_791' title='bbox 2875 5016 2886 5047; x_wconf 92' lang='lat'><em>:</em></span> <span class='ocrx_word' id='word_1_792' title='bbox 2933 4997 3058 5066; x_wconf 86' lang='lat' dir='ltr'><strong>quia</strong></span> <span class='ocrx_word' id='word_1_793' title='bbox 3103 4995 3236 5049; x_wconf 87' lang='lat' dir='ltr'><strong>nihil</strong></span> <span class='ocrx_word' id='word_1_794' title='bbox 3266 4994 3333 5051; x_wconf 85' lang='lat' dir='ltr'><strong>de</strong></span> <span class='ocrx_word' id='word_1_795' title='bbox 3361 4993 3729 5051; x_wconf 81' lang='lat' dir='ltr'><strong>schematibus</strong></span> <span class='ocrx_word' id='word_1_796' title='bbox 3758 4993 3882 5059; x_wconf 82' lang='lat' dir='ltr'><strong>ejus</strong></span> 
     </span>
    </p>
   </div>
   <div class='ocr_carea' id='block_1_104' title="bbox 2276 5084 3882 5156">
    <p class='ocr_par' dir='ltr' id='par_1_104' title="bbox 2276 5084 3882 5156">
     <span class='ocr_line' id='line_1_105' title="bbox 2276 5084 3882 5156; baseline -0.002 -13"><span class='ocrx_word' id='word_1_797' title='bbox 2276 5089 2507 5144; x_wconf 86' lang='lat' dir='ltr'><strong>lamulus</strong></span> <span class='ocrx_word' id='word_1_798' title='bbox 2550 5089 2647 5143; x_wconf 91' lang='lat' dir='ltr'><strong>Dei</strong></span> <span class='ocrx_word' id='word_1_799' title='bbox 2676 5087 2971 5153; x_wconf 88' lang='lat' dir='ltr'><strong>disseruit,</strong></span> <span class='ocrx_word' id='word_1_800' title='bbox 3023 5095 3079 5142; x_wconf 89' lang='lat' dir='ltr'><strong>et</strong></span> <span class='ocrx_word' id='word_1_801' title='bbox 3106 5087 3230 5156; x_wconf 89' lang='lat' dir='ltr'><strong>quia</strong></span> <span class='ocrx_word' id='word_1_802' title='bbox 3258 5084 3368 5142; x_wconf 77' lang='lat' dir='ltr'><strong>nun</strong></span> <span class='ocrx_word' id='word_1_803' title='bbox 3417 5085 3554 5140; x_wconf 81' lang='lat' dir='ltr'><strong>dixit</strong></span> <span class='ocrx_word' id='word_1_804' title='bbox 3581 5092 3662 5139; x_wconf 89' lang='lat' dir='ltr'><strong>tot</strong></span> <span class='ocrx_word' id='word_1_805' title='bbox 3708 5085 3882 5140; x_wconf 83' lang='lat' dir='ltr'><strong>millia</strong></span> 
     </span>
    </p>
   </div>
   <div class='ocr_carea' id='block_1_105' title="bbox 2276 5176 3883 5248">
    <p class='ocr_par' dir='ltr' id='par_1_105' title="bbox 2276 5176 3883 5248">
     <span class='ocr_line' id='line_1_106' title="bbox 2276 5176 3883 5248; baseline -0.002 -14"><span class='ocrx_word' id='word_1_806' title='bbox 2276 5180 2573 5234; x_wconf 86' lang='lat' dir='ltr'><strong>stadiorum</strong></span> <span class='ocrx_word' id='word_1_807' title='bbox 2603 5180 2869 5233; x_wconf 82' lang='lat' dir='ltr'><strong>ambitum</strong></span> <span class='ocrx_word' id='word_1_808' title='bbox 2918 5179 3126 5238; x_wconf 85' lang='lat' dir='ltr'><strong>telluris</strong></span> <span class='ocrx_word' id='word_1_809' title='bbox 3155 5185 3342 5237; x_wconf 84' lang='lat' dir='ltr'><strong>tenere</strong></span> <span class='ocrx_word' id='word_1_810' title='bbox 3364 5219 3379 5242; x_wconf 92' lang='lat'><strong>,</strong></span> <span class='ocrx_word' id='word_1_811' title='bbox 3431 5179 3516 5233; x_wconf 86' lang='lat' dir='ltr'><strong>vel</strong></span> <span class='ocrx_word' id='word_1_812' title='bbox 3544 5176 3694 5248; x_wconf 86' lang='lat' dir='ltr'><strong>quod</strong></span> <span class='ocrx_word' id='word_1_813' title='bbox 3726 5180 3883 5231; x_wconf 86' lang='lat' dir='ltr'><strong>meti-</strong></span> 
     </span>
    </p>
   </div>
   <div class='ocr_carea' id='block_1_106' title="bbox 2275 5268 3884 5340">
    <p class='ocr_par' dir='ltr' id='par_1_106' title="bbox 2275 5268 3884 5340">
     <span class='ocr_line' id='line_1_107' title="bbox 2275 5268 3884 5340; baseline 0.001 -18"><span class='ocrx_word' id='word_1_814' title='bbox 2275 5278 2362 5325; x_wconf 89' lang='lat' dir='ltr'><strong>tus</strong></span> <span class='ocrx_word' id='word_1_815' title='bbox 2390 5286 2496 5326; x_wconf 91' lang='lat' dir='ltr'><strong>non</strong></span> <span class='ocrx_word' id='word_1_816' title='bbox 2545 5279 2629 5324; x_wconf 87' lang='lat' dir='ltr'><strong>est</strong></span> <span class='ocrx_word' id='word_1_817' title='bbox 2668 5271 2882 5338; x_wconf 81' lang='lat' dir='ltr'><strong>quantis</strong></span> <span class='ocrx_word' id='word_1_818' title='bbox 2911 5270 3099 5340; x_wconf 83' lang='lat' dir='ltr'><strong>Spatiis</strong></span> <span class='ocrx_word' id='word_1_819' title='bbox 3126 5268 3473 5327; x_wconf 85' lang='lat' dir='ltr'><strong>obumbratio</strong></span> <span class='ocrx_word' id='word_1_820' title='bbox 3508 5269 3627 5338; x_wconf 86' lang='lat' dir='ltr'><strong>ejus</strong></span> <span class='ocrx_word' id='word_1_821' title='bbox 3667 5269 3725 5322; x_wconf 90' lang='lat' dir='ltr'><strong>in</strong></span> <span class='ocrx_word' id='word_1_822' title='bbox 3751 5285 3884 5323; x_wconf 82' lang='lat' dir='ltr'><strong>aere</strong></span> 
     </span>
    </p>
   </div>
   <div class='ocr_carea' id='block_1_107' title="bbox 2273 5360 3881 5431">
    <p class='ocr_par' dir='ltr' id='par_1_107' title="bbox 2273 5360 3881 5431">
     <span class='ocr_line' id='line_1_108' title="bbox 2273 5360 3881 5431; baseline -0.002 -15"><span class='ocrx_word' id='word_1_823' title='bbox 2273 5361 2628 5427; x_wconf 89' lang='lat' dir='ltr'><strong>distenditur,</strong></span> <span class='ocrx_word' id='word_1_824' title='bbox 2662 5378 2785 5418; x_wconf 88' lang='lat' dir='ltr'><strong>cum</strong></span> <span class='ocrx_word' id='word_1_825' title='bbox 2815 5362 2896 5417; x_wconf 89' lang='lat' dir='ltr'><strong>sol</strong></span> <span class='ocrx_word' id='word_1_826' title='bbox 2928 5363 3180 5431; x_wconf 88' lang='lat' dir='ltr'><strong>proprios</strong></span> <span class='ocrx_word' id='word_1_827' title='bbox 3207 5377 3398 5417; x_wconf 86' lang='lat' dir='ltr'><strong>cursus</strong></span> <span class='ocrx_word' id='word_1_828' title='bbox 3425 5361 3533 5430; x_wconf 80' lang='lat' dir='ltr'><strong>agit</strong></span> <span class='ocrx_word' id='word_1_829' title='bbox 3574 5360 3673 5415; x_wconf 90' lang='lat' dir='ltr'><strong>sub</strong></span> <span class='ocrx_word' id='word_1_830' title='bbox 3694 5368 3881 5423; x_wconf 72' lang='lat' dir='ltr'><strong>terra,</strong></span> 
     </span>
    </p>
   </div>
   <div class='ocr_carea' id='block_1_108' title="bbox 2265 5568 3883 5646">
    <p class='ocr_par' dir='ltr' id='par_1_108' title="bbox 2265 5568 3883 5646">
     <span class='ocr_line' id='line_1_109' title="bbox 2265 5568 3883 5646; baseline -0.002 -16"><span class='ocrx_word' id='word_1_831' title='bbox 2265 5568 2271 5573; x_wconf 60' lang='grc'><em>’</em></span> <span class='ocrx_word' id='word_1_832' title='bbox 2352 5574 2378 5613; x_wconf 78' lang='grc' dir='ltr'><strong>ι’</strong></span> <span class='ocrx_word' id='word_1_833' title='bbox 2409 5574 2549 5646; x_wconf 81' lang='lat' dir='ltr'><strong>Editi</strong></span> <span class='ocrx_word' id='word_1_834' title='bbox 2580 5582 2635 5646; x_wconf 86' lang='lat' dir='ltr'><strong>et</strong></span> <span class='ocrx_word' id='word_1_835' title='bbox 2655 5591 2808 5646; x_wconf 64' lang='lat' dir='ltr'><strong>mss,</strong></span> <span class='ocrx_word' id='word_1_836' title='bbox 2840 5572 3138 5646; x_wconf 71' lang='lat' dir='ltr'><strong>refutabant</strong></span> <span class='ocrx_word' id='word_1_837' title='bbox 3177 5593 3194 5630; x_wconf 89' lang='lat'><em>:</em></span> <span class='ocrx_word' id='word_1_838' title='bbox 3220 5575 3309 5630; x_wconf 88' lang='lat' dir='ltr'><strong>ubi</strong></span> <span class='ocrx_word' id='word_1_839' title='bbox 3339 5577 3673 5646; x_wconf 82' lang='lat' dir='ltr'><strong>suspicamur</strong></span> <span class='ocrx_word' id='word_1_840' title='bbox 3703 5575 3883 5644; x_wconf 78' lang='lat' dir='ltr'><strong>scrip-</strong></span> 
     </span>
    </p>
   </div>
   <div class='ocr_carea' id='block_1_109' title="bbox 2267 5644 3881 5716">
    <p class='ocr_par' dir='ltr' id='par_1_109' title="bbox 2267 5644 3881 5716">
     <span class='ocr_line' id='line_1_110' title="bbox 2267 5644 3881 5716; baseline -0.002 -14"><span class='ocrx_word' id='word_1_841' title='bbox 2267 5647 2408 5714; x_wconf 80' lang='lat' dir='ltr'><strong>sisse</strong></span> <span class='ocrx_word' id='word_1_842' title='bbox 2437 5644 2801 5716; x_wconf 45' lang='lat' dir='ltr'><strong>Eusta’thium,</strong></span> <span class='ocrx_word' id='word_1_843' title='bbox 2846 5644 3189 5716; x_wconf 80' lang='lat' dir='ltr'><strong>repudiabant</strong></span> <span class='ocrx_word' id='word_1_844' title='bbox 3222 5664 3233 5698; x_wconf 91' lang='lat'>:</span> <span class='ocrx_word' id='word_1_845' title='bbox 3274 5663 3395 5701; x_wconf 90' lang='lat' dir='ltr'><strong>cum</strong></span> <span class='ocrx_word' id='word_1_846' title='bbox 3425 5644 3686 5714; x_wconf 76' lang='lat' dir='ltr'><strong>scriptum</strong></span> <span class='ocrx_word' id='word_1_847' title='bbox 3716 5647 3881 5698; x_wconf 78' lang='lat' dir='ltr'><strong>inve-</strong></span> 
     </span>
    </p>
   </div>
   <div class='ocr_carea' id='block_1_110' title="bbox 2270 5714 3923 5792">
    <p class='ocr_par' dir='ltr' id='par_1_110' title="bbox 2270 5714 3923 5792">
     <span class='ocr_line' id='line_1_111' title="bbox 2270 5714 3923 5792; baseline -0.001 -20"><span class='ocrx_word' id='word_1_848' title='bbox 2270 5733 2486 5792; x_wconf 33' lang='lat' dir='ltr'><strong>p‘tamus</strong></span> <span class='ocrx_word' id='word_1_849' title='bbox 2529 5714 2668 5792; x_wconf 75' lang='lat' dir='ltr'><strong>apud</strong></span> <span class='ocrx_word' id='word_1_850' title='bbox 2703 5714 2995 5792; x_wconf 75' lang='lat' dir='ltr'><strong>Basiliam,</strong></span> <span class='ocrx_word' id='word_1_851' title='bbox 3026 5725 3373 5792; x_wconf 72' lang='grc' dir='ltr'><strong>παρῃτθῦντο.</strong></span> <span class='ocrx_word' id='word_1_852' title='bbox 3415 5716 3707 5785; x_wconf 74' lang='lat' dir='ltr'><strong>Aliquanto</strong></span> <span class='ocrx_word' id='word_1_853' title='bbox 3750 5723 3879 5783; x_wconf 76' lang='lat' dir='ltr'><strong>post</strong></span> <span class='ocrx_word' id='word_1_854' title='bbox 3902 5772 3923 5791; x_wconf 40' lang='lat' dir='ltr'><strong><em>I</em></strong></span> 
     </span>
    </p>
   </div>
   <div class='ocr_carea' id='block_1_111' title="bbox 2268 5783 3106 5857">
    <p class='ocr_par' dir='ltr' id='par_1_111' title="bbox 2268 5783 3106 5857">
     <span class='ocr_line' id='line_1_112' title="bbox 2268 5783 3106 5857; baseline -0.001 -16"><span class='ocrx_word' id='word_1_855' title='bbox 2268 5783 2439 5841; x_wconf 51' lang='lat' dir='ltr'><strong>(Lolbﬁ</strong></span> <span class='ocrx_word' id='word_1_856' title='bbox 2469 5783 2753 5852; x_wconf 79' lang='lat' dir='ltr'><strong>secundus,</strong></span> <span class='ocrx_word' id='word_1_857' title='bbox 2784 5803 2849 5840; x_wconf 73' lang='lat' dir='ltr'><strong>ea:</strong></span> <span class='ocrx_word' id='word_1_858' title='bbox 2878 5803 2957 5840; x_wconf 87' lang='lat' dir='ltr'><strong>me</strong></span> <span class='ocrx_word' id='word_1_859' title='bbox 2982 5783 3106 5857; x_wconf 68' lang='lat' dir='ltr'><strong>ipse.</strong></span> 
     </span>
    </p>
   </div>
  </div>
