4192 6258
356 371 459 429 9.7

1346 374 1744 431 HEXAEMERI
1787 373 2269 435 METAPHRASIS
2308 381 2503 436 LIBER
2542 381 2629 438 ιΧ.

3538 384 3645 444 958

359 486 449 556 qui
492 502 614 541 cum
654 485 792 542 luna:
830 486 1289 556 propinquaverit,
1340 486 1558 541 luminis
1601 488 1648 540 ci
1678 486 1944 541 defectum
1976 488 2023 551 Α
2057 492 2263 546 tiuntur
2292 493 2575 561 originem.
2609 493 2805 565 Ejiriul
2835 506 2972 551 terra
2998 514 3229 552 ammam
3256 500 3435 552 virum.
3469 486 3646 551 l'equ

361 583 596 646 pt‘mstat.
631 576 707 631 De
750 576 945 646 quibus
970 576 1216 631 omnibus
1252 567 1550 647 prudenter
1593 577 1681 632 ille
1708 578 1943 643 reticuit,

358 669 535 724 sciens
558 662 764 724 inutilia
792 667 945 724 nobis
983 667 1169 723 haberi
1204 683 1325 737 qua:
1366 668 1431 723 ad
1463 685 1566 723 nos
1589 668 1806 722 minime
1826 683 1949 738 per-

359 762 606 817 tinerent.
646 761 770 816 Ideo
799 776 869 815 ne
894 771 917 797 ε·
946 759 1209 816 debemus
1237 761 1401 815 verba
1434 760 1736 831 spiritualia
1757 758 1946 813 viliora

358 871 480 923 esse
526 856 830 912 vanissimis
871 852 1314 925 philosophorum
1366 852 1754 910 assertionibus
1798 851 1945 906 arbi-

355 947 490 1001 trari
516 989 536 1014 ,
574 954 628 1009 et
674 962 781 1001 non
811 944 1115 1014 gloriﬁcare
1160 946 1341 1016 potius
1371 944 1541 1001 Deum
1570 944 1663 1016 qui
1706 950 1947 999 nostram

356 1046 591 1093 mentem
641 1034 925 1107 superfluis
969 1036 1188 1107 quidem
1235 1037 1623 1107 quaestionibus
1663 1036 1944 1100 liberavit,

302 1161 309 1170 -
355 1127 425 1182 ad
472 1127 784 1183 excitandas
830 1142 963 1183 vero
993 1126 1437 1197 aedilicandasque
1483 1139 1700 1182 nostras
1741 1128 1947 1181 animas

354 1218 620 1293 prolicere
647 1227 842 1275 cuncta
866 1218 1173 1290 disposuit?
1203 1217 1357 1275 Unde
1385 1218 1636 1275 videntur
1663 1218 1796 1275 mihi
1822 1218 1945 1288 qui-

354 1314 477 1368 dum
510 1329 690 1369 rerum
723 1313 918 1384 ignari,
951 1312 1351 1369 seductiouibns
1375 1313 1555 1384 pravis
1593 1320 1647 1367 et
1676 1311 1939 1367 suasionis

351 1403 452 1462 bus
464 1404 609 1460 falsis
624 1405 773 1470 eniti,
790 1420 900 1474 quo
928 1403 1175 1476 possintb
1203 1404 1505 1459 honestatis
1525 1402 1818 1473 quemdam
1848 1418 1943 1457 co—

353 1495 544 1563 iorem,
573 1511 673 1565 per
701 1505 1015 1566 argumenta
1046 1496 1282 1567 propria,
1307 1495 1500 1550 divinis
1528 1493 1823 1567 Scripturis
1847 1495 1945 1549 ob-

351 1587 570 1649 ducere.
617 1587 771 1655 Quod
813 1589 941 1660 quid
982 1589 1124 1643 aliud
1167 1589 1571 1657 intelligendum
1614 1598 1733 1655 est,
1782 1604 1944 1657 quam

349 1680 711 1749 sapientiores
739 1695 797 1735 se
826 1694 948 1734 esse
973 1680 1105 1733 tales
1135 1679 1381 1734 homines
1404 1679 1583 1734 verbis
1613 1676 1943 1748 spiritalibus

350 1769 611 1842 profiteri,
641 1778 845 1839 suaque
873 1767 1041 1837 magis
1069 1769 1211 1824 dicta
1242 1769 1342 1824 sub
1371 1776 1644 1839 prmtextu
1669 1769 1940 1838 interpre-

2053 582 2149 641 des
2184 602 2373 641 omnes
2404 595 2632 642 terrcnm
2667 596 2812 652 sunt,
2859 584 2928 644 ob
2959 590 3060 645 hoc
3090 590 3413 645 inclinantur
3437 586 3504 643 ad
3531 596 3641 643 ter-

2052 696 2184 734 ram.
2238 681 2343 736 Sed
2392 682 2496 736 alia
2557 689 2637 738 est
2678 681 2702 719 ἀ
2755 683 2933 754 planta
2983 684 3215 739 caelestis
3272 682 3432 737 homo
3482 699 3496 735 :
3547 682 3641 751 qui

2053 782 2312 841 quantum
2339 772 2523 827 habitu
2549 773 2750 844 figurae,
2780 766 2985 829 tantum
3011 773 3270 843 dignitate
3299 771 3461 827 distat
3483 786 3513 826 a
3541 774 3639 842 pe-"

2052 862 2289 917 COribus.
2342 874 2365 901 °
2397 862 2617 919 illorum
2650 865 2811 921 facies
2839 864 3092 920 deorsum
3125 863 3284 929 fiexa,
3319 872 3638 933 uterumque

2050 958 2399 1022 prospectat,
2445 962 2501 1008 et
2557 954 2704 1025 quod
2752 955 2866 1024 ejus
2922 952 3125 1009 libidini
3177 954 3472 1025 jucundum
3515 961 3639 1021 est,

2032 1041 2158 1097 ‘hoc
2204 1050 2443 1098 sectatur
2490 1064 2500 1097 :
2542 1054 2689 1099 tuum
2722 1061 2853 1099 vero
2900 1055 3061 1127 caput
3099 1044 3165 1100 ad
3195 1044 3387 1100 coelum
3426 1054 3641 1114 semper

2051 1134 2292 1203 erigitur,
2331 1136 2473 1190 oculi
2505 1137 2579 1190 tui
2609 1150 2839 1206 superna
2869 1136 3183 1207 respiciunt.
3215 1135 3319 1190 Sed
3347 1136 3391 1189 si
3423 1140 3476 1189 tu
3507 1150 3640 1205 quo-

2050 1242 2157 1294 que
2198 1228 2443 1296 corporis
2482 1230 2534 1282 te
2566 1228 2930 1298 voluptatibus
2971 1227 3291 1291 foedaveris,
3338 1224 3641 1280 obedientlo

2050 1314 2200 1371 luxui
2230 1317 2451 1380 ventris,
2481 1324 2535 1372 et
2564 1318 2905 1373 inferioribus
2934 1316 3049 1387 ejus
3078 1317 3337 1388 partibus,
3368 1322 3639 1386 compara-

2058 1417 2139 1461 tus
2179 1425 2233 1461 es
2269 1410 2518 1480 jumenlis
2567 1410 2951 1464 iuseusibilibus
2975 1450 2988 1475 ,
3022 1418 3076 1463 et
3105 1409 3289 1462 similis
3334 1407 3441 1461 illis
3472 1408 3638 1477 factus

2053 1496 2224 1567 (Psal.
2258 1515 2437 1564 xtvm,
2470 1497 2586 1568 15).
2616 1498 2685 1553 'At
2714 1514 2843 1554 vero
2874 1500 2967 1554 tibi
2993 1501 3093 1553 alia
3123 1498 3424 1573 sollicitudo
3453 1497 3639 1550 nimis-

2049 1606 2153 1659 que
2207 1589 2402 1645 decora
2455 1600 2536 1645 est
2592 1592 2866 1660 quaerendi
2921 1590 3205 1657 sublimia,
3268 1591 3359 1645 ubi
3411 1590 3641 1643 habetur

2047 1678 2293 1735 Christus
2339 1681 2472 1751 (Col.
2506 1698 2559 1737 ιιι
2588 1728 2600 1749 ,
2649 1681 2722 1752 l).
2768 1680 3034 1736 Convenit
3074 1683 3214 1737 enim
3246 1682 3405 1736 altius
3432 1687 3486 1735 te
3512 1679 3638 1735 ferri

2048 1775 2417 1840 terrestribus,
2450 1784 2509 1829 ut
2530 1774 2805 1844 quomodo
2830 1784 2987 1830 natus
3017 1791 3095 1844 es,
3129 1776 3200 1829 ita
3232 1775 3501 1845 propriam
3530 1773 3640 1827 dis-

353 1859 576 1917 tationis
604 1861 881 1915 astruere?
910 1859 1251 1932 Quapropter
1280 1869 1338 1914 ut
1380 1860 1637 1929 scriptum
1668 1866 1751 1914 est
1794 1858 1947 1913 intel-
1974 1845 2025 1922 Β
2051 1878 2221 1932 ponas
2247 1865 2432 1919 vitam.
2456 1864 2808 1921 Conversatio
2838 1874 2928 1921 tua
2959 1866 3029 1921 sit
3056 1866 3107 1921 in
3138 1866 3276 1921 ecelo
3296 1864 3525 1937 (Philip.
3558 1878 3638 1929 ut,

351 1952 548 2022 ligatur
580 1970 593 2005 :
632 1949 823 2023 Ejiciat
853 1959 993 2006 terra
1018 1954 1251 2008 animam
1280 1953 1440 2006 vivam
1470 1950 1719 2023 pecudum
1748 1958 1795 2005 et
1824 1950 1940 2005 bes-

352 2048 543 2102 tiarum
574 2057 623 2102 et
649 2055 971 2118 serpentum.
1114 2038 1120 2044 ’

418 2139 474 2195 2.
518 2138 749 2194 Adverte
795 2139 954 2208 igitur
1001 2138 1096 2193 Dei
1132 2140 1355 2193 verbum
1415 2153 1639 2193 currens
1686 2153 1785 2209 per
1819 2152 1941 2193 om-

350 2249 475 2290 nem
498 2239 821 2307 creaturam.
847 2230 1001 2298 Quod
1027 2229 1245 2301 quidem
1272 2230 1400 2285 olim
1424 2231 1587 2301 coepit
1613 2249 1624 2283 :
1646 2229 1741 2286 sed
1763 2244 1935 2300 usque

351 2340 493 2380 nunc
520 2331 778 2394 operatur
806 2332 862 2386 et
887 2331 1141 2394 properat
1170 2322 1238 2377 ad
1268 2322 1446 2389 linem,
1487 2322 1660 2378 donec
1689 2338 1943 2378 consum-

352 2417 648 2472 mationem
678 2414 906 2471 mundus
936 2415 1186 2485 accipiat.
1220 2414 1369 2470 Sicut
1398 2415 1540 2469 enim
1582 2414 1688 2485 pila
1717 2430 1839 2469 cum
1875 2411 1943 2468 ab

352 2509 532 2577 aliquo
568 2506 727 2562 fuerit
774 2507 1032 2576 impulsa,
1065 2522 1185 2561 cum
1216 2507 1389 2576 spatia
1420 2505 1627 2561 devexa
1657 2504 1941 2575 repererit,

355 2600 468 2671 ipsa
511 2599 594 2654 sui
635 2597 1006 2663 volubilitate,
1057 2597 1270 2667 locique
1317 2598 1659 2668 prociivitate
1705 2596 1946 2651 velocius

353 2689 569 2745 incitata
600 2687 901 2759 perfertur,
948 2703 1048 2744 nec
1071 2688 1220 2759 prius
1252 2696 1398 2743 stare
1434 2688 1655 2759 poterit,
1687 2702 1849 2757 quam
1878 2685 1946 2741 ad

354 2782 510 2852 plana
539 2780 864 2846 descendat,
901 2781 973 2835 ita
1014 2789 1207 2835 natura
1234 2797 1415 2836 rerum
1460 2780 1553 2836 Dei
1583 2780 1946 2852 przeceptione

357 2877 648 2935 commota,
680 2869 1013 2924 nasccntium
1043 2869 1500 2940 morientiumque
1529 2869 1789 2926 facturam
1817 2883 1944 2939 pas-

356 2963 453 3015 sim
495 2967 787 3031 penetrans
811 3002 827 3027 ,
858 2959 1281 3029 uniuscujusque
1324 2961 1539 3029 generis
1576 2960 1819 3016 sobolem
1849 2975 1948 3030 per

356 3050 754 3107 similitudinem
801 3051 882 3105 sui
915 3050 1150 3106 custodit
1176 3052 1486 3121 aequaliter,
1519 3052 1693 3107 donec
1739 3052 1809 3106 ad
1837 3060 1948 3108 sta-

357 3152 528 3199 tutum
558 3143 847 3198 terminum
870 3140 1048 3196 valeat
1075 3142 1376 3212 pervenire.
1408 3140 1618 3213 Equum
1647 3143 1790 3197 enim
1820 3142 1949 3199 facit

2049 1954 2161 2023 20),
2196 1971 2321 2011 vera
2354 1957 2451 2011 tibi
2496 1958 2666 2027 patria
2697 1964 2780 2012 est
2818 1954 3429 2028 superior‘liierus’alem
3450 1999 3465 2023 ,
3495 1958 3640 2011 cives

2048 2054 2105 2100 et
2152 2046 2366 2103 sodales
2423 2047 2592 2105 habes
2643 2049 3036 2119 primogenitos
3086 2049 3350 2119 ascriptos
3398 2049 3450 2102 in
3502 2047 3639 2103 curio

2050 2137 2240 2208 (Hebr.
2273 2154 2366 2203 xu,
2398 2139 2476 2209 ‘2).

2064 2291 2081 2308 ο
2119 2226 2170 2280 5.
2207 2226 2406 2299 Ejiciat
2451 2237 2589 2284 terra
2618 2216 2847 2284 animum
2894 2231 3080 2284 tivam.
3130 2229 3296 2300 igitur
3336 2229 3639 2299 quadrupe-

2048 2318 2174 2373 dum
2225 2321 2400 2373 anima
2428 2362 2441 2385 ,
2494 2337 2599 2375 non
2645 2322 2772 2376 olim
2819 2322 2919 2377 sub
2965 2329 3108 2378 terra
3149 2324 3418 2393 reposita,
3461 2324 3639 2379 subito

2049 2420 2176 2464 tunc
2207 2411 2377 2479 ejecta
2422 2412 2691 2482 prosiluit,
2721 2412 2815 2467 sed
2843 2413 3000 2468 simul
3035 2423 3216 2470 creata
3243 2421 3325 2469 est
3353 2429 3473 2470 cum
3498 2424 3639 2483 prte-

2049 2508 2229 2570 cepto.
2280 2499 2393 2555 Una
2436 2511 2519 2557 est
2565 2503 2668 2557 illis
2697 2504 2891 2569 anima,
2925 2511 2980 2559 et
3006 2504 3170 2560 decor
3191 2505 3365 2559 omnis
3394 2505 3446 2559 in
3474 2502 3639 2573 figura

2056 2589 2075 2627 τ
2108 2590 2321 2647 locatus
2356 2610 2369 2645 :
2423 2583 2844 2664 pioprictatibus
2872 2596 3035 2652 variis
3077 2593 3296 2664 singulae
3323 2595 3638 2650 discernun-

2051 2691 2158 2737 tur.
2188 2683 2358 2738 Boves
2381 2697 2572 2754 graves
2601 2695 2746 2753 suut,
2776 2694 2834 2741 et
2863 2689 3197 2754 constantes,
3226 2686 3361 2741 asini
3395 2686 3638 2755 hebetes,

2050 2777 2211 2832 calidi
2246 2777 2371 2847 equi
2412 2777 2679 2833 desiderio
2724 2778 3062 2834 feminarum.-
3099 2779 3281 2851 Lupus
3321 2779 3634 2844 indomitus,

2009 2935 2012 2938 ἢ
2050 2870 2238 2939 vulpes
2264 2868 2491 2934 dolosa,
2543 2885 2737 2927 cervus
2781 2871 3036 2937 timidus,
3082 2871 3348 2927 laboriosa
3397 2870 3640 2940 formica,

2040 2958 2327 3028 'gratilicus
2367 2960 2544 3025 canis,
2592 2966 2648 3016 et
2676 2972 2887 3016 memor
2911 2962 3178 3027 amicitia‘,
3203 2962 3641 3033 singularumque

2052 3050 2421 3106 nativitatibns
2469 3066 2680 3107 morum
2711 3053 2874 3109 etiam
2923 3054 3212 3123 qualitates
3241 3063 3438 3125 aptatae
3477 3062 3641 3122 sunt»,
3723 3078 3729 3084 ο

2051 3143 2191 3197 sicut
2232 3142 2507 3198 iracundia
2545 3150 2909 3212 congenerata
2953 3144 3095 3199 leoni
3142 3152 3264 3206 est,
3313 3152 3368 3198 et
3408 3142 3643 3198 solitudo

358 3251 496 3306 equo
542 3233 832 3289 succedere
851 3273 867 3299 ,
911 3238 967 3287 et
998 3231 1217 3287 leonem
1244 3232 1405 3297 leoni,
1438 3242 1493 3288 et
1522 3232 1758 3302 aquilam
1791 3235 1947 3303 aqui-
1975 3235 2023 3300 C
2052 3234 2487 3289 conversationis
2508 3277 2522 3298 ,
2562 3234 2926 3304 similiumque
2963 3235 3175 3291 vitatio.
3221 3234 3352 3289 Nam
3380 3235 3529 3290 velut
3559 3243 3643 3306 ty»-

358 3324 456 3392 iac,
502 3334 558 3381 et
585 3324 822 3393 singulas
867 3323 1184 3386 animantes,
1217 3320 1559 3395 sequentium
1606 3326 1950 3381 successione

358 3425 593 3481 servata,
621 3430 794 3483 usque
824 3413 890 3468 ad
933 3411 1093 3468 finem
1140 3428 1319 3467 rerum
1366 3415 1609 3469 omnium
1636 3416 1951 3484 exitumque

359 3504 622 3579 perducit.
668 3503 884 3559 Nullum
933 3504 1075 3558 enim
1106 3511 1321 3574 tempus
1360 3502 1560 3559 valebit
1589 3506 1951 3575 proprietates

361 3595 713 3649 animantium
740 3600 1098 3660 commutare,
1127 3592 1223 3648 sed
1261 3600 1519 3662 tanquam
1548 3610 1721 3665 nuper
1750 3596 1952 3650 consti-

362 3693 476 3740 tuta
509 3688 696 3739 natura
730 3683 820 3747 sit,
855 3684 926 3738 ita
956 3682 1148 3739 r'ccens
1186 3682 1358 3739 fertur
1384 3700 1506 3739 cum
1534 3694 1796 3755 tempore.
1829 3686 1948 3757 Eji-

361 3781 463 3844 ciat
499 3787 639 3832 terra
682 3777 911 3831 animam
939 3778 1124 3831 vivam.
1157 3775 1283 3832 Haec
1317 3779 1609 3848 przeceptio
1654 3780 1852 3833 mansit
1895 3780 1950 3834 in

362 3882 503 3928 terra
528 3914 543 3939 ,
584 3879 638 3928 et
678 3870 983 3926 nullatenus
1013 3866 1317 3925 famulando
1352 3879 1373 3909 ε
1412 3869 1617 3924 desinit
1642 3866 1945 3925 Conditori.

363 3963 525 4020 Certa
574 3964 718 4020 enim
749 3978 815 4017 ex
842 3976 1031 4017 eorum
1069 3962 1390 4032 posteritate
1428 3976 1550 4031 quze
1595 3962 1770 4031 prima
1809 3960 1950 4016 faeta

363 4066 505 4123 sunt,
536 4057 682 4112 nasci
713 4068 821 4111 non
847 4052 1068 4110 dubium
1090 4061 1189 4119 est,
1224 4055 1326 4108 alia
1353 4054 1420 4109 de
1446 4063 1590 4109 terra
1614 4068 1758 4108 nunc
1784 4053 1950 4108 etiam

364 4147 579 4205 formari
609 4150 662 4203 et
692 4145 951 4202 vivificari
980 4145 1364 4215 conspicimus.
1416 4143 1532 4200 Non
1561 4145 1707 4200 enim
1729 4143 1946 4200 cicadas

364 4242 537 4298 solum
566 4256 634 4295 ex
676 4236 936 4294 imbribus
964 4237 1137 4305 rigata
1167 4234 1434 4306 producit,
1462 4235 1548 4289 vel
1584 4236 1688 4290 alia
1719 4236 1949 4305 plurima

365 4335 661 4391 volatilium
699 4332 864 4387 millia
883 4372 897 4397 ,
928 4344 1159 4401 quorum
1187 4329 1423 4383 maxima
1451 4342 1575 4399 pars
1618 4336 1840 4397 propter
1866 4327 1951 4383 sui

368 4428 679 4483 tenuitatem
703 4420 979 4481 vocabulis
1006 4430 1188 4487 caret;
1213 4420 1309 4475 sed
1328 4420 1491 4475 etiam
1516 4433 1698 4474 mures
1720 4427 1951 4474 etranas

366 4539 434 4578 ex
480 4519 905 4589 terra'generari
931 4516 1196 4572 videmus.
1231 4515 1474 4585 Denique
1519 4516 1571 4569 in
1619 4512 1951 4584 Egyptiacis

2054 3339 2257 3379 rannus
2285 3326 2502 3394 quidam
2550 3321 2873 3391 bestiarum,
2920 3328 3051 3382 vitio
3092 3328 3356 3399 superbia:
3384 3315 3644 3383 mitnralis

2051 3417 2226 3473 elatus
2272 3417 2468 3487 refugit
2511 3419 2739 3473 aliorum
2786 3420 3286 3484 consociatiomem,
3332 3435 3431 3474 nec
3460 3421 3645 3488 quoti-

2052 3507 2217 3561 diano
2247 3509 2370 3563 cibo
2399 3511 2657 3578 pascitur,
2691 3510 2939 3579 quamvis
2967 3510 3221 3579 reliquias
3242 3525 3352 3564 sum
3381 3502 3643 3579 captionis

2053 3599 2265 3653 adierit.
2302 3599 2436 3654 Huic
2467 3600 2689 3653 nimium
2738 3601 2940 3668 grande
2970 3602 3116 3655 vocis
3144 3600 3501 3655 ministerium
3542 3614 3641 3653 na-

2052 3701 2171 3746 tura
2204 3691 2497 3761 perhibuit,
2529 3691 2665 3747 adeo
2695 3699 2755 3746 ut
2782 3699 2944 3747 certae
2982 3692 3362 3763 quadrupedes
3385 3707 3504 3747 cum
3533 3692 3642 3746 sint

2051 3798 2209 3837 cursu
2256 3783 2592 3851 velociores,
2636 3785 2812 3853 rugitu
2862 3784 2978 3852 ejus
3025 3783 3318 3854 pavefacta;
3367 3783 3640 3853 deficiant.

2053 3873 2259 3929 Torvns
2288 3880 2370 3928 est
2400 3871 2617 3943 pardus,
2659 3882 2714 3927 et
2741 3882 2933 3928 acutus
2974 3874 3027 3927 in
3059 3874 3261 3944 impetu
3290 3873 3644 3928 conveniens-

2051 3979 2157 4034 que
2186 3965 2349 4019 animi
2396 3964 2478 4018 sui
2529 3964 2763 4018 motibus
2803 3965 2968 4019 habet
3005 3978 3222 4035 corpus.
3242 3962 3513 4027 ,Ursorum
3552 3978 3642 4019 se-

2051 4056 2207 4125 gnior
2234 4064 2425 4110 natura
2444 4063 2545 4120 est,
2580 4070 2731 4110 mens
2759 4064 2973 4125 aspera,
2998 4054 3248 4121 subdola,
3272 4064 3327 4110 et
3356 4072 3465 4110 non
3496 4065 3520 4103 κ
3548 4057 3641 4111 mi-
3682 4082 3689 4085 ν

2051 4163 2153 4204 nus
2178 4149 2330 4212 setis,
2371 4160 2532 4217 quam
2559 4147 2831 4203 simultate
2871 4155 3140 4204 contecta.
3171 4147 3327 4214 Quod
3356 4149 3400 4204 si
3429 4160 3640 4205 sermo-

2051 4254 2176 4295 nem
2213 4240 2372 4295 latius
2402 4240 2775 4304 extendentes,
2806 4239 3136 4294 voluerimus
3173 4253 3416 4295 asserere
3440 4248 3641 4308 quanta

2054 4332 2237 4387 multis
2285 4332 2606 4386 animalibus
2652 4330 2931 4399 diligentia
2978 4329 3363 4386 conservanda:
3407 4332 3641 4401 propria:

2052 4424 2241 4479 salutis
2260 4425 2378 4481 sine
2404 4424 2723 4495 cujusquam
2750 4422 3040 4479 traditione
3068 4423 3395 4494 suppeditet,
3416 4421 3641 4477 fortasse

2052 4516 2270 4584 quidem
2297 4517 2642 4573 incitabimur
2661 4530 2787 4586 erga
2810 4514 3045 4572 studium
3062 4524 3263 4572 nostra:
3287 4515 3602 4572 munitionis
3624 4531 3639 4567 :

367 4614 565 4683 Thebis
588 4655 602 4677 ,
651 4616 697 4669 si
724 4611 935 4684 pluvias
959 4609 1219 4679 largiores
1246 4609 1435 4663 aestivo
1465 4616 1706 4678 tempore
1731 4605 1947 4672 fuderit,
1981 4615 2035 4676 ι)
2053 4606 2148 4661 sed
2171 4622 2368 4661 vereor
2395 4623 2467 4662 ne
2508 4608 2558 4662 in
2599 4608 2915 4663 :emulandis
2942 4607 3370 4677 quoquebestiis
3409 4608 3643 4662 minores

365 4722 488 4761 mox
532 4702 1019 4769 inﬁnitismuribus
1047 4698 1195 4767 regio
1222 4705 1332 4752 tota
1359 4697 1676 4767 completur.
1724 4696 1948 4767 Anguil-

364 4799 443 4853 las
464 4802 627 4854 etiam
658 4812 765 4851 non
795 4795 953 4849 aliter
982 4793 1081 4847 nisi
1111 4792 1177 4851 de
1218 4806 1378 4845 cteno
1404 4791 1552 4845 nasci
1590 4790 1945 4845 certissimum

235 4916 265 4972 ξ-
364 4900 464 4958 est,
495 4903 723 4961 quarum
766 4901 935 4958 genus
973 4899 1075 4939 nee
1100 4899 1282 4948 ovum,
1315 4897 1417 4938 nec
1442 4882 1581 4937 alter
1607 4882 1803 4951 aliquis
1824 4898 1949 4953 par-

364 4991 450 5037 tus
486 4971 768 5044 instaurat,
805 4974 898 5033 sed
928 4984 985 5030 ut
1011 4974 1265 5030 diximus.
1297 4971 1364 5059 de
1403 4973 1806 5060 limolgignendi
1832 4989 1951 5028 sor—
1975 4982 1993 5005 '

434 5130 459 5156 α
491 5119 645 5174 Colb.
690 5114 988 5179 secundus,
1027 5113 1210 5168 ideone
1235 5126 1378 5183 ergo.
1418 5110 1782 5183 lbidem__mss.
1816 5111 1943 5180 duo,

364 5192 543 5245 viliora
580 5204 710 5243 esse.
742 5183 875 5241 illud
903 5192 1019 5239 esse
1044 5185 1230 5238 aberat
1264 5180 1310 5237 a'
1325 5182 1571 5251 vulgatis.
1606 5180 1760 5236 Haud
1788 5183 1946 5253 longe

364 5259 529 5325 Colb.
547 5259 814 5315 secundus
835 5256 1081 5327 perﬁcere
1105 5262 1287 5327 cuncta
1313 5253 1583 5327 disposuit.

432 5331 459 5369 ιι
486 5324 650 5391 Editi,
684 5321 964 5395 honestatis
994 5324 1271 5395 quondam.
1318 5321 1460 5376 Libri
1490 5331 1723 5395 veteres,
1754 5324 1943 5395 hones-

366 5402 487 5456 tatis
513 5399 803 5472 quemdam.
836 5394 969 5472 illud
1007 5394 1231 5472 sequod
1280 5394 1678 5472 mon‘sequitur
1706 5394 1944 5472 additum

363 5480 447 5525 est
489 5462 555 5525 ei
583 5469 735 5525 libris
772 5466 1063 5522 veteribus.
1103 5462 1341 5519 Subinde
1380 5462 1535 5518 Coll).
1564 5465 1851 5527 secundus,
1887 5474 1946 5517 ⁸ιοε

365 5557 477 5596 cum
504 5540 696 5610 spatia.

439 5623 462 5652 ο
494 5602 654 5676 Editi,
680 5608 897 5676 desinet.
925 5603 1068 5659 Libri
1088 5605 1313 5676 antiqui,
1345 5602 1551 5658 desinit.

435 5679 460 5718 ά
502 5673 654 5735 Colb.
687 5675 971 5741 secundus,
1005 5675 1096 5728 sed
1116 5675 1268 5727 aliter
1299 5681 1375 5725 est
1397 5690 1461 5728 ex
1500 5683 1689 5727 natura
1731 5673 1947 5728 cretestis

365 5750 535 5805 homo.
571 5749 683 5803 neti
709 5749 816 5817 jam
856 5746 1162 5817 notavimus
1204 5741 1373 5796 videri
1420 5744 1695 5797 librarium
1737 5758 1799 5797 ea
1829 5757 1948 5817 qua;

367 5819 599 5879 habebat
628 5811 952 5890 exemplaria
997 5827 1103 5868 non
1143 5824 1355 5881 semper
1381 5821 1620 5867 secutum
1650 5820 1774 5867 esse
1807 5831 1818 5866 :
1849 5811 1947 5867 sed

2060 4712 2181 4752 esse
2197 4697 2499 4752 credamur.
2527 4696 2895 4754 Ursuslethali
2914 4700 3137 4753 vulnere
3166 4714 3308 4768 smpe
3336 4698 3643 4765 transfixus,

2062 4789 2312 4844 omnibus
2340 4789 2507 4842 utitur
2534 4790 3007 4863 machinamentis,
3050 4796 3109 4841 ut
3133 4804 3192 4843 se
3221 4806 3410 4844 curare
3439 4807 3643 4858 pra-va-

2056 4880 2184 4946 leat,
2226 4876 2396 4933 herba
2426 4879 2693 4949 praecipue
2718 4870 3166 4949 quadaminatura
3193 4880 3419 4934 sicciore
3460 4880 3643 4948 plagas

2012 4984 2021 5058 ς
2060 4974 2306 5046 proprias
2335 4972 2642 5043 oppilando.
2674 4973 2873 5042 Vulpes
2901 4973 3062 5026 etiam
3092 4968 3422 5038 frequentius
3446 4970 3642 5040 depre-

2056 5128 2199 5177 eum,
2232 5128 2352 5169 cum
2394 5114 2495 5184 ipsi
2527 5121 2743 5183 recepta
2773 5113 2934 5168 lectio
2962 5124 3069 5167 non
3101 5111 3440 5181 probaretur,
3480 5098 3642 5181 aliter

2012 5194 2018 5199 '
2056 5184 2122 5263 ad
2153 5185 2430 5270 arbitrium
2454 5185 2753 5270 scripsisse.

2063 5260 2066 5263 λ
2129 5265 2151 5291 θ
2180 5254 2403 5309 Veteres
2426 5250 2596 5309 nostri
2629 5255 2767 5317 libri,
2798 5250 3007 5306 illarum
3033 5252 3237 5323 facies:
3263 5250 3373 5315 ubi,
3406 5251 3448 5305 si
3474 5251 3544 5305 ita
3572 5254 3640 5307 lc-

2055 5338 2168 5392 gas,
2215 5341 2321 5380 vox
2357 5326 2605 5394 pecudum
2641 5322 3114 5393 suppleripotest.
3164 5322 3283 5376 Mox
3326 5322 3491 5376 nostri
3533 5331 3640 5379 tres

2055 5412 2206 5467 mss,
2238 5398 2469 5467 corporis
2508 5405 2561 5467 te
2582 5396 2857 5464 voluptate.

2130 5465 2149 5504 τ
2181 5465 2336 5521 Coll).
2365 5465 2651 5529 secundus,
2683 5466 2901 5518 locatur.
3360 5505 3371 5514 .

2126 5545 2151 5583 κ
2180 5535 2343 5601 Editi,
2371 5545 2420 5588 et
2448 5537 2616 5588 minus
2646 5533 2784 5588 setis.
2819 5532 2963 5585 Libri
2989 5540 3215 5596 veteres,
3247 5545 3296 5588 et
3337 5550 3440 5587 non
3468 5534 3638 5587 minus

2053 5609 2192 5660 setis.
2225 5606 2333 5659 Nec
2363 5607 2433 5658 ita
2462 5606 2627 5658 multo
2654 5614 2775 5672 post
2799 5603 2948 5660 editi.
2983 5605 3205 5673 fortasse

2055 5676 2291 5728 (abimus.
2330 5673 2569 5728 At’Coib.
2592 5670 2890 5745 secundus,
2924 5670 3146 5745 fortasse
3166 5670 3370 5745 quidem
3392 5670 3635 5745 inritabi-

2050 5760 2184 5815 mur.
2219 5745 2464 5815 Legimus
2499 5745 2549 5815 in
2579 5742 2769 5815 cnect)
2792 5782 2807 5807 ,
2856 5739 3190 5815 κιεξησόμεβαί
3217 5741 3455 5798 Subinde
3483 5739 3633 5810 editi,

2053 5813 2339 5878 credamus.
2376 5813 2518 5869 Libri
2549 5814 2775 5882 antiqui.
2808 5812 3098 5867 credamur.

3296 5604 3481 5671 audam
3509 5602 3637 5656 inci-
3705 5642 3719 5671 ε
3765 5608 3769 5613 '
