4192 6258
240 254 336 337 9m

1197 272 1594 328 "examen!
1637 268 2118 328 METAPHBASIS
2157 269 2360 323 LIBER
2398 254 2510 338 is;

3401 251 3536 329 962'.

238 400 321 450 est
351 393 456 449 illis
495 389 712 449 acutior
733 390 1038 447 intellectus
1079 396 1104 424 λ
1144 387 1213 441 ab
1254 387 1470 442 homine
1495 402 1506 437 :
1535 399 1634 454 per
1662 398 1824 454 quem
1848 377 1901 446 Α
1926 383 2095 438 leaena
2118 381 2177 436 fit
2198 392 2402 438 mater:
2425 382 2689 451 unguibus
2709 383 2852 437 enim
2873 382 2998 437 dum
3021 383 3274 449 nascitur,
3297 383 3516 442 vulvam

240 486 436 555 cuique
464 485 700 556 suppetit
727 483 928 553 agnitio
955 479 1316 551 propriorum.
1354 475 1590 531 Necdum
1619 475 1824 531 scilicet

241 579 422 653 catulo
450 578 638 633 dentes
677 576 892 631 formati
917 582 1059 653 sunt,
1092 579 1147 626 et
1175 580 1354 624 tamen
1383 567 1700 624 infestantes
1727 582 1822 623 co-

242 649 401 724 natur
431 685 527 726 ore
552 667 832 738 repellere.
875 649 1117 721 Nondum
1156 661 1325 716 vitulo
1353 674 1555 716 cornua
1575 671 1827 714 surrexe-

242 769 387 828 runt,
419 770 475 815 et
511 759 660 814 novit
677 757 788 828 jam
823 757 876 811 in
901 771 1006 826 qua
1037 761 1187 825 parte
1213 753 1390 807 futura
1413 749 1514 805 sibi
1541 748 1648 804 sint
1676 759 1825 802 arma

243 849 536 921 pugnandi.
568 848 694 904 Haec
736 847 896 916 igitur
940 844 1197 900 indicium
1243 842 1398 898 nobis
1425 839 1656 906 faciunt,
1701 837 1827 908 quia

243 941 501 998 naturalis
528 938 807 1012 prudentia
828 937 1086 994 doctrinae
1116 935 1404 990 traditione
1427 949 1535 989 non
1563 933 1750 997 utitur,
1773 939 1830 987 et

245 1033 373 1101 quia
403 1031 535 1086 nihil
582 1029 978 1092 inordinatum,
1022 1028 1107 1083 vel
1137 1027 1493 1098 improvidum
1521 1025 1748 1080 habetur
1774 1025 1829 1078 in

243 1123 410 1177 rebus
436 1139 448 1175 :
475 1121 570 1176 sed
587 1120 768 1176 omnia
789 1119 1150 1175 certissimum
1169 1117 1441 1188 specimen
1464 1117 1518 1171 in
1539 1131 1598 1172 se
1617 1115 1832 1187 sapien-

245 1213 331 1268 tia:
371 1212 678 1268 Conditoris
723 1218 1018 1277 ostentant,
1049 1211 1142 1281 qui
1179 1211 1258 1266 sic
1285 1211 1572 1266 instructas
1598 1209 1833 1280 pecudes

245 1307 312 1360 ad
335 1305 704 1362 defensionem
727 1305 960 1375 propriae
988 1305 1176 1360 salutis
1205 1303 1452 1378 instituit.
1477 1301 1685 1374 Expers
1707 1303 1830 1372 qui-

243 1399 366 1454 dem
388 1396 614 1452 rationis
632 1403 717 1451 est
738 1397 908 1461 canis,
939 1395 1034 1450 sed
1051 1394 1471 1465 :equiparantem
1493 1393 1688 1448 rationi
1709 1408 1832 1449 sen-

244 1504 366 1544 sum
394 1488 632 1544 creditur
657 1486 956 1559 possidere.
983 1485 1115 1540 Nam
1145 1501 1210 1540 ea
1242 1501 1361 1555 quae
1388 1501 1486 1556 per
1511 1486 1682 1541 otium
1709 1486 1833 1541 vitte

246 1579 467 1647 longum
495 1578 712 1648 quidam
750 1578 997 1635 sedentes
1021 1578 1112 1632 vix
1141 1577 1383 1632 invenire
1426 1585 1737 1648 potuerunt,
1780 1575 1833 1632 id

243 1677 331 1723 est
358 1669 662 1738 philosophi
693 1668 1007 1735 smculares,
1050 1666 1477 1738 syllogismorum
1504 1665 1642 1722 dico“
1655 1666 1830 1722 tendi-

242 1760 394 1814 culas
421 1757 682 1814 beneficio
713 1757 941 1812 naturali
969 1758 1118 1812 canis
1144 1763 1464 1812 consecutus
1509 1756 1768 1813 asseritur
1814 1773 1828 1811 :
1861 1745 1912 1808 Β
1937 1754 2120 1810 labore
2148 1755 2412 1824 digerere.
2441 1754 2629 1824 Neque
2653 1755 2798 1809 enim
2840 1764 2866 1803 ε
2895 1755 3012 1811 sine
3038 1771 3200 1811 causa
3240 1757 3520 1827 gurgulio-
3616 1786 3629 1795 α

245 1853 276 1892 ι’
302 1852 428 1923 quia
474 1851 699 1919 vestigia
741 1849 975 1906 ferarum
1021 1850 1286 1919 sagaciter
1327 1849 1665 1918 indaganda,
1707 1865 1830 1906 cum

245 1943 444 1999 viderit
463 1941 833 2012 multipliciter
853 1941 1135 1996 intercisas
1155 1941 1396 2005 semitas,
1425 1955 1614 1996 omnes
1634 1940 1836 1996 discur-

243 2033 396 2089 ~sibus
425 2031 801 2102 interrumpit,
836 2041 858 2070 ο
890 2045 1081 2087 vocem
1121 2037 1328 2086 tantum
1359 2031 1694 2086 articulatam
1723 2047 1832 2086 non

245 2126 503 2181 emittens
527 2143 540 2178 :
566 2139 690 2178 nam
718 2137 818 2194 per
843 2137 907 2176 ea
935 2138 1054 2192 qua:
1077 2122 1186 2190 agit
1213 2123 1411 2178 indicat
1436 2122 1698 2194 profecto,
1723 2138 1832 2192 quo

244 2215 437 2273 bestiae
463 2230 583 2284 quae
610 2214 905 2269 lustrantur
929 2214 1178 2269 abierint.
1203 2213 1312 2270 Nec
1340 2215 1487 2271 illum
1524 2215 1834 2285 relinquens

181 2309 184 2312 ’
248 2305 649 2376 inexploratum
677 2305 875 2371 locum,
905 2304 997 2360 ubi
1027 2305 1260 2375 suspicio
1288 2305 1432 2360 nulla
1479 2307 1686 2375 vestigii
1728 2315 1829 2372 est,

250 2399 424 2454 donec
449 2397 697 2452 omnibus
725 2395 892 2452 odore
919 2397 1163 2467 repetitis
1190 2396 1576 2467 explicatisque
1606 2398 1835 2454 fallenti-

253 2493 352 2548 bus
378 2491 496 2556 viis,
529 2488 555 2528 ἀ
587 2489 764 2545 cubile
790 2489 1045 2560 reperiet.
1097 2487 1234 2555 Quid
1281 2489 1509 2559 amplius
1537 2490 1590 2544 hi
1632 2489 1835 2545 faciunt

253 2585 306 2641 in
346 2581 815 2652 descriptionibus,
865 2580 958 2649 qui
1006 2581 1181 2636 otiose
1227 2579 1508 2646 sedentes,
1556 2581 1832 2651 pulverem

253 2679 392 2750 stylo
420 2677 654 2746 signant,
686 2684 741 2730 et
761 2691 829 2729 ex
853 2676 1022 2730 tribus
1049 2673 1507 2746 propositionibus
1528 2674 1661 2729 duas
1687 2673 1834 2730 aufe-

253 2777 394 2832 runt,
429 2769 480 2823 in
522 2767 610 2822 illa
636 2774 815 2822 autem
843 2782 960 2836 qum
986 2762 1193 2836 reliqua
1221 2774 1305 2822 est
1331 2767 1608 2822 inveniunt
1632 2767 1832 2823 verita-

254 2861 393 2914 tem?
419 2857 674 2914 Memoria
697 2857 858 2926 igitur
883 2857 1032 2912 canis
1061 2871 1188 2926 erga
1213 2857 1505 2927 depensum
1541 2857 1641 2912 sibi
1668 2857 1834 2913 bene-

252 2951 450 3014 ficium,
473 2965 631 3019 quem
657 2965 763 3005 non
794 2949 1056 3022 ingratum
1087 2949 1359 3004 hominem
1379 2965 1478 3004 suo
1502 2949 1834 3005 benefactori

251 3041 457 3112 pudore
485 3039 782 3120 confundit,
815 3055 938 3095 cum
987 3039 1146 3094 etiam
1187 3038 1416 3094 dominis
1446 3039 1738 3095 interfectis
1778 3039 1831 3094 in

251 3134 372 3189 loco
416 3132 650 3198 deserto,
699 3132 850 3188 multi
891 3146 1054 3188 canes
1095 3132 1472 3188 observatione
1521 3132 1830 3200 longissima

251 3222 604 3280 defecerunt?
634 3222 736 3277 Alii
755 3221 1052 3292 peremptis
1073 3221 1306 3276 dominis
1331 3222 1532 3277 indices
1559 3222 1830 3277 homicidii

251 3313 486 3379 fuerunt,
508 3327 738 3382 reosque
762 3319 1161 3383 prtesentavere
1176 3311 1410 3382 iudiciis,
1435 3313 1828 3369 accusationem

250 3404 450 3459 latratu
476 3410 810 3474 peragentes.
846 3400 984 3468 Quid
1007 3401 1168 3470 igitur
1191 3399 1384 3457 dicturi
1408 3409 1533 3456 sunt
1558 3402 1649 3470 qui
1678 3417 1832 3457 crea-

247 3501 422 3549 torem
449 3501 826 3563 pastoremque
852 3507 1008 3546 suum
1037 3491 1206 3546 Deum
1236 3507 1343 3545 non
1373 3490 1535 3545 modo
1563 3506 1672 3546 non
1703 3492 1828 3546 dili-

248 3590 407 3655 gunt,
436 3582 531 3638 sed
556 3583 718 3637 etiam
745 3581 1038 3636 maledicos
1066 3580 1183 3650 ejus
1211 3581 1410 3636 habent
1438 3583 1660 3648 amicos,
1691 3592 1747 3639 et
1774 3586 1830 3642 in

249 3675 444 3730 eadem
468 3690 589 3729 cum
615 3673 716 3730 illis
739 3674 896 3728 simul
917 3673 1164 3729 cibantur
1183 3688 1386 3740 mensa,
1416 3675 1857 3749 largitoremque

249 3757 531 3837 epularum
551 3766 827 3837 sacrilegis
843 3765 1277 3836 blasphemorum
1299 3767 1635 3824 sermonibus
1651 3778 1674 3806 ο
1697 3770 1832 3826 lace-

248 3861 360 3916 rari
385 3860 696 3931 patiuntur?

322 3951 376 4005 5.
408 3950 513 4006 Sed
542 3966 682 4006 nunc
711 3951 779 4007 ad
798 3959 1062 4007 creaturae
1089 3953 1828 4023 contemplationem‘redea-

249 4057 389 4096 mus.
431 4040 558 4096 ideo
601 4041 805 4096 scilicet
849 4041 1224 4098 imbecilliores
1267 4043 1450 4099 bestia:
1495 4043 1830 4102 fecundiores

248 4139 394 4195 sunt,
425 4131 475 4186 id
503 4139 587 4187 est
615 4132 827 4201 lepores
849 4140 905 4186 et
932 4131 1119 4197 damm,
1153 4147 1389 4202 ovesque
1415 4135 1687 4193 silvestres
1719 4155 1731 4190 :
1770 4148 1832 4193 ut

251 4237 362 4276 non
392 4220 547 4276 facile
576 4220 850 4276 deleretur
875 4235 1046 4291 genus
1073 4235 1279 4287 earum,
1312 4236 1342 4275 a
1369 4223 1708 4282 carnificibus
1731 4243 1830 4283 ex-

250 4324 473 4382 pensum
503 4309 649 4365 feris.
679 4304 785 4366 Hii
798 4319 978 4365 autem
1007 4325 1127 4380 qna:
1154 4310 1518 4368 devoratrices
1544 4324 1671 4370 sunt
1697 4317 1830 4372 alia-

248 4418 386 4468 rum,
416 4400 708 4457 steriliores
754 4401 1038 4458 habentur.
1093 4399 1227 4455 Nam
1273 4400 1504 4458 denique
1548 4405 1690 4460 leoni
1739 4408 1827 4464 vix

321 4657 343 4684 η
377 4647 591 4715 Antiqui
616 4645 735 4716 duo,
755 4643 874 4698 libri
901 4651 957 4698 et
976 4642 1125 4716 editi,
1151 4641 1212 4716 al;
1234 4644 1458 4716 agmine,
1487 4643 1590 4700 hoc
1613 4654 1696 4716 est
1717 4663 1825 4716 pra:

247 4720 478 4781 homine,
511 4711 590 4769 uti
617 4715 778 4785 paulo
805 4723 940 4785 ante
960 4711 1230 4785 admonui.
1257 4713 1409 4767 Colb.
1441 4711 1726 4785 secundus,
1757 4717 1826 4771 ad

250 4789 523 4843 hominem.
547 4780 654 4840 Sed
675 4785 908 4839 arbitror
928 4780 1001 4838 ita
1022 4781 1371 4855 emendatum
1392 4799 1511 4855 esse
1531 4800 1562 4838 a
1584 4783 1824 4855 librario,

245 4866 340 4911 aut
369 4859 434 4912 ab
463 4857 568 4910 alio
611 4855 820 4924 quovis,
868 4855 959 4923 qui
1004 4853 1110 4908 vim
1159 4851 1362 4907 voculae
1407 4852 1472 4906 ab
1513 4868 1621 4907 non
1666 4851 1825 4910 intelL

246 4929 459 4983 lineret.
864 4977 874 4980 ,

287 4946 562 5068 ὃξιὲἒίίιθι
591 5012 744 5062 unus,
773 4977 1111 5068 quirvestigia.

319 5079 339 5107 ε
372 5066 733 5138 Είὶίιί,,υροεηι
762 5065 960 5120 tantum
995 5065 1311 5138 articulatim
1337 5081 1442 5138 non
1467 5068 1720 5122 amittens.
1755 5069 1823 5124 At

244 5137 398 5194 Colb.
425 5135 712 5203 secundus,
743 5150 912 5190 vocem
931 5144 1172 5190 cantuum
1199 5135 1528 5191 articulatam
1549 5154 1652 5191 non
1675 5140 1823 5192 emit-

249 5207 701 5264 tens.Admoneb0
715 5205 1045 5277 preteriens,
1059 5205 1224 5277 videri
1239 5205 1509 5260 librarium
1525 5215 1581 5261 et
1594 5208 1680 5262 hic
1695 5223 1826 5277 quo-

247 5294 353 5349 que
367 5279 692 5346 aliteratque
702 5274 755 5330 in
776 5275 886 5349 suis
895 5274 1288 5349 exemplaribus
1300 5283 1574 5344 repererat
1587 5274 1827 5348 scripsis-

247 5344 325 5405 se.
351 5349 518 5403 Vetus
545 5344 729 5402 noster
747 5345 916 5400 codex
937 5352 993 5398 et
1011 5344 1162 5398 Colb.
1187 5345 1409 5413 primus,
1432 5362 1603 5400 vocem
1624 5344 1820 5402 tantum

248 5420 578 5475 articulatam
609 5434 710 5472 non
740 5416 994 5470 amittens.
1025 5413 1280 5484 Suspicor
1304 5415 1577 5484 scripsisse
1606 5418 1821 5485 quidem

248 5489 606 5550 Eustathium,
639 5503 810 5542 uocem
840 5492 1037 5538 tantum
1057 5501 1158 5539 non
1193 5485 1522 5539 articulatam
1545 5488 1817 5550 eminens;

246 5558 341 5615 sed
373 5577 477 5614 non
508 5566 792 5628 propterea
822 5555 928 5609 vim
959 5554 1240 5610 verborum
1270 5554 1576 5628 Gnecorum
1606 5573 1822 5626 expres-

246 5633 331 5686 sit.
352 5629 488 5682 Sunt
503 5626 681 5682 autem
704 5627 834 5690 Inec,
852 5629 1124 5697 μονονουχὶ
1139 5631 1227 5682 τήν
1249 5626 1627 5697 σψλλογιστικήν
1642 5635 1820 5695 φωνήν,

247 5711 378 5767 etc,
405 5701 638 5753 amittens
667 5713 834 5754 vocem
854 5694 1184 5749 tantum'hon
1215 5694 1510 5762 adjunctam
1546 5699 1762 5750 ratiocin
1775 5715 1824 5737 ~-

1852 4653 1905 4715 D
1929 4649 2077 4703 tioni.
2107 4648 2394 4718 Aliquanto
2432 4656 2554 4718 ppst
2575 4648 2730 4704 Colb.
2758 4651 3040 4714 secundus,

1924 473 2197 542 genitricis
2243 474 2538 537 exulcerat,
2569 474 2709 528 sicut
2734 473 2920 543 vipera
2947 487 3065 542 quae
3089 488 3197 527 non
3225 471 3382 528 aliter
3409 472 3515 532 nisi

1925 566 2113 621 matris
2131 581 2298 621 exeso
2319 566 2701 637 discerptoque
2724 572 2912 621 ventre
2932 565 3194 636 procedit,
3219 579 3514 636 congruam

1925 655 2174 711 creatrici
2193 654 2499 712 mercedem
2521 671 2620 727 pro
2643 655 2736 711 tali
2757 664 2916 727 partu
2937 655 3258 726 rependens.
3283 655 3361 711 Ita
3382 655 3514 714 nihil

1926 746 1981 800 in
2001 746 2162 802 rebus
2183 747 2428 803 humanis
2453 747 2682 803 habetur
2700 747 3058 818 improvidum
3082 766 3094 801 :
3126 763 3228 803 nec
3253 749 3362 804 ulla
3391 747 3514 804 dili-

1926 839 2123 908 gentize
2153 839 2256 895 sibi
2283 841 2641 912 competentis
2669 840 2976 896 immunitas
3003 847 3104 898 est.
3136 839 3291 908 Quod
3318 841 3364 896 si
3401 849 3514 898 stu-

1927 931 2134 988 diosius
2163 931 2277 1002 ipsa
2313 929 2331 969 τ
2365 947 2620 1002 pecorum
2648 933 2889 988 membra
2915 933 3248 1000 discusseris,
3273 933 3515 992 invenies

1928 1023 2059 1078 nihil
2084 1023 2189 1081 illis
2209 1021 2538 1095 superﬂuum
2565 1023 2775 1080 dedisse
2787 1023 3155 1092 Conditorem,
3172 1025 3304 1080 nihil
3325 1040 3513 1081 neces-

1929 1115 2132 1170 sarium
2155 1116 2470 1186 denegasse.
2501 1115 2702 1173 Belluis
2728 1132 2960 1188 namque
2984 1117 3304 1175 carnisumis
3330 1125 3514 1174 acutos

1930 1206 2119 1263 dentes
2147 1209 2425 1280 apposuit,
2457 1209 2710 1280 quoniam
2753 1209 2950 1265 talibus
2977 1224 3113 1279 opus
3145 1216 3265 1265 erat
3293 1209 3361 1264 ad
3394 1225 3516 1280 spe-

1929 1299 2068 1355 ciem
2094 1300 2362 1355 alimonia:
2382 1299 2661 1370 prmﬁnitte
2691 1301 3023 1358 ministeriis.
3053 1300 3143 1358 Eis
3171 1319 3300 1359 vero
3325 1305 3518 1373 quibus

1931 1406 1998 1446 ex
2038 1406 2144 1446 una
2171 1397 2327 1460 parte
2354 1390 2543 1447 dentes
2570 1391 2832 1460 instituit,
2876 1391 3228 1463 plurimorum
3276 1402 3517 1464 recepta-

1930 1484 2051 1540 cula
2080 1484 2400 1554 pabulorum
2426 1483 2602 1539 inesse
2630 1483 2932 1552 disposuit,
2974 1491 3033 1538 ut
3058 1499 3184 1554 pars
3210 1499 3329 1554 quze
3370 1486 3519 1554 prior

1933 1582 2206 1644 assumpta
2229 1581 2314 1629 est
2333 1573 2402 1629 de
2422 1573 2722 1638 stomacho,
2746 1573 2925 1630 denuo
2945 1573 3198 1630 decurrat
3217 1574 3284 1630 ad
3303 1574 3514 1640 dentes,

1933 1679 2040 1734 quo
2068 1662 2278 1720 facilius
2298 1679 2418 1719 eam
2439 1664 2608 1736 possit
2637 1664 2957 1720 ruminando
2983 1673 3266 1721 conterere
3282 1707 3296 1732 ,
3322 1681 3386 1722 ac
3405 1667 3521 1722 sine

1934 1861 2080 1914 nem,
2119 1846 2564 1915 stomachumque
2591 1845 2754 1901 certis
2781 1845 3104 1900 animalibus
3131 1845 3297 1911 dedit,
3335 1854 3521 1918 utpote

1934 1936 2274 1992 necessarios
2305 1951 2434 1991 usus
2462 1935 2811 2005 praebentem.
2844 1934 3094 1992 Camelus
3131 1935 3292 2005 igitur
3319 1936 3521 1993 ideirco

1934 2032 2151 2099 longum
2181 2038 2364 2100 guttur
2393 2030 2555 2085 habet
2591 2047 2604 2083 :
2638 2037 2698 2084 ut
2724 2037 3061 2100 cozequatum
3088 2029 3334 2100 pedibus,
3365 2030 3523 2087 facile

1934 2138 2114 2181 escam
2141 2137 2300 2191 quam
2322 2121 2512 2193 quasrit
2532 2121 2840 2190 attingeret.
2864 2119 3049 2176 Brevis
3072 2129 3251 2176 autem
3266 2121 3523 2177 humeris-

1933 2231 2040 2286 que
2070 2229 2354 2286 suppressa
2398 2215 2578 2271 cervix
2601 2230 2849 2269 ursorum
2890 2222 2990 2280 est,
3015 2214 3248 2284 itemque
3271 2214 3444 2270 leonis
3468 2221 3522 2270 et

1935 2306 2176 2379 tygridis,
2192 2315 2248 2362 et
2268 2307 2516 2362 similium
2533 2306 2787 2370 ferarum,
2805 2305 2999 2375 quibus
3019 2305 3249 2362 herbosa
3269 2322 3376 2362 non
3396 2313 3524 2363 sunt

1936 2385 2209 2466 alimenta,
2229 2415 2327 2454 nec
2347 2398 2548 2454 habent
2569 2399 2802 2468 aliquam
2824 2400 3201 2455 necessitatem
3225 2398 3516 2455 inclinandi

1936 2508 1995 2547 se
2024 2491 2090 2547 ad
2116 2501 2314 2546 terram
2341 2510 2353 2545 :
2382 2493 2582 2562 quippe
2605 2506 2726 2561 quae
2755 2507 2920 2547 carne
2949 2499 3255 2547 vescuntur.
3288 2491 3426 2559 Quid
3449 2493 3518 2548 de

1935 2583 2277 2654 promuscide
2303 2583 2576 2652 elephanti
2604 2581 2864 2658 dicamus,
2895 2583 2986 2652 qui
3035 2598 3156 2636 cum
3186 2583 3424 2638 omnium
3453 2583 3522 2639 sit

1935 2676 2200 2730 maximus
2225 2674 2546 2741 belluarum,
2576 2675 2978 2745 visentibusque
3003 2673 3273 2742 terribilis,
3306 2690 3403 2746 par
3427 2674 3524 2730 fuit

1936 2777 1995 2824 ut
2028 2767 2285 2824 membris
2312 2767 2632 2822 immanibus
2662 2765 3020 2822 formaretur?
3050 2767 3289 2834 Quorum
3317 2767 3523 2836 magni-

1935 2861 2105 2916 tudini
2134 2861 2179 2914 si
2207 2860 2388 2915 cervix
2425 2858 2614 2915 fuiSset
2635 2859 2996 2928 :equiparans,
3030 2859 3316 2915 immobilis
3354 2859 3522 2914 habe-

1934 2960 2102 3018 retur,
2135 2950 2370 3021 pondere
2395 2950 2510 3020 ipso
2538 2949 2790 3004 deorsum
2826 2956 3099 3004 curvatus.
3149 2948 3302 3003 Nunc
3341 2957 3521 3004 autem

1935 3044 2123 3114 paucis
2149 3043 2362 3098 ossibus
2391 3042 2630 3097 cervices
2669 3049 2724 3097 et
2749 3051 2912 3112 caput
2940 3041 3193 3096 innexum
3235 3042 3400 3112 spina:
3433 3058 3521 3097 co-

1935 3133 2120 3201 haeret,
2152 3134 2422 3203 habetque
2450 3133 2848 3204 promuscidem
2876 3134 3236 3189 ministerium
3263 3134 3363 3190 sibi
3391 3136 3516 3190 colli

1933 3225 2191 3296 longioris
2211 3225 2536 3296 explentem,
2563 3241 2683 3296 qua:
2703 3236 2914 3296 pastum
2943 3224 2968 3262 h
2994 3227 3224 3298 percipit
3251 3236 3305 3283 et
3327 3244 3520 3298 aquam

1933 3317 2116 3372 trahit.
2143 3315 2420 3389 Pedesque
2454 3317 2570 3388 ejus
2598 3317 2758 3372 nullis
2785 3318 3154 3386 geniculorum
3185 3319 3521 3388 conjungun-

1932 3417 2020 3464 tur
2046 3409 2305 3472 articulis,
2340 3417 2398 3463 ut
2425 3417 2678 3478 tanquam
2705 3410 2969 3465 columnae
3001 3410 3242 3479 quaedam
3287 3413 3520 3477 gravita-

1934 3508 2040 3555 tem
2068 3500 2357 3571 superjecti
2384 3499 2641 3568 ponderis
2669 3499 3065 3553 subvectarent.
3111 3497 3168 3552 Si
3212 3500 3354 3552 enim
3392 3515 3516 3568 gra-

1931 3590 2054 3645 cilia
2107 3591 2460 3658 nutantiaque
2511 3587 2627 3656 ejus
2674 3588 2901 3643 fuissent
2946 3605 3137 3653 crura,
3184 3591 3300 3645 sine
3352 3591 3519 3647 dubio

1931 3678 2222 3747 ejectiones
2263 3678 2636 3747 juncturarum
2682 3685 2962 3748 pateretur
3004 3679 3276 3743 assiduas,
3328 3690 3516 3752 utpote

1932 3783 2041 3823 non
2061 3765 2442 3824 sufﬂcientium
2479 3767 2679 3822 molem
2705 3776 2910 3824 tantam
2933 3769 3233 3837 sublevare,
3259 3789 3381 3828 cum
3408 3790 3516 3828 sur-
3546 3839 3550 3842 _

1929 3868 2099 3932 geret.
2129 3853 2490 3930 ltaquc'vides
2509 3859 2782 3928 quomodo
2804 3861 2949 3914 velut
2967 3861 3210 3930 quaedam
3236 3879 3513 3934 corporeae

1933 3961 2106 4008 turres
2128 3953 2258 4008 belli
2287 3961 2533 4022 tempore
2560 3952 2808 4008 locantur
2827 3961 2952 4008 ante
2974 3953 3164 4017 aciem,
3193 3954 3275 4010 vel
3300 3964 3511 4011 montes

1932 4044 2153 4098 animati
2203 4050 2569 4113 opponuntur,
2610 4043 2844 4098 hostium
2899 4043 3230 4098 munimenta
3283 4047 3510 4116 rupturi.

1931 4133 2168 4202 Quorum
2216 4133 2259 4189 si
2313 4131 2668 4203 magnitudini
2718 4132 3029 4188 fundamina
3075 4148 3352 4202 gressuum
3405 4153 3512 4194 non
3552 4121 3566 4138 ’

1932 4226 2258 4281 haberentur
2293 4223 2549 4294 aequalia,
2579 4223 2892 4280 nullatenus
2940 4231 3090 4278 tanta
3138 4227 3515 4284 membrositas

1929 4323 2255 4388 portaretur.
2304 4315 2496 4372 Fertur
2548 4319 2563 4354 ι
2621 4323 2799 4371 autem
2847 4317 3193 4388 elephantum
3244 4326 3516 4374 trecentos

1931 4423 2103 4464 annos
2130 4414 2187 4463 et
2214 4408 2444 4479 amplius
2471 4408 2654 4464 vivere
2670 4447 2686 4475 ,
2713 4407 3122 4478 ministerioque
3161 4409 3514 4482 promuscidis

1929 4653 2077 4703 tioni.
2107 4653 2394 4718 Aliquanto
2432 4656 2554 4718 post
2575 4653 2730 4704 Colb.
2758 4653 3040 4714 secundus,
3140 4669 3171 4705 ο
3210 4653 3372 4708 bestia
3400 4671 3513 4724 quae

1929 4717 2419 4795 (astraturnabierit.
2446 4715 2648 4781 Gmce,
2692 4722 2759 4795 egi
2775 4723 2961 4795 θηρίον.
2990 4669 3190 4775 lbiggm
3230 4722 3382 4789 editi,
3422 4741 3512 4779 nec

1928 4789 2109 4844 ullum.
2143 4787 2288 4842 Libri
2316 4797 2544 4852 veteres,
2582 4804 2676 4841 nec
2697 4787 2864 4845 illuni.

2001 4857 2026 4895 ἀ
2058 4858 2200 4912 Editi
2223 4864 2278 4912 et
2295 4856 2402 4912 duo
2425 4873 2578 4922 mss.,
2606 4857 2769 4930 {abite
2791 4861 3030 4930 reperiat.
3056 4858 3127 4913 At
3144 4858 3298 4914 Colb.
3323 4875 3508 4930 secun-

1927 4928 2047 4992 dus,
2081 4930 2276 4982 civilem
2317 4929 2560 4996 reperiat.
2611 4927 2743 4982 Utra
2773 4927 2932 4985 lectio
2976 4930 3143 4996 magis
3171 4929 3412 4997 eligenda
3441 4931 3512 4984 sit

1931 4999 2143 5055 nescio:
2167 4997 2259 5054 sed
2282 4999 2448 5067 probe
2469 4999 2582 5052 scio
2604 5005 2847 5053 neutram
2870 4999 2935 5053 ad
2956 4997 3198 5055 Graecam
3220 5000 3509 5054 dictionem

1929 5068 2324 5150 accommodari
2355 5069 2463 5157 ullo
2504 5067 2884 5157 modo’pos'se,
2931 5084 3051 5121 cum
3081 5069 3222 5138 apud
3241 5068 3506 5151 .Basilium

1924 5140 2179 5208 scriptum
2208 5140 2296 5202 sit,
2330 5141 2550 5213 εὑρίσκει
2578 5140 2634 5193 τὸ
2663 5140 2855 5200 ἀληθές,
2886 5155 3058 5192 verum
3088 5140 3291 5208 reperit.

2000 5219 2024 5245 ε’
2054 5207 2214 5272 Editi,
2239 5208 2484 5262 lacerare.
2515 5206 2728 5274 Antiqui
2748 5205 2854 5260 duo
2882 5208 3022 5276 libri,
3054 5209 3291 5263 lacerari.

2003 5277 2023 5316 τ
2053 5277 2226 5350 Editi,
2249 5277 2333 5350 ita
2374 5292 2657 5350 pecorum._
2679 5277 2749 5350 At
2786 5276 2893 5331 duo
2920 5293 3073 5350 mss.,
3106 5281 3503 5350 ipsapecorum.

1960 5357 2024 5430 ηε
2053 5347 2185 5402 illud
2215 5348 2326 5401 sine
2354 5344 2512 5400 causa
2541 5344 2837 5401 addidimus
2855 5361 2922 5402 ex
2944 5344 3151 5404 duobus
3181 5344 3329 5404 libris
3358 5356 3506 5405 vete-

1929 5419 2218 5554 nbhuiiditi,
2242 5487 2495 5558 percepit,
2509 5484 2653 5539 Libri
2675 5477 2898 5558 antiqui,
2927 5490 3158 5558 percipit.
3194 5447 3360 5542 Paulo
3385 5496 3508 5558 post

1928 5559 2075 5622 editi,
2109 5553 2351 5628 ponderis
2381 5553 2739 5624 subjectareut.
2773 5553 2839 5610 At
2867 5553 3034 5612 uestri
3067 5553 3173 5614 tres
3200 5574 3349 5620 mss.,
3382 5553 3503 5610 sub-
3543 5569 3546 5572 ·

1928 5637 2201 5682 rectorem.

2008 5698 2018 5735 ί
2054 5699 2206 5753 Colb.
2238 5694 2523 5754 secundus,
2561 5699 2725 5750 ferunt
2755 5705 2937 5753 autem.

1885 5823 1941 5838 ’νο
