4244 6254
329 322 434 382 965

1433 328 1741 395 POLEMEI’
1767 337 1988 394 SYLVI]
2026 334 2503 392 LATERCULUS.

3504 335 3574 390 9‘5
3587 334 3621 389 li

320 445 597 514 liliumque
632 446 841 504 famulis
862 461 963 518 per
986 447 1456 517 participationem
1484 447 1758 516 dignitatis
1787 462 1918 505 asct-
1945 458 1995 509 Α
2022 459 2379 515 personarum
2440 443 2782 499 multitudine
2824 443 3145 501 declinares.
3213 446 3292 498 Αιι
3331 448 3610 519 intagmetr

325 547 553 604 scunt,
579 542 638 590 et
681 546 707 574 ι
737 538 1068 593 conlibertus
1111 546 1329 592 nostros
1376 547 1625 592 auctores
1670 538 1918 591 humanae

326 620 669 683 iormationis
716 628 956 684 elﬁciunt
978 667 995 693 ,
1045 628 1387 697 hominisque
1432 628 1791 698 perfectorem
1824 644 1921 682 vo-

328 713 451 774 lunt
469 719 675 787 angelis
702 720 1014 789 cumquare,
1046 735 1167 774 cum
1206 720 1278 774 sit
1311 720 1602 777 absurdum
1641 728 1703 773 ut
1728 720 1917 788 quaeli-

328 807 424 865 bet
461 809 667 865 factura
714 813 886 881 possit
915 813 1146 881 aequalis
1184 828 1303 870 esse
1331 814 1545 869 factori.
1589 800 1919 870 Considera-

327 914 446 953 mus
473 914 687 969 quoque
725 903 1043 971 sequentia:
1076 901 1358 959 Faciamus
1396 905 1657 958 hominem
1698 905 1767 958 ad
1794 906 1921 957 ima-

327 991 496 1060 ginem
541 1001 792 1047 nostram.
842 993 979 1059 Quid
1026 994 1358 1063 respondes?
1406 993 1652 1063 Nunquid
1700 989 1796 1048 Dei
1863 1002 1919 1047 et

329 1082 638 1148 angelorum
680 1099 785 1137 una
828 1085 1003 1153 imago
1052 1086 1170 1140 est?
1217 1085 1351 1139 Nam
1383 1084 1556 1141 Patris
1585 1100 1806 1141 necesse
1826 1094 1920 1141 est

328 1168 569 1226 eamdem
610 1189 729 1229 esse
768 1189 929 1243 quam
960 1175 1111 1241 Filii,
1144 1177 1221 1230 sic
1248 1184 1457 1239 tamen,
1492 1184 1549 1229 ut
1577 1175 1690 1230 Deo
1720 1176 1918 1235 decens

327 1260 677 1330 intelligatur
691 1279 811 1319 esse
842 1265 1040 1332 ligura,
1072 1265 1122 1319 id
1147 1274 1263 1329 est,
1297 1266 1321 1302 δ
1355 1282 1463 1320 non
1492 1265 1545 1319 in
1575 1266 1760 1319 habitu
1792 1282 1916 1321 cor-

327 1367 513 1421 poreo,
537 1354 632 1408 sed
662 1355 715 1409 in
737 1356 919 1409 divina
949 1356 1279 1425 proprietate
1306 1357 1626 1411 consistens.
1661 1356 1917 1411 Ausculta

330 1452 386 1497 tu
416 1444 613 1511 etiam,
664 1448 760 1518 qui
808 1446 875 1502 de
921 1462 1058 1502 nova
1106 1448 1513 1513 circumcisione
1550 1449 1915 1517 progrederis,

327 1533 586 1590 Judaismi
618 1538 820 1591 cultum
849 1538 948 1592 sub
968 1536 1383 1592 Christianitatis
1407 1538 1747 1593 simulatione
1768 1554 1917 1593 com-

325 1625 609 1680 mendans.
649 1627 748 1680 Cui
776 1627 936 1691 dicit,
961 1627 1043 1679 Ad
1069 1629 1349 1696 imaginem
1382 1636 1614 1680 nostram
1656 1626 1842 1698 (Ilebr.
1875 1644 1912 1693 t,

326 1716 404 1784 ⁸5),
436 1718 538 1771 nisi
580 1717 960 1776 illuminationi
990 1720 1200 1787 glorim,
1247 1727 1303 1773 et
1334 1718 1488 1772 titulo
1514 1728 1753 1788 paterna:
1781 1720 1911 1774 sub-

323 1808 573 1872 stantize,
623 1824 744 1877 qua:
787 1817 869 1863 est
917 1810 1095 1876 imago
1142 1808 1236 1863 Dei
1288 1810 1607 1864 invisibilis?
1635 1809 1757 1864 Suze
1781 1824 1912 1881 ergo

325 1896 564 1964 loquitur
590 1897 836 1965 imagini,
869 1913 988 1966 qua:
1013 1897 1185 1952 dixit:
1227 1896 1340 1970 Ego
1369 1906 1419 1952 et
1455 1898 1614 1952 Pater
1635 1916 1793 1952 unum
1817 1916 1909 1953 su-

326 2005 437 2044 mus
467 1988 646 2060 (Joan.
681 2006 733 2056 χ,
766 1989 890 2059 50);
924 1998 998 2055 et,
1034 1988 1135 2054 Qui
1160 2008 1241 2044 me
1264 1992 1397 2044 videt
1423 2000 1472 2043 et
1502 1990 1716 2043 Patrem
1743 2007 1911 2044 meum

310 2078 461 2133 ridet
495 2077 672 2148 (Joan.
706 2095 811 2141 xw,
845 2080 923 2148 9),
955 2079 1082 2134 huic
1104 2080 1285 2135 dicit:
1331 2078 1614 2134 Faciamus
1651 2080 1909 2135 hominem

306 2171 395 2231 ,ad
438 2172 713 2241 imaginem
765 2180 1019 2225 nostram.
1069 2170 1286 2227 Etenim
1325 2172 1415 2227 ubi
1453 2173 1631 2227 unitas
1666 2172 1911 2241 imaginis

296 2266 439 2325 fest,
490 2261 623 2316 nihil
671 2270 851 2330 potest
891 2277 1011 2317 esse
1038 2262 1316 2318 dissimile.
1366 2262 1483 2319 an
1510 2264 1653 2318 enim
1681 2251 1817 2317 dixit
1845 2263 1912 2319 ad

2025 534 2125 588 Dei
2168 536 2290 606 fecit
2337 535 2615 588 hominem.
2668 534 2902 588 Rursum
2952 546 3297 604 cooperantis
3325 553 3607 605 personati:

2024 624 2248 679 inducit.
2298 623 2414 679 Non
2444 625 2589 679 enim
2629 625 2765 679 dixit
2794 643 2806 678 :
2834 624 2980 678 Fecit
3020 626 3091 677 ad
3127 626 3406 697 imaginem
3439 646 3608 687 suam.

2021 716 2117 772 sed
2147 718 2215 770 ad
2249 719 2527 788 imaginem
2555 715 2675 772 Dei.
2723 716 2794 772 Et
2823 718 2876 771 in
2905 732 3015 787 quo
3044 718 3258 787 quidem
3289 718 3606 787 dispositum

2022 815 2107 862 est
2134 808 2332 861 habere
2379 807 2652 863 hominem
2699 807 2984 876 imaginem
3018 807 3141 871 Dei,
3198 809 3279 864 vel
3333 811 3598 879 quomodo

2022 895 2048 934 ἀ
2064 896 2256 966 recipit
2274 895 2676 951 similitudinem
2694 896 3013 961 Divinitatis,
3031 895 3085 950 in
3101 898 3591 966 sequentibus.Cbri

2020 995 2107 1041 sto
2129 1002 2347 1041 sensum
2391 985 2654 1054 largiente
2699 987 3025 1052 narrabitur,
3058 1003 3213 1063 nunc
3239 1003 3370 1043 vero
3401 997 3607 1045 tantum

2022 1076 2222 1132 dixisse
2249 1074 2480 1130 sufﬁciet
2502 1117 2517 1142 ,
2567 1076 2692 1146 quia
2720 1092 2841 1136 una.
2856 1076 3032 1145 imago
3061 1086 3163 1131 est.
3209 1077 3325 1132 Tibi
3355 1094 3485 1133 vero
3511 1095 3607 1135 ου’

2024 1168 2209 1222 incidit
2238 1168 2291 1221 in
2338 1176 2576 1222 mentem
2606 1208 2621 1233 ,
2671 1176 2781 1222 tam
2830 1168 3092 1236 sacrilege
3126 1168 3519 1238 blasphemare,
3550 1175 3608 1234 nt

1980 1274 1983 1277 ·
2021 1259 2230 1314 diceres
2266 1258 2459 1314 Filium
2489 1258 2637 1313 Patri
2665 1274 2786 1314 esse
2812 1259 3165 1315 dissimilem?
3193 1259 3237 1313 0
3258 1261 3492 1315 animum
3529 1263 3583 1317 it:

2019 1352 2263 1420 gratum!
2311 1350 2714 1406 similitudinem
2762 1351 2859 1407 Dei
2898 1366 3060 1421 quam
3090 1359 3149 1406 tu
3170 1350 3286 1421 ipse
3311 1353 3607 1423 sumpsisti.

2020 1443 2422 1501 benefactorem
2452 1428 2833 1513 tuqm’habere
2854 1458 2965 1497 non
2994 1444 3217 1512 pateris.
3259 1440 3327 1495 Et
3361 1444 3457 1498 tibi
3485 1444 3607 1513 qui-

2019 1533 2143 1589 dem
2188 1533 2464 1603 proprium
2506 1532 2587 1588 vis
2628 1546 2749 1587 esse
2788 1532 2933 1602 quod
2960 1532 3028 1588 de
3055 1533 3259 1588 emlesti
3283 1534 3456 1603 gratia
3482 1551 3607 1605 per.

2018 1626 2209 1696 cepisti
2233 1667 2249 1692 ,
2293 1625 2402 1679 lilio
2447 1633 2630 1679 autem
2676 1624 3081 1680 similitudinem
3130 1633 3319 1679 natura
3370 1626 3606 1694 insitam,

2017 1730 2140 1770 cum
2186 1714 2431 1783 genitore
2479 1730 2584 1769 non
2631 1714 2761 1769 sinis
2803 1729 2923 1769 esse
2963 1730 3326 1770 communem.
3371 1715 3474 1770 Sed
3492 1716 3605 1785 jam

2017 1806 2178 1861 nobis
2214 1804 2486 1860 silentium
2524 1819 2751 1874 vespere
2790 1814 3004 1875 tempus
3045 1804 3237 1861 indicit
3266 1824 3279 1858 :
3308 1806 3509 1862 dudum
3539 1807 3605 1865 ad

2019 1911 2270 1951 occasum
2311 1896 2427 1951 sole
2475 1896 2717 1967 delapso.
2780 1896 3122 1969 Quapropter
3164 1898 3253 1956 hic
3299 1915 3398 1954 nos
3441 1900 3605 1957 etiam

2018 1988 2283 2043 sermonis
2308 1996 2331 2026 α
2355 1986 2624 2043 curricula
2672 1989 3053 2057 terminemus,
3094 1988 3180 2045 his
3227 1990 3464 2050 contenti
3487 2004 3604 2061 qua
3682 2030 3693 2053 .

2015 2079 2157 2134 dicta
2189 2086 2336 2135 sunt.
2385 2076 2617 2132 Tantum
2647 2078 2792 2133 enim
2829 2079 2885 2133 in
2912 2080 3196 2150 praesentia
3233 2080 3603 2150 disseruimus,

2015 2178 2278 2241 quantum
2300 2171 2658 2226 intentionem
2677 2180 2911 2226 vestram
2933 2187 3220 2241 possumus
3245 2188 3456 2228 acuere.
3490 2171 3602 2229 Ple-

2012 2264 2224 2318 niorem
2271 2278 2401 2318 vero
2445 2262 2516 2318 de
2556 2263 2849 2334 propositis
2876 2265 3229 2333 quaestionem
3255 2264 3385 2319 alias
3405 2264 3559 2319 vobis
3581 2302 3598 2329 ,

306 2351 586 2419 imagines
613 2361 828 2408 nostras
851 2392 866 2417 ,
912 2354 1052 2408 sicut
1080 2362 1137 2409 et
1162 2353 1441 2424 Scriptura
1470 2362 1702 2409 testatur
1726 2372 1738 2406 :
1765 2354 1914 2409 Fecit
1994 2363 2200 2426 sancto
2226 2354 2427 2425 Spiritu
2452 2354 2470 2392 τ
2496 2354 2852 2424 astipulante,
2885 2354 3186 2413 reddemus.
3225 2355 3300 2410 lte
3329 2371 3470 2411 nunc
3497 2370 3594 2409 ex—

310 2439 485 2507 Deus,
518 2433 710 2511 inquit,
744 2444 1033 2499 hominem:
1066 2460 1177 2500 non
1207 2447 1458 2515 fecerunt.
1503 2444 1803 2501 Prudenter
1829 2446 1913 2500 vi-
1988 2446 2297 2515 'sultantes,
2326 2455 2382 2501 et
2406 2461 2507 2515 pro
2527 2445 2759 2516 dapibus
2787 2446 3022 2516 copiosis
3048 2446 3330 2515 pomisque
3354 2446 3596 2511 diversis,

327 2533 460 2588 tavit
487 2550 629 2593 nunc
666 2535 1061 2593 multitudinem
1104 2552 1456 2606 personarum
1489 2556 1501 2590 :
1533 2545 1594 2591 ut
1626 2548 1646 2576 ο
1676 2537 1766 2592 ubi
1795 2538 1914 2606 qui-
1984 2539 2277 2593 'me‘muria
2323 2538 2619 2604 relatorum
2650 2552 2869 2594 mensas
2895 2544 3107 2593 vestras
3135 2537 3402 2602 instruite.
3453 2538 3597 2593 Con--

307 2622 447 2689 ,dem
469 2622 714 2683 Judaeum
741 2626 1133 2694 confunderet,
1162 2628 1249 2684 hic
1275 2629 1436 2683 ritum
1472 2629 1788 2697 gentilitatis
1817 2644 1912 2683 ex-

328 2714 587 2769 cluderet.
622 2715 745 2771 ldeo
774 2716 1216 2775 commemoravit
1239 2720 1500 2775 unitatem
1518 2760 1532 2785 ,
1562 2729 1620 2774 ut
1645 2732 1701 2775 et
1719 2721 1911 2776 Filium

325 2793 485 2861 simul
510 2816 632 2863 esse
656 2824 775 2864 cum
818 2809 978 2865 Patre
1004 2826 1357 2880 cognosceres
1382 2832 1392 2865 :
1420 2821 1477 2868 et
1506 2814 1802 2883 periculum
1845 2814 1913 2868 de

398 2956 425 2984 ι
456 2945 595 3019 Editi
621 2988 634 3011 ,
683 2958 731 3000 et
757 2963 870 3001 eam
896 2949 1082 3004 liberos
1108 2958 1329 3004 nostros.
1378 2950 1531 3005 Coll).
1573 2952 1807 3019 primus,
1858 2957 1907 3002 et
1936 2952 1982 3015 C

324 3032 442 3069 cum
472 3014 678 3069 libertos
703 3029 927 3073 nostros.
975 3020 1142 3075 Vetus
1179 3030 1362 3074 noster
1395 3014 1600 3081 codex',
1654 3032 1701 3075 et
1740 3022 1911 3081 conli:

324 3087 493 3143 bertos
522 3097 742 3141 nostros.
787 3086 1005 3153 Graece,
1051 3096 1136 3144 καὶ
1167 3094 1284 3150 τοὺς
1319 3090 1641 3155 ὁμοδούλννς.
1696 3090 1823 3155 [huc
1852 3099 1907 3146 et

322 3156 527 3277 reliq'ua
576 3157 756 3211 omnia
800 3160 866 3213 ad
916 3157 1074 3213 linem
1117 3175 1287 3227 usque
1328 3156 1521 3214 desunt
1548 3160 1600 3213 in
1628 3160 1780 3215 Colb.
1814 3178 1902 3215 sc-

322 3241 516 3277 cumo.

322 3241 516 3280 CUIllIO.

394 3297 419 3332 ιι
450 3294 608 3372 Editi,
641 3298 696 3350 id
722 3309 815 3363 est,
847 3316 949 3372 non
981 3297 1179 3372 habitui
1206 3317 1474 3372 corporeo.
1504 3300 1569 3359 At
1594 3288 1769 3357 nostri
1794 3302 1900 3357 duo

324 3381 474 3429 mss.,
504 3366 560 3419 id
584 3377 680 3431 est,
709 3385 810 3423 non
833 3372 885 3423 in
910 3370 1087 3423 habitu
1116 3366 1382 3440 corporeo.

334 3504 352 3530 Ι

355 3496 3583 3539 mw

2016 2630 2271 2686 fundatur
2298 2630 2521 2716 impius,
2572 2630 2860 2686 erubescat
2892 2628 3136 2695 Judmus,
3175 2628 3404 2697 exsultet
3426 2628 3598 2698 justus

2019 2722 2489 2793 praedicationibus
2511 2722 2752 2778 veritatis
2775 2740 2790 2775 :
2813 2721 3144 2790 gloriﬁcetur
3162 2721 3435 2785 Dominus,
3457 2737 3596 2777 tune

2019 2822 2076 2868 et
2099 2828 2313 2883 semper
2336 2820 2392 2867 et
2420 2813 2474 2867 in
2500 2812 2697 2868 saecula
2726 2813 3066 2877 saeculorum.
3098 2811 3288 2867 Amen.

2088 2961 2107 2984 τ
2143 2947 2285 3002 Editi
2313 2954 2368 3003 et
2390 2945 2568 3015 Colh.,
2600 2957 2657 3002 ut
2675 2946 2767 3002 ibi.
2793 2948 2960 3002 Vetus
2990 2956 3172 3002 noster
3199 2947 3388 3009 codex,
3419 2954 3471 2997 ut
3493 2944 3594 3006 ubi.

2082 3019 2104 3054 ί¹
2139 3019 2322 3091 Codex
2352 3028 2554 3091 noster,
2587 3020 2795 3091 recepit.

2086 3100 2109 3161 ὲ
2144 3087 2316 3161 Editi,
2351 3087 2554 3149 cursant
2581 3087 2932 3151 terminemus.
2979 3087 3122 3143 Libri
3154 3094 3397 3156 veteres,
3430 3087 3591 3141 curri—

2010 3160 2129 3213 cula
2156 3160 2510 3214 terminemus.
3070 3182 3071 3185 η

2089 3230 2104 3267 ί
2143 3228 2283 3283 Εόίιί
2345 3231 2645 3303 δζὶῃιιιαηιε.
2703 3229 2771 3285 At
2813 3230 2980 3284 nostri
3025 3229 3131 3282 duo
3161 3244 3313 3289 mss.,
3361 3227 3591 3284 adstinn-
3662 3267 3669 3272 .

2008 3301 2168 3355 (ante.

1652 3612 1874 3663 EODEM
1920 3613 2221 3661 TEIIPORB

646 3632 3228 4062 POLEMEﬁsEYLi/‘IUS.

1418 4142 1884 4217 NOTITIA
1937 4148 2089 4219 EX
2143 4147 2462 4219 CAVE.

302 4472 311 4477 .
382 4394 662 4476 Polemeus
688 4421 803 4476 sive
835 4418 894 4474 P.
929 4419 1163 4481 Annmus
1187 4418 1428 4501 Sylvius,
1460 4421 1601 4477 unde
1629 4422 1888 4478 oriundus
1918 4425 1972 4485 D
1997 4422 2053 4479 id
2082 4431 2163 4479 est
2188 4438 2331 4483 anno
2357 4420 2558 4485 Christi
2585 4419 2689 4477 M8
2710 4426 2767 4481 et
2790 4420 3068 4492 sequentis
3089 4420 3262 4486 initio,
3293 4435 3413 4477 cum
3436 4420 3587 4479 Aste

310 4512 519 4582 quodve
566 4511 687 4565 vine
733 4527 902 4581 genus
938 4518 1173 4566 sectatus
1215 4511 1455 4569 nondum
1480 4512 1679 4568 didici:
1710 4512 1895 4569 80mm
1998 4515 2113 4571 rius
2149 4515 2485 4577 consulatum
2521 4514 2700 4569 iniret.
2730 4514 2986 4571 Condidit
3032 4514 3358 4570 Latercitlum
3398 4518 3590 4586 quovis

306 4605 504 4671 yixisse
534 4602 761 4665 videtur,
800 4602 1100 4670 claruitque
1137 4618 1280 4665 anno
1309 4602 1434 4661 448.
1486 4604 1709 4673 Scripsit
1747 4605 1892 4659 enim

2000 4605 2125 4659 anni
2175 4620 2359 4659 mense
2399 4605 2829 4660 Christianorum
2856 4616 2912 4661 et
2951 4608 3225 4676 gentilium
3268 4607 3400 4680 festa
3429 4626 3581 4666 mm-

305 4693 407 4749 sub
438 4692 741 4747 Theodosio
769 4690 989 4749 Juniorc
1016 4698 1071 4746 et
1100 4692 1472 4749 Valentiniano
1502 4693 1777 4763 Augustis,
1808 4711 1897 4753 ex-
1998 4695 2357 4764 plectentem,
2388 4707 2549 4764 quem
2576 4692 2796 4759 domino
2834 4696 3151 4767 beatissimo.
3174 4697 3440 4757 Eucherio
3471 4703 3590 4771 epi-

302 4786 504 4853 :t3n_eto
548 4784 658 4853 jam
707 4783 913 4845 Joanne
959 4783 1243 4855 Tyranno.
1294 4794 1349 4849 cl.
1388 4795 1446 4843 ut
1469 4787 1695 4856 ipsemet
1723 4788 1897 4845 adhuc

317 4876 501 4930 tiu-ius
523 4881 748 4935 testatur
769 4873 955 4931 Flavio
986 4875 1203 4933 Zenone
1231 4883 1281 4930 et
1306 4875 1693 4941 Pesthumiano
1727 4894 1891 4941 coss,

336 4996 399 5010 ει

2001 4800 2169 4857 scopo
2191 4786 2539 4857 nuncupavit.

1192 5020 2003 5191 possunt
2061 5072 2693 5184 svum

1168 5282 1169 5289 ‘
1499 5265 2413 5499 LATEISEJJULUS

940 5567 1388 5650 INDEX
1464 5565 2030 5650 DIERUM
2109 5568 2925 5651 FESTORUM.

727 5776 897 5847 (llnnc
930 5773 1266 5826 Lateri-ulunt
1298 5772 1559 5826 edidimus
1582 5774 1898 5842 t'atrolngia:
1929 5782 2125 5828 nostra:
2158 5781 2302 5823 tonio
2336 5769 2467 5833 XIII,
2501 5771 2603 5823 col.
2641 5770 2763 5838 670,
2796 5774 2886 5827 ubi
2913 5772 3148 5844 videsis.)
