4192 6258
647 321 751 376 967

1941 312 2207 371 SALONll
2246 307 2647 370 VIENNENSIS

3841 313 3950 370 ΜΒ

1759 467 2048 486 ,ους-αη-ν

1905 552 2088 611 [tum
2122 524 2696 611 υσιππῐοοεαςιιίι.

1877 1070 2280 1126 VIENNENSIS
2316 1069 2709 1128 EPISCOPUS.

1833 1200 1961 1273 (Ex
2022 1175 2280 1257 Biblioth.
2328 1198 2482 1256 Patr.
2539 1201 2759 1273 Lugd.)

1398 903 1402 909 λ
1480 712 2257 1126 δλὲἔςςξ

2359 712 3152 991 NIUS

2358 1069 2709 1128 LPISCOPUS.

2057 1341 2532 1359 —_—

1697 1462 2873 1538 PROLEGOMENON.

723 1786 1006 1847 Sanosws,
1034 1786 1196 1851 gente
1223 1776 1430 1840 Gallus,
1462 1773 1715 1831 Eucherii
1745 1770 2118 1843 Lugdunensis
2137 1769 2250 1842 epi-
2273 1775 2327 1834 Α
2352 1785 2453 1841 pus
2480 1768 2742 1826 dicendus
2772 1767 3019 1851 videtur;
3049 1771 3194 1840 quod
3218 1773 3359 1844 patri
3388 1774 3444 1831 in
3472 1777 3787 1851 episcopatu
3814 1782 3958 1856 Las,

654 1875 806 1947 scopi
853 1873 1033 1938 lilius,
1084 1870 1153 1924 ab
1200 1884 1268 1924 eo
1316 1866 1538 1923 vixdum
1578 1864 1768 1921 decem
1801 1878 1976 1920 annos
2013 1866 2173 1917 natus
2201 1862 2257 1917 in

658 1967 992 2028 Liriueusem
1018 1959 1250 2017 insulam
1269 1959 1486 2024 missus,
1508 1972 1575 2012 ac
1601 1956 1701 2012 sub
1729 1953 2015 2020 Honorati,
2043 1951 2253 2017 Hilarii,

658 2056 930 2124 Salviani,
957 2051 1231 2109 Vincentii
1249 2090 1266 2118 ,
1294 2050 1636 2120 aliorumque
1664 2046 1985 2116 magndrum
2013 2045 2254 2101 virorum

658 2167 787 2210 cura
817 2166 884 2206 ac
916 2147 1199 2219 disciplina
1238 2144 1535 2201 institutus.
1577 2140 1785 2198 Clarnit
1812 2156 1956 2196 anno
1985 2138 2113 2195 455.
2144 2137 2253 2196 Ec~

658 2242 946 2300 clesiarum
970 2254 1095 2296 eum
1122 2238 1327 2310 pariter
1353 2252 1419 2293 ac
1444 2235 1717 2291 Veranum
1742 2231 1963 2289 fratrem
1981 2274 1994 2300 ,
2040 2232 2255 2289 vivente

661 2337 839 2393 adhuc
866 2342 1050 2407 patre,
1087 2332 1381 2400 magistros
1417 2328 1584 2385 fuisse
1621 2325 1779 2384 ﬁdem
1817 2325 1946 2382 iacit
1971 2324 2256 2382 Salvianus

660 2426 788 2500 (Ep.
820 2426 891 2481 ad
918 2422 1279 2493 Eucherium).
1308 2421 1635 2493 Episcopum
1661 2420 1825 2476 tuisse
1848 2418 1982 2476 satis
2009 2426 2253 2486 constat;

660 2517 755 2573 alii
782 2516 930 2572 enim
957 2514 1135 2587 ipsum
1161 2513 1365 2569 diserte
1398 2518 1599 2568 vocant
1638 2509 1925 2566 Salvianus
1952 2516 2008 2565 et
2035 2506 2254 2565 Genna-

661 2609 783 2666 dius
807 2607 961 2682 (Cap.
992 2606 1120 2678 65);
1153 2604 1435 2676 cuiusnam
1471 2618 1604 2660 vero
1629 2602 1805 2669 urbis,
1839 2601 2133 2668 incertum;
2161 2600 2252 2657 alii

661 2701 805 2759 enim
834 2700 1231 2766 Genevensem,
1260 2697 1353 2753 alii
1377 2695 1745 2761 Genuensem,
1774 2695 1864 2750 alii
1888 2694 2250 2751 Viennensem

665 2792 829 2851 fuisse
862 2790 1073 2848 volunt.
1118 2790 1246 2846 Mihi
1275 2796 1459 2845 tamen
1488 2787 1672 2860 potius
1695 2801 1763 2863 eo
1792 2785 2012 2842 nomine
2039 2785 2249 2857 episco-

674 2922 3893 2963 *πῄ-Μ

2358 1860 2592 1916 dunensi
2635 1859 2921 1931 coadjutor
2956 1860 3115 1919 datus
3158 1863 3248 1920 sit.
3298 1864 3439 1923 Hinc
3478 1875 3537 1923 et
3560 1872 3723 1940 patris
3749 1874 3873 1931 vice
3901 1877 3959 1935 in

2358 1953 2592 2012 concilio
2621 1953 2954 2013 Arausicano
2991 1975 3008 2012 ι
3040 1973 3185 2014 anno
3209 1957 3309 2013 441
3333 1960 3714 2034 subscripsisse
3738 1971 3959 2027 cetiseri

2356 2054 2559 2117 potest.
2598 2044 2827 2115 Quando
2864 2048 3062 2105 obierit
3099 2064 3208 2105 mn
3239 2051 3428 2122 liquet.
3472 2054 3702 2127 Scripsit
3729 2057 3959 2131 Exposi-

2359 2138 2553 2224 tioncm
2580 2139 2637 2192 in
2676 2137 2973 2196 Parabolas
3013 2141 3317 2199 Salomonis
3336 2183 3354 2210 ,
3403 2145 3665 2220 cuicunque
3688 2154 3964 2222 mysticam

2358 2230 2417 2286 in
2435 2227 2788 2287 Ecclesiasten
2814 2275 2830 2302 ,
2871 2233 3072 2307 dialogi
3101 2236 3275 2306 [arma
3301 2241 3625 2310 conscriptas
3646 2282 3664 2307 ,
3694 2244 3883 2315 seipso
3909 2242 3967 2303 et

2362 2322 2579 2379 Verano
2625 2322 2793 2381 fratre
2838 2324 3339 2384 interlocutoribus.
3390 2328 3584 2386 Exstat
3637 2341 3874 2404 utraque
3911 2339 3964 2394 in

2363 2416 2768 2487 Orthodoxogr.
2794 2459 2810 2484 ,
2859 2433 2982 2489 pag.
3037 2419 3195 2485 l0l0,
3243 2430 3302 2478 et
3346 2421 3602 2479 Biblioth.
3646 2423 3796 2482 Patr.
3828 2437 3962 2485 tom.

2363 2525 2477 2576 Vill,
2504 2523 2629 2580 pag.
2662 2508 2788 2564 401.
2820 2509 3051 2582 Scripsit
3075 2520 3132 2568 et
3160 2510 3457 2584 Ερὶσιοιαπι
3483 2531 3590 2569 una
3617 2533 3739 2572 cum
3759 2517 3963 2578 Ceretio

2358 2608 2411 2655 et
2440 2599 2649 2657 Verane
2673 2602 2927 2673 episcopis
2957 2603 3028 2657 ad
3069 2595 3297 2659 Leonem
3334 2622 3553 2675 papam,
3581 2598 3705 2679 qua:
3732 2611 3965 2668 habetur

2361 2692 2506 2750 inter
2534 2693 2733 2751 Leonis
2756 2694 3017 2766 epistolas
3044 2702 3171 2767 post
3198 2697 3357 2768 epist.
3390 2696 3479 2753 5L

1603 3038 2266 3145 SALONII
2326 3041 3033 3153 EPISCOPI

1429 3256 1566 3367 IN.
1640 3250 2407 3363 PABABOLAS
2471 3257 3089 3372 SALOMON
3095 3266 3210 3371 IS

1334 3471 1341 3479 '
1773 3449 2314 3532 EXPOSITIO
2388 3455 2853 3539 MYSTICA.

1138 3734 1799 3808 summu-ron"

1065 3865 1354 3929 venimus
1400 3879 1482 3925 ΕΤ
1525 3876 1854 3924 ιιιοιυυε.

740 3973 1013 4030 Vesanus.
1066 3964 1346 4022 Parabolaa
1373 3976 1482 4032 qua
1509 3960 1691 4030 lingua
1719 3958 2008 4015 dicuntur?

739 4064 1021 4122 SALONIUS.
1052 4056 1267 4123 Grieca;
1316 4052 1508 4109 Latina
1557 4065 1690 4107 vero
1737 4049 2166 4122 interpretantur
2192 4047 2266 4105 si-

674 4153 1024 4215 militudines.

626 4260 637 4269 ·
741 4246 1012 4315 Venimus.
1061 4238 1241 4308 Quare
1277 4236 1538 4293 Salomon
1567 4231 1694 4289 huic
1721 4231 1862 4322 libro
1899 4245 2101 4288 nomen
2123 4229 2267 4287 istud

675 4338 744 4373 im
753 4335 928 4373 malai!
944 4336 968 4373 ν

675 4342 686 4350 “
895 4342 906 4347 ⁷
944 4342 968 4373 ν

673 4342 1023 4488 “gumiae
1057 4426 1129 4483 Ut
1155 4437 1255 4496 per
1274 4425 1381 4479 hoc
1399 4421 1803 4478 demonstraret
1828 4416 1955 4487 quia
1984 4431 2096 4473 non
2110 4414 2266 4486 juxta

671 4524 909 4580 litteram
926 4562 942 4588 ,
980 4517 1075 4574 sed
1115 4515 1274 4571 aliter
1308 4519 1366 4570 et
1392 4509 1744 4584 spiritualiter
1771 4506 2073 4579 intelligere
2099 4505 2266 4564 debe-

674 4627 795 4668 mus
817 4608 966 4680 quod
991 4606 1143 4664 dicit.

749 4700 1018 4758 νειωιυε.
1068 4694 1209 4765 Quid
1249 4691 1517 4766 signiﬁcat
1545 4691 1801 4751 Salomon
1820 4733 1835 4760 ,
1871 4689 2018 4763 quod
2044 4704 2145 4762 per
2170 4704 2267 4761 pa-

570 4832 577 4839 ρ
672 4792 887 4851 rabolas
907 4791 1120 4848 locutus
1147 4787 1269 4845 est?
1568 4816 1571 4821 ν

743 4886 1027 4943 δλιοκιυε.
1053 4878 1343 4938 Dominum
1368 4876 1552 4935 Iesum
1580 4876 1875 4945 Christum,
1901 4873 2028 4945 quia
2055 4887 2153 4944 per
2179 4887 2269 4943 pa-

673 4977 892 5035 rabolas
919 4975 1201 5031 locuturus
1218 4976 1339 5027 erat
1357 4968 1528 5025 turbis
1544 4966 1849 5024 iudiearem
1875 4984 1888 5020 :
1921 4980 2045 5020 nam
2073 4970 2129 5020 et
2149 4963 2267 5034 ipso

672 5068 893 5126 nomine
919 5080 1052 5131 suo,
1082 5062 1335 5122 eumdem
1362 5060 1651 5119 Dominum
1677 5057 1862 5116 Jesum
1889 5055 2167 5114 Christum
2197 5055 2267 5111 si-

671 5163 909 5234 gniﬁcat.

743 5253 1014 5310 Vesanus.
1065 5247 1350 5318 Quomodo
1389 5260 1521 5319 ergo
1552 5245 1941 5317 interpretatur
1966 5244 2263 5301 Salomon?

743 5343 1025 5400 SALONIUS.
1055 5339 1321 5398 Paciﬁcus
1345 5380 1362 5407 ,
1410 5340 1525 5397 sive
1572 5338 1844 5405 amabilis;
1884 5336 2147 5407 significat
2174 5353 2266 5392 au-

674 5442 785 5491 tem
812 5433 959 5489 illum
1007 5430 1077 5487 de
1120 5447 1229 5501 quo
1248 5431 1397 5495 .dicit
1426 5429 1746 5501 Apostolus,
1779 5428 2014 5484 Christus
2039 5444 2142 5498 pax
2168 5444 2263 5482 uo-

672 5535 806 5594 stra,
832 5524 918 5597 qui
938 5523 1060 5596 fecit
1091 5530 1307 5593 utraque
1337 5538 1496 5576 unum
1531 5519 1746 5591 (Ephes.
1780 5536 1851 5585 χι,
1883 5519 1960 5590 2).
2015 5517 2081 5573 Et
2109 5518 2258 5583 item,

676 5617 974 5686 l'aciﬁcans
996 5630 1087 5686 per
1111 5614 1413 5683 sanguinem
1428 5630 1595 5677 suurn,
1619 5613 1723 5667 sive
1740 5629 1855 5685 qua:
1874 5612 1930 5666 in
1956 5612 2094 5667 cretis
2117 5620 2256 5677 sunt,

674 5709 781 5761 sire
802 5722 913 5776 qua:
940 5707 994 5759 in
1025 5704 1175 5779 terris
1206 5701 1342 5774 (Col.
1374 5698 1440 5774 ιἹ.
1476 5702 1607 5759 Item
1634 5704 1779 5775 quod
1809 5704 2087 5770 Salomon,
2114 5719 2253 5758 ama-

676 5796 796 5850 bilis
825 5797 1237 5869 interpretatur,
1271 5797 1542 5864 aptissime
1595 5797 1744 5852 illum
1764 5798 2023 5867 signiﬁcat
2055 5797 2140 5852 cui
2171 5797 2250 5853 lo-

2292 3749 2343 3815 Β
2580 3749 2743 3809 Pater
2766 3752 2955 3813 dicens
2978 3737 3197 3815 ἷΤιΓὲἷ
3210 3745 3353 3837 ﬁtt'uc
3380 3780 3521 3820 mea:
3539 3768 3755 3826 dilectus
3782 3789 3839 3827 ut
3857 3791 3951 3848 quo

2370 3840 2499 3895 mihi
2519 3840 2644 3899 bene
2669 3847 2960 3919 complacui
2983 3847 3201 3923 (Matth.
3231 3854 3337 3923 ιιι).

2444 3934 2714 4059 νεξλκυξ.
2765 3937 2905 4007 Quid
2931 3941 3197 4013 signiﬁcat
3236 3946 3355 4018 ipso
3402 3948 3621 4022 paciﬁco
3668 3956 3830 4026 regni
3874 3974 3961 4017 sui

2365 4032 2535 4081 statu.

2438 4117 2716 4175 SALONIUS.
2754 4117 3001 4179 Perenne
3027 4123 3227 4183 Christi
3247 4134 3304 4183 et
3330 4127 3589 4187 Ecclesia;
3610 4147 3872 4204 regnum,
3898 4138 3965 4196 de

2365 4222 2476 4280 quo
2498 4208 2755 4282 scriptum
2783 4221 2869 4271 est
2894 4233 2907 4268 :
2932 4213 3000 4269 Et
3027 4220 3175 4287 regni
3195 4218 3306 4291 ejus
3329 4238 3433 4277 non
3457 4224 3554 4278 erit
3572 4225 3698 4297 linis
3718 4227 3876 4298 (Luc.
3898 4235 3964 4301 ι).

2440 4302 2714 4362 Vesanus.
2759 4304 2940 4374 Quare
2970 4307 3127 4379 juxta
3163 4308 3307 4366 LXX
3343 4312 3697 4387 interpretum
3724 4323 3968 4378 transla-

2368 4400 2571 4458 tionem
2599 4402 2716 4459 hasc
2736 4402 2877 4460 dicta
2905 4404 3239 4475 Salomonis,
3264 4423 3374 4466 non
3399 4410 3691 4482 parabolae,
3716 4412 3815 4470 sed
3833 4429 3967 4486 pro-

2368 4494 2551 4550 verbia
2580 4495 2960 4552 nominantur?

2440 4585 2718 4644 SALONIUS.
2770 4587 2924 4645 Sicut
2968 4590 3241 4661 parabolae
3279 4590 3551 4669 dicuntur,
3594 4594 3721 4666 quia
3749 4597 3965 4653 occulta

2367 4687 2494 4734 sunt
2510 4686 2567 4735 et
2593 4688 2805 4736 secreta
2831 4682 3089 4753 mysteria
3117 4680 3450 4753 signiﬁcant;
3481 4684 3563 4741 sic
3586 4693 3643 4741 et
3670 4687 3963 4757 proverbia

2367 4784 2607 4842 congrue
2633 4777 2917 4840 vocantur,
2944 4772 3072 4843 quia
3101 4773 3227 4829 talia
3255 4783 3382 4831 sunt
3406 4789 3529 4846 qua:
3554 4778 3753 4849 saepius
3781 4778 3839 4835 in
3866 4795 3965 4836 ore

2369 4864 2606 4921 ﬁdelium
2650 4865 2856 4921 versari
2882 4905 2898 4931 ,
2944 4874 3003 4921 et
3037 4867 3313 4923 memoria:
3338 4870 3708 4927 commendari
3734 4887 3807 4929 ac
3833 4874 3964 4930 reti-

2368 4960 2485 5015 neri
2512 4958 2745 5015 debeant
2767 4957 2949 5031 (Prov.
2981 4956 3042 5028 ι).

2444 5051 2709 5109 Vesanus.
2756 5050 2895 5120 Quid
2932 5051 3180 5109 utilitatis
3220 5054 3493 5125 parabolae
3520 5055 3838 5113 Salomonis
3868 5057 3960 5113 tri-

2286 5141 2336 5208 C
2366 5147 2576 5203 buunt?

2440 5240 2723 5296 SALONIUS.
2776 5236 3109 5310 Sapientiam
3141 5240 3389 5297 videlicet
3422 5249 3480 5297 et
3506 5242 3884 5314 disciplinam;
3914 5252 3967 5300 et

2371 5335 2477 5391 hoc
2505 5341 2590 5390 est
2616 5332 2759 5405 quod
2784 5332 2860 5389 ait
2885 5351 2898 5385 :
2931 5332 3012 5387 Ad
3041 5333 3344 5390 discendam
3382 5336 3697 5406 sapientiam
3722 5346 3776 5391 et
3807 5337 3966 5392 dictio

2371 5429 2590 5500 plinam.
2954 5450 2964 5462 -
3363 5474 3374 5483 .

2442 5520 2711 5577 Vesanus.
2763 5522 2902 5589 Quid
2932 5521 3098 5580 distat
3126 5521 3266 5577 inter
3290 5520 3617 5591 sapientiam
3645 5528 3703 5576 et
3730 5519 3960 5593 (Ιίδοίιώ-

2373 5613 2532 5670 nant?

2445 5706 2726 5760 SALONIUS.
2760 5705 3034 5777 Sapientia
3051 5713 3135 5761 est
3158 5704 3458 5760 divinarum
3490 5718 3674 5757 rerum
3703 5704 3960 5771 cognitio:

2374 5797 2652 5867 disciplina
2682 5785 2814 5854 vero
2844 5805 2925 5854 est
2955 5806 3154 5853 sancta:
3183 5805 3235 5852 et
3266 5811 3413 5866 pura:
3442 5795 3568 5850 vita:
3596 5805 3942 5851 conversatio
