4192 6258
325 333 456 390 .969

427 445 694 500 Vesanus.
743 443 881 511 Quid
905 449 989 498 est
1012 453 1142 509 ergo
1169 440 1378 496 discere
1405 440 1758 510 sapientiam?

421 535 698 590 SALONIUS.
730 532 880 589 Scire
925 539 980 588 et
1007 531 1303 599 intelligere
1329 531 1600 600 quomodo
1631 536 1779 586 recte
1809 545 1932 586 cre-

352 626 480 679 dere
508 625 728 680 debeas.

425 719 688 774 Vesanus.
737 717 876 785 Quid
902 725 984 773 est
1005 717 1213 773 discere
1235 715 1618 785 disciplinam?

423 809 699 863 Satonws.
789 807 1126 877 Cognoscere
1196 805 1426 876 qualiter
1487 818 1930 874 unumquemque

353 908 601 969 oporteat
627 899 837 965 vivere,
887 905 944 951 et
967 895 1094 968 quid
1121 893 1394 965 operando
1421 894 1711 949 conveniat
1737 908 1926 962 agere,

353 998 408 1042 ct
432 1005 538 1058 quo
557 988 751 1044 debeat
771 987 1119 1042 intentionem
1148 983 1328 1040 cordis
1351 983 1601 1052 dirigere.
1618 981 1874 1057 Sequitur
1902 1000 1917 1036 :

355 1078 525 1134 Timor
552 1079 760 1134 Domini
788 1081 1099 1152 principium
1124 1080 1413 1148 sapientiaz.

424 1170 685 1226 Vesanus.
734 1171 878 1238 Quot
905 1179 1032 1226 sunt
1059 1171 1280 1225 timores
1306 1168 1558 1224 Domini?

421 1263 699 1318 SALONIUS.
733 1263 871 1327 Duo,
902 1263 1006 1316 hoc
1033 1269 1135 1325 est,
1157 1259 1365 1315 servilis
1391 1266 1448 1315 et
1474 1265 1714 1314 sanctus.

421 1351 688 1408 Vesanus.
732 1350 953 1407 Servilis
977 1365 1146 1419 quare
1169 1349 1396 1404 dicitur?

421 1444 702 1499 SaLontus.
735 1443 870 1511 Quia
893 1443 1078 1498 'veluti
1116 1443 1258 1497 servi
1297 1441 1524 1496 Domino
1563 1440 1823 1495 servimus
1852 1439 1924 1496 ti-

356 1550 509 1590 more
530 1537 817 1603 gehennte,
847 1551 915 1591 ne
943 1536 1012 1590 ad
1039 1542 1306 1590 tormenta
1329 1534 1608 1588 ducamur.

426 1626 695 1682 Vesanus.
745 1627 973 1683 Sanctus
998 1627 1159 1681 timor
1185 1640 1354 1694 quare
1381 1625 1577 1680 dicitur-

420 1716 698 1772 SaLonws.
731 1717 868 1782 Quia
909 1717 1046 1771 sicut
1075 1718 1248 1770 bonus
1276 1716 1416 1770 ﬁlius
1445 1697 1630 1777 timet,
1662 1729 1731 1769 ne
1758 1713 1844 1770 vel
1873 1714 1928 1770 in

1134 331 1200 385 IN
1235 327 1634 384 PARABOLAS
1671 326 2053 386 SALOMONIS
2091 329 2444 387 EXPOSITIO
2481 327 2798 386 nlYSTICA.

3507 334 3612 393 970

1956 451 2006 511 Α
2033 440 2314 498 manifeste
2349 443 2604 512 pnedicat
2650 458 2749 511 per
2795 443 3101 513 aposmlos,
3128 441 3280 512 juxta
3323 444 3426 500 hoc
3465 447 3612 516 quod

2036 537 2115 591 eis
2142 536 2395 606 praecepit
2418 578 2434 602 ,
2463 536 2645 590 dicens
2671 555 2682 588 :
2715 535 2843 600 Quw
2874 536 2988 588 dico
3018 536 3154 589 vobis
3174 537 3228 588 in
3251 536 3468 592 tenebris
3486 579 3498 602 ,
3530 539 3611 593 di-

2033 630 2133 683 cite
2174 629 2230 683 in
2275 628 2491 692 lumine,
2541 628 2642 681 hoc
2687 636 2770 682 est
2814 625 3128 690 manifesto;
3174 636 3222 679 et
3258 644 3370 698 qua:
3394 628 3450 680 in
3488 645 3612 682 aure

2037 719 2245 782 auditis,
2276 717 2556 785 praedicata
2574 733 2728 788 super
2754 725 2908 781 tecta,
2943 718 2992 772 id
3018 726 3100 773 est
3129 726 3316 787 aperte
3341 725 3396 773 et
3425 735 3608 774 coram

2035 809 2302 864 omnibus.

2103 897 2376 956 Vesanus.
2423 897 2561 967 Quid
2605 909 2688 956 est
2723 903 2866 969 quod
2908 901 3014 953 ait:
3063 898 3127 953 In
3150 901 3318 970 capite
3347 908 3609 954 turbarum

2032 991 2261 1045 clamitat
2277 993 2303 1046 ?
3172 1037 3176 1042 .

2100 1080 2378 1141 SALONIUS.
2410 1084 2514 1142 Per
2540 1094 2702 1156 caput
2728 1085 3072 1152 designantur
3102 1085 3369 1154 principes
3396 1083 3608 1138 Judaeu-

2032 1187 2170 1227 rum.
2217 1172 2275 1226 ln
2320 1174 2497 1244 capite
2524 1175 2802 1230 turbarum
2831 1175 3170 1241 clamitabat,
3202 1175 3325 1242 quia
3357 1174 3611 1244 principi-

2031 1263 2132 1320 bus
2156 1262 2461 1322 Judaeorum
2485 1307 2500 1332 ,
2549 1267 2897 1322 homicidium
2943 1267 3086 1337 quod
3128 1269 3180 1322 in
3219 1283 3340 1321 eum
3370 1275 3612 1337 patravc—

2032 1362 2172 1421 rant,
2205 1357 2380 1426 palam
2404 1373 2501 1427 per
2525 1358 2800 1427 apostolos
2837 1358 2904 1411 ad
2945 1359 3257 1412 memoriam
3296 1357 3605 1416 reducebat,

2033 1455 2089 1501 et
2119 1447 2338 1501 eosdem
2366 1447 2433 1502 ad
2464 1449 2791 1518 ptenitentim
2819 1447 3120 1501 remedium
3147 1448 3392 1502 vocabat.

2104 1537 2368 1594 Vesanus.
2418 1537 2695 1605 Quomodo
2749 1539 3148 1605 intelligendum
3197 1547 3279 1593 est
3323 1539 3466 1606 quod
3522 1556 3580 1594 sc-

2032 1628 2248 1697 quitur:
2281 1629 2348 1684 In
2378 1629 2571 1701 {oribus
2600 1639 2864 1701 portarum
2903 1630 3042 1682 urbis
3080 1632 3276 1700 profert
3311 1617 3456 1683 verba
3477 1634 3611 1684 sua?

2103 1717 2380 1773 SALONIUS.
2414 1717 2516 1772 Per
2545 1720 2730 1772 urbem
2773 1726 2958 1772 sancta
2988 1717 3294 1786 designatur
3341 1717 3607 1783 Ecclesia,

335 1779 567 1861 ‘modico
613 1805 849 1862 oﬁendat
895 1808 1080 1862 oculos
1127 1807 1480 1861 amantissimi
1529 1805 1735 1875 patris;
1765 1807 1844 1861 sic
1872 1812 1929 1860 et
1956 1815 2004 1875 Β
2032 1817 2352 1877 congregata
2393 1809 2461 1863 de
2503 1815 2732 1875 utroque
2776 1807 2992 1877 populo,
3033 1779 3336 1862 Judaeorum
3367 1779 3613 1862 videlicet

354 1899 444 1970 qui
486 1896 708 1966 perfecti
751 1906 876 1953 sunt
917 1899 970 1951 in
1009 1896 1248 1953 Ecclesia
1291 1897 1482 1951 timent
1535 1909 1606 1950 ne
1656 1896 1931 1965 peccando

257 1997 264 2003 ‘
355 1992 626 2048 oﬁendant
650 1989 836 2044 oculos
858 1989 973 2042 Dei.

427 2083 695 2138 Vesanus.
747 2080 880 2147 Quis
906 2095 973 2134 ex
1001 2080 1104 2134 illis
1131 2078 1341 2134 duobus
1369 2079 1700 2148 sapientior?

421 2176 704 2230 SALONIUS.
734 2171 976 2236 Servilis,
1020 2171 1143 2248 quia
1172 2171 1477 2240 quicunque
1505 2185 1698 2240 sapere
1724 2171 1931 2241 incipit,

356 2267 458 2320 hoc
485 2273 589 2332 est,
631 2271 754 2334 post
792 2271 1016 2332 peccata
1056 2276 1116 2315 se
1161 2260 1438 2329 cognoscit
1480 2276 1690 2316 errasse
1713 2300 1727 2324 ,
1760 2262 1935 2332 primo

355 2359 539 2414 divino
571 2357 764 2411 timore
792 2355 1103 2424 corripitur,
1133 2369 1202 2408 ne
1228 2353 1296 2407 ad
1325 2361 1592 2408 lamenta
1617 2355 1879 2418 trahatur.

428 2435 697 2505 Vesanus.
754 2447 938 2501 Timor
959 2461 1091 2501 vero
1117 2452 1336 2502 sanctus
1357 2447 1484 2515 quid
1505 2450 1796 2516 operatur?

426 2537 709 2593 SaLonws.
759 2536 932 2605 Auget
996 2534 1357 2604 sapientiam,
1402 2536 1659 2603 quoniam
1708 2538 1938 2608 perfecta

358 2632 548 2684 caritas
580 2632 726 2702 {oras
781 2628 940 2681 mittit
981 2627 1214 2680 timorem
1243 2625 1310 2695 (Ι
1332 2625 1490 2680 Joan.
1524 2628 1608 2698 ιν)
1640 2627 1791 2682 illum
1816 2644 1935 2683 ser-

358 2719 535 2776 vilem.
587 2718 762 2772 Timor
801 2732 929 2772 vero
957 2725 1163 2770 sanctus
1192 2725 1455 2786 permanet
1483 2718 1540 2770 in
1568 2718 1812 2771 sarculum
1839 2734 1937 2772 ste-

359 2812 457 2864 culi
481 2810 652 2879 (Psal.
686 2809 858 2878 xvut).

430 2902 694 2962 Vesanus.
745 2900 880 2968 Quid
928 2908 1010 2955 est
1046 2900 1189 2971 quod
1229 2901 1482 2956 Salomon
1512 2903 1671 2957 dicit:
1713 2901 1936 2956 Frustra

361 2991 548 3063 iacitur
586 2999 692 3046 rete
728 3001 846 3044 ante
889 2991 1063 3045 oculos
1105 3001 1444 3062 permaturum
1471 2992 1659 3064 (Prae.
1691 2994 1753 3064 ι).
1791 2993 1937 3049 Nun-

359 3082 484 3151 quid
514 3097 620 3137 non
647 3081 822 3137 solent
847 3097 976 3138 aves
1005 3083 1376 3154 smpearetibus
1402 3086 1560 3155 capi?

429 3175 708 3230 Satonws.
740 3173 929 3230 Solent
957 3175 1161 3246 utique.

428 3265 690 3321 Vesanus.
742 3265 846 3331 Qui
875 3280 1005 3334 ergo
1032 3275 1157 3320 sunt
1184 3267 1272 3321 isti
1301 3268 1560 3336 pennati?

426 3358 704 3412 Sasonws.
737 3355 923 3411 Sancti
952 3365 1007 3410 et
1043 3357 1198 3410 electi
1233 3358 1354 3420 viri,
1385 3359 1476 3424 qui
1506 3358 1705 3412 habent
1731 3374 1937 3428 pennas

358 3447 522 3511 ﬁdei,
571 3446 722 3516 spei,
770 3454 826 3498 et
879 3445 1150 3510 caritatis,
1197 3453 1621 3514 caeterarumque
1677 3447 1935 3503 virtutum

356 3537 546 3606 quibus
574 3535 641 3589 ad
678 3533 915 3590 cmlestia
955 3532 1360 3602 contemplanda
1403 3535 1622 3588 volant:
1655 3536 1854 3592 habent
1883 3545 1940 3592 et

357 3625 626 3696 spiritales
671 3624 896 3691 oculos,
949 3623 1140 3692 quibus
1183 3631 1241 3678 et
1285 3623 1504 3678 insidias
1534 3625 1704 3679 hostis
1732 3626 1937 3694 antiqui

357 3718 678 3790 pnevident,
727 3725 782 3772 et
815 3724 1035 3787 peccata
1072 3725 1396 3785 praecavent.
1457 3716 1674 3771 Frustra
1703 3732 1849 3786 ergo,
1885 3717 1936 3771 id

357 3820 457 3878 est,
492 3813 544 3866 in
569 3825 766 3868 vanum
809 3810 1005 3881 jacitur
1040 3818 1156 3866 rete
1184 3817 1308 3865 ante
1336 3811 1523 3866 oculos
1544 3820 1933 3881 pennatorum;

357 3903 410 3957 id
437 3909 517 3957 est
541 3941 555 3967 ,
606 3902 830 3970 laqueus
875 3899 1188 3956 insidiarum
1229 3901 1428 3957 diaboli
1458 3901 1710 3971 obiicitur
1737 3902 1936 3956 sanctis

358 4000 414 4044 ct
440 3991 626 4045 electis
653 3991 809 4055 viris,
834 3991 959 4059 quia
987 3991 1143 4046 facile
1169 3993 1224 4046 in
1255 4002 1397 4048 terra
1425 4009 1682 4064 superare
1709 4005 1937 4064 possunt

359 4080 577 4136 insidias
603 4080 801 4135 diaboli
819 4116 834 4142 ,
866 4080 956 4150 qui
981 4095 1132 4160 suam
1159 4086 1623 4141 conversationem
1652 4089 1852 4143 habent
1880 4089 1934 4144 in

355 4171 525 4226 uelis.

429 4263 693 4319 Vesanus.
744 4261 873 4329 Quze
921 4270 1004 4317 est
1051 4262 1311 4332 sapientia
1362 4265 1429 4319 de
1473 4281 1579 4335 qua
1619 4267 1748 4322 dicit
1782 4267 1936 4325 Salo-

357 4370 513 4408 mon:
547 4342 820 4424 sapientia
849 4355 978 4425 foris
1006 4355 1278 4424 prtedicat,
1312 4356 1366 4408 in
1392 4357 1572 4410 plateis
1603 4357 1743 4410 dedit
1768 4375 1935 4413 vocem

353 4462 500 4499 suam
515 4446 539 4496 ?

2037 1908 2093 1955 et
2131 1898 2386 1970 gentium.
2440 1899 2604 1955 Fores
2642 1907 2919 1970 portarum
2948 1899 3106 1969 hujus
3136 1898 3280 1953 urbis
3317 1901 3482 1953 sancti
3511 1899 3610 1953 du-

2037 1999 2214 2047 ctores
2260 1991 2508 2056 fuerunt,
2540 1991 2631 2060 qui
2669 1990 2890 2045 verbum
2934 1989 3206 2058 Evangelii
3253 1989 3613 2059 praedicando,

2037 2081 2316 2136 credentes
2363 2081 2415 2134 in
2469 2095 2588 2134 eam
2618 2078 3052 2133 introduxerunt.
3104 2078 3374 2146 Sapientia
3403 2091 3531 2145 ergo
3563 2078 3612 2130 in

2039 2173 2240 2227 foribus
2267 2181 2542 2242 portarum
2571 2171 2718 2225 urbis
2741 2169 2903 2224 verba
2933 2163 3373 2237 sua'profcrcbat,
3397 2165 3614 2234 quando

2039 2264 2280 2320 Christus
2310 2264 2363 2317 in
2392 2261 2651 2332 apostolis
2679 2261 2788 2315 suis
2815 2259 3152 2329 loquebatur.

2112 2355 2375 2408 Vesanus.
2408 2351 2544 2419 Quid
2575 2359 2658 2406 est
2686 2351 2830 2420 quod
2871 2351 2982 2404 ait:
3019 2349 3224 2403 Inclina
3261 2367 3350 2404 cor
3380 2359 3516 2402 tuum
3546 2366 3613 2401 aa

2038 2444 2425 2516 intelligendam
2473 2443 2802 2514 prudentiam
2847 2441 3024 2513 (Prov.
3057 2441 3154 2508 n)?
3203 2439 3486 2506 Quomodo
3515 2455 3616 2509 po--

2040 2544 2143 2591 test
2168 2536 2330 2590 homo
2357 2535 2616 2590 inclinare
2637 2535 2770 2589 cor?

2107 2628 2386 2683 Saeontus.
2420 2627 2513 2682 llle
2552 2627 2770 2681 inclinat
2797 2641 2893 2680 cor
2921 2639 3073 2678 suum
3103 2623 3168 2676 ad
3192 2621 3613 2691 cognoscendam

2039 2721 2374 2791 prudentiam
2400 2760 2414 2785 ,
2459 2717 2552 2788 qui
2592 2716 2837 2771 humiliat
2881 2731 2940 2770 se
2988 2723 3042 2770 et
3087 2707 3341 2768 emundat
3381 2713 3614 2766 animum

2035 2828 2190 2866 suum
2221 2793 2512 2881 alpeccatis
2535 2851 2549 2876 ,
2582 2817 2640 2863 ut
2680 2809 2885 2877 dignus
2914 2805 3008 2860 ﬁat
3043 2806 3108 2860 ad
3138 2804 3475 2875 percipienda
3503 2820 3613 2873 my-

2038 2902 2547 2962 steria~Divinitatis.

2086 3050 2088 3052 τ
2111 2998 2376 3052 Vesanus.
2411 2994 2548 3062 Quid
2574 2993 2819 3063 estquod
2842 2990 2972 3047 dicit
2995 3009 3009 3044 :
3045 2987 3614 3060 Nerinniéarissapt'en-

2039 3092 2123 3144 tiae
2151 3089 2288 3143 tute?
2312 3089 2445 3155 Quis
2475 3088 2616 3143 enim
2647 3086 2890 3141 innititur
2917 3085 3231 3154 sapientiae?

1962 3184 2008 3242 C
2110 3151 2385 3243 Sileamus.
2431 3177 2526 3231 llle
2563 3177 2654 3246 qui
2690 3193 2784 3231 sua
2835 3151 3093 3245 sapientia
3117 3215 3132 3239 ,
3162 3181 3254 3228 aut
3281 3174 3391 3228 suis
3418 3151 3616 3228 viribus

2039 3270 2260 3326 conlidit
2287 3285 2346 3323 se
2375 3283 2531 3339 posse
2560 3266 2781 3336 implere
2809 3265 2987 3319 divina
3017 3265 3288 3331 mandata.

2110 3361 2376 3416 Vesanus.
2417 3357 2556 3412 Ecce
2592 3358 2785 3411 iterum
2817 3356 2982 3410 dicit:
3023 3354 3108 3408 Ne
3140 3357 3211 3407 sis
3244 3356 3447 3422 sapiens
3481 3351 3616 3420 apud

2040 3454 2359 3520 temetipsum
2399 3448 2581 3517 (Prov.
2607 3446 2708 3515 ut).
2771 3445 2902 3510 Quis
2947 3446 3089 3499 enim
3131 3453 3213 3497 est
3237 3445 3448 3512 sapiens
3476 3444 3615 3512 apud

2038 3541 2421 3610 semetipsum?
3055 3581 3060 3586 .

2109 3633 2388 3686 SaLonIus.
2437 3631 2529 3685 llle
2569 3638 2718 3686 certe
2749 3629 2840 3698 qui
2881 3644 2941 3683 se
2971 3642 3077 3698 pne
3105 3627 3314 3682 caeteris
3338 3628 3489 3697 quasi
3513 3628 3612 3683 do-

2038 3733 2156 3780 ctor
2184 3721 2431 3787 extollit,
2477 3729 2535 3792 et
2558 3721 2726 3789 jactat
2760 3719 2828 3772 de
2856 3720 2938 3773 his
2966 3734 3085 3787 qua:
3115 3734 3180 3772 ex
3209 3717 3365 3772 dictis
3395 3717 3611 3772 Patrum

2037 3823 2186 3869 recte
2214 3825 2540 3880 cognoscere
2568 3826 2630 3864 ac
2661 3810 2958 3877 intelligere
2985 3809 3181 3878 potuit.

2110 3905 2376 3960 Vesanus.
2409 3905 2538 3970 Qua:
2566 3909 2649 3956 est
2673 3901 2935 3970 sapientia
2963 3917 3091 3955 vera
3118 3901 3384 3954 hominis?

2107 3997 2386 4052 SALONIUS.
2418 3993 2630 4048 Timere
2676 3992 2957 4046 Dominum
3005 3999 3059 4045 et
3100 3991 3351 4045 recedere
3378 4007 3408 4043 a
3438 3990 3607 4055 malo;

2029 4089 2092 4144 ‘et
2119 4089 2224 4143 hoc
2253 4095 2334 4142 est
2360 4086 2503 4156 quod
2543 4099 2669 4140 mox
2711 4084 2951 4154 sequitur
2987 4101 2999 4136 :
3037 4082 3178 4136 Time
3214 4081 3488 4136 Dominum
3512 4124 3526 4148 ,
3558 4089 3608 4136 et

2038 4179 2216 4233 recede
2236 4197 2266 4230 (ι
2287 4178 2444 4232 malo.

2107 4269 2372 4325 Vesanus.
2408 4267 2562 4324 Unde
2600 4266 2704 4322 scis
2743 4265 2890 4337 quod
2927 4265 3040 4320 haec
3067 4279 3191 4319 vera
3220 4265 3477 4335 sapientia
3507 4266 3606 4322 ho-

2039 4360 2232 4414 minis?

2109 4449 2388 4505 SALONIUS.
2418 4449 2552 4516 Quia
2574 4449 2628 4504 in
2655 4449 2793 4504 libro
2817 4447 2918 4505 Job
2946 4449 3203 4518 scriptum
3233 4456 3350 4503 est:
3386 4447 3520 4503 Ecce
3545 4451 3609 4502 ti-

423 4538 702 4591 SALONIUS.
753 4534 950 4591 Christi
995 4537 1124 4592 Jesu
1165 4539 1257 4608 qui
1287 4547 1371 4594 est
1414 4539 1510 4595 Dei
1557 4541 1726 4596 virtus
1759 4548 1814 4596 ct
1840 4542 1934 4598 Dei
1961 4536 2011 4596 D
2038 4558 2148 4596 mor
2188 4540 2400 4596 Domini
2436 4544 2547 4612 ipse
2584 4553 2662 4596 est
2705 4544 2991 4613 sapientia;
3039 4551 3086 4595 et
3114 4542 3346 4596 recedere
3381 4558 3413 4595 a
3450 4545 3608 4606 male,

351 4627 634 4697 sapientia,
666 4627 804 4683 sicut
828 4627 958 4682 dicit
979 4627 1293 4698 Apostolus.

424 4717 690 4772 Vesanus.
740 4714 866 4774 Haec
891 4731 1020 4787 ergo
1048 4718 1312 4789 sapientia
1339 4722 1610 4789 quomodo
1641 4723 1769 4782 foris
1794 4741 1930 4795 prte-

350 4806 524 4862 dicat?

419 4897 697 4954 SaLontus.
729 4899 877 4955 Intus
907 4902 1246 4973 praedicavit,
1276 4902 1328 4958 id
1358 4911 1440 4958 est
1469 4905 1522 4957 in
1550 4911 1761 4960 secreto
1781 4945 1796 4970 ,
1828 4922 1926 4961 an-

349 4993 566 5061 tequam
593 4994 887 5057 pateretur,
917 4990 1042 5058 quia
1062 4990 1246 5059 paucis
1271 4991 1346 5062 (id
1369 5001 1453 5046 est
1475 4992 1602 5047 solis
1630 4993 1925 5063 discipulis)

350 5081 604 5152 mysteria
637 5095 747 5134 sute
773 5079 1068 5136 divinitatis
1096 5075 1358 5148 ostendit;
1404 5093 1529 5154 post
1575 5087 1926 5142 resurrectio-

351 5184 472 5222 nem
502 5185 630 5225 vero
658 5186 809 5226 suam
837 5170 965 5224 foris
992 5173 1322 5239 praedicavit,
1353 5176 1478 5242 quia
1507 5177 1669 5230 misso
1697 5176 1928 5246 desuper

349 5256 545 5326 Spiritu
574 5267 782 5321 sancto,
815 5268 1002 5327 aperte
1028 5275 1088 5314 se
1115 5275 1212 5329 per
1231 5262 1520 5330 apostolos,
1552 5265 1695 5333 quod
1724 5266 1818 5321 Dei
1841 5267 1928 5322 Fi-

350 5346 450 5401 lius
481 5355 640 5409 esset,
672 5348 872 5403 mundo
897 5349 1211 5404 declaravit.

422 5437 685 5492 Vesanus.
738 5437 1024 5503 Quomodo
1053 5440 1105 5494 in
1129 5443 1320 5510 plateis
1351 5444 1494 5498 dedit
1524 5461 1709 5502 vocem
1739 5449 1929 5502 suam?

418 5525 693 5582 SALONIUS.
726 5527 860 5594 Quia
887 5544 1006 5598 qua:
1043 5540 1170 5586 ante
1207 5533 1260 5586 in
1299 5545 1509 5590 secreto
1532 5547 1586 5591 et
1613 5539 1667 5592 in
1691 5539 1925 5601 occulto,

351 5625 404 5672 et
432 5620 481 5672 in
514 5633 619 5671 uno
648 5626 853 5672 tantum
880 5618 1184 5676 Judacorum
1204 5626 1404 5693 populo
1423 5626 1701 5697 docuerat,
1736 5637 1934 5700 postea

351 5711 399 5764 in
431 5709 706 5764 latitudine
735 5709 1032 5778 plebeium,
1082 5722 1137 5764 et
1171 5728 1349 5767 coram
1391 5717 1636 5774 omnibus
1672 5719 1930 5796 gentibus

667 5801 932 5861 Parsoe.
982 5802 1132 5862 Llll.

2037 4631 2401 4702 intelligentia.

2108 4721 2372 4775 Vesanus.
2420 4719 2552 4786 Quis
2598 4720 2686 4776 ille
2733 4722 2894 4776 homo
2923 4721 2988 4774 de
3019 4735 3125 4790 quo
3154 4719 3408 4776 Salomon
3439 4721 3568 4774 dicit
3595 4740 3605 4772 :

2037 4811 2226 4866 Beatus
2249 4813 2396 4864 homo
2417 4811 2501 4881 qui
2529 4811 2721 4864 invenit
2742 4811 3085 4882 sapientiam?

2103 4903 2384 4959 SALONIUS.
2413 4903 2746 4958 Christianus
2776 4903 2945 4958 ﬁdelis
2971 4909 3026 4956 et
3053 4901 3362 4958 catholicus.

2103 4995 2371 5050 Vesanus.
2401 4994 2626 5062 Quando
2656 4995 2757 5050 iste
2786 4993 2988 5049 invenit
3013 4992 3369 5062 sapientiam?

2102 5084 2380 5139 SaLonlus.
2394 5083 2524 5140 Cum
2549 5085 2844 5139 doctrinam
2862 5082 3115 5145 veritatis,
3143 5082 3193 5134 id
3214 5089 3295 5135 est
3315 5080 3605 5150 Evangelii,

2033 5190 2260 5244 corpore
2287 5175 2518 5229 simulet
2539 5174 2699 5228 corde
2726 5172 2970 5242 percipit,
3001 5179 3055 5224 et
3087 5171 3138 5225 in
3169 5172 3456 5240 Scripturis
3481 5189 3604 5228 san-

2034 5268 2154 5332 ctis,
2184 5266 2391 5321 Domini
2422 5265 2750 5320 voluntatem
2775 5265 2953 5318 studet
2979 5277 3324 5331 cognoscere.

2111 5359 2375 5412 Vesanus.
2408 5355 2632 5421 Quando
2663 5353 2830 5408 aﬁluit
2857 5353 3175 5423 prudentia?
3247 5395 3254 5400 .

2107 5450 2389 5504 SraLonws.
2436 5445 2662 5512 Quando
2691 5461 2811 5498 cum
2855 5459 3048 5513 magno
3072 5461 3256 5500 amore
3284 5455 3338 5500 et
3369 5447 3448 5502 sui
3475 5461 3600 5502 con-

2031 5541 2219 5594 ditoris
2264 5536 2550 5590 dilectione
2594 5533 2739 5587 audit
2782 5544 3044 5603 prteccpta
3094 5536 3299 5598 divina,
3346 5544 3400 5590 et
3444 5551 3598 5606 opere

2031 5632 2208 5684 studet
2238 5628 2475 5696 implere.

2105 5721 2370 5772 Vesanus.
2412 5715 2549 5780 Quid
2581 5725 2662 5769 est
2691 5719 2828 5786 quod
2858 5722 2960 5772 ait:
3007 5720 3114 5772 l'ia'
3142 5721 3250 5788 eius
3280 5721 3528 5788 μνήμην-(ε.

3259 5811 3329 5870 31
