4192 6258
574 381 670 441 971

1863 367 2127 426 δΔιοΝιι
2166 365 2563 431 YIENNENSIS

571 511 747 554 omnes
792 498 988 547 semth
1033 504 1144 555 elus
1181 485 1452 556 paciﬁcos?
1494 489 1624 551 Qum
1652 489 1779 539 sunt
1803 488 1919 539 ista:
1947 482 2045 538 via:
2072 487 2232 547 sa-Jt
2337 479 2619 536 Summus.
2658 476 2761 533 Per
2798 492 2916 534 vras
2956 491 3079 547 quae
3104 492 3138 531 α
3163 477 3544 546 (ιθιυ-ὶεεωιιι,
3568 476 3870 548 designan-

573 585 807 657 pientite,
839 589 931 635 aut
953 594 1073 651 qua:
1100 585 1223 631 sunt
1250 577 1455 633 semita:
1476 576 1627 644 ejus?

646 677 928 731 SALONIUS.
992 669 1102 723 Viae
1154 668 1430 740 sapientia:
1477 674 1605 721 sunt
1663 666 1905 722 actiones
1954 664 2166 723 Domini

576 784 709 841 quas
735 765 899 835 gessit
928 764 981 817 in
1010 777 1193 830 carne,
1218 762 1332 816 sive
1362 759 1621 814 doctrinae
1646 758 1814 827 ipsius
1842 772 1961 829 quae
1989 754 2166 815 conli-

577 866 774 915 ucntur
822 857 876 910 in
919 854 1068 909 libris
1109 851 1385 920 Evangelii
1414 868 1428 916 ;
1469 865 1587 918 qua:
1618 849 1715 902 viae
1743 847 1988 917 pulchra:
2018 854 2162 910 sunt,

579 951 702 1020 quia
747 947 959 1001 divinm.
1044 944 1261 998 Semita:
1308 941 1582 1011 sapientia:
1628 947 1753 993 sunt
1799 947 2071 1009 pmoepta
2116 946 2173 993 et

581 1042 831 1097 mandata
860 1034 1101 1099 Domini,
1131 1048 1248 1102 quae
1274 1030 1341 1085 ad
1368 1045 1554 1100 pacem
1582 1036 1837 1083 reternam
1866 1046 1880 1082 :
1910 1024 2168 1103 paciﬁcge,

583 1133 706 1203 quia
754 1129 933 1186 omnia
991 1131 1260 1198 prmeepta
1306 1120 1516 1175 Domini
1564 1118 1631 1173 ad
1678 1130 1867 1190 paCem
1915 1126 2174 1181 aeternam

583 1222 900 1294 perducunt.

657 1315 926 1369 Vesanus.
980 1309 1053 1363 De
1082 1322 1187 1378 qua
1234 1307 1352 1377 lege
1398 1313 1493 1358 aut
1519 1302 1586 1357 de
1621 1318 1728 1371 quo
1774 1301 2001 1359 consilio
2047 1299 2180 1379 dicit

588 1404 864 1469 Salomon,
897 1415 1020 1456 cum
1049 1399 1123 1452 ait
1151 1417 1162 1449 :
1207 1395 1420 1451 Custodi
1450 1395 1611 1466 legem
1640 1401 1789 1465 atque
1808 1391 2115 1448 consilium?

656 1497 939 1549 SALONIUS.
988 1492 1062 1544 De
1105 1491 1223 1558 lege
1271 1487 1519 1542 videlicet
1559 1502 1622 1540 ac
1644 1484 1868 1541 consilio
1897 1482 2178 1554 sapientiae

488 1594 497 1627 ⁷
591 1589 802 1644 Domini
830 1586 984 1641 Jesus
1012 1584 1230 1639 Christi.

661 1677 930 1731 Vesanus.
959 1672 1089 1740 Qtue
1118 1680 1199 1727 est
1229 1672 1315 1726 lex
1344 1668 1657 1741 sapientiae?

664 1770 945 1825 SALONIUS.
979 1764 1089 1821 Lex
1112 1763 1387 1835 sapientiae
1415 1770 1525 1828 est,
1550 1776 1669 1830 quae
1699 1760 1827 1814 dicit
1852 1778 1863 1812 :
1898 1758 1958 1815 Si
1989 1760 2062 1814 vis
2090 1761 2176 1813 in-

2276 585 2363 631 tur
2390 582 2591 633 sanare
2617 572 2858 635 actiones
2884 580 2947 631 et
2976 586 3143 640 opera
3183 570 3362 631 bona:
3398 570 3694 629 tamenim
3717 574 3872 630 novit

2277 664 2535 720 Dominus
2564 704 2578 728 ,
2630 663 2683 717 id
2728 670 2847 728 est,
2897 661 3115 737 dirigit,
3171 670 3228 716 et
3254 661 3473 731 placent
3496 662 3595 717 illi.
3628 661 3787 718 Unde
3813 674 3872 720 et

2277 765 2499 813 econtra
2544 756 2600 810 in
2634 754 2839 825 judicio
2884 754 3126 815 dicturus
3154 762 3238 813 est
3260 755 3551 825 repmbis:
3590 755 3721 814 Non
3751 761 3874 814 nari

2277 864 2405 913 ros:
2436 847 2544 902 hoc
2566 853 2669 913 est,
2703 861 2818 901 non
2840 860 2937 901 vos
2955 845 3114 914 elegi,
3146 860 3256 902 non
3278 845 3429 905 enin
3458 840 3874 918 Iitihiplaeeus,

2276 942 2406 1011 quia
2460 955 2568 995 non
2615 954 2713 997 vos
2756 937 2914 997 video
2954 937 3009 993 in
3038 938 3159 995 luco
3186 953 3345 1004 mea,
3368 954 3606 995 non-vos
3626 940 3789 996 video
3818 943 3880 998 in

2274 1032 2484 1101 iustitia
2506 1046 2631 1088 mea
2872 1035 2881 1047 '

2352 1124 2620 1180 Vesanus.
2652 1123 2790 1191 Quid
2816 1132 2901 1180 est
2937 1124 3085 1193 quod
3116 1124 3285 1181 dicit:
3316 1123 3403 1183 Ne
3432 1128 3526 1181 dos
3557 1130 3747 1184 alienis
3777 1132 3879 1185 Im-

2283 1231 2460 1269 norem
2480 1222 2625 1269 tuum
2649 1256 2665 1282 ,
2695 1223 2744 1267 et
2774 1230 2945 1271 uno:
2976 1223 3094 1270 tuos
3113 1214 3510 1286 crudelimev.
3538 1219 3621 1289 tv).
3646 1220 3735 1275 De
3766 1237 3880 1290 Qun

2280 1306 2490 1371 honore
2517 1306 2667 1371 dicit,
2698 1314 2794 1363 aut
2814 1321 2956 1376 quos
2982 1318 3142 1363 vocat
3169 1308 3415 1364 alienos?

2258 1405 2263 1409 ’
2356 1398 2635 1453 δλιθκιυε.
2680 1398 2758 1453 De
2782 1398 2995 1456 honore
3021 1399 3182 1466 dicit,
3224 1401 3369 1469 quod
3388 1400 3677 1459 factust
3698 1404 3882 1459 homo

2284 1489 2352 1545 ad
2385 1490 2669 1557 imaginem
2699 1489 2793 1547 Dei
2821 1507 2834 1541 :
2866 1489 3092 1554 alienos,
3119 1490 3393 1547 “mones
3410 1493 3677 1563 appellat,
3698 1501 3766 1548 et
3788 1504 3879 1548 est

2283 1597 2476 1638 sensus
2502 1601 2513 1635 :
2554 1582 2632 1641 Ne
2664 1583 2931 1639 honorem
2954 1589 3145 1648 tuum,
3182 1582 3334 1651 quod
3357 1584 3427 1639 ad
3454 1584 3742 1654 imaginata
3773 1586 3874 1641 Dei

2289 1683 2497 1729 creatus
2522 1689 2601 1739 es,
2620 1674 2763 1731 male
2790 1672 3019 1733 vivendo
3038 1674 3877 1746 ωδὼεὶιιιακιὶειῳὶήιῶυδ.

2355 1766 2621 1825 Venatus.
2643 1760 2822 1833 Quem
2842 1765 3088 1834 ttppelht
3114 1763 3418 1831 candelae;
3442 1774 3548 1820 tant
3568 1765 3881 1837 dequtibus

595 1860 737 1934 gredi
768 1858 837 1912 ad
866 1858 1038 1921 vitam,
1067 1872 1216 1908 serva
1239 1851 1509 1918 mandata,
1540 1850 1593 1904 id
1618 1859 1835 1916 est,non
1850 1849 2274 1918 occides,non.B
2296 1858 2453 1917 amis
2475 1856 2638 1917 dicit?

594 1950 944 2016 mwchaberis,
969 1965 1071 2003 non
1104 1950 1297 2018 furtum
1337 1946 1494 2016 {acies
1526 1942 1739 2013 (Matth.
1768 1958 1888 2008 xtx;
1915 1941 2085 1997 Marc.
2121 1959 2186 2008 ις

595 2047 719 2102 Luc.
754 2044 926 2115 xvut).

662 2139 933 2193 Vesanus.
962 2133 1117 2202 Quod
1139 2141 1222 2188 est
1242 2131 1529 2188 consilium
1559 2128 1875 2200 sapientize?

666 2229 946 2283 SALONIUS.
980 2226 1041 2282 Si
1083 2226 1156 2281 vis
1202 2224 1459 2294 perfectus
1504 2237 1648 2285 esse,
1691 2217 1851 2273 vende
1870 2218 2192 2289 omniaquae

599 2320 772 2385 babes,
804 2327 851 2373 et
881 2318 947 2370 da
969 2316 1303 2387 pauperibus.

666 2409 938 2465 Vesanus.
971 2405 1109 2473 Quid
1152 2413 1240 2460 est
1287 2403 1435 2473 quod
1476 2403 1587 2457 ait:
1619 2401 1949 2458 Abominatio
1978 2398 2193 2453 Domini

599 2508 677 2555 est
705 2498 873 2559 omnis
900 2496 1116 2553 illitam?
1140 2484 1280 2560 Quis
1306 2502 1389 2549 est
1411 2492 1631 2547 illusor?

672 2589 952 2644 SALONIL‘S.
985 2586 1177 2640 lllusor
1215 2593 1297 2639 est
1328 2583 1422 2652 qui
1444 2582 1610 2639 verba
1637 2581 1734 2638 Dei
1763 2594 2015 2651 perverse
2044 2578 2198 2633 intel-

601 2678 816 2750 ligendo
862 2686 917 2734 et
961 2675 1207 2732 docendo
1254 2673 1569 2743 corrumpit.
1625 2670 1815 2726 lllusor
1841 2669 2038 2738 estqui
2067 2683 2197 2723 suos

601 2771 881 2843 proximos
919 2767 1191 2838 simplices
1219 2772 1274 2820 et
1301 2778 1569 2839 pauperes
1609 2759 1918 2817 insultando
1947 2769 2193 2814 contem-

603 2862 701 2915 nit.
732 2859 923 2915 lllusor
951 2866 1033 2914 est
1069 2856 1162 2925 qui
1191 2869 1385 2924 magna
1426 2853 1522 2908 Dei
1551 2852 1813 2923 promissa
1846 2850 1999 2921 quasi
2029 2864 2195 2921 parva

603 2952 867 3022 despicit,
911 2959 966 3006 et
1004 2963 1220 3020 poenam
1247 2954 1461 3001 aeternae
1490 2943 1853 3007 damnationis
1881 2941 2033 3013 quasi
2059 2940 2196 2995 tole-

603 3044 827 3103 rabilem
857 3042 1078 3111 spernit.
1112 3039 1310 3092 Omnes
1336 3037 1439 3091 hos
1476 3036 1612 3090 tales
1639 3033 1981 3089 abominatur
2008 3029 2195 3085 Domi-

611 3153 732 3203 nus,
762 3141 961 3188 etcum
992 3128 1323 3198 simplicibus
1352 3134 1437 3180 est
1464 3124 1846 3181 sermocinatio
1887 3121 2030 3191 ejus,
2068 3120 2193 3189 quia

2366 1950 2646 2009 Simulus.
2674 1950 2861 2009 Annos
2882 1959 3048 2006 vocat
3072 1951 3246 2019 spatia
3274 1951 3429 2017 vitm;
3458 1952 3728 2008 audciam
3756 1953 3881 2009 dia-

2294 2044 2478 2099 bolum
2500 2082 2515 2108 ,
2571 2048 2635 2097 et‘
2671 2051 2754 2097 est
2798 2057 3024 2097 sensus:
3076 2040 3264 2112 Spatia
3290 2044 3430 2107 vitm,
3458 2058 3581 2113 qua:
3608 2044 3703 2099 tibi
3724 2045 3883 2101 dedit

2297 2132 2440 2187 Deus
2461 2132 2602 2191 male
2629 2131 2858 2193 vivendo
2886 2131 3164 2187 rte-tradas
3182 2131 3425 2189 diabolo.

2368 2225 2640 2285 Vstuuus.
2669 2223 2748 2280 De
2770 2240 2879 2295 qua
2914 2225 3167 2304 cista-na.
3193 2208 3353 2279 docet
3384 2224 3653 2282 ﬁalomon
3695 2227 3885 2282 bibere

2298 2331 2493 2386 aquam
2514 2356 2531 2382 ,
2559 2324 2653 2372 aut
2695 2315 2765 2371 de
2803 2330 2915 2385 quo
2950 2323 3114 2385 pineo
3142 2314 3342 2371 ﬂuenta
3365 2355 3381 2380 ,
3412 2317 3724 2373 malieit:
3754 2318 3887 2372 ωε

2299 2424 2497 2489 aquarii.
2511 2408 2576 2463 de
2598 2410 2824 2464 cisterna
2836 2417 2952 2471 tuo,
2975 2416 3027 2461 et
3047 2409 3248 2477 ﬂuam
3273 2410 3412 2478 pulei
3432 2410 3506 2461 tui
3521 2411 3547 2462 2

2370 2498 2649 2555 Summus.
2677 2497 2979 2556 Cisteruam
3005 2507 3164 2554 vocat
3202 2500 3526 2556 catholicam
3545 2542 3558 2565 ,
3586 2501 3749 2556 idat
3773 2501 3882 2556 Ve-

2302 2588 2434 2644 teris
2462 2596 2519 2645 et
2553 2588 2688 2645 Novi
2735 2587 3067 2645 Testameuti
3104 2588 3443 2654 doctrinam;
3489 2599 3711 2660 pineam
3746 2606 3884 2646 vero

2303 2680 2723 2750 profunditatem
2756 2687 2814 2736 et
2841 2680 3175 2736 altitudinem
3208 2681 3450 2763 ejusdem
3476 2683 3757 2738 catholica:
3783 2684 3887 2739 do-

2301 2774 2525 2829 ctrinae:
2558 2788 2783 2842 aquam,
2810 2773 3088 2828 scientiam
3112 2791 3125 2825 :
3152 2772 3360 2828 ﬂuenta
3394 2776 3605 2845 copiam
3629 2784 3686 2831 et
3710 2776 3885 2831 abun-

2306 2862 2545 2916 dantiam
2574 2862 2841 2927 scientiae,
2886 2861 2941 2916 id
2969 2871 3054 2918 est
3077 2864 3257 2920 varios
3283 2879 3449 2919 sacrm
3476 2864 3763 2935 Scriptum:
3789 2881 3887 2937 ap-

2304 2952 2471 3022 pellat
2497 2951 2819 3009 intellectus.
2868 2950 3041 3007 Docet
3084 2952 3228 3008 enim
3274 2953 3359 3008 his
3384 2955 3596 3018 verbis,
3629 2970 3825 3010 cavere
3854 2972 3888 3009 a

2300 3042 2545 3099 doctrina
2578 3041 2974 3098 .bmreticorum
3008 3049 3072 3098 et
3115 3043 3395 3099 attendere
3434 3045 3767 3100 lectionibus
3794 3060 3887 3100 sa-

2304 3148 2517 3188 crarum
2559 3130 2993 3201 Scripturarum,
3026 3140 3094 3188 et
3132 3142 3219 3189 est
3258 3149 3489 3190 sensus:
3534 3135 3659 3190 Bibe
3698 3153 3889 3207 aquom

608 3227 732 3280 illos
758 3224 929 3291 gratia
950 3221 1186 3281 cmlestis
1213 3217 1489 3287 sapientiae
1512 3217 1794 3279 illuminat,
1826 3215 1951 3284 quia
1975 3213 2107 3268 nihil
2143 3213 2192 3265 in

2303 3226 2366 3278 de
2385 3224 2609 3277 cisterna
2635 3231 2724 3275 tua
2746 3264 2760 3288 ,
2804 3222 2857 3277 id
2886 3231 2971 3278 est
3016 3239 3171 3280 serva
3198 3235 3254 3280 et
3294 3240 3460 3295 opere
3495 3227 3657 3297 inepte
3680 3226 3890 3281 doctri-

610 3333 667 3372 sc
697 3313 1022 3383 duplicatum
1054 3310 1271 3362 habent.

682 3382 952 3460 Vrsinus.
985 3398 1163 3467 Quare
1210 3397 1467 3452 Salomon
1506 3382 1672 3451 dicit:
1715 3395 1783 3449 Et
1824 3412 1915 3467 ego
1956 3395 2097 3465 ﬁlius
2122 3394 2199 3464 {ui

613 3497 775 3573 patris
820 3494 946 3557 mei,
995 3490 1205 3545 tenellus
1252 3499 1300 3542 et
1355 3488 1649 3558 unigenitus
1690 3503 1863 3540 coram
1896 3497 2061 3539 matre
2085 3502 2199 3538 mea

617 3590 798 3661 (Prov.
846 3583 956 3656 1v)?
1011 3580 1293 3649 Quomodo
1350 3579 1651 3649 unigenitus
1706 3577 1805 3632 fuit
1858 3592 2039 3632 coram
2080 3592 2198 3631 ma-

618 3689 702 3735 tre
730 3694 827 3731 sua
846 3719 861 3733 .
899 3691 1018 3730 cum
1049 3672 1385 3744 praecesserit
1405 3687 1528 3726 eum
1552 3669 1718 3725 frater
1746 3669 2013 3733 uterinus,
2060 3669 2201 3723 sicut

617 3771 896 3840 Scriptura
921 3773 1106 3821 sancta
1135 3765 1256 3819 libri
1286 3763 1492 3832 Regum
1520 3761 1574 3834 (1
1601 3762 1731 3835 Reg.
1765 3763 1862 3830 xu)
1897 3762 2161 3816 testatur?

688 3864 966 3917 SALONIUS.
1017 3859 1215 3914 Verum
1258 3865 1339 3912 est
1377 3856 1502 3927 quia
1545 3854 1824 3925 praeceSsit
1866 3870 1988 3909 eum
2035 3852 2202 3909 frater

617 3954 882 4017 uterinus,
914 3948 1009 4005 sed
1037 3942 1127 4002 ille
1157 3962 1283 4001 mox
1312 3954 1553 4000 mortuus
1581 3953 1664 3999 est
1692 3962 1703 3995 :
1737 3944 1890 4013 quasi
1917 3957 2193 4012 nunquam

620 4044 840 4110 fuisset,
868 4042 985 4097 sine
1015 4040 1232 4094 nomine
1262 4039 1328 4092 ab
1360 4039 1459 4092 hac
1489 4037 1599 4092 vita
1623 4036 1887 4100 discessit,
1914 4044 2204 4106 propterea

618 4152 678 4191 se
705 4133 1039 4203 unigenitum
1070 4130 1323 4200 appellat.

690 4225 960 4279 VERANUS.
1005 4222 1182 4287 Quare
1212 4220 1371 4274 dicit:
1410 4218 1531 4272 Non
1564 4219 1787 4272 declines
1817 4219 1885 4270 ad
1916 4218 2202 4283 dexteram,

621 4335 779 4391 neque
808 4318 878 4371 ad
907 4314 1213 4372 sinistram?
1241 4313 1370 4379 Quis
1399 4312 1543 4366 enim
1571 4325 1629 4365 se
1657 4310 1729 4363 ita
1754 4308 2032 4364 continere
2058 4316 2206 4379 pote-

620 4411 713 4479 rit,
748 4417 808 4464 ut
844 4422 1040 4477 corpus
1065 4420 1221 4458 suum
1252 4403 1306 4456 in
1334 4401 1611 4454 dexteram
1640 4405 1847 4466 partem
1879 4408 1970 4452 aut
1996 4399 2050 4455 in
2077 4399 2207 4454 sini-

623 4511 790 4557 stram
820 4516 927 4555 non
958 4497 1226 4552 declinet?

2304 3330 2428 3369 nam
2455 3329 2615 3383 quam
2658 3313 2777 3368 aliis
2818 3313 3142 3382 praedicaris.
3189 3314 3260 3369 Et
3299 3317 3498 3384 ﬂuatta
3522 3318 3757 3387 pridiani
3786 3335 3804 3369 :
3836 3316 3892 3372 id

2303 3416 2387 3462 est
2413 3405 2743 3463 abundantia
2770 3406 3036 3465 sermonis
3062 3407 3169 3473 tui,
3198 3423 3293 3462 seu
3327 3409 3577 3463 scientia:
3594 3407 3891 3464 .iuﬂuenter

2247 3496 2255 3502 ’
2282 3498 2357 3561 in
2377 3506 2440 3551 .te
2468 3495 2735 3552 redundet
2754 3496 3006 3565 operibus
3031 3496 3207 3553 bouis.

2378 3587 2646 3642 νεικεῦς.
2678 3586 2857 3654 Quare
2886 3587 3017 3643 dicit
3048 3587 3309 3643 Salomon
3335 3606 3348 3641 :
3388 3587 3693 3643 Maesta"
3714 3593 3892 3661 {cura

2302 3682 2377 3734 tui
2420 3682 2584 3751 foras,
2630 3689 2679 3732 et
2717 3679 2775 3733 in
2798 3678 2987 3749 plateis
3007 3696 3168 3750 aqua
3194 3688 3310 3735 tuas
3335 3681 3532 3745 divide,
3557 3696 3679 3736 eun
3698 3682 3891 3741 statim

2303 3770 2594 3838 subiungat
2616 3787 2628 3822 :
2663 3767 2866 3828 Habeto
2888 3785 2980 3823 eos
3007 3769 3147 3825 solus
3168 3810 3182 3834 ,
3212 3786 3283 3824 ne
3304 3771 3410 3824 sint
3431 3770 3891 3839 desim

2305 3860 2414 3913 tui?
2441 3860 2498 3914 Si
2526 3858 2704 3915 fontes
2728 3868 2947 3915 nostros
2964 3859 3116 3919 [eras
3136 3860 3465 3924 desinamus,
3498 3869 3561 3914 et
3604 3860 3891 3929 inplateis

2302 3964 2472 4020 aquas
2516 3948 2829 4014 dividimus;
2868 3949 3141 4018 quomer
3185 3950 3289 4007 soli
3328 3965 3424 4006 eas
3452 3949 3669 4015 habere
3685 3964 3892 4001 mt-

2304 4043 2456 4098 mus?

2375 4134 2651 4189 Summus.
2688 4132 2942 4200 Quamvis
2962 4134 3025 4195 in
3050 4135 3230 4192 verbis
3268 4150 3468 4191 sonare
3496 4141 3764 4201 aleator,
3810 4145 3894 4190 ta-

2305 4240 2428 4279 men
2457 4224 2601 4278 nulla
2627 4232 2711 4279 est
2730 4226 3104 4289 contrarietas,
3161 4225 3285 4295 quia
3326 4225 3411 4280 ha:
3457 4230 3734 4281 sententia:
3780 4242 3895 4282 non

2304 4322 2531 4385 possunt
2548 4314 2649 4369 nisi
2668 4315 3018 4385 spiritualiter
3038 4315 3283 4383 intelligi.
3300 4314 3503 4379 Fontes
3523 4330 3651 4385 ergo
3666 4324 3895 4372 austros

2306 4406 2450 4462 foras
2476 4406 2801 4471 derivamus,
2820 4422 2943 4465 cum
2969 4407 3089 4463 aliis
3108 4408 3223 4461 vim
3660 4406 3898 4462 indaudi-

2300 4512 2446 4561 mus,
2492 4504 2615 4551 cum
2640 4497 2804 4550 verba
2845 4512 3009 4553 sacrae
3032 4496 3320 4566 Scripturre
3347 4495 3466 4549 aliis
3490 4495 3890 4550 annuntians.

693 4588 974 4642 SALONIUS.
1006 4584 1202 4649 Nemo;
1233 4584 1326 4638 sed
1354 4600 1451 4656 per
1479 4584 1753 4639 dexteram
1781 4582 2089 4654 designatur
2116 4583 2201 4637 via
2231 4585 2282 4649 D
2302 4587 2363 4643 In
2391 4588 2581 4657 plateis
2607 4602 2776 4656 aquas
2798 4587 3103 4652 dividimus,
3134 4602 3255 4643 eum
3278 4586 3492 4657 populis
3517 4585 3892 4656 pradicamus.

626 4679 789 4743 bona,
821 4691 919 4747 per
942 4675 1212 4731 sinistram
1238 4675 1324 4728 via
1354 4676 1492 4729 mala
1522 4682 1577 4729 et
1607 4675 1853 4744 reproba.
1885 4674 2003 4729 Non
2024 4675 2207 4745 prohi-

623 4768 716 4823 bet
753 4765 1030 4821 ambulare
1066 4764 1121 4819 in
1150 4763 1372 4818 dextera
1402 4764 1484 4818 via
1504 4804 1518 4822 .
1551 4762 1644 4819 sed
1671 4763 1941 4820 declinare
1977 4762 2045 4816 ad
2070 4761 2204 4817 dex-

623 4870 817 4916 teram.

700 4952 964 5006 VERANUS.
999 4947 1129 5015 Quis
1176 4960 1305 5016 ergo
1344 4946 1578 5002 declinat
1617 4947 1683 5001 ad
1719 4946 1998 5003 dexteram
2024 4946 2110 5002 vel
2136 4946 2201 4999 ad

620 5041 930 5097 sinistram?
1020 5066 1038 5076 ο

692 5132 972 5187 8.ιιοαιυε.
1005 5127 1188 5184 Justus
1216 5127 1446 5183 declinat
1476 5126 1540 5180 ad
1568 5127 1861 5191 dexteram,
1892 5126 1982 5196 qui
2009 5125 2077 5180 de
2103 5140 2198 5181 sua

622 5224 879 5291 iujustitia
906 5231 963 5278 et
997 5222 1106 5278 suis
1136 5221 1337 5277 viribus
1364 5220 1669 5291 pnesumit;
1701 5218 1929 5287 injustus
1968 5218 2201 5274 declinat

620 5314 687 5366 ad
718 5315 986 5368 sinistram
1005 5355 1018 5380 ,
1069 5312 1158 5381 qui
1187 5321 1407 5382 pr0pter
1434 5310 1611 5366 carnis
1635 5309 1973 5378 fragilitatem
2003 5310 2197 5365 salvari

622 5415 681 5456 sc
727 5418 890 5471 posse
934 5402 1204 5471 desperat.
1251 5401 1492 5459 Declinat
1527 5400 1594 5455 ad
1622 5400 1896 5456 dexteram
1918 5441 1933 5466 ,
1963 5401 2056 5473 qui
2082 5401 2197 5454 vult

622 5490 736 5564 plus
758 5508 938 5564 sapere
963 5508 1115 5563 quam
1145 5500 1341 5561 oportet
1372 5509 1553 5563 sapere
1590 5491 1768 5564 (Rom.
1801 5494 1929 5546 xul'
1963 5490 2195 5547 declinat

622 5584 693 5641 ad
718 5586 1007 5651 sinistram,
1041 5584 1130 5653 qui
1159 5586 1324 5639 servit
1344 5586 1604 5641 stultitiae.

691 5674 960 5731 Vzruuus.
993 5672 1100 5727 Cur
1137 5686 1264 5739 ergo
1302 5672 1431 5725 dicit
1458 5675 1617 5742 paulo
1646 5674 1893 5731 inferius:
1935 5674 2057 5730 Vias
2086 5691 2199 5746 qua:

622 5761 871 5819 adcxtris
901 5773 1033 5825 sunt,
1061 5762 1197 5815 novit
1223 5759 1511 5816 Dominus."

2307 4678 2491 4733 Platea
2513 4693 2746 4746 namque
2776 4678 2920 4733 dicta
2946 4686 3031 4735 est
3057 4693 3088 4732 a
3114 4677 3433 4742 latitudine;
3452 4677 3711 4735 eueniat
3735 4674 3894 4731 Gre:-

2304 4785 2399 4827 cus
2424 4784 2621 4824 sermo.
2650 4768 2710 4823 ln
2750 4769 2948 4837 plateis
2975 4783 3105 4837 ergo
3124 4783 3301 4836 aquas
3347 4767 3895 4836 tiiridinms,qmndo

2307 4861 2357 4915 in
2407 4858 2746 4913 multitudine
2781 4858 3086 4912 auditorum
3126 4857 3287 4911 verba
3316 4857 3553 4912 scientiae
3582 4856 3896 4920 dilatamus,

2304 4958 2359 5015 et
2375 4950 2530 5020 juxta
2559 4948 2976 5019 uniuscujusque
3004 4948 3321 5018 qualitatem
3354 4948 3899 5019 divinaabmuadi-

2306 5058 2642 5114 Spensamus.
3246 5084 3257 5095 .

2377 5134 2647 5191 Vesanus.
2690 5133 2747 5189 Si
2790 5148 2958 5202 aquas
3003 5133 3057 5187 in
3104 5132 3297 5201 plateis
3318 5130 3563 5188 divitiae
3608 5130 3898 5201 tlehomus,

2308 5224 2581 5297 quomodo
2610 5238 2740 5292 ergo
2760 5237 2855 5279 eas
2872 5221 2977 5281 soli
2994 5222 3198 5281 habere
3214 5221 3537 5293 possum?

2375 5316 2652 5373 Ssnomus.
2695 5315 2875 5386 Aquas
2904 5315 2955 5369 in
2982 5313 3176 5384 plateis
3194 5313 3501 5381 dimidiatus,
3514 5312 3746 5383 quando
3776 5314 3900 5368 aliis

2302 5408 2466 5461 verba
2493 5407 2672 5461 divina
2701 5407 2810 5462 late
2856 5404 3224 5476 praedicam,
3258 5413 3326 5461 et
3368 5408 3561 5461 nmen
3596 5404 3699 5461 soli
3724 5420 3900 5474 aquas

2301 5499 2580 5564 habemus,
2603 5500 2729 5567 quia
2757 5497 2826 5557 de
2854 5497 2971 5568 ipsa
2998 5496 3381 5567 puedieatiane
3398 5496 3679 5557 balneus
3708 5496 3895 5552 laudes

2301 5605 2410 5644 non
2437 5590 2745 5659 quaerimus.

2376 5680 2637 5743 νειιΑΝυδ.
2680 5679 2818 5745 Quid
2844 5688 2929 5736 est
2952 5680 3101 5750 quod
3118 5680 3257 5736 dicit
3280 5698 3294 5735 :
3320 5678 3409 5735 Nc
3432 5679 3721 5736 sintoliem'
3762 5695 3896 5749 par-

2302 5770 2476 5835 ticipes
2507 5770 2577 5822 tui
2607 5768 2784 5838 (Prov.
2818 5786 2868 5835 ν,
2902 5770 3021 5838 l7)?
