4192 6258
569 351 675 441 975

1858 344 2121 403 SALONII
2158 346 2549 408 WENNEN‘SIS

3736 349 3843 414 976

568 471 683 529 est;
714 460 802 517 hic
829 460 1079 515 nimirum
1105 463 1190 513 est
1226 455 1481 513 mmSlitia
1532 455 1691 509 matri
1731 471 1861 520 sum.
1888 454 2142 511 videlicet
2174 468 2220 525 Α
2251 460 2304 514 in
2334 462 2551 516 naribus
2571 461 2702 530 suis,
2733 461 2786 518 id
2817 462 2976 517 estin
3002 462 3225 516 naribus
3247 461 3422 531 porci,
3448 460 3539 516 ille
3560 460 3689 515 dum
3719 478 3848 533 per-

569 550 842 625 Ecclesiaz,
872 549 997 619 quia
1025 547 1309 604 contristat
1329 563 1471 602 eam.

642 644 909 700 VBBANUS.
943 641 1081 708 Quid
1106 651 1190 695 est
1216 640 1361 710 quod
1390 641 1464 694 ait
1493 658 1505 692 :
1553 639 1754 694 Stultus
1783 636 1936 693 labiis
1985 638 2153 693 verbe-

573 737 810 792 rabitur?
842 733 1125 799 Quomodo
1171 740 1352 802 potest
1376 731 1540 786 homo
1565 731 1761 785 stultus
1786 729 1939 784 labiis
1966 728 2156 785 verbe-

573 827 685 883 rari
700 829 723 881 ?

647 920 926 976 Summus.
992 917 1307 973 Verberatio
1354 917 1410 971 in
1460 917 1567 972 hoc
1592 917 1716 972 loco
1754 915 2158 970 damnationem

575 1013 859 1087 signiﬁcat.
892 1010 1099 1067 Stultus
1122 1024 1253 1079 ergo
1281 1008 1437 1064 labiis
1457 1008 1849 1071 verberabitur,
1876 1007 2000 1077 quia
2031 1021 2161 1077 pro-

574 1112 700 1175 pter
723 1103 883 1157 verba
912 1103 1090 1170 iniqua
1115 1110 1171 1155 et
1216 1101 1355 1154 mala
1384 1113 1504 1167 qua:
1553 1097 1764 1152 locutus
1787 1105 1887 1161 est,
1911 1094 2162 1150 condem-

579 1194 813 1248 nabitur.
840 1191 995 1247 Unde
1022 1200 1079 1246 et
1099 1192 1223 1245 alibi
1251 1191 1381 1245 dicit
1408 1189 1584 1244 Moses
1616 1188 1818 1258 (melius
1847 1185 2157 1255 Salomon):

580 1284 650 1340 Et
677 1287 778 1339 vita
799 1284 1105 1338 inmanibus
1133 1283 1322 1354 linguae
1343 1279 1525 1352 (Prov.
1550 1278 1722 1348 xvm),
1747 1277 1994 1346 quoniam
2012 1290 2167 1329 unus-

580 1378 792 1449 quisque
835 1384 925 1429 aut
954 1393 1019 1429 ea;
1038 1374 1201 1428 verbis
1231 1376 1339 1427 suis
1368 1370 1811 1433 condenmabitur,
1851 1377 1941 1422 aut
1967 1383 2032 1422 ea:
2060 1383 2167 1421 ver-

582 1470 658 1525 bis
688 1471 794 1523 suis
817 1465 1187 1539 justiﬁcabitnr
1220 1464 1434 1535 (Matth.
1461 1461 1579 1533 xu).
2202 1536 2207 1539 _

658 1561 923 1614 VERANUS.
964 1557 1071 1611 Cur
1094 1557 1289 1610 dicitur
1332 1554 1533 1608 habere
1561 1567 1754 1607 manus
1796 1552 1994 1619 lingua,
2043 1564 2167 1604 cum

584 1667 775 1707 manus
802 1650 1003 1703 habere
1030 1664 1137 1702 non
1162 1646 1370 1716 possit?
2157 1629 2162 1633 ’

656 1743 935 1797 stmvs.
977 1737 1343 1807 Metaphorice
1390 1735 1589 1790 dictum
1644 1742 1757 1799 est,
1813 1733 1868 1789 id
1914 1740 2017 1797 est,
2069 1746 2168 1802 per

2175 596 2183 603 .
2255 553 2334 622 git
2364 560 2561 607 terram
2583 561 2795 608 vertere
2819 568 2884 607 ac
2904 552 3091 606 fodere
3115 568 3268 619 naso,
3296 552 3566 619 immergit
3589 554 3849 610 circulum

2259 660 2481 699 aureum
2512 644 2565 698 in
2595 644 2934 699 volutabrum
2965 644 3081 709 luti,
3113 652 3169 696 et
3213 650 3341 696 tunc
3389 642 3568 711 perdit
3615 643 3855 701 circulus

2258 752 2454 791 aureus
2473 736 2725 791 decorem
2754 751 2917 804 quem
2939 734 3148 788 habuit.
3174 733 3437 787 Similiter
3457 735 3654 789 mulier
3676 734 3852 806 fatua,

2259 828 2305 883 si
2326 828 2489 882 habet
2515 827 2968 898 pulchritudinem
2996 825 3193 890 vultus,
3226 825 3313 878 vel
3338 825 3384 879 si
3427 826 3657 895 accipiat
3685 844 3855 882 orna-

2260 927 2442 974 menta
2467 916 3068 984 inaurium,monilium,
3110 915 3267 970 simul
3298 923 3354 969 et
3380 915 3853 985 vestimentorum,

2262 1009 2503 1064 sordidat
2533 1007 2981 1078 pulchritudinem
3013 1022 3184 1069 suam,
3218 1014 3275 1059 et
3327 1006 3530 1060 amittit
3577 1006 3855 1074 decorem,

2264 1105 2309 1161 si
2337 1119 2417 1160 se‘
2443 1120 2600 1160 coeno
2640 1102 2873 1158 libidinis
2899 1100 3252 1169 coinquinare
3270 1099 3463 1169 diligit,
3494 1109 3549 1155 et
3576 1100 3860 1157 adulteriis

2264 1196 2579 1268 corrumpit.

2336 1287 2605 1342 Vsmuus.
2647 1284 3007 1356 Spiritualiter
3020 1292 3199 1339 autem
3217 1282 3491 1354 quomodo
3506 1282 3859 1351 intelligenda

2266 1385 2350 1433 est
2373 1377 2488 1432 haec
2505 1376 2805 1432 sententia?

2337 1467 2621 1523 SALONIIIS.
2660 1466 2977 1536 Quicunque
3044 1480 3227 1522 sacras
3286 1465 3599 1534 Scripturas
3651 1464 3858 1519 intente

2268 1559 2579 1625 meditatur,
2613 1566 2669 1613 et
2687 1557 2887 1628 jugiter
2913 1566 3282 1628 perscrutatur
3301 1557 3485 1613 divina
3514 1557 3749 1627 eloquia,
3774 1572 3855 1610 ac-

2268 1649 2401 1720 cipit
2427 1657 2745 1704 ornamcnta
2767 1650 3023 1704 scientiae.
3048 1648 3202 1715 Quod
3223 1648 3269 1704 si
3297 1649 3703 1725 male\vivendo
3730 1664 3858 1704 cor-
3953 1688 3972 1707 .

2270 1740 2471 1809 rumpit
2494 1747 2550 1794 et
2576 1739 2804 1793 destruit
2828 1737 2974 1807 quod
2999 1739 3139 1793 bene
3160 1737 3429 1807 intelligit,
3460 1738 3715 1794 circulum
3759 1753 3859 1792 auo

586 1833 1014 1911 translationem,
1040 1826 1491 1897 quemadmodum
1523 1824 1668 1880 venti
1689 1824 1939 1879 dicuntur
1964 1821 2165 1876 habere
2197 1822 2240 1882 B
2269 1820 2420 1888 feum
2449 1832 2611 1886 habet
2630 1831 2686 1885 in
2713 1831 2959 1897 naribus;
2988 1829 3084 1885 sed
3111 1845 3264 1884 more
3283 1830 3451 1899 porci,
3476 1838 3668 1884 terram
3692 1829 3857 1896 fodit.

584 1939 790 1996 pennas
833 1920 1002 1991 (Psal.
1036 1934 1166 1985 xvn,
1211 1932 1332 1983 ειη,
1359 1912 1484 1986 etc.)
1518 1910 1752 1967 {manus
1780 1911 1924 1967 enim
1953 1911 2164 1978 linguae,

586 2019 701 2088 ipsa
751 2014 910 2068 verba
939 2019 1066 2067 sunt
1094 2009 1286 2078 quibus
1332 2015 1426 2061 aut
1465 2008 1608 2062 bona
1636 2004 1904 2075 loquendo
1934 2011 2172 2057 meretur

584 2108 772 2172 vitam,
814 2109 907 2156 aut
951 2100 1088 2154 mala
1133 2096 1409 2168 loquendo
1459 2102 1696 2150 meretur
1722 2102 1988 2147 mortem:
2016 2091 2172 2145 aliter

584 2213 683 2268 per
710 2209 898 2248 manus
926 2206 1066 2261 smpe
1089 2192 1141 2244 in
1168 2187 1459 2257 Scripturis
1484 2186 1652 2241 sacris
1694 2201 1856 2255 opera
1886 2183 2172 2251 designan-

584 2296 697 2352 tur,
748 2295 806 2340 ut
837 2283 967 2338 illud
993 2302 1006 2336 :
1040 2281 1265 2336 Labores
1294 2296 1540 2334 manuum
1569 2288 1772 2332 tuarum
1799 2279 1920 2349 quia
1947 2276 2171 2331 mandu-

585 2380 727 2434 cabis
764 2375 936 2449 (Psal.
968 2372 1186 2443 cxxvn).
1224 2372 1281 2425 ιιι
1312 2370 1556 2425 manibus
1591 2370 1785 2438 lingua:
1813 2368 1966 2434 dicit,
2000 2366 2052 2422 id
2091 2375 2174 2422 est

587 2472 642 2526 in
672 2468 942 2541 cperibus.
976 2465 1150 2537 Opera
1179 2464 1324 2518 cnim
1352 2463 1545 2529 lingua:
1569 2468 1694 2525 sunt
1722 2460 1990 2528 colloquia
2030 2459 2172 2514 bona

586 2562 674 2616 vel
699 2561 859 2627 mala,
892 2574 959 2613 ex
987 2556 1181 2627 quibus
1208 2569 1354 2608 mors
1376 2552 1615 2607 nascitur
1640 2558 1733 2605 aut
1754 2552 1883 2604 vita.

661 2652 928 2707 Vsmxvs.
973 2648 1103 2716 Quis
1151 2647 1240 2701 ille
1282 2646 1434 2716 piger
1479 2644 1547 2698 de
1597 2659 1705 2712 quo
1753 2642 1988 2696 dicitur:
2026 2640 2174 2696 Sicut

588 2755 789 2800 acetum
818 2741 1055 2797 dentibus
1083 2750 1132 2793 et
1161 2743 1332 2811 fumus
1361 2738 1541 2801 oculis,
1579 2735 1653 2789 sic
1681 2735 1827 2806 piger
1854 2734 1932 2788 his
1962 2734 2049 2805 qui
2072 2734 2173 2788 mi-

584 2845 762 2892 serunt
789 2851 903 2888 eum
934 2833 1112 2903 (Prov.
1146 2849 1201 2899 ι,
1233 2828 1362 2897 26)?

658 2930 935 2988 SALONIUS.
982 2925 1138 2996 Piger
1185 2934 1268 2980 est
1316 2925 1455 2980 male
1508 2926 1690 2979 vivens
1733 2923 2032 2979 catholicus
2084 2920 2176 2989 qui

587 3038 696 3075 non
721 3020 929 3073 laborat
958 3034 1057 3073 nec
1089 3026 1363 3088 operatur,
1394 3026 1453 3071 ut
1482 3016 1545 3070 ad
1594 3024 1849 3069 aeternam
1879 3012 2174 3068 beatitudi-

585 3127 709 3166 nem
737 3110 1019 3179 pervenire
1042 3118 1330 3164 mereatur.
1367 3107 1470 3161 Per
1490 3116 1700 3162 acetum
1728 3115 1784 3160 et
1829 3106 2030 3161 fumum
2062 3105 2173 3158 ha:-

585 3200 874 3254 reticorum
902 3198 1212 3264 designatur
1241 3198 1482 3267 perﬁdia.
1515 3196 1619 3251 Per
1643 3198 1830 3252 oculos
1858 3207 1913 3257 et
1955 3196 2168 3270 dentes,

585 3288 965 3358 praedicatores
1005 3296 1202 3340 sancta:
1231 3286 1503 3349 Ecclesiae,
1533 3288 1623 3355 qui
1646 3288 1784 3349 bene
1813 3287 1954 3341 oculi
1980 3286 2168 3340 dicun-

583 3389 691 3443 tur,
709 3376 833 3447 quia
861 3384 1005 3430 rccta
1036 3375 1228 3428 itinera
1260 3376 1573 3445 praevident.
1608 3377 1833 3431 Pulchre
1854 3378 2015 3431 etiam
2036 3376 2167 3431 den-

581 3480 683 3535 tes,
708 3467 960 3538 quoniam
988 3468 1285 3538 spiritualia
1308 3467 1562 3521 alimenta
1586 3463 1831 3521 ﬁdelibus
1860 3467 2168 3521 ministrare

581 3562 775 3617 solent.
811 3540 952 3627 Ergo
979 3559 1119 3613 sicut
1143 3567 1355 3613 acetum
1377 3558 1644 3624 dentibus,
1678 3566 1732 3611 et
1774 3556 1946 3611 fumus
1973 3556 2165 3624 oculis,

582 3650 637 3706 id
664 3657 749 3706 est
775 3649 914 3705 sicut
940 3649 1161 3720 perﬁdia
1201 3650 1573 3703 hatretittorum
1603 3655 1686 3703 est
1711 3648 1980 3703 contraria
2010 3647 2167 3701 bonis

583 3739 911 3806 doctoribus,
935 3741 1058 3809 quia
1079 3741 1366 3795 contristat
1389 3756 1505 3808 eos,
1538 3747 1593 3794 et
1623 3740 1921 3793 molestiam
1963 3740 2066 3795 illis
2087 3739 2167 3806 gi-

581 3828 698 3897 gnit
724 3838 780 3885 et
809 3830 1101 3902 lacrymas;
1132 3831 1211 3885 sic
1238 3832 1407 3901 piger,
1441 3829 1492 3884 id
1520 3839 1601 3884 est
1629 3830 1926 3884 catholicus
1972 3830 2162 3896 malus,

580 3923 760 3992 gravis
788 3932 871 3977 est
889 3923 1090 3977 eisdem
1118 3923 1271 3977 bonis
1295 3921 1606 3977 doctoribus
1619 3920 1709 3991 qui
1732 3920 1993 3974 miserunt
2016 3935 2163 3987 cum,

579 4016 687 4069 hoc
735 4019 837 4079 est,
880 4013 971 4082 qui
993 4012 1269 4082 jusserunt
1312 4021 1372 4067 ut
1400 4012 1558 4066 ﬁdem
1608 4028 1759 4066 suam
1788 4010 2039 4080 operibus
2069 4011 2167 4064 im-

578 4102 770 4176 pleret.
805 4104 930 4160 ldeo
957 4107 1119 4159 etiam
1140 4106 1356 4173 gravius
1374 4112 1475 4169 est,
1507 4103 1633 4175 quia
1663 4102 1825 4158 tidem
1873 4118 2167 4173 sua-impra-

580 4200 660 4253 vis
688 4198 940 4269 operibus
966 4197 1208 4252 destruit.

650 4291 920 4346 Venimus.
963 4288 1102 4355 Quid
1128 4297 1211 4343 est
1234 4288 1375 4357 quod
1398 4289 1474 4343 ait
1497 4307 1511 4344 :
1539 4287 1729 4342 Manus
1758 4287 1813 4339 in
1839 4302 2018 4353 manu,
2060 4302 2164 4339 non

579 4384 676 4437 crit
703 4384 950 4436 innocens
979 4380 1145 4434 malus
1177 4378 1357 4450 (Prov.
1387 4395 1461 4447 ιι,
1486 4377 1617 4446 21)?
1663 4374 1947 4442 Quomodo
1994 4375 2165 4429 malus

580 4476 743 4528 homo
798 4489 985 4528 manus
1031 4480 1115 4527 est
1155 4473 1210 4525 in
1265 4486 1449 4537 manu,
1493 4478 1547 4525 et
1578 4469 1700 4525 ideo
1727 4485 1836 4524 non
1882 4471 1986 4525 erit
2011 4471 2164 4526 inno-

580 4582 710 4621 cens
734 4568 757 4617 ?

653 4644 931 4709 Summus.
974 4652 1076 4721 Qui
1103 4669 1321 4709 manum
1346 4653 1519 4724 jungit
1542 4653 1612 4710 ad
1640 4670 1877 4721 manum,
1904 4655 2035 4710 nihil
2060 4655 2163 4710 uti.

580 4761 687 4815 que
712 4753 969 4816 operatur
1000 4762 1012 4796 :
1044 4745 1217 4799 malus
1262 4736 1391 4813 ergo
1419 4745 1655 4814 quandiu
1701 4744 1864 4801 fuerit
1889 4761 2080 4800 manus
2108 4746 2160 4800 in

580 4855 761 4903 manu,
794 4852 902 4892 non
923 4836 1027 4891 erit
1048 4835 1329 4900 innocens,
1351 4835 1476 4904 quia
1497 4836 1601 4892 etsi
1630 4835 1698 4890 ad
1725 4845 1936 4906 tempus
1956 4835 2163 4890 subtra-

580 4931 661 4987 bit
689 4946 878 4986 manus
905 4930 974 4985 ab
1002 4944 1167 5000 opere
1187 4927 1349 4994 malo,
1383 4936 1563 4985 tamen
1590 4929 1827 4998 quandiu
1857 4929 2027 4983 malus
2053 4916 2155 4993 est,

581 5021 941 5075 innocentiam
972 5019 1151 5075 cordis
1178 5020 1379 5074 habere
1406 5035 1516 5074 non
1558 5027 1760 5089 potest,
1809 5019 1949 5073 unde
1998 5034 2159 5089 supe-

580 5112 692 5165 rius
712 5110 841 5165 dicit
865 5128 878 5163 :
910 5108 1265 5164 Abominabile
1288 5119 1365 5164 est
1392 5106 1614 5164 Domino
1635 5126 1723 5164 cor
1743 5126 1957 5179 pravum
1977 5109 2156 5180 (Prov.

581 5218 656 5269 ιι,
687 5201 802 5273 20).

653 5293 919 5351 Vesanus.
960 5294 1099 5361 Quid
1119 5303 1203 5350 est
1221 5309 1351 5364 ergo
1372 5309 1565 5350 manus
1592 5295 1647 5348 in
1676 5309 1871 5350 manu.

652 5381 928 5440 SALONIUS.
970 5385 1312 5441 Conscientia
1341 5402 1503 5457 prava
1524 5386 1578 5440 in
1599 5402 1764 5456 opere
1790 5388 1954 5444 malo.

651 5474 917 5529 Vesanus.
961 5474 1240 5540 Quomodo
1295 5462 1694 5545 intelligendum
1745 5490 1826 5532 est
1853 5480 1996 5548 quod
2040 5482 2155 5537 ait:

583 5566 814 5621 Circulus
858 5582 1042 5620 aureus
1084 5565 1139 5618 in
1190 5566 1397 5620 naribus
1442 5569 1549 5621 suis
1608 5568 1791 5622 mulier
1840 5568 2055 5639 pulchra
2109 5580 2157 5624 et

588 5657 731 5723 fatua
761 5660 785 5708 ξ’

655 5744 928 5802 δΑιοῐσιυε.
972 5745 1253 5813 Quomodo
1296 5748 1550 5804 circulum
1582 5765 1803 5807 aureum
1847 5754 1887 5811 si
1920 5752 2158 5813 inﬁxeris

2270 1923 2585 1993 coinquinat
2607 1930 2661 1977 et
2681 1922 2795 1976 luto
2821 1920 3106 1990 immergit,
3138 1920 3264 1990 quia
3292 1929 3663 1974 ornamentum
3709 1919 3861 1989 quod

2270 2034 2367 2089 per
2417 2016 2663 2072 notitiam
2693 2014 3090 2085 Scripturarum
3118 2012 3343 2083 adeptus
3393 2019 3529 2075 erat,
3584 2008 3862 2065 immunda

2271 2106 2483 2162 actione
2509 2104 2819 2160 sordidavit.
2844 2103 2985 2157 Talis
3006 2104 3184 2157 anima
3215 2111 3299 2157 est
3329 2101 3522 2156 mulier
3552 2101 3778 2172 pulchra
3808 2109 3862 2155 ct

2270 2198 2454 2252 fatua:
2489 2197 2705 2266 pulchra
2739 2212 2834 2265 per
2861 2195 3163 2260 scientiam,
3198 2192 3501 2248 seddedita
3554 2191 3863 2246 carnalibus

2272 2287 2741 2354 delectationibus,
2772 2285 2919 2339 fatua
2946 2293 3030 2340 cst
3058 2301 3154 2355 per
3178 2284 3471 2339 actionem.
3570 2344 3580 2352 θ

2343 2374 2613 2429 Vicinus.
2640 2373 2779 2441 Quid
2806 2382 2889 2429 est
2918 2373 3063 2442 Quod
3083 2373 3242 2427 dicit:
3274 2373 3466 2427 Anima
3504 2389 3620 2443 qum
3663 2373 3865 2428 benedi-

2274 2467 2362 2531 cit,
2393 2464 2797 2537 impinguabitur
2820 2481 2838 2517 :
2878 2473 2927 2517 et
2954 2463 3042 2535 qui
3087 2463 3330 2530 inebriat,
3372 2465 3482 2533 ipse
3517 2481 3716 2535 quoque
3753 2467 3866 2520 inc-

2276 2559 2560 2612 briabitur?
2584 2556 2766 2611 Plures
2791 2571 3024 2624 namque
3043 2562 3168 2610 sunt
3186 2555 3277 2624 qui
3299 2555 3436 2609 alios
3467 2556 3759 2631 inebriant,
3770 2556 3865 2614 sed

2278 2652 2376 2721 ipsi
2407 2667 2515 2705 non
2546 2649 2879 2704 inebriantur
2910 2648 2935 2701 ἱ)

2348 2743 2625 2798 SALONIUS.
2667 2741 2785 2796 Non
2815 2742 2945 2797 dicit
2964 2742 3070 2797 hoc
3088 2740 3155 2796 de
3177 2740 3447 2811 corporali
3471 2739 3869 2813 ebrietate,sed

2276 2835 2343 2890 de
2363 2832 2624 2905 spirituali
2646 2834 2843 2899 anima,
2874 2847 3015 2902 quze,
3045 2833 3090 2888 si
3111 2832 3400 2898 bcnedicit,
3425 2832 3865 2902 impinguabitur,

2275 2929 2401 2999 quia
2429 2942 2761 2996 quzccunque
2806 2926 3044 2981 exterius
3070 2924 3416 2996 pncdicando
3437 2924 3726 2989 bcnedicit,
3750 2924 3867 2993 spi-

2277 3020 2523 3074 ritualem
2567 3018 2995 3073 benedictionem
3044 3017 3257 3087 accipit,
3294 3016 3347 3070 id
3375 3023 3476 3080 est,
3505 3016 3677 3083 gratia
3706 3015 3868 3085 spiri-

2278 3111 2406 3163 tuali
2450 3119 2674 3177 augetur
2715 3116 2769 3162 et
2814 3110 3027 3163 crescit.
3059 3106 3317 3163 Similiter
3345 3106 3435 3175 qui
3465 3120 3621 3160 sacro
3647 3105 3868 3175 eloquio

2198 3179 2244 3245 ο
2275 3208 2481 3255 mentes
2504 3200 2808 3254 auditorum
2832 3199 3013 3253 studet
3028 3199 3315 3261 inebriare,
3332 3197 3632 3251 inebriatur
3646 3203 3703 3252 et
3727 3198 3865 3267 imc,

2271 3293 2549 3361 sanctique
2575 3291 2807 3361 Spiritus
2836 3291 3103 3345 inlusione
3133 3289 3389 3357 repletur.

2345 3383 2609 3438 Vsussvs.
2653 3383 2830 3450 Quare
2853 3399 2957 3437 non
2981 3382 3118 3437 dixit
3143 3400 3155 3434 :
3185 3380 3379 3447 Homo,
3410 3380 3508 3436 sed
3532 3382 3720 3435 Anima
3747 3398 3865 3452 qua:

2272 3478 2525 3533 benedici:
2552 3475 3001 3548 impinguabitur?

2342 3570 2620 3625 SALONIUS.
2662 3570 2720 3623 ln
2747 3569 3039 3639 Scripturis
3060 3567 3253 3622 divinis
3303 3570 3496 3639 sepius
3550 3570 3673 3639 poni
3718 3570 3862 3625 solet

2269 3676 2394 3731 pars
2420 3676 2517 3730 pro
2549 3667 2686 3727 toto,
2718 3671 2809 3713 aut
2838 3668 3009 3713 totum
3058 3675 3156 3730 pro
3205 3667 3380 3730 parte,
3420 3662 3709 3716 secundum
3735 3678 3863 3731 spe-

2269 3754 2406 3806 ciem
2435 3752 2795 3820 grammaticze
2824 3752 2973 3817 artis,
3020 3767 3140 3821 qua:
3190 3752 3388 3807 dicitur
3434 3752 3859 3824 synecbdoehe:

2271 3846 2349 3900 sic
2375 3858 2503 3912 ergo
2526 3843 2578 3897 in
2604 3845 2707 3898 hoc
2736 3843 2855 3897 loco
2884 3859 3008 3912 pars
3034 3844 3210 3913 posita
3234 3853 3317 3899 est
3342 3860 3437 3915 pro
3467 3855 3579 3899 toto
3609 3846 3856 3901 homine.

2272 3920 2465 3989 Totum
2499 3950 2627 3988 vero
2658 3933 2879 4003 ponitur
2922 3949 3021 4003 pro
3060 3942 3235 4005 parte,
3297 3945 3354 3991 ut
3405 3935 3567 3989 illud:
3602 3934 3862 3991 Tulerunt

2271 4026 2551 4079 Dominum
2579 4026 2642 4077 de
2665 4032 2997 4080 monumento
3029 4025 3209 4095 (Joan.
3244 4026 3361 4099 xx).
3395 4026 3674 4081 Dominum
3706 4026 3862 4093 dicit,

2268 4132 2366 4188 pro
2387 4131 2618 4187 corpore
2641 4115 2874 4171 Domini.

2340 4209 2609 4263 Venaxus.
2652 4208 2781 4274 Quis
2810 4216 2893 4263 est
2920 4208 3007 4263 illc
3037 4208 3107 4263 de
3144 4224 3251 4278 quo
3273 4208 3403 4263 dicit
3429 4226 3441 4260 :
3469 4205 3568 4271 Qui
3590 4205 3864 4260 abscondit

2269 4301 2549 4371 frumenta,
2572 4299 2905 4354 maledicetur
2924 4301 2978 4354 in
3017 4300 3219 4371 populis
3251 4299 3433 4369 (Prov.
3471 4300 3585 4367 xl)?
3612 4299 3861 4367 Nunquid

2269 4398 2557 4459 propterea
2588 4390 2984 4445 maledicendus
3014 4398 3098 4447 est
3122 4389 3334 4458 aliquis,
3367 4389 3493 4458 quia
3525 4405 3628 4443 non
3656 4389 3707 4443 in
3736 4405 3861 4444 om-

2270 4482 2427 4536 nibus
2453 4479 2716 4536 frumenta
2745 4496 2841 4535 sua
2870 4481 3170 4535 ministrat?
3340 4461 3362 4482 ⁸

2195 4552 2246 4614 ί)
2341 4572 2619 4629 Sanomus.
2661 4572 2973 4634 Frumenla,
3025 4572 3188 4627 verba
3218 4579 3345 4627 sunt
3375 4580 3572 4627 sanctae
3595 4570 3858 4640 prazdica-

2268 4668 2429 4722 tionis
2457 4686 2469 4720 :
2500 4681 2628 4734 ergo
2649 4665 2953 4734 quicunque
2981 4664 3263 4719 abscondit
3304 4665 3416 4718 lucc
3461 4663 3749 4730 frumenta,
3804 4664 3857 4718 id

2265 4764 2350 4833 cst
2396 4757 2556 4811 verba
2604 4764 2801 4810 sancta:
2830 4749 3224 4825 praedicationis
3271 4755 3411 4825 apud
3436 4771 3496 4809 se
3524 4754 3741 4821 retinet,
3799 4764 3857 4809 et

2266 4864 2373 4903 non
2404 4849 2517 4903 vult
2539 4848 2859 4928 annuntiare
2883 4847 3002 4901 aliis
3028 4846 3270 4915 eloquia;
3295 4848 3395 4902 iste
3424 4847 3762 4901 mulcdicetur
3799 4849 3855 4901 in

2262 4940 2486 5011 populis,
2510 4940 2634 5008 quia
2664 4954 2763 5009 pro
2792 4939 2948 5009 culpa
2987 4938 3188 4993 silentii
3213 4939 3677 5005 condemnabitur,
3707 4954 3854 5008 quo—

2268 5032 2412 5087 niam
2442 5032 2621 5087 multis
2648 5032 2906 5103 prodesse
2934 5033 3138 5103 potuit;
3192 5033 3289 5089 sed
3334 5034 3459 5103 quia
3514 5034 3705 5096 noluit,
3732 5034 3859 5089 ideo

2266 5141 2367 5195 pro
2391 5126 2675 5180 multorum
2707 5140 2866 5195 poma
2891 5124 3036 5195 juste
3060 5125 3334 5195 punietur.

2341 5219 2610 5273 Vesanus.
2653 5218 2755 5285 Qui
2805 5226 2931 5273 sunt
2976 5217 3049 5271 illi
3074 5218 3169 5286 qui
3193 5217 3434 5273 vendunt
3463 5217 3751 5283 frumenta,
3785 5215 3858 5272 de

2264 5311 2459 5381 quibus
2480 5326 2605 5365 mox
2627 5310 2908 5379 sequitur:
2944 5308 3238 5364 Benedictio
3275 5318 3445 5363 autem
3484 5324 3636 5379 super
3679 5310 3859 5378 capita

2264 5403 2589 5457 vendentium
2605 5403 2629 5456 ?

2277 5532 2283 5539 -
2333 5492 2613 5549 δΑιοκιυε.
2654 5493 2732 5549 11ὶὶ
2762 5493 2999 5549 vendunt
3023 5493 3312 5559 frumenta,
3334 5493 3427 5563 qui
3457 5491 3618 5548 verba
3650 5492 3780 5546 vitae
3803 5500 3860 5547 et

2262 5593 2464 5641 sanctae
2491 5586 2884 5655 praedicationis
2904 5586 3015 5640 suis
3040 5586 3378 5640 auditoribus
3398 5584 3743 5639 ammntiant.

2336 5677 2600 5732 Vesanus.
2643 5677 2795 5743 Quod
2816 5676 3046 5746 pretium
3068 5676 3338 5745 accipiunt
3356 5675 3434 5739 ab
3455 5676 3568 5729 eis?

2332 5769 2612 5825 Summus.
2655 5764 2893 5823 Pretium
2916 5765 3039 5822 ﬁdei
3069 5776 3123 5821 et
3143 5764 3499 5845 confessionis
3526 5773 3756 5823 sanctae.
