4192 6258
324 308 426 369 977

1129 305 1193 363 IN
1231 305 1632 361 PARABOLAS
1670 301 2051 360 SALOMONIS
2088 296 2443 357 EXPOSITIO
2484 298 2797 357 MYSTlCA.

3484 298 3594 362 978

400 426 663 481 Vesanus.
705 421 985 489 Quomodo
1009 421 1186 475 veniet
1207 419 1511 475 benedictio
1530 432 1694 487 super
1720 432 1905 471 eorum
1931 422 1980 479 Α
2081 416 2345 476 Vsusnus.
2389 416 2464 471 De
2490 415 2687 484 quibus
2708 430 2961 484 opertous
2980 415 3107 470 dicit
3140 433 3152 469 :
3188 416 3375 470 Anima
3420 425 3593 474 autem

328 518 544 590 mmm?

396 613 674 670 SALONIUS.
714 611 849 679 Quia
893 608 1112 678 singulis
1157 621 1342 662 eorum
1380 606 1619 661 dicturus
1661 611 1745 659 est
1804 603 1909 658 Do-

327 706 502 761 minus
543 723 556 757 :
614 702 790 773 Euge,
835 715 974 756 serve
1011 699 1139 754 bone
1179 706 1228 752 et
1273 697 1474 768 ﬁdelis,
1515 697 1638 767 quia
1678 694 1906 766 (Matth.

328 797 478 867 xxv),
507 803 610 850 etc.

398 886 664 941 Vesanus.
705 883 842 950 Quid
864 888 946 937 est
965 879 1113 951 quod
1137 879 1213 933 ait
1236 895 1251 933 :
1284 875 1385 943 Qui
1412 876 1685 933 conturbat
1702 877 1909 932 domum

330 996 497 1046 suam,
526 975 803 1055 possidebit
822 974 1037 1029 ventos?
1061 968 1344 1038 Quomodo
1364 976 1544 1040 potest
1562 968 1755 1038 aliquis
1783 983 1910 1038 pos-

330 1056 509 1125 sidere
529 1068 753 1125 ventos?

399 1161 677 1216 Suomus.
718 1159 969 1225 Domum,
1007 1156 1060 1210 in
1086 1155 1192 1209 hoc
1217 1154 1356 1216 loco,
1386 1158 1621 1206 mentem
1650 1151 1905 1222 appellat,

331 1253 386 1305 in
411 1265 516 1320 qua
546 1248 909 1318 unusquisque
930 1246 1096 1300 veluti
1118 1246 1172 1298 in
1200 1243 1362 1298 domo
1385 1243 1594 1297 habitat
1620 1257 1720 1313 per
1762 1243 1910 1311 cogi-

330 1342 560 1397 tationes
594 1358 607 1393 :
655 1346 867 1403 ventos,
916 1335 1221 1390 immundos
1265 1334 1482 1403 spiritus
1524 1332 1774 1402 appellat.
1805 1332 1908 1398 Qui

330 1445 459 1499 ergo
501 1431 745 1497 domum,
794 1426 849 1482 id
877 1437 962 1481 est
1000 1433 1237 1480 mentem
1262 1440 1438 1492 suam,
1469 1424 1624 1479 malis
1651 1432 1707 1477 et
1734 1424 1909 1479 noxiis

329 1520 745 1589 cogitationibus
770 1517 1084 1588 perturbare
1127 1529 1233 1570 non
1277 1515 1451 1580 timet,
1505 1514 1605 1569 iste
1656 1515 1907 1570 nimirum

330 1610 629 1682 possidebit
666 1617 875 1673 ventos,
908 1608 1030 1679 quia
1060 1622 1158 1677 per
1183 1607 1353 1661 malas
1381 1607 1737 1672 cogitationes
1764 1606 1905 1661 viam

329 1701 458 1755 fecit
475 1700 825 1765 daemonibus,
856 1707 914 1752 ut
942 1696 1312 1765 ingrediantur
1334 1705 1391 1751 et
1416 1696 1660 1751 habitent
1682 1696 1736 1749 in
1762 1696 1899 1765 ipso.

2012 509 2333 577 operantium
2350 505 2752 578 impinguabitur
2773 506 2954 578 (Prov.
2987 505 3138 577 xm)?

2081 596 2359 654 SALONIUB.
2404 597 2481 652 De
2528 596 2633 652 illis
2680 596 2831 662 dicit,
2870 596 2961 664 qui
2981 596 3122 652 bona
3151 605 3465 667 operantur,
3499 596 3593 668 qui

2010 690 2223 747 Domini
2244 689 2465 745 student
2491 689 2715 759 implere
2737 694 3037 759 praecepta;
3067 687 3282 742 illorum
3309 687 3487 741 anima
3503 686 3595 740 im-

2012 782 2356 854 pinguahitur
2382 781 2558 854 gratia
2578 780 2862 852 spirituali,
2885 787 2941 837 et
2959 779 3241 837 dulcedine
3287 779 3439 849 regni
3483 794 3594 835 cce-

2012 875 2181 932 lestis.
2524 890 2527 891 '

2081 967 2353 1025 Venimus.
2394 967 2574 1035 Quare
2601 967 3022 1039 impinguabitur
3059 968 3238 1023 anima
3265 965 3475 1022 illorum
3503 979 3574 1034 qu

2011 1058 2153 1114 bona
2183 1059 2512 1128 operantur?

2080 1148 2360 1205 SALONIUS.
2402 1149 2537 1217 Quia
2577 1159 2700 1220 post
2727 1151 2940 1207 labores
2986 1153 3109 1207 vita:
3136 1151 3447 1224 prasentis,
3476 1150 3594 1205 ‘im-

2010 1241 2363 1296 marcessibili
2387 1240 2639 1296 mercede
2662 1242 3110 1296 remunerabitur.

2080 1328 2349 1385 Vesanus.
2390 1332 2521 1397 Quis
2566 1339 2649 1387 est
2703 1333 2919 1390 nuntius
2966 1333 3114 1403 impii
3169 1334 3238 1390 de
3282 1348 3390 1403 quo
3415 1332 3590 1389 dicit:

2012 1419 2239 1475 Nuntius
2260 1422 2405 1491 impii
2427 1421 2565 1475 cadit
2591 1423 2645 1475 in
2673 1422 2902 1476 malum?
3630 1478 3633 1481 .

2079 1509 2359 1565 SALONIUS.
2401 1509 2629 1565 Nuntius
2686 1511 2856 1580 impii,
2888 1511 2942 1565 id
2995 1520 3078 1567 est
3117 1513 3336 1582 angelus
3362 1513 3591 1580 diaboli;

2009 1603 2169 1657 Arius
2206 1601 2305 1656 fuit
2328 1610 2383 1656 et
2403 1601 2686 1665 Sabellius,
2712 1604 3002 1673 caeterique
3026 1606 3260 1661 haeretici
3294 1607 3472 1676 angeli
3496 1606 3594 1662 Sa-

2010 1703 2149 1748 tana:
2176 1712 2188 1746 :
2223 1694 2308 1748 isti
2332 1694 2582 1748 nimirum
2601 1693 2912 1748 ceciderunt
2930 1695 2985 1749 in
3009 1695 3230 1763 malum,
3247 1692 3313 1750 "id
3336 1705 3421 1751 est
3437 1705 3593 1753 teter-

330 1788 631 1844 Possidebit
657 1795 865 1853 ventos,
901 1785 957 1840 id
989 1794 1073 1841 est
1101 1785 1374 1842 daemones
1409 1785 1476 1840 ad
1503 1786 1907 1841 condemnatio-
1934 1787 1984 1848 Β
2010 1799 2093 1837 na:
2115 1784 2373 1851 gehenna:
2396 1790 2739 1837 tormentum.

328 1896 451 1936 nem
486 1896 587 1935 Slll.

398 1971 665 2027 VERANUS.
707 1968 993 2036 Quomodo
1020 1969 1204 2023 mulier
1224 1968 1446 2039 diligens
1465 1984 1659 2023 corona
1688 1976 1765 2022 est
1800 1969 1910 2023 viro

329 2078 441 2131 suo,
488 2069 537 2114 et
555 2059 772 2129 putredo
794 2061 848 2112 in
873 2058 1069 2112 ossibus
1098 2057 1208 2129 ejus
1245 2074 1358 2130 qua:
1386 2058 1686 2130 confusione
1720 2076 1801 2114 res
1825 2059 1908 2114 di-

332 2168 460 2224 gnos
486 2152 615 2223 gerit
637 2149 820 2220 (Prov.
848 2148 987 2217 xu)?
1709 2140 1720 2150 ’

399 2243 679 2298 ὃλιοιηιιιε.
720 2240 910 2295 Mulier
927 2241 1070 2295 bona
1097 2250 1155 2296 et
1180 2251 1328 2297 casta
1359 2243 1621 2298 honorem
1667 2244 1784 2298 viro
1811 2259 1910 2299 suo

331 2332 534 2403 praebet
554 2332 606 2386 in
638 2330 918 2395 omnibus;
947 2339 1003 2385 et
1029 2332 1152 2399 quia
1182 2330 1357 2401 diligit
1384 2348 1505 2387 eum
1534 2342 1589 2388 et
1609 2335 1747 2389 bene
1776 2335 1912 2403 regit

332 2422 549 2477 domum
589 2423 775 2491 ipsius,
827 2436 1029 2476 corona
1057 2422 1133 2476 illi
1162 2431 1263 2489 est,
1294 2424 1420 2494 quia
1471 2424 1586 2494 ejus
1627 2425 1912 2481 virtutibus

333 2516 482 2570 addit
526 2516 772 2584 gratiam,
829 2517 971 2572 unde
997 2526 1290 2572 coronatur
1311 2532 1341 2571 a
1367 2517 1593 2572 Domino
1625 2537 1639 2571 :
1672 2518 1913 2573 adultera

330 2622 461 2663 vero
484 2607 696 2675 mulier,
718 2608 961 2676 quamvis
988 2606 1118 2662 loris
1137 2606 1380 2662 videatur
1400 2609 1665 2678 speciosa,
1686 2608 1913 2679 putredo

330 2711 513 2754 tamen
558 2706 641 2753 est
694 2698 747 2751 in
775 2697 1006 2764 ossibus,
1043 2697 1168 2766 quia
1198 2698 1341 2753 intus
1364 2697 1536 2754 fetore
1563 2699 1784 2754 luxuriae
1804 2714 1914 2755 sua:

334 2792 574 2846 membra
605 2790 940 2858 coinquinat.

403 2880 678 2935 Vmuuus.
719 2880 1000 2946 Quomodo
1040 2881 1442 2950 intelligendum
1496 2890 1581 2938 est
1623 2882 1768 2951 quod
1795 2883 1911 2937 ait:

335 2973 524 3028 Melior
558 2989 755 3043 pauper
798 2979 874 3027 est
920 2981 970 3027 et
988 2973 1242 3043 sufﬁciens
1270 2973 1385 3041 sibi,
1416 2991 1567 3046 quam
1588 2974 1839 3045 gloriosus
1867 2982 1917 3028 et

334 3064 541 3136 indigus
569 3064 741 3134 pane?

2081 1871 2347 1928 VERANUS.
2389 1874 2519 1941 Quis
2543 1883 2626 1931 est
2651 1877 2857 1946 legatus
2878 1878 3072 1948 ﬁdelis,
3098 1881 3167 1936 de
3187 1897 3297 1951 quo
3316 1883 3588 1954 sequitur:

2011 1963 2237 2037 Legatus
2257 1966 2428 2036 ﬁdelis
2448 1968 2650 2021 sanitas
2675 1967 2852 2038 (Prov.
2882 1971 3031 2040 xlv)?

2080 2056 2357 2113 SALONIUS.
2404 2057 2635 2128 Legatus
2664 2060 2835 2115 lidelis
2855 2068 2938 2115 est
2967 2040 3592 2132 unusquisque'catholi-

2010 2165 2104 2228 cus
2146 2150 2466 2220 prwdicator
2493 2160 2547 2205 et
2573 2150 2765 2205 doctor
2791 2150 2883 2220 qui
2932 2151 3034 2205 sibi
3065 2154 3284 2222 suisque
3324 2141 3593 2208 au‘ditori-

1988 2244 2111 2298 ~bus
2130 2244 2416 2298 sanitatem
2441 2251 2496 2298 et
2519 2243 2746 2298 salutem
2776 2244 3006 2312 acquirit
3030 2252 3308 2299 aeternam.

2080 2334 2348 2389 Vesanus.
2391 2332 2568 2400 Quare
2608 2328 2739 2389 dicit
2769 2354 2782 2388 :
2810 2334 3066 2390 Latebant
3095 2336 3220 2390 mali
3255 2345 3377 2403 ante
3412 2337 3590 2399 bonos,

2011 2434 2061 2480 et
2088 2426 2236 2497 impii
2253 2435 2373 2479 ante
2398 2436 2576 2497 portas
2591 2429 2869 2499 justorum,
2907 2444 3029 2484 cum
3077 2430 3131 2482 in
3171 2428 3273 2483 hac
3292 2429 3403 2483 vita
3426 2424 3596 2497 magis

2013 2516 2141 2571 boni
2186 2516 2396 2571 soleant
2438 2517 2623 2587 jacere
2650 2525 2778 2573 ante
2805 2518 3000 2586 malos,
3027 2526 3084 2574 et
3106 2518 3238 2589 justi
3266 2525 3392 2573 ante
3412 2525 3596 2588 portas

2014 2605 2316 2676 iniquorum
2333 2607 2358 2660 ?

2085 2695 2365 2755 SALONIUS.
2404 2696 2463 2753 In
2512 2699 2808 2755 novissimo
2844 2698 3048 2769 judicio
3100 2700 3374 2755 coronatis
3414 2698 3596 2767 justis,

2016 2787 2164 2856 impii
2185 2787 2710 2858 condemnabuntur,
2731 2791 2823 2859 qui
2853 2806 2948 2846 eos
2969 2790 3024 2844 in
3051 2790 3301 2861 praesenti
3326 2790 3438 2844 vita
3461 2787 3598 2843 allii-

2014 2879 2233 2949 gebant,
2258 2888 2315 2935 et
2334 2880 2536 2937 idcirco
2554 2881 2684 2937 dicit
2714 2901 2727 2935 :
2760 2881 3017 2937 Iacebant
3051 2882 3177 2937 mali
3197 2891 3317 2937 ante
3338 2880 3517 2944 bonos,
3549 2888 3601 2951 et

2015 2970 2303 3053 impiiante
2328 2980 2504 3042 portas
2526 2975 2807 3043 justorum.
2831 2973 3084 3028 Attamen
3109 2972 3254 3043 quod
3275 2972 3406 3028 dicit
3431 2990 3444 3026 :
3467 2973 3601 3025 Ante

2018 3062 2196 3129 bonos,
2222 3073 2271 3118 et
2288 3074 2409 3118 ante
2425 3074 2601 3136 portas
2615 3067 2897 3137 justorum,
2924 3081 3029 3121 non
3052 3065 3119 3120 ad
3140 3065 3468 3121 vicinitatem
3495 3064 3603 3119 loci

405 3156 683 3211 SALONIUS.
724 3154 866 3211 Vere
912 3156 1103 3211 melior
1121 3164 1205 3211 est
1231 3156 1397 3212 frater
1421 3157 1585 3212 idiota
1608 3166 1664 3213 et
1689 3157 1917 3228 simplex
1943 3157 1989 3220 C
2018 3157 2268 3226 pertinet,
2301 3149 2554 3225 quoniam
2599 3157 2727 3212 mali
2766 3165 2821 3212 et
2849 3158 2977 3212 boni
3019 3173 3128 3212 non
3156 3157 3259 3213 sibi
3285 3163 3445 3212 erunt
3472 3162 3601 3211 tunc

335 3246 426 3314 qni
465 3253 721 3315 operatur
764 3246 907 3301 bona
947 3262 1065 3316 qua:
1111 3248 1280 3315 novit,
1305 3249 1450 3303 unde
1469 3250 1632 3304 vitam
1653 3260 1910 3305 aeternam

337 3345 607 3392 mereatur
635 3337 838 3392 habere
866 3338 921 3393 in
962 3340 1133 3407 oculis,
1187 3355 1350 3409 quam
1387 3341 1670 3408 gloriosus,
1721 3343 1775 3396 id
1829 3352 1913 3399 est

336 3428 509 3484 clarus
531 3428 775 3483 doctrina
803 3436 859 3483 et
878 3428 1181 3483 eruditione
1203 3428 1618 3497 Scripturarum,
1649 3432 1734 3486 vel
1761 3448 1935 3502 coma

337 3528 462 3590 ptus
509 3519 748 3574 doctoris
801 3517 999 3583 officio,
1043 3518 1135 3588 qui
1182 3518 1387 3587 indiget
1414 3535 1551 3589 pane
1593 3521 1910 3590 dilectionis,

336 3612 460 3681 quia
513 3624 688 3679 neque
727 3609 1011 3664 Dominum
1057 3607 1250 3677 diligit,
1277 3624 1452 3679 neque
1471 3613 1792 3681 proximum.
1817 3614 1917 3668 Vel

337 3709 483 3756 certe
504 3700 625 3755 ideo
648 3714 785 3771 pane
814 3698 1033 3769 indiget,
1062 3699 1188 3769 quia
1210 3714 1318 3755 non
1342 3710 1597 3770 operatur
1615 3717 1733 3772 qua:
1761 3702 1919 3758 intel-

341 3793 458 3862 ligit
485 3800 577 3849 aut
604 3793 784 3848 docet.
1394 3866 1399 3872 ι

406 3883 678 3947 νεμηυε.
719 3883 850 3949 Quis
872 3892 954 3938 est
977 3883 1143 3939 homo
1169 3894 1419 3941 versutus
1437 3887 1528 3955 qui
1556 3886 1698 3942 celat
1737 3888 1914 3943 scien-

341 3974 507 4029 tiam?
535 3974 625 4028 Sic
652 3975 794 4027 enim
816 3972 949 4028 dicit
975 3992 987 4025 :
1024 3973 1190 4029 Homo
1218 3986 1447 4030 versutus
1469 3979 1601 4032 celat
1626 3979 1914 4033 scientiam.

409 4062 686 4117 Summus.
732 4061 987 4116 Versutus
1013 4063 1117 4117 hoc
1144 4063 1265 4118 loco
1292 4066 1345 4118 in
1368 4066 1508 4121 bona
1530 4068 1920 4135 significatione

340 4155 576 4226 ponitur,
607 4154 660 4208 id
691 4160 773 4208 est
801 4152 1015 4222 sapiens
1042 4160 1097 4206 et
1123 4152 1386 4222 prudens,
1436 4157 1518 4210 vir
1562 4172 1692 4225 ergo
1729 4176 1917 4215 versu-

341 4255 464 4313 tus;
488 4245 542 4301 id
568 4253 651 4301 est
669 4244 883 4314 sapiens
905 4251 959 4297 et
987 4244 1223 4313 prudens
1253 4245 1544 4314 aliquando
1565 4248 1633 4303 de
1659 4250 1918 4307 industria

341 4339 481 4393 celat
507 4337 806 4401 scientiam,
832 4335 1038 4390 duabus
1058 4334 1314 4390 videlicet
1334 4336 1404 4391 de
1423 4338 1598 4393 causis
1624 4356 1637 4392 :
1660 4355 1763 4394 una
1791 4343 1917 4409 quia

342 4428 567 4483 inlirmis
587 4427 919 4481 auditoribus
940 4443 1048 4481 non
1070 4435 1249 4496 potest
1267 4429 1404 4498 loqui
1450 4430 1597 4500 quasi
1640 4431 1922 4500 spirituali-

2013 3247 2205 3313 vicini;
2229 3248 2322 3303 sed
2352 3248 2587 3318 pertinet
2615 3247 2685 3303 ad
2731 3249 2993 3304 visionem
3031 3249 3317 3313 bonorum,
3346 3248 3604 3319 quoniam

2012 3336 2141 3392 boni
2164 3354 2380 3407 semper
2407 3338 2663 3395 videbunt
2696 3337 2965 3395 torlnenta
2992 3340 3280 3406 malorum,
3306 3337 3449 3391 unde
3490 3336 3605 3391 Deo

2015 3430 2292 3485 liberatori
2325 3447 2424 3484 suo
2454 3430 2688 3497 majores
2719 3432 2836 3485 sine
2862 3429 2968 3484 ﬁne
2992 3429 3227 3484 referant
3252 3429 3467 3496 gratias.

2088 3520 2355 3573 VERANUS.
2374 3518 2511 3583 Quid
2531 3519 2777 3587 estun
2798 3521 2874 3574 ait
2901 3538 2913 3572 :
2947 3520 3162 3574 Pondus
3183 3527 3232 3573 et
3258 3528 3452 3573 statera
3466 3519 3604 3589 judi-
3679 3511 3685 3518 ’

2018 3610 2099 3661 cia
2141 3616 2260 3660 sunt
2316 3606 2544 3672 Domini,
2593 3616 2643 3662 et
2663 3614 2827 3679 opera
2859 3610 2969 3679 ejus
2991 3626 3167 3664 omnes
3198 3610 3398 3681 lapides
3423 3611 3605 3669 saeculi

2019 3694 2197 3764 (Prov.
2224 3697 2375 3765 xvi)?
2399 3694 2684 3761 Quomodo
2718 3697 2928 3767 pondus
2949 3706 3005 3752 et
3032 3706 3235 3753 statera
3254 3697 3455 3767 judicia
3480 3707 3606 3753 sunt

2020 3784 2271 3841 Domini?

2090 3877 2367 3934 SALONIUS.
2410 3877 2544 3945 Quia
2559 3880 2823 3933 Dominus
2852 3880 3027 3934 omnia
3055 3882 3108 3934 in
3137 3880 3362 3952 pondere
3387 3891 3437 3935 et
3457 3896 3603 3934 men-
3660 3928 3661 3931 η

2022 3988 2164 4037 sura,
2180 3982 2229 4024 et
2249 3988 2459 4025 numero
2484 3970 2639 4043 (Sap.
2666 3971 2740 4041 χι)
2765 3971 3060 4026 constituit.
3089 3970 3303 4027 Pondus
3323 3980 3378 4026 et
3405 3980 3608 4028 statera

2016 4060 2215 4131 judicia
2235 4060 2445 4116 Domini
2472 4070 2618 4129 sunt,
2644 4061 2770 4130 quia
2804 4063 2941 4117 sicut
2966 4063 3080 4132 ipse
3098 4061 3289 4126 voluit,
3320 4062 3609 4132 unicuique

2020 4170 2326 4210 mensuram
2368 4153 2490 4209 ﬁdei
2518 4162 2574 4210 et
2600 4154 2825 4222 gratiam
2863 4154 3092 4224 Spiritus
3123 4155 3294 4210 sancti
3317 4154 3605 4211 distribuit.

2095 4245 2361 4302 Vesanus.
2403 4244 2550 4311 Quos
2577 4245 2812 4316 appellat
2836 4246 3039 4315 lapides
3058 4247 3270 4323 smcu'li?

2094 4337 2371 4394 SALONIUS.
2406 4336 2595 4393 .Justos
2621 4328 2678 4393 et
2699 4336 2864 4397 fortes
2894 4339 2945 4392 in
2976 4337 3077 4393 [ide
3103 4359 3116 4395 :
3148 4355 3339 4395 onmes
3361 4340 3504 4396 enim
3536 4342 3611 4395 la-

2024 4430 2174 4500 pides
2201 4431 2401 4497 saeculi,
2434 4430 2491 4484 id
2515 4439 2599 4486 est
2636 4431 2812 4485 sancti
2858 4440 2914 4485 et
2962 4431 3116 4486 electi
3146 4433 3265 4499 viri,
3295 4449 3458 4505 opera
3484 4442 3612 4501 sunt

341 4520 453 4583 bus,
485 4518 577 4573 sed
601 4519 745 4589 quasi
765 4515 1059 4571 carnalibus
1088 4516 1145 4588 (Ι
1163 4516 1281 4572 Cor.
1315 4518 1413 4587 Ill),
1441 4519 1601 4574 idest
1621 4535 1811 4589 magna
1837 4536 1924 4576 sa-
1950 4523 2002 4583 D
2026 4520 2258 4587 Domini,
2315 4524 2438 4589 quia
2484 4539 2641 4578 nemo
2691 4540 2788 4579 sua
2835 4525 3056 4593 virtute,
3105 4541 3264 4581 nemo
3292 4542 3391 4581 suo
3420 4528 3612 4581 merito

343 4625 557 4665 crarum
578 4608 975 4679 Scripturarum
1003 4609 1255 4678 mysteria
1277 4624 1397 4678 qua:
1420 4612 1589 4678 novit,
1622 4627 1727 4665 non
1758 4612 1921 4667 audet

344 4701 444 4754 illis
465 4698 828 4763 manifestare,
852 4713 919 4753 ne
938 4697 1076 4752 forte
1097 4698 1559 4764 scandalizentur;
1583 4701 1772 4770 altera,
1793 4704 1917 4772 quia

346 4809 450 4846 non
478 4793 592 4848 vult
612 4803 847 4847 sanctum
866 4792 994 4846 dare
1017 4789 1250 4855 canibus,
1274 4807 1434 4863 neque
1454 4793 1654 4847 mittere
1673 4797 1927 4865 margari-

292 4948 302 4958 ⁸
347 4893 425 4937 las
444 4892 564 4937 ante
584 4899 765 4952 porcos
797 4881 1010 4951 (Matth.
1039 4882 1156 4954 vn).

403 4974 682 5028 .Vessaus.
722 4972 857 5038 Quid
883 4981 965 5027 est
990 4975 1135 5059 quod
1162 4976 1269 5029 ait:
1308 4974 1428 5030 Vult
1462 4986 1510 5029 et
1536 4992 1640 5029 non
1658 4976 1763 5030 vult
1782 4978 1926 5049 piger

347 5065 525 5134 (Prov.
558 5066 710 5133 xm)?
738 5063 795 5117 Si
817 5063 948 5125 vult,
974 5066 1245 5133 quomodo
1268 5080 1398 5134 ergo
1422 5083 1527 5122 non
1548 5067 1697 5122 vult?

416 5155 693 5209 Suomns.
737 5152 841 5206 Per
884 5153 1116 5222 pigrum,
1145 5156 1234 5209 ille
1263 5156 1573 5226 designatur
1613 5158 1704 5227 qui
1731 5172 1792 5213 se
1819 5172 1925 5214 non

348 5246 461 5298 vult
487 5260 743 5298 exercere
789 5244 840 5297 in
889 5243 1044 5298 bonis
1081 5245 1351 5313 operibus.
1396 5245 1525 5301 Vult
1552 5261 1682 5315 ergo
1703 5262 1927 5317 regnare

350 5334 499 5402 piger
526 5349 648 5387 cmn
669 5333 802 5396 Deo,
834 5341 890 5385 et
916 5348 1022 5385 non
1070 5333 1183 5387 vult
1213 5333 1462 5389 laborare
1492 5352 1590 5405 pro
1628 5337 1761 5394 Deo.
1804 5337 1932 5394 Vult

350 5424 628 5494 pervenire
675 5423 741 5476 ad
794 5423 1178 5478 beatitudinem
1226 5432 1280 5478 et
1309 5432 1486 5480 tamen
1516 5444 1623 5483 non
1648 5432 1764 5486 vult
1791 5446 1928 5501 pra!-

355 5521 512 5582 cepta
559 5513 758 5567 Christi
788 5514 1031 5583 implere,
1053 5523 1112 5568 ut
1134 5515 1519 5571 beatitudinem
1541 5534 1815 5581 mereatur
1839 5524 1936 5578 ob-

350 5599 545 5661 tinere.
562 5604 637 5658 De
660 5605 763 5659 hoc
782 5605 925 5671 enim
944 5603 1181 5661 lacubus
1199 5607 1328 5661 dicit
1355 5625 1367 5660 :
1408 5609 1499 5662 Vir
1523 5611 1717 5684 άυριεπ
1738 5618 1931 5681 animo,

351 5698 653 5756 inconstans
672 5707 748 5753 est
774 5698 826 5751 in
854 5695 1090 5753 omnibus
1117 5698 1211 5754 viis
1241 5699 1347 5755 suis
1378 5698 1516 5765 (Jac.
1548 5700 1609 5769 ι).

1983 5863 2091 5892 «an

2020 4611 2222 4667 electus
2274 4620 2359 4665 est
2402 4628 2431 4664 a
2490 4612 2741 4679 Domino,
2791 4622 2851 4668 ut
2879 4616 3083 4669 cmlesti
3111 4612 3449 4671 :cditlcationi
3470 4626 3614 4670 esset
3664 4597 3671 4605 ’

2022 4710 2200 4771 aptus,
2226 4701 2324 4757 sed
2356 4702 2469 4756 sola
2499 4704 2668 4769 gratia
2700 4712 2755 4757 et
2783 4703 3151 4759 misericordia
3175 4707 3360 4774 ipsius.

2098 4793 2368 4849 Vesanus.
2402 4791 2547 4871 Quid
2570 4794 2816 4864 estquod
2849 4795 3014 4851 dicit:
3055 4794 3258 4849 Corona
3277 4812 3485 4862 senum,
3515 4798 3611 4866 ﬁlii

2024 4887 2271 4956 ﬁliorum,
2293 4894 2343 4937 et
2368 4884 2538 4954 gloria
2567 4871 2793 4955 ﬁliorum
2814 4895 2985 4957 patres
3013 4901 3189 4939 eorum
3233 4885 3410 4955 (Prov.
3442 4890 3617 4955 xvn)?

2027 4974 2082 5029 Si
2104 4975 2229 5029 mali
2258 4981 2383 5029 sunt
2404 4973 2497 5029 filii
2520 4974 2770 5045 ﬁliorum,
2797 4974 3074 5045 quomodo
3093 4983 3219 5030 sunt
3242 4976 3412 5046 gloria
3436 4977 3487 5032 in
3511 4978 3614 5032 hoc

2026 5065 2146 5119 loco
2166 5065 2191 5118 ν

2100 5157 2381 5213 Βλιοιηυε.
2423 5156 2765 5214 Patriarchas
2794 5158 2948 5213 voc'at
2969 5168 3024 5214 et
3049 5158 3365 5229 prophetas,
3386 5176 3612 5232 quormn

1980 5308 1984 5313 1
2032 5246 2125 5301 filii
2155 5256 2283 5301 sunt
2320 5250 2493 5304 sancti
2521 5248 2775 5318 apostoli,
2810 5257 2865 5304 et
2897 5250 2988 5304 lilii
3019 5248 3247 5305 ﬁliorum
3275 5267 3617 5307 successores

2033 5342 2423 5414 apostolorum,
2465 5343 2721 5398 videlicet
2768 5344 2939 5399 sancti
2987 5344 3385 5414 praedicatores.
3417 5345 3617 5400 Omnes

2033 5435 2176 5488 enim
2198 5434 2285 5489 isti
2313 5450 2514 5490 corona
2538 5450 2727 5490 senum
2759 5444 2905 5501 sunt,
2930 5436 2982 5490 id
3011 5445 3094 5492 est
3115 5440 3541 5508 patriarcharum
3562 5451 3616 5496 et

2033 5528 2449 5596 prophetarum;
2499 5527 2625 5595 quia
2672 5527 2830 5595 digna
2880 5529 3037 5585 laude
3061 5530 3336 5585 celebrant
3368 5548 3481 5599 eos,
3520 5549 3616 5602 per

2034 5634 2264 5687 quorum
2294 5620 2544 5683 exempla
2572 5625 2626 5674 ct
2653 5619 2903 5674 vaticinia
2932 5620 2998 5674 ad
3025 5621 3384 5689 cognitionem
3431 5626 3617 5692 gratia:

2037 5720 2409 5778 pervenerunt.

2324 5849 2464 5870 ιη-.
