4192 6258
290 266 389 323 931

1086 261 1151 316 ΙΝ
1189 259 1597 317 PARABOLAS
1632 259 2013 317 SALOMONIS
2050 260 2411 319 EXPOSITIO
2450 263 2763 322 MYSTIGA.

3459 268 3568 330 98‘)

288 395 484 450 perare
506 381 650 450 quod
678 393 857 434 emere
879 377 1170 443 desiderat,
1202 385 1258 432 et
1294 378 1512 433 dicere:
1546 377 1864 432 Malumest.
1896 379 1950 441 Α
1976 380 2148 435 delem
2189 389 2350 451 atque
2392 382 2703 452 religiosum
2749 382 3133 450 Christianum,
3173 385 3324 453 cujus
3368 386 3566 443 milites
3654 386 3663 392 ’

291 466 487 525 malum
514 480 629 535 est;
671 472 1035 547 verumtamen
1082 468 1125 524 si
1155 469 1292 523 bene
1321 471 1531 539 emerit,
1559 470 1877 539 gloriabitur

291 570 410 618 cum
442 566 741 620 recesserit.

361 654 629 711 VERANUS.
662 655 1029 726 Spiritualiter
1055 663 1235 709 autem
1261 654 1533 724 quomodo
1582 654 1877 723 intelligis?

313 748 320 757 ‘
358 747 636 801 SALONIUS.
669 745 762 802 Ille
776 747 1040 802 veraciter
1066 755 1150 801 est
1171 755 1406 817 emptor,
1436 748 1526 816 qui
1553 744 1653 801 sibi
1674 756 1878 802 mterna

291 834 522 891 tuccetis
560 837 778 906 pueritia
807 852 1120 908 comparare
1166 836 1454 892 desiderat.
1483 836 1601 907 Ipse
1625 839 1876 893 nimirum

291 936 471 984 em‘ere
519 930 696 987 studet
744 926 969 985 terrenis
1007 930 1245 986 coelestia
1271 972 1286 997 ,
1341 930 1560 984 caducis
1605 946 1878 995 mansura,

292 1020 677 1090 temporalibus
722 1027 945 1077 aeterna.
997 1020 1141 1075 Talis
1191 1035 1321 1090 ergo
1367 1029 1578 1090 emptor
1621 1020 1884 1091 quidquid

201 1134 205 1138 η
291 1111 489 1182 patitur
508 1111 562 1165 in
585 1111 1057 1182 pnesenti‘malum
1079 1126 1199 1166 esse
1226 1110 1374 1175 dicit,
1402 1112 1525 1179 quia
1548 1112 1747 1165 malum
1765 1127 1884 1167 esse

242 1258 254 1271 ,
294 1204 558 1274 intelligit.
594 1204 845 1260 Attamen
889 1204 1014 1273 quia
1039 1203 1220 1257 omnia
1253 1202 1479 1258 adversa
1511 1219 1613 1273 pro
1644 1198 1756 1257 Deo
1795 1218 1884 1272 pa~

294 1297 489 1353 tienter
515 1298 762 1364 sustinet,
795 1313 917 1352 cum
941 1294 1223 1352 secesserit
1252 1296 1319 1351 de
1347 1296 1576 1363 mundo,
1611 1302 1738 1352 tunc
1764 1296 1881 1366 glo-

291 1390 538 1457 riabitur,
569 1391 695 1460 quia
717 1386 995 1460 perveniet
1024 1388 1089 1444 ad
1114 1388 1522 1443 beatitudinem.

366 1480 638 1535 Vesanus.
672 1479 836 1549 Item,
879 1480 1152 1549 quomodo
1190 1471 1593 1549 intelligendum
1630 1487 1711 1534 est
1740 1480 1884 1550 quod

291 1572 452 1642 paulo
482 1579 605 1641 post
631 1568 802 1626 dicit:
846 1562 1143 1626 "(creditas
1191 1571 1261 1624 ad
1302 1588 1455 1642 quam
1493 1572 1788 1642 festinatur,
1830 1573 1883 1624 in

292 1663 566 1733 principio,
590 1664 644 1715 in
666 1663 940 1717 novissimo
963 1661 1312 1715 benedictione
1330 1661 1563 1715 carebit?

1981 483 2104 531 sunt
2126 490 2295 530 sacra:
2322 474 2568 541 virtutes,
2600 482 2654 529 et
2676 475 2789 544 ipse
2811 474 3061 528 vitiorum
3091 475 3229 528 bella
3260 476 3313 528 in
3341 490 3400 529 se
3426 475 3566 532 bene

1979 567 2198 622 vincere
2244 568 2415 623 novit.
2466 566 2617 621 Sicut
2665 580 2795 635 ergo
2837 565 2978 620 Deus
3002 563 3305 620 multifariis
3349 564 3567 619 divisio-
3640 563 3655 637 ξ

1980 659 2140 719 nibus
2167 674 2452 730 aquarum,
2485 661 2595 716 late
2624 658 2765 715 ﬁnes
2798 669 3059 713 terrarum
3089 666 3145 711 et
3174 658 3314 712 aeris
3357 657 3563 727 implet,
3640 648 3653 691 ἶ

1983 753 2056 805 ita
2087 767 2183 808 cor
2219 753 2362 819 regis
2401 766 2727 822 quocunque
2766 751 3015 812 voluerit,
3068 748 3364 812 inclinabit,
3405 747 3457 801 id
3487 756 3570 802 est

1985 842 2051 896 ad
2071 842 2433 913 quodcunque
2457 843 2659 896 bonum
2682 840 2929 903 voluerit,
2960 846 3240 894 convertet
3272 855 3283 889 :
3313 838 3571 907 quoniam

1983 934 2123 989 sicut
2144 934 2434 992 divisiones
2453 935 2747 1003 gratiarum
2775 934 2979 1002 angelis
3007 942 3063 987 et
3089 931 3395 988 hominibus
3417 931 3570 1000 juxta

1985 1025 2318 1092 voluntatem
2345 1040 2497 1079 suam
2545 1024 2769 1089 tribuit,
2802 1024 2875 1079 ita
2914 1024 3077 1078 corda
3122 1018 3314 1091 regum
3363 1020 3449 1091 (id
3490 1030 3573 1075 est

1986 1118 2320 1186 sanctorum)
2351 1117 2511 1172 variis
2541 1116 2699 1173 donis
2722 1117 2917 1186 replet,
2945 1124 3001 1172 et
3026 1114 3255 1171 diversis
3270 1120 3428 1169 ornat
3455 1127 3573 1165 mu-
3647 1154 3656 1183 ί

1989 1207 2224 1263 neribus.
3648 1186 3652 1195 ’

2063 1298 2330 1355 Vesanus.
2375 1301 2515 1367 Quid
2540 1309 2622 1356 est
2651 1299 2796 1369 quod
2834 1299 2909 1353 ait
2955 1317 2965 1350 :
3027 1297 3120 1351 Vir
3146 1298 3233 1369 qui
3269 1296 3515 1351 erraverit
3542 1310 3574 1345 a

1989 1394 2073 1446 ria
2110 1392 2361 1449 doctrina:
2396 1395 2453 1447 in
2474 1402 2605 1447 coetu
2645 1394 2912 1463 gigantum
2939 1389 3339 1445 commorabitur
3373 1386 3571 1458 (Prov.

1990 1483 2145 1552 xxx)?
2172 1482 2274 1548 Qui
2297 1493 2422 1540 sunt
2452 1484 2540 1538 isti
2568 1485 2833 1551 gigantes,
2882 1484 2936 1536 in
2965 1498 3197 1551 quorum
3226 1490 3370 1538 ctetu
3395 1493 3577 1534 mora-

1991 1576 2136 1629 bitur
2155 1575 2248 1644 qui
2278 1576 2542 1630 erraverit
2570 1592 2599 1628 a
2629 1574 2715 1628 via
2745 1574 3043 1629 doctrinm?

2062 1666 2347 1724 SALONIUS.
2373 1667 2630 1735 Gigantes
2671 1666 2964 1735 appellavit
3006 1663 3310 1718 immundos
3336 1662 3584 1732 spiritus,

364 1754 642 1809 SALONIUS.
676 1744 970 1808 Hrereditas
992 1736 1105 1807 huic
1126 1752 1412 1821 acquisitio
1440 1750 1679 1807 avaritia:
1704 1758 1886 1821 potest
1915 1760 1963 1821 Β
1993 1761 2046 1815 id
2070 1768 2155 1815 est
2172 1760 2477 1825 (immanes,
2518 1758 2589 1812 de
2628 1757 2821 1827 quibus
2864 1757 3057 1810 beatus
3092 1754 3193 1810 Joh
3228 1754 3359 1811 dicit
3391 1772 3403 1805 :
3443 1752 3579 1806 Ecce

293 1845 514 1914 intelligi
547 1863 558 1896 :
592 1858 720 1913 ergo
761 1836 1068 1917 quicunque
1103 1836 1202 1914 per
1230 1843 1469 1898 avaritia:
1511 1842 1804 1910 nequitiam
1834 1842 1887 1895 in

292 1940 393 1993 hac
421 1937 528 1991 vita
558 1934 659 1991 sibi
688 1932 900 1991 divitias
927 1936 1286 2005 multiplicare
1301 1935 1632 1999 desiderant,
1666 1948 1897 1997 necesse,

291 2038 374 2083 est
423 2035 482 2083 ut
534 2028 585 2081 in
632 2026 811 2082 futuro
854 2034 1071 2081 interna:
1121 2015 1451 2081 hzereditatis
1492 2025 1886 2080 beatitudinem

292 2120 557 2174 amittant.
592 2118 761 2173 Aliter
792 2137 803 2170 :
835 2108 1151 2187 Quicunque
1192 2133 1291 2187 pro
1320 2117 1477 2173 bonis
1506 2116 1761 2187 operibus
1787 2117 1887 2170 hu-

292 2228 507 2266 manam
560 2209 772 2266 laudem
820 2225 1063 2279 quaerere
1115 2208 1467 2274 desiderant,
1495 2210 1572 2263 .in
1622 2208 1886 2278 principio

292 2303 444 2374 quasi
474 2300 542 2356 ad
572 2300 942 2356 hzereditatem
990 2298 1245 2382 festinant
1279 2317 1291 2351 :
1339 2298 1587 2367 ideoque,
1622 2298 1673 2352 in
1703 2297 1888 2352 novis-

293 2396 429 2450 siino
459 2392 835 2449 benedictione
863 2394 1153 2457 carebunt,
1184 2391 1310 2461 quia
1341 2390 1540 2444 nullam
1568 2402 1885 2443 remunera-

295 2486 494 2542 tionem
522 2484 823 2555 percipient
849 2498 877 2538 a
910 2482 1020 2537 Deo
1051 2501 1063 2535 :
1089 2482 1157 2537 de
1205 2481 1399 2536 talibus
1441 2481 1584 2535 enim
1625 2480 1883 2550 scriptum

294 2584 406 2631 est:
441 2576 599 2630 Amen
625 2576 741 2629 dico
772 2573 930 2641 vobis,
952 2574 1073 2644 quia
1093 2581 1395 2643 receperunt
1424 2571 1714 2627 mercedem
1735 2587 1885 2624 suam

294 2666 509 2739 (Matth.
542 2685 593 2724 vt
622 2677 670 2721 et
698 2667 754 2739 χ)

362 2761 633 2816 νεῐιλκυε.
665 2758 802 2826 Quid
824 2767 906 2814 est
930 2762 1076 2828 quod
1104 2760 1176 2815 ait
1199 2779 1209 2812 :
1232 2758 1406 2813 Ruina
1436 2760 1659 2833 hominis
1684 2768 1762 2813 est
1792 2759 1886 2813 ἀει-

295 2868 479 2907 rorare
517 2863 748 2921 sanctos,
797 2859 846 2903 et
892 2860 1008 2921 post
1046 2860 1164 2905 rota
1199 2858 1424 2904 tractare
1453 2847 1643 2919 (Prov.
1694 2848 1887 2917 xxvr)?
1920 2879 1925 2884 ι

295 2942 432 3011 Quid
462 2950 544 2998 est
572 2942 695 3007 hoc,
720 2943 968 2997 devorare
995 2941 1238 2996 sanctos?

366 3033 646 3089 SALosws.
682 3033 953 3087 Devorare
995 3040 1216 3087 sanctos
1244 3039 1329 3087 est
1360 3039 1486 3087 voto
1516 3046 1576 3086 se
1623 3030 1884 3100 obligare.

1994 1853 2230 1922 gigantes
2271 1857 2479 1919 gemunt
2523 1847 2615 1901 sub
2655 1848 2822 1919 aquis,
2853 1856 2900 1900 et
2940 1847 3027 1917 qui
3078 1846 3315 1899 habitant
3350 1862 3466 1898 cum
3503 1847 3579 1899 eis

1993 1939 2134 2010 (Job.
2164 1938 2334 2007 xxvi),
2373 1932 2426 1992 id
2463 1946 2547 1992 est
2574 1937 2846 1992 daemones
2875 1945 2930 1990 et
2967 1950 3158 1990 omnes
3184 1950 3321 2004 quos
3351 1935 3450 2004 ipsi
3480 1935 3577 1989 de-

1989 2038 2273 2103 ceperunt,
2304 2038 2359 2084 et
2392 2029 2483 2098 qui
2526 2028 2630 2086 illis
2671 2034 3083 2091 consenserunt,
3115 2027 3216 2082 sub
3244 2025 3420 2095 poenis
3466 2033 3582 2080 tor--

1988 2130 2241 2192 quentur.

2063 2212 2331 2267 Vcennos.
2364 2210 2544 2277 Quare
2568 2211 2844 2266 dmmones
2864 2208 3205 2278 appellantur
3228 2208 3510 2277 gigantes?

2061 2303 2342 2359 SALONIUS.
2376 2302 2513 2369 Quia
2544 2301 2816 2357 daemones
2843 2300 3060 2370 superbi
3088 2308 3145 2355 et
3182 2300 3308 2355 elati
3336 2306 3479 2363 sunt,
3524 2306 3579 2353 et

1991 2397 2118 2450 mali
2148 2410 2212 2450 ac
2240 2394 2424 2460 fortes,
2457 2394 2597 2449 sicut
2639 2394 2765 2448 olim
2811 2392 3027 2447 fuerunt
3052 2392 3319 2461 gigantes.
3350 2392 3406 2446 In
3437 2399 3580 2448 ecetu

1990 2504 2121 2559 ergo
2148 2490 2375 2545 istorum
2401 2488 2697 2556 gigantum,
2720 2486 2774 2540 id
2801 2494 2886 2540 est
2926 2485 3251 2549 daemonum,
3272 2499 3578 2539 commora-

1989 2583 2190 2638 buntur
2213 2596 2402 2637 omnes
2431 2581 2524 2649 qui
2550 2575 2869 2634 erraverunt
2888 2594 2918 2632 a
2947 2579 3035 2632 via
3060 2576 3341 2642 doctrinae,
3370 2576 3423 2631 id
3445 2579 3529 2631 ett
3548 2593 3580 2632 a

1989 2673 2078 2727 via
2104 2671 2380 2738 veritatis;
2405 2671 2532 2739 quia
2559 2670 2718 2724 simul
2743 2685 2864 2725 cum
2890 2668 3223 2725 daemonibus
3250 2668 3581 2738 torqueban-

1990 2776 2081 2821 tur
2119 2767 2171 2819 in
2201 2779 2359 2835 pinna
2387 2771 2603 2818 aatemae
2625 2761 3001 2817 damnationis.

2063 2857 2335 2912 Vesanus.
2367 2853 2498 2922 Quae
2543 2861 2627 2908 est
2653 2853 2844 2908 civitas
2870 2852 3109 2917 fortium,
3141 2851 3227 2906 vel
3253 2850 3374 2919 quis
3392 2858 3475 2906 est
3494 2864 3580 2906 sa-

1992 2949 2148 3020 piens
2194 2948 2263 3003 de
2308 2962 2417 3017 quo
2461 2945 2591 3001 dicit
2624 2964 2637 2998 :
2669 2943 2938 2999 Civitatem
2985 2945 3195 3016 fortium
3236 2943 3468 3000 ascendit
3494 2960 3583 2999 sa-

1991 3041 2160 3109 piens,
2188 3046 2238 3092 et
2267 3038 2494 3093 detraxit
2521 3036 2679 3091 robur
2704 3035 2913 3105 ﬁduciae
2932 3035 3043 3106 ejus
3072 3033 3258 3107 (Prov.
3290 3034 3438 3102 XXI)?

296 3125 448 3195 lmpii
498 3110 694 3179 autem.
722 3123 1056 3179 devorabant
1113 3131 1359 3188 sanctos,
1412 3121 1628 3192 quando
1661 3129 1787 3176 voto
1828 3135 1886 3176 se
1915 3121 1963 3183 Ο
2065 3130 2347 3186 sinamus,
2371 3128 2659 3183 Civitatem
2686 3126 2923 3199 appellat
2950 3127 3237 3195 mundum;
3269 3127 3456 3194 fomes,
3480 3127 3583 3183 dm.

297 3208 605 3285 obligabant
626 3215 717 3271 ubi
745 3223 1201 3285 persequerentur
1225 3222 1461 3277 sanctos,
1495 3222 1549 3268 et
1576 3212 1890 3268 occiderent

297 3324 410 3384 eos,
442 3307 889 3379 quemadmodum
913 3293 1269 3377 quadraginta
1298 3306 1399 3360 viri
1435 3305 1624 3370 Judaei,
1667 3305 1806 3359 sicut
1833 3303 1890 3357 in

301 3402 525 3456 Actibus
574 3400 943 3470 apostolorum
1000 3399 1280 3467 loquitur:
1313 3396 1635 3450 Devoverunt
1679 3413 1734 3449 se
1783 3411 1890 3448 non

298 3493 719 3556 manducaturos,
744 3507 905 3562 neque
933 3490 1202 3554 bibituros,
1234 3489 1392 3542 donec
1422 3486 1711 3541 occiderent
1738 3485 1888 3539 Pau-

299 3586 404 3638 lum
428 3585 564 3654 (Act.
599 3583 771 3651 χχιιι).
798 3581 865 3635 Et
889 3581 1103 3650 pagani,
1131 3588 1189 3634 ut
1217 3595 1359 3649 smpe
1382 3578 1627 3650 legimus,
1659 3577 1761 3635 diis
1780 3577 1891 3632 suis

298 3666 631 3731 devoverunt
669 3674 981 3743 sanguinem
1012 3671 1458 3726 Christianorum.

351 3766 642 3836 ,Vnnas’us.
678 3755 818 3832 Quid
848 3772 931 3819 est
958 3763 1101 3833 quod
1131 3763 1236 3818 ait:
1270 3760 1342 3816 Et
1377 3772 1493 3833 post
1524 3772 1640 3817 vota
1669 3771 1894 3817 tractare

304 3859 482 3931 (Prov.
513 3859 642 3929 xx)?

371 3952 651 4006 SALOSIUS.
689 3951 814 4003 Inst
840 3959 964 4006 vota
990 3951 1255 4021 promissa
1282 3958 1537 4019 tractare,
1567 3961 1649 4008 est
1679 3958 1894 4007 sanctos

300 4042 554 4115 persequi
583 4049 637 4095 et
658 4041 978 4106 distrahere,
1009 4050 1063 4096 et
1090 4034 1243 4109 quasi
1270 4044 1375 4098 vile
1404 4035 1731 4116 mancipium
1757 4059 1891 4099 con-

302 4143 561 4215 temnere.
1636 4135 1643 4144 '

378 4231 644 4287 Vesanus.
688 4225 971 4295 Quomodo
1001 4239 1129 4295 ergo
1151 4227 1306 4279 ruina
1343 4234 1421 4280 est
1458 4226 1702 4294 lioniinis,
1742 4228 1896 4282 devo-

304 4340 420 4377 rare
448 4330 678 4391 sanctos,
700 4326 884 4390 etpost
909 4325 1030 4388 vota
1065 4317 1333 4371 tractare?

374 4414 658 4469 δλιοκιυε.
685 4411 744 4466 Si
772 4412 916 4466 enim
945 4416 1228 4480 peccatum
1258 4416 1343 4465 est
1367 4407 1527 4462 alicui
1567 4406 1772 4461 homini
1796 4422 1895 4460 no-

1994 3235 2204 3277 mones.
2236 3219 2463 3275 Mundus
2494 3220 2594 3275 iste
2622 3218 2895 3288 quondam
2938 3218 3131 3277 civitas
3177 3217 3397 3278 fartium
3436 3226 3577 3285 erat,

1993 3314 2120 3382 quia
2168 3312 2433 3368 idolorum
2460 3311 2631 3368 cultui
2667 3310 2900 3378 deditus,
2929 3310 3263 3366 daemonibus
3289 3309 3579 3375 serviebat,

1995 3416 2054 3459 et
2097 3402 2347 3460 fiduciam
2387 3406 2511 3463 vitae
2544 3403 2779 3458 habebat
2822 3403 2877 3456 in
2918 3402 3067 3458 cultu
3101 3414 3289 3457 eorum
3338 3401 3431 3470 qui
3472 3416 3582 3456 non

1996 3503 2125 3549 sunt
2149 3494 2243 3559 dii,
2271 3494 2366 3549 sed
2394 3508 2560 3562 opera
2588 3505 2846 3545 manuum
2870 3490 3166 3546 hominum.

2070 3581 2339 3638 Vesanus.
2370 3580 2501 3648 Quis
2544 3588 2627 3636 est
2652 3594 2781 3650 ergo
2810 3580 2899 3634 ille
2924 3580 3138 3649 sapiens
3170 3578 3262 3648 qui
3285 3578 3427 3634 hanc
3451 3578 3583 3635 civi-

1999 3679 2165 3727 tatem
2193 3670 2411 3726 fortium
2440 3669 2718 3737 ascendit?

2070 3763 2350 3821 SALONIUS.
2393 3762 2488 3819 Ille
2533 3762 2707 3818 Filius
2746 3762 2999 3831 Virginis,
3029 3761 3127 3818 Dei
3155 3762 3348 3831 virtus,
3392 3771 3449 3817 et
3487 3762 3586 3818 Dei

2000 3858 2286 3930 sapientia,
2319 3856 2411 3926 qui
2445 3865 2577 3912 tunc
2601 3855 2877 3910 civitatem
2911 3855 3052 3910 hanc
3078 3854 3340 3921 ascendit,
3369 3853 3586 3924 quando
3682 3850 3690 3857 ’

2001 3959 2161 4006 natus
2189 3950 2243 4004 in
2272 3962 2461 4015 carne,
2507 3944 2730 4000 visibilis
2753 3944 2955 4000 tuendo
2982 3945 3252 4015 apparuit.
3274 3944 3398 4015 Ipse
3427 3944 3585 3999 nimi-

2000 4058 2121 4101 rum
2158 4039 2423 4097 destruxit
2461 4041 2625 4093 robur
2667 4035 2872 4100 ﬁduciae
2912 4036 3048 4106 ejus,
3087 4036 3214 4104 quia
3242 4034 3504 4091 subvertit
3531 4042 3588 4089 et

2003 4134 2224 4191 abstulit
2258 4132 2326 4187 de
2356 4129 2555 4185 mundo
2583 4128 2785 4184 cultum
2813 4128 3059 4193 deorum,
3104 4128 3158 4181 in
3196 4127 3392 4196 quibus
3417 4125 3588 4183 conti-
3648 4166 3653 4173 .

2003 4230 2204 4286 debant
2224 4227 2471 4298 gentiles.

2076 4324 2346 4379 Venimus.
2385 4319 2523 4387 Quid
2559 4326 2641 4374 est
2669 4316 2817 4387 quod
2854 4316 2930 4371 ait
2961 4315 3304 4386 proverbium
3343 4336 3355 4368 :
3399 4314 3590 4369 Adole-

2004 4433 2152 4473 scens
2174 4416 2331 4485 juxta
2353 4414 2489 4466 viam
2520 4426 2687 4475 suam,
2717 4410 2875 4464 etiam
2901 4424 3014 4462 cum
3043 4410 3269 4462 senuerit
3300 4422 3405 4461 non
3450 4420 3591 4461 rece-

302 4522 448 4574 cere,
479 4504 649 4559 multo
672 4503 845 4572 magis
868 4509 1151 4572 peccatum
1180 4508 1281 4566 est,
1311 4514 1432 4554 cum
1452 4497 1646 4567 aliquis
1673 4504 1892 4552 sanctos
1919 4499 1972 4556 D
2004 4507 2091 4560 det
2120 4505 2183 4559 ab
2213 4522 2277 4557 ea
2323 4502 2504 4575 (Prov.
2536 4502 2703 4570 xm)?
2724 4499 2977 4569 Nunquid
3010 4514 3120 4555 non
3148 4498 3302 4553 multi
3331 4496 3592 4553 recedunt

305 4601 400 4659 Dei
427 4597 786 4669 persequitur,
818 4603 911 4652 aut
955 4592 1195 4659 odeiidit,
1228 4599 1322 4647 aut
1368 4590 1549 4655 hedit;
1593 4596 1650 4644 et
1693 4588 1893 4644 idcirco

305 4693 457 4753 ruina
487 4698 568 4749 est
597 4690 673 4745 illi
707 4688 801 4759 qui
828 4683 1209 4765 persequendo
1231 4690 1468 4749 sanctos,
1500 4689 1716 4738 aeterna:
1741 4679 1896 4734 dam-

304 4785 541 4840 nationis
565 4784 666 4839 sibi
692 4784 962 4854 pneparat
985 4778 1276 4837 interitum.

380 4876 648 4930 Venimus.
674 4873 958 4941 Quomodo
992 4869 1397 4940 intelligendum
1447 4875 1546 4928 est.
1577 4865 1724 4935 quod
1770 4864 1844 4919 ait
1878 4883 1889 4917 :

307 4968 452 5024 Sicut
480 4969 1060 5037 diuisionesaqttarum,
1090 4966 1166 5018 ita
1199 4979 1289 5017 cor
1317 4962 1453 5032 regis
1481 4961 1535 5014 in
1570 4974 1729 5013 manu
1760 4956 1897 5010 Dei?

306 5060 483 5126 Quare
513 5058 647 5114 dixit
688 5071 783 5114 cor
810 5056 950 5124 regis
979 5063 1187 5111 tantum
1233 5069 1355 5108 esse
1403 5052 1457 5106 in
1487 5065 1648 5106 manu
1677 5048 1814 5114 Dei,
1846 5055 1902 5102 et

308 5167 416 5205 non
449 5151 691 5205 omnium
723 5148 1023 5212 hominum,
1064 5160 1185 5200 cum
1222 5128 1349 5198 alibi
1394 5142 1654 5211 scriptum
1691 5139 1799 5193 sit:
1834 5136 1900 5190 In

309 5260 466 5298 manu
486 5243 599 5313 ejus
628 5250 748 5296 sunt
768 5249 944 5296 omnes
975 5240 1105 5309 ﬁnes
1135 5247 1288 5291 terra:
1322 5235 1496 5306 (Psal.
1523 5231 1757 5304 xcrv),_si
1784 5246 1902 5285 om-

312 5348 408 5388 nes
436 5333 570 5389 lines
596 5341 765 5389 terrm:
785 5334 837 5387 in
878 5316 1148 5400 potestate
1177 5328 1272 5382 Dei
1310 5333 1457 5389 sunt,
1486 5333 1542 5378 et
1584 5322 1750 5379 corda
1779 5337 1899 5381 om-

312 5424 462 5478 nium
498 5423 775 5479 hominum
805 5429 932 5477 sunt
960 5422 1015 5475 in
1046 5435 1205 5475 manu
1235 5418 1397 5487 ejus?

382 5515 661 5571 SALONIUS.
694 5514 896 5584 Regem
932 5515 984 5568 in
1017 5514 1119 5567 hoc
1147 5512 1268 5567 loco
1299 5526 1409 5564 non
1451 5509 1599 5567 illum
1644 5509 1905 5568 debemus

314 5610 634 5677 intelligere,
662 5608 755 5679 qui
785 5624 879 5663 rex
912 5615 991 5663 est
1016 5606 1135 5661 solo
1165 5603 1404 5670 nomine,
1448 5610 1506 5656 et
1534 5602 1906 5677 temporaliter

317 5705 435 5760 aliis
464 5705 719 5774 imperat,
743 5702 837 5758 sed
870 5706 1306 5768 manantemque
1335 5697 1508 5786 virum
1530 5709 1807 5765 sanctum,
1843 5692 1906 5744 li-

966 5851 1035 5861 ...μμ

2005 4613 2045 4651 a-
2078 4596 2165 4651 via
2194 4608 2291 4649 sua
2338 4591 2499 4655 mala,
2543 4604 2707 4658 quam
2752 4590 3164 4663 ambulaverunt
3190 4589 3244 4643 in
3274 4588 3592 4646 adolescen-

2008 4688 2082 4744 tia
2093 4691 2116 4741 ’ἰ

2077 4778 2360 4833 δμοίως».
2389 4772 2529 4828 Vere
2567 4772 2803 4843 plurimi,
2833 4773 3128 4843 inspirante
3171 4769 3353 4824 divina
3395 4771 3615 4837 gratia,

2006 4875 2060 4927 iu
2083 4874 2364 4925 senectute
2392 4872 2781 4921 convertuntur
2810 4880 2840 4917 a
2870 4864 3013 4917 vitiis
3047 4875 3168 4929 quae
3198 4859 3504 4913 habuerunt
3532 4858 3586 4912 in

2009 4957 2399 5021 adolescentia;
2423 4968 2527 5011 nec
2542 4954 2806 5011 Salomon
2824 4954 2929 5008 hoc
2950 4949 3247 5019 ﬁeriposse
3273 4956 3433 5016 negat
3461 4966 3473 5002 :
3499 4948 3595 5003 sed

2008 5049 2342 5121 frequentius
2370 5049 2477 5104 hoc
2503 5047 2818 5114 contingere
2837 5043 3013 5108 solet,
3030 5050 3091 5095 ut
3118 5054 3299 5096 mores
3323 5054 3461 5108 quos
3490 5039 3565 5091 ho
3581 5068 3594 5079 -

2006 5161 2096 5200 mo
2125 5140 2285 5198 discit
2313 5141 2367 5193 in
2396 5136 2788 5200 adolescentia,
2818 5150 2925 5189 non
2956 5147 3055 5187 eos
3075 5139 3247 5189 mutet
3277 5130 3597 5185 insenectu—

2010 5244 2084 5300 te,
2116 5241 2357 5288 attamen
2398 5245 2507 5286 non
2553 5240 2768 5295 semper
2806 5225 2879 5278 ita
2922 5223 3143 5285 evenire
3186 5219 3475 5280 conﬁrmat
3502 5237 3512 5270 :
3543 5227 3597 5272 et

2011 5324 2214 5381 idcirco
2259 5321 2413 5392 ponit
2460 5314 2831 5387 hujuscemodi
2882 5312 3250 5383 proverbium,
3299 5317 3359 5363 ut
3409 5322 3600 5362 omnes

2013 5414 2320 5478 admoneat,
2351 5417 2618 5480 quatenus
2648 5422 2679 5460 a
2706 5405 2877 5475 prima
2905 5411 3086 5469 aetate,
3120 5400 3405 5469 virtutibus
3424 5406 3479 5452 et
3502 5398 3598 5450 bo—

2014 5507 2100 5562 nis
2128 5503 2384 5575 operibus
2403 5500 2657 5556 studeant
2681 5496 2951 5569 insudare,
2985 5509 3051 5549 ne
3077 5493 3214 5547 forte
3240 5492 3295 5544 in
3322 5496 3599 5544 senectute

2018 5614 2125 5652 non
2154 5596 2363 5666 possint
2388 5590 2564 5648 studia
2594 5591 2856 5647 bonorum
2878 5601 3103 5661 operum
3132 5584 3341 5643 discere
3364 5596 3483 5650 quae
3507 5594 3600 5635 ue-

2019 5688 2281 5759 glexerint
2305 5685 2357 5738 in
2389 5691 2575 5737 tenera
2603 5688 2781 5737 aetate.
2866 5682 2869 5685 λ

3176 5793 3211 5803 ,ρ

3072 5804 3079 5809 .
3091 5800 3167 5808 κόν
