4192 6258
598 366 700 427 98⁸5

596 576 783 629 aliena:
813 570 991 642 (Prov.
1025 585 1094 623 xx
1123 576 1172 621 et
1202 568 1373 640 xxm).
1418 566 1548 634 Qua:
1569 574 1651 623 est
1671 566 1786 622 haec
1809 565 2003 635 aliena,
2027 566 2178 635 cujus

598 682 661 721 os
689 673 772 719 est
798 677 991 732 magna
1023 660 1219 717 fovea?
1638 734 1643 739 Ι
1808 651 1821 663 ’

664 740 944 811 Saeonlus.
974 750 1047 809 Os
1074 752 1265 809 aliena:
1291 754 1421 811 dicit
1456 771 1519 811 os
1547 756 1848 811 meretricis
1880 772 1894 808 :
1919 755 2013 824 qui
2041 747 2174 823 ergo

593 848 756 903 verba
784 845 1083 901 meretricis
1120 845 1350 900 libenter
1378 844 1546 915 audit,
1574 853 1631 901 et
1655 845 1840 902 oscula
1880 844 1999 914 ejus
2026 844 2177 900 dele-

592 939 863 993 ctabiliter
889 938 1132 1007 suscipit,
1162 938 1314 1008 quasi
1330 937 1550 1007 januam
1571 938 1751 1008 pulsat
1780 936 2059 1007 profunda:
2098 936 2180 993 fo-

592 1043 727 1095 veae,
761 1027 813 1082 id
836 1035 919 1083 est
948 1027 1159 1093 inferni,
1192 1036 1251 1081 et
1279 1027 1380 1081 nisi
1422 1028 1529 1082 cito
1566 1042 1626 1083 se
1655 1027 1722 1082 ab
1759 1027 1877 1097 ejus
1906 1026 2180 1097 colloquio

591 1119 678 1174 vel
703 1118 890 1174 osculo
931 1116 1231 1183 subtrahat,
1255 1118 1541 1173 deserente
1568 1132 1628 1172 se
1650 1116 1784 1183 Deo,
1808 1117 1953 1173 illico
1975 1117 2178 1186 mergi-

593 1218 680 1263 tur
707 1208 759 1262 in
789 1208 1001 1263 foveam
1026 1208 1217 1262 mortis
1265 1225 1277 1260 :
1327 1215 1383 1262 et
1428 1207 1533 1263 hoc
1577 1216 1663 1263 est
1707 1207 1853 1278 quod
1879 1207 2046 1264 dicit:
2084 1204 2179 1262 Cui

590 1300 756 1352 iratus
785 1308 860 1353 est
888 1297 1163 1364 Dominus,
1194 1299 1389 1352 incidet
1420 1299 1476 1351 in
1506 1299 1690 1354 illam?

666 1390 931 1444 Vesanus.
962 1388 1100 1455 Quid
1125 1396 1208 1443 est
1234 1389 1378 1458 quod
1399 1388 1510 1444 ait:
1543 1390 1758 1459 Appone
1785 1406 1874 1444 cor
1900 1390 1969 1444 ad
1998 1390 2184 1445 doctri-

590 1496 712 1533 nam
752 1480 960 1532 meam?
987 1477 1054 1531 Et
1076 1478 1236 1547 paulo
1265 1488 1383 1547 post
1410 1478 1683 1546 subjungit
1717 1497 1729 1531 :
1770 1477 1907 1533 Ecce
1933 1478 2181 1550 descripsi

589 1587 705 1621 eant
733 1556 824 1622 tibi
849 1568 1122 1637 tripliciter
1148 1570 1203 1620 in
1245 1566 1642 1638 cogitationibus
1670 1579 1719 1621 et
1747 1566 1986 1635 scientia,
2009 1578 2065 1622 ut
2094 1586 2181 1624 os-

591 1660 851 1713 tenderem
869 1659 956 1713 tibi
971 1660 1269 1728 ﬁrmitatem
1284 1667 1333 1712 et
1346 1659 1548 1729 eloquia
1570 1660 1798 1712 veritatis
1820 1658 2002 1731 (Prov.
2019 1660 2172 1731 xm).

591 1751 876 1817 Quomodo
916 1751 1202 1821 tripliciter
1241 1750 1525 1819 descripsit
1570 1750 1871 1805 doctrinam
1918 1766 2069 1805 suam
2123 1760 2180 1806 et

1876 356 2138 412 SALONII
2176 354 2575 413 VIENNENSIS

668 482 938 536 Vesanus.
973 479 1109 544 Quid
1140 486 1222 531 est
1262 476 1413 545 quod
1434 476 1565 531 dicit
1601 495 1613 529 :
1638 476 1813 531 Fovea
1840 476 2097 547 profunda
2125 493 2183 530 os
2208 484 2258 544 Α
2288 478 2444 533 cadet
2469 478 2664 547 justus,
2696 486 2751 531 et
2774 491 2917 547 Stepe
2947 476 3191 540 resurget
3218 492 3228 526 :
3261 482 3355 527 aut
3381 481 3530 527 certe
3557 444 3710 526 omni
3736 482 3876 529 tem-

3764 349 3872 413 984

2281 584 2414 639 pore
2442 568 2585 624 cadit
2625 576 2682 622 et
2705 567 2955 635 resurgit,
2986 564 3195 621 scilicet
3221 564 3391 634 gratia
3430 563 3633 629 divina,
3680 578 3875 619 secun-

2280 661 2406 717 dum
2432 660 2577 730 quod
2602 675 2762 731 supra
2789 658 2992 715 dictum
3018 665 3121 714 est.

2351 751 2620 806 Vesanus.
2652 749 2937 816 Quomodo
2981 748 3387 817 intelligendum
3430 756 3516 804 est
3556 767 3570 803 :
3613 748 3873 822 Priapum

2279 859 2407 915 Opus
2447 853 2587 898 tuum
2628 843 2780 914 foris,
2811 851 2861 897 et
2887 842 3163 914 diligenter
3186 858 3369 897 exerce
3410 859 3595 914 agrum
3625 850 3790 908 tutum,
3815 854 3875 900 stt

2281 944 2458 1006 postea
2503 935 2729 1006 wdiﬁces
2768 935 2974 989 domum
3019 934 3193 988 Mm?
3219 933 3376 1001 Quod
3422 942 3508 991 est
3543 935 3711 991 homo
3740 936 3876 993 foris

2281 1023 2373 1097 [F.
2404 1026 2506 1098 leg.
2535 1024 2662 1097 quid
2690 1033 2776 1081 est
2800 1024 2948 1095 quod
2975 1022 3128 1097 loris]
3160 1040 3466 1097 praeparare
3491 1025 3799 1083 debemus?

2352 1115 2635 1172 Satonws.
2680 1115 2827 1188 Opus
2867 1124 3026 1172 vocat
3066 1116 3264 1171 bonam
3307 1115 3607 1183 actionem,
3640 1116 3877 1187 ideoque

2282 1205 2503 1273 addidit,
2538 1215 2709 1271 tuum;
2755 1207 2859 1262 hoc
2902 1215 2985 1261 est
3036 1206 3134 1261 tibi
3180 1205 3313 1260 utile
3357 1214 3415 1261 et
3455 1207 3824 1262 necessarium
3858 1228 3870 1261 :

2281 1296 2428 1370 Opus
2446 1313 2576 1369 ergo
2604 1307 2847 1356 nostrum
2875 1299 3007 1355 foris
3034 1313 3417 1369 przeparamus,
3447 1314 3569 1355 cum
3598 1300 3875 1355 actionem
3935 1302 3950 1314 ‘

2282 1398 2522 1445 nostram
2550 1391 2689 1446 bene
2717 1389 2957 1447 exterius
2982 1388 3359 1460 componimus
3395 1406 3409 1445 :
3440 1397 3498 1445 et
3525 1397 3586 1445 ιιι
3612 1388 3727 1445 Deo
3758 1391 3877 1461 pla-

2284 1489 2404 1537 ceat
2417 1522 2432 1548 ,
2463 1480 2799 1538 ordinamus.

2351 1572 2623 1628 Vesanus.
2647 1571 2932 1639 Quomodo
2952 1585 3142 1642 agrum
3152 1579 3397 1650 nostrum
3414 1569 3705 1642 diligenter
3720 1585 3871 1627 exer-

2281 1665 2497 1719 cemus?

2266 1713 2633 1809 'mS-a-eomus.
2661 1753 2860 1823 Agrum
2885 1713 3171 1823 diligenter
3187 1767 3526 1816 exercemus,
3562 1753 3663 1808 sia
3686 1751 3864 1823 spinis

590 1842 919 1897 scientiam?
950 1830 1053 1897 aut
1080 1840 1209 1910 quid
1237 1849 1320 1896 est
1348 1854 1621 1913 apponere
1663 1840 2052 1908 et’intelligere
2080 1840 2176 1896 do-
2206 1858 2255 1919 Β
2279 1844 2531 1900 vitiorum
2552 1858 2751 1915 corpus
2780 1852 3026 1899 nostrum
3050 1856 3365 1915 purgamus.

590 1933 821 1986 etrinam
847 1934 870 1985 ?

660 2024 943 2078 Satonws.
975 2022 1278 2093 Tripliciter
1306 2038 1434 2078 vero
1453 2024 1752 2079 doctrinam
1781 2038 1936 2079 suam
1961 2024 2169 2079 descri-

589 2114 696 2175 bit,
728 2113 821 2183 qui
856 2112 1145 2181 unicuique
1190 2113 1433 2183 praecipit
1460 2097 1595 2168 'eam
1625 2122 1683 2168 ut
1709 2111 1923 2169 studeat
1949 2112 2177 2182 implere

589 2205 935 2270 cogitatione,
970 2204 1244 2259 locutione
1273 2213 1329 2259 et
1357 2219 1542 2274 opere.

664 2296 933 2352 Vesanus.
975 2296 1051 2351 De
1081 2296 1275 2366 quibus
1306 2297 1550 2353 terminis
1593 2297 1724 2353 dicit
1760 2297 1884 2352 :Ne
1918 2308 2184 2372 transgre—

588 2390 754 2443 diaris
799 2390 1043 2444 terminos
1083 2391 1355 2459 antiquos,
1404 2406 1529 2459 quos
1574 2400 1853 2461 posuerunt
1893 2398 2067 2461 patres
2106 2393 2180 2445 tui

594 2478 779 2552 (Prov.
813 2479 977 2548 χχιιι)
998 2480 1022 2533 ?

657 2570 941 2626 SALONIUS.
972 2570 1257 2631 Terminus
1291 2562 1547 2641 antiquos
1571 2571 1706 2627 dicit
1743 2572 2007 2628 terminos
2032 2574 2178 2628 veri-

589 2662 713 2715 tatis
740 2670 794 2716 et
825 2661 964 2729 ﬁdei,
996 2677 1133 2732 quos
1168 2671 1475 2717 statuerunt
1512 2664 1581 2717 ab
1620 2663 1772 2718 initio
1798 2663 2050 2720 catholici
2077 2664 2179 2720 do-

590 2762 792 2809 ctores.
828 2751 942 2808 Hoc
967 2768 1099 2823 ergo
1130 2754 1419 2824 praecepit,
1464 2763 1524 2808 ut
1546 2754 1830 2809 veritatem
1859 2769 2026 2809 sacrm
2053 2754 2179 2811 ﬁdei

589 2854 645 2899 et
671 2845 994 2912 evangelica:
1023 2845 1282 2899 doctrina:
1304 2860 1464 2899 nemo
1494 2845 1649 2899 aliter
1675 2846 1930 2915 suscipiat
1955 2860 2115 2915 quam
2144 2861 2174 2900 a
2212 2860 2219 2864 ·

588 2938 792 2993 sanctis
823 2936 1071 2992 Patribus
1119 2946 1201 2992 est
1244 2935 1462 2991 tradita.
1512 2935 1638 2991 Sive
1680 2936 1786 2991 hoc
1814 2938 2089 3006 praecepit,
2118 2947 2177 2992 ut

586 3031 799 3100 eloquia
839 3039 1147 3086 sanctarum
1192 3030 1591 3099 Scripturarum
1622 3044 1782 3084 nemo
1821 3029 1980 3084 aliter
2009 3030 2177 3084 inter-

586 3130 847 3191 pretetur,
891 3122 993 3176 nisi
1029 3120 1180 3190 juxta
1222 3120 1643 3189 uniuscujusque
1671 3120 1959 3175 scribentis
1998 3121 2175 3176 inten-

587 3213 811 3265 tionem.
1578 3260 1579 3263 η

656 3302 927 3358 Vesanus.
959 3302 1090 3367 Qua:
1117 3311 1244 3356 sunt
1271 3317 1403 3371 opes
1443 3303 1547 3357 illae
1581 3302 1649 3356 de
1669 3302 1864 3371 quibus
1889 3302 1979 3357 ille
2000 3302 2169 3357 dicit:

586 3393 671 3449 Ne
698 3394 870 3465 erigas
897 3392 1070 3446 oculos
1101 3401 1211 3445 tuos
1240 3391 1310 3445 ad
1344 3407 1465 3462 opes
1505 3407 1633 3463 quas
1660 3391 1850 3445 habere
1872 3407 1977 3445 non
2006 3401 2169 3462 potes,

584 3487 705 3557 quia
735 3483 931 3555 facient
956 3481 1053 3538 sibi
1080 3498 1276 3551 pennas
1294 3521 1309 3547 ,
1339 3490 1390 3535 et
1416 3480 1659 3536 volabunt
1697 3482 1752 3535 in
1781 3481 2001 3536 calum?
2029 3481 2173 3548 Quas

586 3591 794 3647 pennas
823 3576 920 3630 sibi
969 3588 1122 3645 opes,
1169 3572 1222 3627 id
1267 3581 1350 3629 est
1391 3572 1591 3627 divitiae
1618 3586 1713 3628 seu
1743 3573 1944 3643 copim,
1992 3572 2172 3629 facere

584 3670 843 3740 possunt?

653 3760 934 3817 SALONIUS.
976 3759 1117 3828 Opes
1163 3759 1278 3813 istae
1324 3768 1449 3814 sunt
1496 3774 1692 3816 arcana
1744 3759 2067 3825 Divinitatis,
2115 3765 2173 3813 et

582 3861 789 3907 secreta
817 3851 1117 3907 caelestium
1162 3850 1560 3922 mysteriorum,
1610 3859 1666 3906 et
1714 3859 1798 3907 est
1836 3865 2060 3907 sensus:
2093 3848 2171 3904 Ne

583 3943 756 4009 erigas
778 3941 964 3996 oculos
993 3950 1096 3995 tum
1125 3941 1322 3997 mentis
1349 3942 1416 3996 ad
1444 3940 1834 4011 perscrutanda
1865 3941 2171 3997 Divinitatis

583 4029 778 4088 arcana
801 4042 855 4086 et
880 4033 1256 4104 mysteriorum
1276 4032 1575 4088 caelestium
1602 4040 1832 4101 secreta,
1854 4046 1975 4102 quae
1998 4046 2169 4102 pene-

584 4130 726 4176 trare
755 4138 862 4177 non
902 4134 1081 4192 potes,
1108 4138 1208 4177 nec
1235 4122 1534 4191 intelligere
1562 4123 1727 4190 vales,
1752 4122 2006 4192 quoniam
2037 4123 2171 4177 solis

490 4240 493 4243 ι
585 4214 778 4282 aquilis
804 4215 920 4269 haec
947 4223 1151 4285 patent,
1184 4213 1237 4267 id
1285 4223 1367 4270 est
1408 4214 1657 4285 supernis
1702 4215 1910 4269 civibus
1958 4197 2166 4269 tanium

585 4306 867 4361 manifesta
897 4316 1038 4362 sunt.

660 4400 925 4456 Vesanus.
958 4399 1086 4466 Qua:
1128 4408 1253 4453 sunt
1293 4400 1511 4453 cellaria
1565 4399 1634 4453 de
1661 4399 1857 4467 quibus
1902 4399 2073 4457 dicit:
2104 4399 2166 4454 In

585 4492 821 4545 doctrina
864 4489 1193 4558 replebttntttr
1239 4488 1484 4555 cellaria,
1523 4488 1762 4543 universa
1803 4490 2091 4545 substantia
2119 4502 2168 4544 et

584 4581 831 4649 pretiosa,
854 4588 901 4629 et
924 4576 1266 4646 pulcherrima
1293 4575 1471 4643 (Prov.
1500 4577 1665 4645 xxiv).

655 4668 935 4723 SALONIUS.
969 4664 1199 4721 Cellaria
1245 4674 1371 4720 sunt
1416 4666 1581 4722 corda
1621 4668 1922 4737 justorum,
1951 4672 2043 4741 qui
2072 4686 2170 4741 per

582 4762 885 4817 doctrinam
912 4759 1188 4830 sapientia:
1215 4758 1493 4828 replentur
1518 4759 1814 4813 substantia
1845 4761 2080 4830 pretiosa
2113 4770 2173 4815 et

581 4851 943 4925 pulcherrima
964 4892 979 4917 ,
1023 4848 1076 4904 id
1105 4857 1189 4904 est
1216 4849 1371 4903 donis
1414 4849 1669 4904 virtutum
1699 4860 1860 4918 atque
1902 4851 2166 4906 bonorum

582 4959 830 5014 operum.
1260 4943 1269 4945 ξ

651 5034 923 5088 Vesanus.
954 5031 1092 5099 Quid
1114 5039 1199 5087 est
1229 5031 1372 5101 quod
1399 5032 1528 5087 dicit
1555 5050 1573 5085 ;
1602 5031 1802 5101 Septies
1843 5035 1980 5088 enim
2019 5036 2167 5088 cadet

579 5126 767 5197 justus,
790 5132 840 5178 et
859 5125 1133 5194 resurget?
1159 5122 1205 5177 si
1238 5122 1417 5193 justus
1444 5131 1549 5190 est,
1574 5123 1851 5190 quomodo
1871 5123 2086 5191 cadere,
2113 5125 2165 5178 id

579 5226 662 5272 est
693 5230 940 5286 peccare,
972 5215 1202 5273 dicitur?
1232 5288 1237 5291 _

650 5310 932 5365 Satonlus.
966 5308 1230 5378 Loquitur
1255 5310 1342 5365 hic
1360 5310 1621 5365 Salomon
1638 5311 1707 5365 de
1737 5310 1943 5365 levibus
1964 5319 2019 5364 et
2034 5323 2165 5378 quo-

582 5402 798 5457 tidianis
824 5402 1080 5471 peccatis,
1111 5402 1230 5457 sine
1247 5403 1444 5471 quibus
1473 5403 1650 5457 nullus
1673 5401 1940 5470 justorum
1970 5402 2024 5456 in
2061 5402 2164 5457 hac

580 5496 689 5549 vita
713 5508 831 5549 esse
851 5494 1046 5563 potuit,
1070 5508 1171 5549 nec
1190 5509 1309 5549 esse
1334 5503 1542 5565 potest;
1575 5501 1635 5549 ut
1656 5494 1783 5549 alibi
1802 5493 1974 5548 dicit:
2002 5493 2165 5548 Bene—

585 5588 750 5643 dicam
772 5585 1048 5640 Dominum
1067 5586 1121 5638 in
1140 5587 1280 5641 omni
1304 5594 1527 5656 tempore
1544 5579 1727 5655 septies
1750 5583 1918 5656 (Psal.
1940 5584 2126 5653 χχχιιι)
2147 5603 2160 5636 :

580 5678 743 5731 etiam
769 5675 1034 5745 signiﬁcat
1061 5674 1378 5743 aliquando,
1417 5690 1559 5745 saepe
1596 5684 1652 5729 et
1680 5674 1992 5744 frequenter
2018 5674 2162 5742 quod

584 5767 853 5829 aptissime
892 5769 977 5822 hic
1020 5766 1239 5834 intelligi
1262 5754 1478 5835 potest:
1510 5768 1713 5837 septies,
1742 5766 1850 5823 hoc
1882 5774 1985 5833 est,
2019 5781 2163 5835 saepe

2353 1934 2624 1991 Vesanus.
2669 1933 2800 1990 Post
2822 1934 2937 2003 agri
2967 1934 3315 2002 exercitium,
3367 1932 3580 1989 domum
3616 1942 3865 1990 nostram

2284 2025 2554 2094 quamodo
2581 2023 2998 2081 aediﬁcabimus?

2352 2115 2633 2172 Saeonws.
2676 2115 2734 2171 Si
2771 2117 2947 2186 primo
2984 2116 3227 2172 exterius
3274 2126 3427 2172 actus
3470 2126 3689 2173 nostros
3725 2117 3868 2174 bene

2280 2207 2679 2278 componimus,
2729 2206 2946 2262 domum
2984 2207 3141 2262 nobis
3172 2207 3313 2264 bene
3339 2207 3696 2275 aediﬁcamus,
3744 2224 3869 2264 cum

2278 2299 2567 2369 puritatem
2611 2298 2735 2352 vitae
2782 2306 2839 2353 et
2890 2297 3206 2352 munditiam
3254 2298 3417 2353 etiam
3468 2299 3860 2367 cogitationum

2279 2405 2586 2454 servamus,
2617 2398 2673 2444 et
2700 2388 3062 2445 habitaculum
3084 2397 3284 2446 nostrae
3313 2390 3511 2446 mentis
3530 2391 3633 2462 piis
3658 2391 3867 2459 cogita-

2280 2482 2515 2537 tionibus
2542 2496 2885 2537 exornamus.
3580 2525 3595 2533 -

2350 2571 2623 2627 Vesanus.
2654 2571 2787 2638 Quis
2810 2581 2894 2627 est
2914 2571 3204 2643 Dominus,
3228 2581 3323 2629 aut
3348 2575 3442 2643 qui
3465 2583 3594 2629 sunt
3614 2589 3768 2644 reges
3794 2576 3864 2631 de

2277 2663 2475 2732 quibus
2502 2661 2662 2717 dicit:
2692 2659 2870 2717 Gloria
2890 2659 3099 2720 Domini
3119 2675 3220 2731 est,
3243 2667 3414 2718 celare
3432 2664 3668 2729 verbum;
3690 2666 3863 2736 gloria

2277 2770 2479 2826 regum,
2501 2754 2809 2824 investigare
2834 2770 3127 2809 sermonem
3153 2752 3337 2825 (Prov.
3363 2754 3495 2825 xv)?
3724 2815 3736 2828 .

2349 2845 2632 2919 sanemus.
2674 2844 2934 2901 Dominus
2954 2846 3085 2914 iste,
3134 2845 3230 2901 Dei
3260 2844 3426 2900 Filius
3452 2854 3562 2909 est,
3613 2844 3864 2901 videlicet

2268 2936 2539 2992 Dominus
2561 2934 2744 3002 Jesus,
2790 2935 2947 3005 cujus
2970 2936 3142 3005 gloria
3170 2935 3270 2990 fuit
3296 2935 3477 2992 celare
3506 2936 3757 2996 verbum.
3809 2936 3865 2993 id

2278 3038 2363 3084 est
2388 3045 2447 3084 se
2475 3044 2594 3084 esse
2621 3029 2717 3083 Dei
2742 3027 2936 3083 Filium
2961 3045 2974 3080 :
3005 3029 3130 3098 quia
3158 3028 3285 3083 dum
3315 3028 3369 3082 in
3398 3044 3560 3083 carne
3588 3028 3863 3097 apparuit,

2278 3120 2446 3188 magis
2468 3134 2527 3175 se
2551 3119 2825 3175 hominem
2849 3134 3009 3189 quam
3031 3118 3127 3174 Dei
3148 3117 3340 3173 Filium
3370 3119 3615 3174 conﬁteri
3642 3119 3815 3174 voluit
3846 3138 3860 3172 :

2198 3227 2246 3290 ο
2278 3222 2338 3267 ιιι
2360 3213 2608 3268 diabolus
2629 3227 2751 3268 eum
2776 3228 2884 3268 non
2907 3219 3277 3280 cognosceret,
3308 3221 3366 3266 et
3385 3212 3459 3266 ita
3481 3212 3733 3282 passione
3761 3227 3863 3267 sua

2278 3319 2448 3373 genus
2469 3298 2763 3359 hu'manum
2791 3302 3080 3359 redimeret
3104 3320 3116 3356 :
3160 3303 3421 3373 quoniam
3443 3303 3487 3357 si
3511 3317 3636 3358 eum
3665 3304 3861 3359 diabo-

2279 3397 2362 3452 lus
2399 3396 2740 3466 cognovisset
2784 3395 2879 3451 Dei
2917 3395 3114 3452 Filium
3162 3405 3309 3461 esse,
3366 3409 3634 3464 nunquam
3686 3395 3863 3450 cruci-

2277 3489 2498 3544 ﬁxisset.
2527 3487 2713 3544 Gloria
2742 3489 2923 3558 itaque
2945 3488 3159 3543 Domini
3188 3486 3287 3542 fuit
3313 3487 3491 3543 celare
3518 3477 3770 3553 verbﬁm,
3804 3488 3861 3543 id

2274 3589 2359 3637 est
2380 3582 2434 3636 in
2464 3580 2632 3637 forma
2673 3582 2934 3647 hominis,
2984 3580 3281 3636 divinitatis
3326 3596 3437 3635 sum
3467 3579 3740 3636 occultare
3764 3594 3859 3648 po-

2275 3674 2518 3738 tentiam,
2551 3681 2611 3727 ut
2636 3673 2763 3728 dum
2790 3671 3154 3727 inﬁrmitatem
3181 3671 3358 3727 carnis
3386 3671 3714 3732 ostenderet,
3746 3669 3861 3727 dia-

2273 3766 2430 3823 bolus
2451 3780 2575 3821 eum
2603 3779 2633 3818 a
2663 3764 2914 3834 passione
2939 3764 3216 3819 retrahere
3245 3778 3351 3818 non
3377 3762 3678 3823 festinaret,
3718 3776 3856 3830 qua-

2277 3865 2434 3912 tenus
2460 3872 2558 3926 per
2593 3846 2949 3924 ignorantiam
2994 3853 3259 3923 passionis
3304 3852 3602 3923 perveniret
3628 3849 3698 3904 ad
3727 3849 3856 3919 glo-

2276 3947 2412 4001 riam
2439 3944 2872 4021 resurrectionis.

2346 4035 2746 4111 VesanussQui
2786 4043 2912 4090 sunt
2954 4047 3285 4104 ergoreges,
3313 4048 3539 4105 quorum
3566 4032 3741 4100 gloria
3771 4042 3859 4091 est

2274 4129 2602 4195 investigare
2624 4128 2966 4184 sermonem?

2343 4218 2624 4274 Satontus.
2659 4217 2833 4286 Reges
2875 4218 2962 4273 isti
2976 4218 3167 4274 sancti
3210 4219 3427 4272 fuerunt
3467 4216 3731 4287 apostoli,
3760 4217 3856 4285 qui

2273 4310 2561 4379 diligenter
2592 4323 2900 4365 sermonem
2937 4308 3149 4363 Domini
3187 4307 3514 4375 investigare
3543 4306 3856 4375 studebant,

2271 4417 2381 4471 quo
2402 4416 2462 4456 se
2480 4401 2691 4456 Domini
2714 4399 2831 4455 fore
2847 4398 3240 4466 signiﬁcabant.
3272 4397 3405 4452 Nam
3426 4397 3518 4451 ubi
3540 4411 3647 4451 non
3666 4404 3859 4465 aperte

2272 4508 2333 4548 se
2357 4493 2641 4547 Dominum
2680 4505 2801 4546 csse
2835 4488 3166 4545 monstrabat
3187 4527 3203 4553 ,
3254 4486 3350 4543 sed
3380 4486 3606 4558 mystice
3636 4486 3859 4541 volebat

2193 4604 2250 4664 Ι)
2276 4583 2516 4650 intelligi,
2550 4580 2668 4650 ejus
2694 4595 3000 4636 sermonem
3020 4594 3226 4634 summa
3246 4577 3726 4649 perscrutabantur
3743 4576 3861 4631 dili-

2273 4676 2452 4744 gentia
2474 4712 2489 4737 ,
2537 4673 2697 4742 quale
2725 4681 2807 4727 est
2852 4670 3006 4735 illud,
3036 4679 3140 4726 etc.
3186 4688 3199 4723 :
3254 4667 3369 4741 Ego
3404 4678 3457 4722 et
3497 4667 3659 4721 Pater
3693 4684 3856 4721 unum

2272 4781 2448 4818 sumus
2470 4761 2646 4833 (Joan.
2676 4761 2752 4831 χ).
2777 4760 2910 4814 Nam
2935 4775 3058 4815 cum
3084 4759 3290 4815 celaret
3302 4757 3467 4821 Verbi
3491 4757 3854 4819 divinitatem,

2270 4866 2327 4911 et
2354 4854 2665 4911 ostenderet
2701 4852 2878 4907 carnis
2912 4848 3308 4915 inlirmitatem,
3359 4848 3710 4914 interrogavit
3753 4847 3854 4901 bos

2271 4960 2428 5014 reges
2448 4944 2633 4999 dicens
2659 4962 2671 4996 :
2708 4941 2870 5007 0am
2901 4940 3077 4994 dicunt
3098 4940 3331 4994 homines
3362 4953 3473 4992 esse
3503 4939 3669 5007 [ilium
3698 4934 3862 4990 homi-

2276 5037 2402 5090 nis?
2428 5033 2529 5089 Cui
2557 5048 2743 5103 regum
2768 5031 3018 5097 eximius,
3058 5028 3308 5085 videlieet
3334 5027 3395 5081 Β.
3421 5026 3615 5082 Petrus
3634 5036 3859 5097 aposto-

2272 5130 2381 5191 lus,
2422 5127 2746 5194 investigans
2780 5138 3087 5179 sermonem
3115 5122 3289 5189 illius,
3325 5135 3489 5191 quem
3513 5129 3673 5174 antea
3700 5133 3854 5187 δίειμι»

2271 5220 2506 5283 audivit,
2551 5218 2806 5273 continuo
2843 5215 3120 5287 respondit
3152 5233 3165 5267 :
3217 5213 3293 5267 Tu
3325 5229 3381 5267 es
3412 5210 3650 5267 Christus
3687 5209 3863 5266 Filia:

2270 5308 2371 5365 Dei
2398 5312 2514 5365 vivi.
3132 5378 3139 5379 ί

2350 5400 2620 5455 Vesanus.
2677 5398 2816 5465 Quid
2856 5406 2940 5453 est
2976 5396 3123 5466 quod
3164 5397 3410 5466 sequitur
3448 5415 3459 5449 :
3508 5393 3704 5448 Caelum
3749 5407 3864 5445 stir-

2273 5509 2386 5547 snm
2403 5532 2420 5557 ,
2464 5474 2512 5546 et
2541 5500 2680 5545 terra
2709 5491 2977 5554 deorsum,
3009 5500 3057 5542 et
3081 5505 3170 5543 eor
3196 5506 3374 5559 regum
3394 5483 3735 5544 inserutabile
3754 5497 3863 5536 esse

2271 5584 2447 5637 dicunt
2474 5581 2652 5652 (Prov.
2686 5580 2851 5648 xxv)?

2341 5673 2623 5727 Saeontus.
2656 5671 2831 5739 Reges
2857 5678 3017 5725 vocat
3039 5670 3331 5739 prophetas
3356 5678 3412 5723 et
3440 5667 3745 5739 apostolos,
3770 5662 3864 5732 qui

2270 5765 2546 5821 revelante
2560 5769 2748 5819 sancto
2766 5758 2971 5829 Spiritu
2990 5772 3188 5817 arcana
3207 5758 3499 5819 divinitatis
3527 5766 3863 5828 cognoscere

3140 5926 3285 5945 οη»
