4192 6258
427 296 533 353 985

1215 291 1279 347 IN
1319 291 1722 347 PARABOLAS
1760 249 2145 344 SAiOMONIS
2182 287 2542 343 EXPOSITIO
2579 287 2897 344 MYSTICA.

3598 292 3705 357 986

426 415 754 465 meruerunt.
814 405 917 462 Per
958 420 1052 460 cor
1075 417 1264 471 regum
1293 403 1604 472 designatur
1646 400 1873 457 scientia
1895 443 1910 467 ,
1956 407 2013 452 et
2037 402 2086 462 Α
2118 398 2172 452 in
2202 399 2454 468 praesenti
2487 398 2594 453 vita
2625 398 2826 457 habent
2872 401 3299 458 consolationem
3346 420 3517 471 suam,
3566 422 3705 479 quo-

424 500 726 555 intellectus
752 497 1138 569 prophetarum
1168 503 1224 549 et
1251 494 1641 566 apostolorum.

492 589 762 645 Vesanus.
810 586 1094 655 Quomodo
1134 598 1262 654 ergo
1303 584 1726 654 intelligendum,
1761 590 1845 639 est
1862 581 2009 651 quod

335 703 353 722 -
420 680 522 733 ait:
547 676 740 733 Culum
760 693 982 745 sursum,
1006 684 1055 731 et
1074 683 1215 730 terra
1253 674 1510 741 deorsum,
1542 683 1592 730 et
1612 691 1702 729 cor
1730 688 1908 745 regum
1926 673 2008 727 in-

420 768 714 824 scrutabile.

487 859 769 916 SALONIUS.
803 858 955 916 Sicut
989 856 1218 914 altitudo
1247 856 1371 913 coeli
1396 862 1454 912 et
1473 853 1812 927 profunditas
1842 861 2002 909 terrae

418 950 803 1021 comprehendi
837 965 946 1006 non
979 956 1163 1021 potest
1196 948 1265 1003 ab
1301 947 1640 1013 hominibus,
1688 946 1762 1001 ita
1803 953 2007 1001 nostra:

417 1039 719 1109 fragilitatis
746 1040 1025 1112 capacitas
1054 1054 1165 1094 non
1197 1035 1340 1092 valet
1361 1034 1853 1106 comprehendere,
1905 1048 2004 1088 ne-

416 1145 525 1200 que
580 1138 868 1201 penetrare
922 1127 1263 1202 altitudinem
1305 1126 1546 1184 scientiae
1596 1132 1652 1179 et
1698 1123 2004 1180 intellectus

416 1220 799 1291 prophetarum
829 1227 885 1275 et
912 1218 1305 1289 apostolorum.
1323 1226 1332 1249 ἰ

486 1310 756 1367 Vsa/mus.
791 1308 1076 1376 Quomodo
1105 1308 1206 1365 sibi
1236 1310 1587 1374 concordant,
1608 1315 1701 1363 aut
1720 1306 1997 1377 quomodo

418 1400 517 1454 sibi
540 1401 832 1455 convenire
845 1407 1086 1469 .possunt
1115 1414 1179 1455 ea
1203 1414 1323 1470 qua:
1350 1398 1479 1455 dicit
1506 1418 1519 1453 :
1576 1395 1656 1453 Ne
1690 1397 2003 1469 respondeas

414 1493 573 1546 stulto
599 1492 758 1561 juxta
794 1491 1068 1545 stultitiam
1104 1506 1282 1554 suam,
1328 1507 1394 1545 ne
1430 1490 1671 1560 eﬁiciaris
1710 1489 1758 1543 ei
1790 1486 2000 1553 similis,

413 1590 494 1650 et,
517 1580 787 1652 Responde
810 1581 965 1637 stulto
986 1582 1142 1652 juxta
1167 1581 1443 1636 stultitiam
1475 1597 1654 1648 suam,
1682 1596 1746 1633 ne
1789 1578 1887 1633 sibi
1913 1594 2000 1632 sa-

413 1671 561 1741 piens
590 1687 701 1726 esse
729 1671 959 1725 videatur
988 1670 1168 1741 (Prov.
1200 1670 1390 1739 xxvr)?
1434 1669 1555 1724 Istae
1586 1668 1839 1723 nimirum
1872 1680 1997 1721 sen-

412 1761 592 1815 tentiae
613 1760 769 1815 valde
791 1760 891 1815 sibi
920 1759 1170 1814 videntur
1197 1773 1317 1814 esse
1353 1758 1660 1815 contrariae.

479 1849 758 1907 SALONIUS.
817 1849 960 1905 Vere
984 1849 1125 1905 bene
1153 1850 1255 1905 sibi
1279 1848 1642 1914 concordant,
1684 1847 1731 1901 si
1752 1862 1847 1901 eas
1873 1845 1998 1900 dili-

411 1949 596 2012 genter
631 1939 1050 1995 consideremus.
1114 1938 1215 1994 Per
1255 1939 1358 1993 hoc
1388 1937 1530 1992 enim
1569 1936 1715 2005 quod
1755 1937 1866 1990 ait;
1911 1933 1996 1991 Ne

410 2032 724 2105 respondeas
744 2033 898 2086 stulto
912 2033 1067 2103 juxta
1089 2032 1363 2085 stultitiam
1386 2047 1564 2093 suam,
1593 2045 1691 2085 nos
1718 2028 1994 2098 admonet,

411 2132 470 2179 ut
503 2124 630 2193 quia
665 2123 864 2178 stultus
911 2122 1239 2192 sapientiam
1288 2136 1396 2177 non
1434 2121 1692 2191 percipit,
1742 2136 1844 2177 nos
1879 2119 1996 2191 ejus

409 2216 691 2271 stultitiam
718 2232 823 2273 non
854 2216 1146 2283 imitemur,
1172 2214 1268 2270 sed
1296 2215 1477 2285 potius
1505 2224 1916 2272 contemnamus
1941 2225 1997 2272 et

409 2310 802 2383 despiciamus?
848 2319 903 2368 et
926 2311 1141 2381 quoties
1168 2310 1219 2365 ei
1248 2309 1547 2379 loquimur,
1586 2325 1715 2365 -non
1743 2310 1994 2381 turpiter,

410 2420 521 2461 non
551 2405 782 2473 furiose,
832 2419 941 2459 non
969 2403 1200 2474 superbe
1216 2440 1241 2468 ,ο
1282 2402 1379 2458 sed
1403 2402 1633 2457 honeste
1656 2444 1671 2471 ,
1728 2403 1998 2473 patienter

411 2504 572 2566 atque
610 2495 886 2552 humiliter
912 2495 1019 2551 hoc
1058 2494 1342 2567 loquamur
1369 2502 1425 2548 et
1459 2494 1763 2563 sapienter,
1813 2508 1882 2548 ne
1919 2493 1995 2549 illi

409 2587 608 2642 similes
636 2585 951 2641 emciainur.
984 2583 1090 2641 Per
1116 2585 1222 2640 hoc
1248 2600 1380 2641 vero
1416 2583 1560 2653 quod
1605 2586 1873 2654 sequitur,
1900 2584 1998 2639 Re-

411 2677 604 2749 sponde
636 2678 791 2732 stulto
823 2678 979 2748 juxta
1000 2676 1274 2731 stultitiam
1312 2685 1479 2741 suam,
1522 2691 1621 2731 nos
1648 2675 1907 2733 admonet
1932 2684 1991 2731 ut

409 2772 679 2842 sapienter
724 2771 1062 2841 increpemus
1116 2777 1174 2825 et
1211 2768 1601 2839 redarguamus
1644 2770 1886 2834 stultum,
1938 2776 1994 2824 et

410 2859 689 2916 manifeste
723 2860 1148 2916 demonstremus
1173 2868 1375 2930 quanta
1414 2859 1485 2914 sit
1529 2860 1584 2914 in
1623 2874 1692 2915 eo
1735 2859 1986 2925 stultitia,

412 2966 480 3008 ne
507 2950 644 3007 forte
662 2967 710 3006 St
731 2967 838 3009 non
857 2963 1113 3023 agnoscat
1133 2952 1417 3009 stultitiam
1440 2967 1591 3008 suam
1613 2968 1673 3009 se
1698 2961 1854 3025 putet
1872 2968 1993 3010 esse

413 3042 729 3115 sapientem.
920 3090 928 3099 .
1857 3096 1864 3103 .

482 3133 751 3189 VERANUS.
782 3132 913 3200 Quis
938 3143 1023 3190 est
1042 3134 1130 3191 ille
1152 3151 1375 3192 susurro
1399 3135 1468 3193 de
1491 3151 1600 3207 quo
1619 3135 1750 3192 dicit
1776 3153 1788 3188 :
1822 3134 1993 3190 Verba

412 3226 707 3280 susurronis
734 3227 880 3297 quasi
911 3225 1186 3297 simplicia,
1210 3237 1260 3282 et
1287 3230 1402 3300 ipsa
1430 3230 1729 3299 perveniunt
1752 3228 1824 3282 ad
1854 3228 1992 3282 inte-

413 3317 554 3372 riora
577 3318 766 3372 ventris
778 3318 803 3370 ?

483 3408 763 3465 SALONIUS.
797 3408 1147 3465 Susurrorem
1175 3410 1412 3481 appellat
1444 3412 1778 3467 incentorem
1808 3411 1917 3466 litis
1942 3419 2001 3466 et

416 3502 723 3571 bilinguem,
775 3502 866 3569 qui
913 3501 1096 3555 laudes
1141 3503 1430 3556 verborum
1475 3503 1719 3579 simulat,
1773 3510 1831 3559 et
1877 3502 1999 3558 idco

415 3593 568 3664 quasi
589 3592 851 3663 simplicia
873 3607 992 3648 esse
1011 3591 1261 3647 videntur
1284 3592 1445 3647 verba
1468 3592 1656 3663 ipsius.
1679 3591 1788 3648 Sed
1810 3606 1999 3662 perve-

419 3683 571 3739 niunt
583 3682 650 3738 ad
675 3682 927 3737 interiora
950 3682 1171 3749 ventris,
1188 3682 1314 3753 quia
1333 3697 1556 3738 susurro
1570 3698 1787 3753 semper
1808 3682 2002 3751 quierit

417 3775 603 3832 audire
656 3776 797 3831 unde
852 3777 1022 3847 possit
1063 3776 1236 3846 iurgia
1291 3775 1590 3843 seminare,
1645 3775 1839 3846 quibus
1881 3782 1998 3830 sto-

420 3867 641 3922 machus
664 3867 987 3935 indignetur,
1009 3876 1065 3923 et
1091 3867 1272 3924 omnia
1303 3865 1561 3921 interiora
1590 3864 1994 3935 perturbentur.

481 3953 759 4009 'Veamus.
788 3954 919 4021 Quis
956 3966 1042 4012 est
1079 3958 1170 4012 ille
1197 3972 1352 4013 amor
1379 3955 1749 4024 absconditus,
1780 3953 1852 4010 dc
1890 3968 1999 4023 quo

419 4048 582 4105 dicit:
607 4046 793 4102 Melior
818 4057 895 4101 est
922 4050 1202 4119 manifesta
1229 4053 1506 4120 correptio,
1534 4066 1689 4121 quam
1717 4065 1866 4105 amor
1902 4048 1999 4103 ab-

419 4140 682 4195 sconditus
704 4137 883 4209 (Prov.
917 4138 1125 4209 xxv")?

469 4229 767 4285 ‘SALosws.
796 4229 1050 4284 Amorem
1076 4228 1449 4285 absconditum
1479 4232 1532 4287 in
1555 4232 1662 4288 hoc
1689 4234 1832 4298 loco,
1856 4249 2001 4290 amo-

417 4314 531 4376 rem
556 4330 715 4375 vocat
749 4320 1014 4387 illicitum,
1042 4321 1095 4375 id
1125 4329 1209 4376 est
1237 4321 1582 4377 libidinosum
1602 4363 1617 4388 ,
1649 4333 1710 4378 ut
1735 4333 1818 4380 est
1845 4341 1999 4381 amor

417 4408 769 4479 adulterinus,
798 4411 890 4480 qui
918 4426 1017 4481 pro
1043 4427 1141 4467 sua
1176 4411 1506 4482 turpitudine
1534 4412 1897 4477 absconditur,
1928 4430 1999 4470 ne

419 4520 449 4557 a
485 4501 816 4573 sapientibus
843 4502 1215 4570 redarguatur.
1238 4502 1427 4558 Melior
1448 4510 1532 4558 est
1558 4517 1687 4572 ergo
1716 4502 1999 4559 manifesta

412 4594 706 4664 correptio,
736 4608 897 4664 quam
935 4608 1089 4649 amor
1117 4594 1488 4657 absconditus,
1521 4593 1647 4663 quia
1675 4594 1845 4650 multo
1880 4608 2001 4671 me-

415 4686 516 4743 lius
555 4695 639 4742 cst
676 4687 907 4758 aliquem
950 4696 1009 4743 ut
1062 4688 1363 4757 corrigatur
1387 4688 1670 4744 manifeste
1696 4689 1995 4759 increpare,

413 4795 573 4850 quam
594 4780 771 4836 studio
800 4780 957 4837 simul
983 4779 1242 4852 peccandi
1262 4780 1472 4836 occulte
1499 4780 1741 4850 diligere.

485 4892 747 4948 VERANUS.
771 4894 910 4960 Quid
955 4894 1209 4965 estquod
1236 4894 1314 4949 ait
1347 4912 1358 4947 :
1391 4894 1580 4949 Anima
1617 4902 1852 4947 saturata
1893 4894 1995 4949 cal-

409 4986 547 5040 cabit
575 4988 785 5056 favum;
815 4987 990 5040 anima
1027 4989 1279 5052 esuriens,
1325 5003 1560 5041 amarum
1598 5002 1693 5055 pro
1722 4986 1860 5040 dulci
1905 5002 1993 5040 sn-

405 5080 549 5134 ntet?
574 5077 854 5144 Quomodo
884 5076 1062 5132 anima
1086 5088 1327 5134 saturata
1357 5078 1535 5133 favum
1561 5077 1779 5133 calcat?

430 5176 435 5179 '
476 5170 757 5223 SALONIUS.
807 5167 967 5222 Juxta
1007 5168 1260 5236 litteram,
1309 5170 1484 5224 anima
1524 5177 1767 5224 saturata
1812 5168 1992 5223 favum

407 5257 596 5323 calcat,
618 5260 745 5326 quia
765 5259 1070 5327 quicunque
1089 5258 1224 5313 cibis
1247 5259 1482 5329 repletus
1503 5268 1605 5326 est,
1628 5258 1839 5314 dulcem
1868 5274 1993 5314 con-

409 5348 597 5402 temnit
621 5363 684 5401 ac
709 5349 937 5417 despicit
964 5364 1143 5403 escam
1175 5367 1187 5401 :
1225 5349 1317 5418 qui
1346 5364 1477 5404 vero
1506 5351 1694 5417 esurit,
1726 5351 1852 5405 licet
1884 5350 1985 5404 ali-

405 5452 569 5507 quam
600 5438 651 5492 in
680 5439 812 5493 cibis
837 5439 1248 5493 amaritudinem
1274 5448 1469 5504 sumat,
1501 5441 1857 5512 parvipendit.

482 5526 742 5586 VENANUS.
801 5529 1161 5609 Spiritualiter
1207 5538 1406 5596 autem,
1455 5532 1729 5599 quomodo
1784 5530 1983 5585 intelli-

405 5622 576 5692 genda
604 5632 686 5676 est
724 5623 835 5677 haec
864 5620 1167 5676 sententia?
1236 5624 1247 5629 '

420 5784 421 5787 η
473 5716 752 5771 ὃλιθηίυς.
790 5717 978 5769 Anima
1008 5723 1247 5770 saturata
1287 5723 1373 5770 est
1400 5712 1578 5780 anima
1610 5718 1857 5784 divitum,
1892 5712 1986 5784 qui

2113 488 2259 543 niam
2287 504 2465 545 rerum
2496 488 2876 559 temporalium
2896 491 3067 562 copiis
3089 492 3381 549 abundant.
3409 495 3560 553 Unde
3589 499 3702 557 Do-

2112 580 2289 636 minus
2329 582 2381 635 in
2412 579 2706 649 Evangelio
2737 582 2813 635 ait
2845 598 2859 635 :
2901 579 2993 637 Va:
3016 582 3158 639 vobis
3192 586 3279 657 qui
3308 590 3531 642 saturati
3556 591 3701 661 estis,

2108 674 2231 746 quia
2256 674 2492 752 esurietis
2524 671 2677 745 (Luc.
2721 673 2818 746 Vl).
2863 673 3054 729 A’nima
3092 690 3221 746 ergo
3262 675 3486 733 divitum
3529 680 3703 738 calcat

2108 764 2308 831 favum,
2338 765 2464 834 quia
2503 781 2603 836 pro
2644 766 2873 820 terrenis
2918 765 3076 822 bonis
3117 768 3323 837 spernit
3364 768 3701 826 dulcedinem

2108 854 2266 924 regni
2292 854 2549 911 caelestis.
2582 854 2774 909 Anima
2799 870 2931 912 vero
2978 857 3223 913 esuriens
3263 858 3425 914 etiam
3457 874 3697 915 amarum

2107 961 2209 1017 pro
2232 946 2376 1002 dulci
2403 955 2601 1012 sumet,
2638 947 2895 1017 quoniam
2926 950 3012 1020 qui
3044 951 3204 1004 esurit
3231 958 3281 1004 et
3312 951 3423 1005 sitit
3440 953 3699 1023 justitiam

2108 1030 2327 1111 (Matth.
2356 1038 2435 1109 v),
2466 1053 2680 1093 omnem
2709 1036 3124 1107 amaritudinem
3161 1056 3261 1111 pro
3293 1040 3577 1097 dulcedine
3604 1059 3697 1098 su-

2106 1130 2225 1196 mit,
2262 1130 2388 1199 quia
2429 1128 2698 1199 patienter
2746 1129 2977 1185 sustinet
3005 1144 3223 1189 omnem
3270 1133 3550 1203 pmsentis
3576 1133 3699 1187 vitzc

2108 1220 2490 1275 adversitatem
2531 1234 2633 1289 pro
2678 1233 2864 1275 amore
2903 1235 3139 1292 superne
3185 1221 3502 1287 dulcedinis,
3536 1222 3589 1278 id
3617 1233 3699 1279 est

2066 1331 2073 1337 '
2104 1320 2320 1368 asternae
2358 1309 2727 1366 beatitudinis.

2176 1403 2447 1459 Vesanus.
2488 1400 2587 1457 Cui
2615 1402 2856 1472 loquitur
2883 1403 3161 1472 Salomon,
3192 1421 3314 1462 cum
3346 1405 3475 1463 dicit
3510 1424 3522 1460 :
3565 1407 3697 1461 Dili-

2102 1503 2280 1564 genter
2306 1509 2531 1565 agnosce
2557 1491 2749 1547 vultum
2778 1496 2982 1563 pecoris
3010 1497 3107 1559 tui,
3135 1504 3347 1568 tuosque
3364 1513 3552 1567 greges
3574 1513 3698 1550 con-

2103 1585 2278 1640 sidera
2309 1583 2489 1655 (Prov.
2520 1582 2735 1653 xxvii)?
2771 1582 3022 1655 Nunquid
3066 1586 3335 1657 lanigeros
3378 1587 3537 1644 docet
3566 1604 3698 1644 con-

2099 1677 2338 1733 siderare
2366 1676 2596 1745 greges?

2169 1767 2448 1824 SALONIUS.
2482 1768 2600 1823 Non
2625 1786 2640 1822 :
2669 1767 2908 1837 loquitur
2933 1768 3078 1824 enim
3102 1770 3308 1839 pastori
3338 1767 3606 1835 Ecclesiae,
3638 1776 3695 1824 et

2102 1868 2185 1915 est
2230 1875 2419 1917 sensus
2462 1880 2475 1915 :
2528 1862 2823 1933 Diligenter
2862 1877 3046 1918 curam
3095 1860 3345 1932 impende
3391 1860 3455 1915 iis
3500 1861 3694 1930 quibus

2100 1955 2419 2024 pmpositus
2446 1971 2526 2021 es,
2554 1965 2610 2012 et
2637 1971 2869 2028 agnosce
2911 1956 3120 2012 animos
3166 1964 3221 2011 et
3259 1962 3411 2011 actus
3451 1956 3691 2025 singulo-

2100 2060 2258 2111 rum;
2290 2047 2419 2102 etsi
2457 2046 2693 2117 aliquam
2740 2047 3054 2103 sorditatem
3101 2047 3355 2102 vitiorum
3403 2047 3689 2114 inveneris,

2099 2136 2256 2194 citius
2283 2139 2547 2207 castigare
2575 2147 2633 2194 et
2651 2138 2946 2195 emundare
2974 2137 3151 2194 stude.

2169 2228 2438 2285 Vsuuus.
2478 2230 2657 2297 Quare
2683 2246 2812 2286 mox
2830 2228 3133 2299 subjungit:
3167 2228 3292 2286 Non
3323 2231 3462 2285 enim
3481 2230 3691 2285 habebis

2090 2322 2288 2393 jugiter
2312 2329 2638 2393 potestatem,
2670 2322 2763 2378 sed
2791 2338 2989 2378 corona
3026 2321 3274 2377 tribuetur
3300 2322 3354 2376 in
3404 2323 3691 2394 generatio-

2098 2430 2219 2469 nem
2247 2416 2640 2486 generationum
2652 2416 2680 2471 7

2167 2504 2449 2576 SALomus.
2498 2505 2566 2562 Ut
2599 2514 2785 2577 pastor
2814 2505 3065 2564 Ecclesia:
3092 2506 3283 2562 ovibus
3305 2505 3407 2561 sibi
3434 2496 3688 2562 commis-

2096 2596 2172 2651 sis
2200 2597 2534 2653 incessanter
2561 2612 2747 2653 curam
2790 2596 3081 2664 adhibeat;
3109 2606 3166 2652 et
3193 2604 3277 2653 est
3311 2612 3502 2668 sensus
3531 2616 3543 2649 :
3574 2596 3689 2655 Non

2096 2688 2239 2743 enim
2267 2695 2325 2744 tu
2369 2703 2582 2759 semper
2627 2688 2853 2744 habebis
2890 2695 3212 2760 potestatem
3260 2688 3511 2760 pascendi
3562 2702 3690 2743 oves

2095 2777 2417 2849 dominicas,
2444 2778 2540 2835 sed
2562 2795 2764 2836 corona
2786 2781 3050 2837 tribuetur
3077 2782 3131 2836 in
3150 2782 3498 2851 generatione
3525 2794 3690 2848 gene-

2097 2869 2391 2931 rationum,
2424 2868 2476 2924 id
2505 2878 2589 2925 est
2609 2870 2812 2925 interna
2841 2878 3143 2940 praeparata
3165 2878 3249 2925 est
3276 2884 3475 2926 corona
3491 2911 3505 2936 ,
3531 2884 3690 2941 quam

2094 2970 2152 3015 et
2179 2969 2236 3016 tu
2258 2962 2523 3032 percipies
2547 2963 2593 3017 si
2622 2962 2763 3018 bene
2784 2961 2999 3032 paveris
3032 2960 3332 3017 dominicas
3360 2975 3509 3016 oves.

2172 3053 2435 3110 VEMNUS.
2458 3054 2596 3121 Quid
2619 3069 2839 3111 necesse
2858 3054 2960 3110 fuit
2980 3052 3255 3109 Salomoni
3274 3053 3483 3109 dicere:
3503 3055 3691 3123 Aperta

2096 3155 2216 3201 sunt
2242 3156 2418 3217 prata,
2450 3156 2499 3200 et
2527 3156 2882 3219 apparuerunt
2909 3147 2988 3200 hei
3000 3147 3078 3201 ba:
3123 3146 3373 3207 virentes,
3401 3154 3451 3198 et
3478 3143 3691 3198 collecta

2097 3247 2218 3293 sunt
2246 3240 2369 3311 [eno
2395 3238 2458 3294 de
2484 3238 2784 3295 montibus?
2808 3236 2938 3305 Quis
2964 3238 3109 3295 enim
3128 3237 3239 3294 hoc
3263 3236 3395 3293 dicit
3422 3244 3515 3291 aut
3534 3236 3690 3306 igno-

2101 3331 2223 3385 rat?

2168 3422 2450 3479 SALONIDS.
2487 3425 2634 3481 Vere
2676 3425 2876 3490 nullus,
2904 3425 2949 3478 si
2979 3423 3095 3478 bzec
3122 3422 3284 3477 verba
3311 3428 3517 3474 tantum
3541 3418 3690 3487 juxta

2102 3514 2335 3568 litteram
2359 3515 2669 3584 accipimus.

2180 3602 2450 3657 VEBANUS.
2484 3602 2768 3669 Quomodo
2787 3615 2917 3672 ergo
2944 3602 3287 3671 intelligenda
3306 3604 3465 3658 sunt?

2171 3693 2451 3748 SALONIUS.
2479 3693 2622 3748 Vere
2652 3701 2860 3748 tantum
2884 3692 3262 3764 spiritualiter;
3370 3758 3377 3763 D

2173 3784 2447 3838 Vesanus.
2479 3782 2619 3851 Quid
2642 3798 2772 3853 ergo
2799 3793 2953 3855 prata
2979 3784 3324 3853 signiﬁcant?

2169 3874 2449 3931 SALONIUS.
2480 3872 2586 3929 Per
2606 3884 2759 3944 prata
2779 3874 3131 3944 designantur
3150 3875 3387 3931 coelestia
3416 3876 3689 3946 mysteria,

2099 3981 2219 4035 quae
2246 3965 2366 4021 ideo
2394 3975 2548 4037 prata
2570 3963 2842 4035 dicuntur,
2862 3966 2988 4037 quia
3019 3981 3221 4037 pascua
3249 3974 3375 4023 sunt
3395 3965 3691 4026 animarum

2102 4053 2362 4112 ﬁdelium.
2394 4055 2522 4112 limo
2551 4057 2693 4112 enim
2741 4065 2916 4128 prata,
2944 4057 3047 4113 hoc
3090 4065 3174 4113 est
3218 4058 3395 4113 divina
3436 4056 3691 4130 mysteria

2100 4150 2191 4205 diu
2221 4165 2383 4205 causa
2412 4149 2628 4206 fuerunt
2647 4151 2747 4206 sub
2771 4151 2910 4223 typis
2926 4165 2997 4231 ac
3026 4150 3210 4220 ﬁguris
3237 4151 3495 4221 legalibus

2174 4242 2443 4299 VEBANUS.
2500 4241 2781 4310 Quomodo
2826 4251 2882 4299 et
2927 4242 3375 4321 quando‘aperta
3415 4250 3541 4299 sunt
3578 4243 3692 4299 haec

2100 4345 2253 4407 prata
2268 4338 2293 4392 ?
2656 4399 2662 4405 ,
3272 4360 3275 4363 ν

2171 4426 2452 4486 8Αιοαιυθ.
2490 4430 2688 4501 Aperta
2718 4430 2917 4501 quippe
2944 4439 3069 4486 sunt
3090 4439 3263 4501 prata,
3287 4430 3410 4501 quia
3444 4444 3540 4500 per
3565 4442 3689 4498 gra-

2104 4520 2231 4572 tiam
2257 4520 2468 4575 Domini
2497 4520 2794 4576 Salvatoris
2822 4524 3057 4578 revelata
3096 4531 3222 4578 sunt
3241 4523 3479 4579 cmlestia
3507 4538 3690 4578 sacra-

2103 4617 2302 4675 menta,
2342 4612 2559 4680 quando
2587 4616 2789 4681 aperuit
2815 4613 3091 4684 discipulis
3118 4618 3229 4671 suis
3256 4604 3482 4685 sensum,
3511 4625 3566 4670 ut
3603 4620 3689 4673 in-

2103 4701 2387 4773 telligerent
2408 4700 2711 4773 Scripturas
2742 4703 2894 4775 (Luc.
2926 4704 3108 4774 χχιιι).
3138 4704 3288 4760 Tunc
3326 4715 3689 4776 apparuerunt

2016 4788 2027 4797 ”
2097 4802 2154 4847 et
2181 4791 2361 4847 herbae
2390 4792 2660 4863 virentes,
2690 4795 2794 4850 hoc
2822 4803 2905 4850 est
2943 4809 3095 4849 nova:
3142 4796 3421 4848 sententia:
3459 4808 3687 4863 evange-

2098 4884 2213 4940 licae
2240 4885 2483 4941 veritatis
2512 4893 2565 4940 et
2592 4887 2794 4955 glorize.

2169 4976 2443 5033 Venasus.
2475 4976 2614 5045 Quid
2642 4979 2944 5049 signiﬁcant
2989 4979 3111 5034 fena
3139 4993 3258 5049 qua:
3305 4976 3531 5033 collecta
3561 4981 3685 5031 sunt

2095 5072 2163 5126 de
2193 5072 2502 5127 montibus?

2164 5163 2451 5221 SALosws.
2485 5165 2588 5221 Per
2634 5175 2846 5221 montes
2892 5166 3241 5236 designantur
3284 5165 3452 5219 sancti
3497 5161 3684 5217 Patres
3766 5212 3771 5217 .

2096 5258 2306 5313 Veteris
2333 5258 2660 5315 Testamenti
2702 5257 3022 5328 scriptores;
3048 5275 3143 5329 per
3171 5258 3312 5322 (cna,
3352 5257 3552 5328 scripta
3583 5272 3680 5309 en-

2097 5365 2235 5404 rum.
2276 5349 2516 5405 Collecta
2561 5357 2684 5404 sunt
2712 5348 2831 5404 fena
2877 5349 2943 5405 de
2981 5350 3285 5415 montibus,
3314 5349 3437 5418 quia
3482 5347 3680 5417 scripta

2095 5450 2403 5497 sanctorum
2429 5449 2670 5495 veterum
2691 5439 2908 5495 Patrum
2930 5440 3156 5496 collecta
3178 5448 3303 5495 sunt
3331 5438 3396 5493 ad
3423 5428 3679 5508 pabulum

2094 5543 2149 5587 et
2177 5533 2244 5588 ad
2275 5531 2621 5586 refectionem
2650 5532 2832 5586 ovium
2859 5531 3267 5597 dominicarum,
3293 5529 3347 5583 id
3361 5536 3443 5583 est
3468 5527 3676 5581 anima-

2094 5638 2210 5677 rum
2242 5621 2497 5676 ﬁdelium.

2162 5713 2430 5768 VEBANUS.
2455 5711 2593 5778 Quid
2614 5724 2697 5771 cst
2718 5714 2863 5786 quod
2890 5713 2965 5770 ait
2997 5730 3011 5769 :
3036 5712 3244 5781 Pauper
3263 5720 3310 5768 et
3332 5697 3556 5767 creditor
3584 5709 3674 5765 ob-
