  <div class='ocr_page' id='page_1' title='image "/cluster/home/n/w/nwhite01/storage/ocr_20150623/53/hvd.32044073505232/499.png"; bbox 0 0 4244 6254; ppageno 0'>
   <div class='ocr_carea' id='block_1_1' title="bbox 558 293 688 351">
    <p class='ocr_par' dir='ltr' id='par_1_1' title="bbox 558 293 688 351">
     <span class='ocr_line' id='line_1_1' title="bbox 558 293 688 351; baseline 0.008 -16"><span class='ocrx_word' id='word_1_1' title='bbox 558 293 659 351; x_wconf 60' lang='grc' dir='ltr'><strong>9η</strong></span> <span class='ocrx_word' id='word_1_2' title='bbox 685 332 688 336; x_wconf 84' lang='grc'><strong><em>,</em></strong></span> 
     </span>
    </p>
   </div>
   <div class='ocr_carea' id='block_1_2' title="bbox 1838 288 2540 347">
    <p class='ocr_par' dir='ltr' id='par_1_2' title="bbox 1838 288 2540 347">
     <span class='ocr_line' id='line_1_2' title="bbox 1838 288 2540 347; baseline 0.003 -2"><span class='ocrx_word' id='word_1_3' title='bbox 1838 289 1919 345; x_wconf 75' lang='lat' dir='ltr'><strong>SA</strong></span> <span class='ocrx_word' id='word_1_4' title='bbox 1928 289 2103 346; x_wconf 84' lang='lat' dir='ltr'><strong>LONIl</strong></span> <span class='ocrx_word' id='word_1_5' title='bbox 2141 288 2540 347; x_wconf 66' lang='lat' dir='ltr'><strong>VENNENSIS</strong></span> 
     </span>
    </p>
   </div>
   <div class='ocr_carea' id='block_1_3' title="bbox 3743 298 3850 357">
    <p class='ocr_par' dir='ltr' id='par_1_3' title="bbox 3743 298 3850 357">
     <span class='ocr_line' id='line_1_3' title="bbox 3743 298 3850 357; baseline 0.019 -1"><span class='ocrx_word' id='word_1_6' title='bbox 3743 298 3850 357; x_wconf 74' lang='lat'><strong>988</strong></span> 
     </span>
    </p>
   </div>
   <div class='ocr_carea' id='block_1_4' title="bbox 553 404 3851 486">
    <p class='ocr_par' dir='ltr' id='par_1_4' title="bbox 553 404 3851 486">
     <span class='ocr_line' id='line_1_4' title="bbox 553 404 3851 486; baseline 0.004 -27"><span class='ocrx_word' id='word_1_7' title='bbox 553 407 818 470; x_wconf 66' lang='lat' dir='ltr'><strong>eiecerunt</strong></span> <span class='ocrx_word' id='word_1_8' title='bbox 870 405 1003 472; x_wconf 85' lang='lat' dir='ltr'><strong>sibi,</strong></span> <span class='ocrx_word' id='word_1_9' title='bbox 1059 414 1323 477; x_wconf 71' lang='lat' dir='ltr'><strong>utriusque</strong></span> <span class='ocrx_word' id='word_1_10' title='bbox 1377 404 1700 460; x_wconf 78' lang='lat' dir='ltr'><strong>illuminator</strong></span> <span class='ocrx_word' id='word_1_11' title='bbox 1756 416 1831 459; x_wconf 87' lang='lat' dir='ltr'><strong>est</strong></span> <span class='ocrx_word' id='word_1_12' title='bbox 1897 407 2146 462; x_wconf 80' lang='lat' dir='ltr'><strong>Dominus</strong></span> <span class='ocrx_word' id='word_1_13' title='bbox 2173 409 2225 471; x_wconf 73' lang='grc' dir='ltr'><strong>Α</strong></span> <span class='ocrx_word' id='word_1_14' title='bbox 2252 420 2358 475; x_wconf 85' lang='lat' dir='ltr'><strong>gno</strong></span> <span class='ocrx_word' id='word_1_15' title='bbox 2384 407 2569 462; x_wconf 87' lang='lat' dir='ltr'><strong>labore</strong></span> <span class='ocrx_word' id='word_1_16' title='bbox 2609 409 2678 463; x_wconf 88' lang='lat' dir='ltr'><strong>ad</strong></span> <span class='ocrx_word' id='word_1_17' title='bbox 2708 407 2957 486; x_wconf 83' lang='lat' dir='ltr'><strong>notitiam</strong></span> <span class='ocrx_word' id='word_1_18' title='bbox 2987 424 3259 464; x_wconf 88' lang='lat' dir='ltr'><strong>sacrarum</strong></span> <span class='ocrx_word' id='word_1_19' title='bbox 3287 410 3687 481; x_wconf 80' lang='lat' dir='ltr'><strong>Scripturarum</strong></span> <span class='ocrx_word' id='word_1_20' title='bbox 3728 433 3851 486; x_wconf 82' lang='lat' dir='ltr'><strong>per-</strong></span> 
     </span>
    </p>
   </div>
   <div class='ocr_carea' id='block_1_5' title="bbox 558 496 2138 573">
    <p class='ocr_par' dir='ltr' id='par_1_5' title="bbox 558 496 2138 573">
     <span class='ocr_line' id='line_1_5' title="bbox 558 496 2138 573; baseline 0.002 -22"><span class='ocrx_word' id='word_1_21' title='bbox 558 497 754 569; x_wconf 76' lang='lat' dir='ltr'><strong>(Proo.</strong></span> <span class='ocrx_word' id='word_1_22' title='bbox 792 500 959 571; x_wconf 74' lang='lat' dir='ltr'><strong>un)?</strong></span> <span class='ocrx_word' id='word_1_23' title='bbox 987 496 1116 573; x_wconf 81' lang='lat' dir='ltr'><strong>Quis</strong></span> <span class='ocrx_word' id='word_1_24' title='bbox 1144 506 1226 553; x_wconf 85' lang='lat' dir='ltr'><strong>est</strong></span> <span class='ocrx_word' id='word_1_25' title='bbox 1255 499 1360 554; x_wconf 87' lang='lat' dir='ltr'><strong>iste</strong></span> <span class='ocrx_word' id='word_1_26' title='bbox 1399 514 1606 569; x_wconf 81' lang='lat' dir='ltr'><strong>panper</strong></span> <span class='ocrx_word' id='word_1_27' title='bbox 1642 509 1698 555; x_wconf 88' lang='lat' dir='ltr'><strong>et</strong></span> <span class='ocrx_word' id='word_1_28' title='bbox 1736 499 1838 555; x_wconf 90' lang='lat' dir='ltr'><strong>iste</strong></span> <span class='ocrx_word' id='word_1_29' title='bbox 1868 500 2138 565; x_wconf 87' lang='lat' dir='ltr'><strong>creditor,</strong></span> 
     </span>
    </p>
   </div>
   <div class='ocr_carea' id='block_1_6' title="bbox 554 588 2127 667">
    <p class='ocr_par' dir='ltr' id='par_1_6' title="bbox 554 588 2127 667">
     <span class='ocr_line' id='line_1_6' title="bbox 554 588 2127 667; baseline 0.01 -27"><span class='ocrx_word' id='word_1_30' title='bbox 554 588 648 656; x_wconf 86' lang='lat' dir='ltr'><strong>qui</strong></span> <span class='ocrx_word' id='word_1_31' title='bbox 668 588 772 643; x_wconf 88' lang='lat' dir='ltr'><strong>sibi</strong></span> <span class='ocrx_word' id='word_1_32' title='bbox 800 588 1190 665; x_wconf 24' lang='lat' dir='ltr'><strong>obviaverunti?</strong></span> <span class='ocrx_word' id='word_1_33' title='bbox 1372 656 1373 663; x_wconf 13' lang='grc' dir='ltr'>γ</span> <span class='ocrx_word' id='word_1_34' title='bbox 2000 663 2004 667; x_wconf 29' lang='grc'>,</span> <span class='ocrx_word' id='word_1_35' title='bbox 2122 658 2127 663; x_wconf 65' lang='grc'>,</span> 
     </span>
    </p>
   </div>
   <div class='ocr_carea' id='block_1_7' title="bbox 622 672 2137 759">
    <p class='ocr_par' dir='ltr' id='par_1_7' title="bbox 622 672 2137 759">
     <span class='ocr_line' id='line_1_7' title="bbox 622 672 2137 759; baseline 0.002 -27"><span class='ocrx_word' id='word_1_36' title='bbox 622 675 907 733; x_wconf 63' lang='grc' dir='ltr'><strong>Βλιοδιυε.</strong></span> <span class='ocrx_word' id='word_1_37' title='bbox 955 672 1185 759; x_wconf 51' lang='grc' dir='ltr'><strong>Ρθιιῂξιεξι,Δ</strong></span> <span class='ocrx_word' id='word_1_38' title='bbox 1214 686 1297 735; x_wconf 86' lang='lat' dir='ltr'><strong>est</strong></span> <span class='ocrx_word' id='word_1_39' title='bbox 1348 679 1607 745; x_wconf 77' lang='lat' dir='ltr'><strong>humilis,</strong></span> <span class='ocrx_word' id='word_1_40' title='bbox 1664 680 1813 736; x_wconf 82' lang='lat' dir='ltr'><strong>verbi</strong></span> <span class='ocrx_word' id='word_1_41' title='bbox 1869 681 2080 759; x_wconf 87' lang='lat' dir='ltr'><strong>auditor</strong></span> <span class='ocrx_word' id='word_1_42' title='bbox 2122 697 2137 735; x_wconf 92' lang='lat'><strong>:</strong></span> 
     </span>
    </p>
   </div>
   <div class='ocr_carea' id='block_1_8' title="bbox 549 750 2141 851">
    <p class='ocr_par' dir='ltr' id='par_1_8' title="bbox 549 750 2141 851">
     <span class='ocr_line' id='line_1_8' title="bbox 549 750 2141 851; baseline 0.002 -28"><span class='ocrx_word' id='word_1_43' title='bbox 549 767 787 824; x_wconf 85' lang='lat' dir='ltr'><strong>creditor</strong></span> <span class='ocrx_word' id='word_1_44' title='bbox 812 776 995 824; x_wconf 87' lang='lat' dir='ltr'><strong>autem</strong></span> <span class='ocrx_word' id='word_1_45' title='bbox 1020 750 1111 825; x_wconf 30' lang='lat' dir='ltr'><strong>est!</strong></span> <span class='ocrx_word' id='word_1_46' title='bbox 1147 754 1247 847; x_wconf 82' lang='lat' dir='ltr'><strong>qui</strong></span> <span class='ocrx_word' id='word_1_47' title='bbox 1284 771 1547 851; x_wconf 62' lang='lat' dir='ltr'><strong>pauperi,</strong></span> <span class='ocrx_word' id='word_1_48' title='bbox 1576 770 1633 825; x_wconf 87' lang='lat' dir='ltr'><strong>id</strong></span> <span class='ocrx_word' id='word_1_49' title='bbox 1675 774 1760 826; x_wconf 90' lang='lat' dir='ltr'><strong>est</strong></span> <span class='ocrx_word' id='word_1_50' title='bbox 1808 765 1994 825; x_wconf 89' lang='lat' dir='ltr'><strong>humili</strong></span> <span class='ocrx_word' id='word_1_51' title='bbox 2037 756 2141 826; x_wconf 81' lang='lat' dir='ltr'><strong>au-</strong></span> 
     </span>
    </p>
   </div>
   <div class='ocr_carea' id='block_1_9' title="bbox 554 856 2066 932">
    <p class='ocr_par' dir='ltr' id='par_1_9' title="bbox 554 856 2066 932">
     <span class='ocr_line' id='line_1_9' title="bbox 554 856 2066 932; baseline 0.003 -20"><span class='ocrx_word' id='word_1_52' title='bbox 554 859 739 927; x_wconf 85' lang='lat' dir='ltr'><strong>ditari,</strong></span> <span class='ocrx_word' id='word_1_53' title='bbox 769 860 1053 929; x_wconf 83' lang='lat' dir='ltr'><strong>pecuniam</strong></span> <span class='ocrx_word' id='word_1_54' title='bbox 1090 862 1238 917; x_wconf 86' lang='lat' dir='ltr'><strong>verbi</strong></span> <span class='ocrx_word' id='word_1_55' title='bbox 1266 862 1363 917; x_wconf 91' lang='lat' dir='ltr'><strong>Dei</strong></span> <span class='ocrx_word' id='word_1_56' title='bbox 1391 856 1732 932; x_wconf 59' lang='lat' dir='ltr'><strong>pradicade</strong></span> <span class='ocrx_word' id='word_1_57' title='bbox 1759 862 2066 917; x_wconf 74' lang='lat' dir='ltr'><strong>committit.</strong></span> 
     </span>
    </p>
   </div>
   <div class='ocr_carea' id='block_1_10' title="bbox 625 932 2140 1025">
    <p class='ocr_par' dir='ltr' id='par_1_10' title="bbox 625 932 2140 1025">
     <span class='ocr_line' id='line_1_10' title="bbox 625 932 2140 1025; baseline 0.003 -21"><span class='ocrx_word' id='word_1_58' title='bbox 625 949 895 1006; x_wconf 57' lang='lat' dir='ltr'><strong>Vesanus.</strong></span> <span class='ocrx_word' id='word_1_59' title='bbox 942 932 1177 1017; x_wconf 74' lang='lat' dir='ltr'><strong>Quando.</strong></span> <span class='ocrx_word' id='word_1_60' title='bbox 1235 968 1439 1025; x_wconf 82' lang='lat' dir='ltr'><strong>pauper</strong></span> <span class='ocrx_word' id='word_1_61' title='bbox 1498 961 1555 1011; x_wconf 86' lang='lat' dir='ltr'><strong>et</strong></span> <span class='ocrx_word' id='word_1_62' title='bbox 1624 954 1858 1010; x_wconf 73' lang='lat' dir='ltr'><strong>creditor</strong></span> <span class='ocrx_word' id='word_1_63' title='bbox 1921 954 2140 1008; x_wconf 87' lang='lat' dir='ltr'><strong>obviant</strong></span> 
     </span>
    </p>
   </div>
   <div class='ocr_carea' id='block_1_11' title="bbox 548 1039 1233 1121">
    <p class='ocr_par' dir='ltr' id='par_1_11' title="bbox 548 1039 1233 1121">
     <span class='ocr_line' id='line_1_11' title="bbox 548 1039 1233 1121; baseline 0.022 -29"><span class='ocrx_word' id='word_1_64' title='bbox 548 1039 690 1095; x_wconf 80' lang='lat' dir='ltr'><strong>sibi?</strong></span> <span class='ocrx_word' id='word_1_65' title='bbox 1230 1116 1233 1121; x_wconf 24' lang='grc' dir='ltr'><em>ν</em></span> 
     </span>
    </p>
   </div>
   <div class='ocr_carea' id='block_1_12' title="bbox 618 1126 2140 1213">
    <p class='ocr_par' dir='ltr' id='par_1_12' title="bbox 618 1126 2140 1213">
     <span class='ocr_line' id='line_1_12' title="bbox 618 1126 2140 1213; baseline 0.002 -25"><span class='ocrx_word' id='word_1_66' title='bbox 618 1132 901 1191; x_wconf 64' lang='grc' dir='ltr'><strong>Βηωιυε.</strong></span> <span class='ocrx_word' id='word_1_67' title='bbox 932 1132 1158 1203; x_wconf 81' lang='lat' dir='ltr'><strong>Quando</strong></span> <span class='ocrx_word' id='word_1_68' title='bbox 1204 1136 1261 1213; x_wconf 83' lang='lat' dir='ltr'><strong>in</strong></span> <span class='ocrx_word' id='word_1_69' title='bbox 1311 1152 1472 1192; x_wconf 85' lang='lat' dir='ltr'><strong>unam</strong></span> <span class='ocrx_word' id='word_1_70' title='bbox 1522 1137 1873 1208; x_wconf 82' lang='lat' dir='ltr'><strong>eamdemque</strong></span> <span class='ocrx_word' id='word_1_71' title='bbox 1927 1126 2140 1192; x_wconf 84' lang='lat' dir='ltr'><strong>auditor</strong></span> 
     </span>
    </p>
   </div>
   <div class='ocr_carea' id='block_1_13' title="bbox 545 1224 2139 1305">
    <p class='ocr_par' dir='ltr' id='par_1_13' title="bbox 545 1224 2139 1305">
     <span class='ocr_line' id='line_1_13' title="bbox 545 1224 2139 1305; baseline 0.002 -26"><span class='ocrx_word' id='word_1_72' title='bbox 545 1224 705 1279; x_wconf 87' lang='lat' dir='ltr'><strong>simul</strong></span> <span class='ocrx_word' id='word_1_73' title='bbox 733 1232 791 1280; x_wconf 88' lang='lat' dir='ltr'><strong>et</strong></span> <span class='ocrx_word' id='word_1_74' title='bbox 818 1226 1147 1295; x_wconf 61' lang='lat' dir='ltr'><strong>pradicator.</strong></span> <span class='ocrx_word' id='word_1_75' title='bbox 1167 1227 1363 1283; x_wconf 73' lang='lat' dir='ltr'><strong>divina:</strong></span> <span class='ocrx_word' id='word_1_76' title='bbox 1406 1228 1627 1305; x_wconf 88' lang='lat' dir='ltr'><strong>pietatis</strong></span> <span class='ocrx_word' id='word_1_77' title='bbox 1667 1228 1893 1296; x_wconf 78' lang='lat' dir='ltr'><strong>gratiam</strong></span> <span class='ocrx_word' id='word_1_78' title='bbox 1937 1243 2139 1283; x_wconf 81' lang='lat' dir='ltr'><strong>convc-</strong></span> 
     </span>
    </p>
   </div>
   <div class='ocr_carea' id='block_1_14' title="bbox 545 1314 2139 1397">
    <p class='ocr_par' dir='ltr' id='par_1_14' title="bbox 545 1314 2139 1397">
     <span class='ocr_line' id='line_1_14' title="bbox 545 1314 2139 1397; baseline 0.003 -29"><span class='ocrx_word' id='word_1_79' title='bbox 545 1314 700 1369; x_wconf 91' lang='lat' dir='ltr'><strong>niunt</strong></span> <span class='ocrx_word' id='word_1_80' title='bbox 731 1334 742 1367; x_wconf 93' lang='lat'><strong>:</strong></span> <span class='ocrx_word' id='word_1_81' title='bbox 777 1315 917 1372; x_wconf 90' lang='lat' dir='ltr'><strong>unde</strong></span> <span class='ocrx_word' id='word_1_82' title='bbox 945 1316 1168 1387; x_wconf 86' lang='lat' dir='ltr'><strong>pulchre</strong></span> <span class='ocrx_word' id='word_1_83' title='bbox 1188 1319 1431 1387; x_wconf 80' lang='lat' dir='ltr'><strong>sequitur</strong></span> <span class='ocrx_word' id='word_1_84' title='bbox 1464 1338 1475 1371; x_wconf 90' lang='lat'>:</span> <span class='ocrx_word' id='word_1_85' title='bbox 1513 1318 1788 1397; x_wconf 75' lang='lat' dir='ltr'><strong>Utriusque</strong></span> <span class='ocrx_word' id='word_1_86' title='bbox 1815 1318 2139 1373; x_wconf 85' lang='lat' dir='ltr'><strong>illuminator</strong></span> 
     </span>
    </p>
   </div>
   <div class='ocr_carea' id='block_1_15' title="bbox 542 1402 2138 1485">
    <p class='ocr_par' dir='ltr' id='par_1_15' title="bbox 542 1402 2138 1485">
     <span class='ocr_line' id='line_1_15' title="bbox 542 1402 2138 1485; baseline 0.002 -24"><span class='ocrx_word' id='word_1_87' title='bbox 542 1406 899 1463; x_wconf 78' lang='lat' dir='ltr'><strong>estDominus</strong></span> <span class='ocrx_word' id='word_1_88' title='bbox 928 1408 1116 1485; x_wconf 66' lang='lat' dir='ltr'><strong>(Prov.</strong></span> <span class='ocrx_word' id='word_1_89' title='bbox 1146 1409 1344 1482; x_wconf 72' lang='lat' dir='ltr'><strong>xxxx);</strong></span> <span class='ocrx_word' id='word_1_90' title='bbox 1374 1411 1500 1480; x_wconf 84' lang='lat' dir='ltr'><strong>quia</strong></span> <span class='ocrx_word' id='word_1_91' title='bbox 1552 1412 1670 1466; x_wconf 87' lang='lat' dir='ltr'><strong>sine</strong></span> <span class='ocrx_word' id='word_1_92' title='bbox 1725 1411 1896 1478; x_wconf 83' lang='lat' dir='ltr'><strong>gratia</strong></span> <span class='ocrx_word' id='word_1_93' title='bbox 1947 1402 2138 1466; x_wconf 70' lang='lat' dir='ltr'><strong>divina:</strong></span> 
     </span>
    </p>
   </div>
   <div class='ocr_carea' id='block_1_16' title="bbox 542 1497 2133 1576">
    <p class='ocr_par' dir='ltr' id='par_1_16' title="bbox 542 1497 2133 1576">
     <span class='ocr_line' id='line_1_16' title="bbox 542 1497 2133 1576; baseline 0.003 -21"><span class='ocrx_word' id='word_1_94' title='bbox 542 1497 779 1566; x_wconf 82' lang='lat' dir='ltr'><strong>pietatis,</strong></span> <span class='ocrx_word' id='word_1_95' title='bbox 811 1514 912 1556; x_wconf 80' lang='lat' dir='ltr'><strong>nec</strong></span> <span class='ocrx_word' id='word_1_96' title='bbox 939 1500 1032 1556; x_wconf 86' lang='lat' dir='ltr'><strong>ille</strong></span> <span class='ocrx_word' id='word_1_97' title='bbox 1056 1502 1233 1576; x_wconf 77' lang='lat' dir='ltr'><strong>potuit</strong></span> <span class='ocrx_word' id='word_1_98' title='bbox 1265 1504 1591 1573; x_wconf 72' lang='lat' dir='ltr'><strong>prmdicare,</strong></span> <span class='ocrx_word' id='word_1_99' title='bbox 1613 1518 1715 1559; x_wconf 91' lang='lat' dir='ltr'><strong>nec</strong></span> <span class='ocrx_word' id='word_1_100' title='bbox 1754 1504 1855 1558; x_wconf 87' lang='lat' dir='ltr'><strong>iste</strong></span> <span class='ocrx_word' id='word_1_101' title='bbox 1893 1504 2133 1559; x_wconf 84' lang='lat' dir='ltr'><strong>credere.</strong></span> 
     </span>
    </p>
   </div>
   <div class='ocr_carea' id='block_1_17' title="bbox 616 1584 2137 1673">
    <p class='ocr_par' dir='ltr' id='par_1_17' title="bbox 616 1584 2137 1673">
     <span class='ocr_line' id='line_1_17' title="bbox 616 1584 2137 1673; baseline 0.005 -31"><span class='ocrx_word' id='word_1_102' title='bbox 616 1585 885 1645; x_wconf 60' lang='lat' dir='ltr'><strong>Vesanus.</strong></span> <span class='ocrx_word' id='word_1_103' title='bbox 918 1584 1057 1658; x_wconf 83' lang='lat' dir='ltr'><strong>Quid</strong></span> <span class='ocrx_word' id='word_1_104' title='bbox 1088 1600 1173 1648; x_wconf 87' lang='lat' dir='ltr'><strong>est</strong></span> <span class='ocrx_word' id='word_1_105' title='bbox 1217 1593 1365 1669; x_wconf 81' lang='lat' dir='ltr'><strong>quod</strong></span> <span class='ocrx_word' id='word_1_106' title='bbox 1390 1594 1465 1671; x_wconf 83' lang='lat' dir='ltr'><strong>ait</strong></span> <span class='ocrx_word' id='word_1_107' title='bbox 1498 1613 1509 1647; x_wconf 92' lang='lat'>:</span> <span class='ocrx_word' id='word_1_108' title='bbox 1544 1593 1967 1673; x_wconf 17' lang='lat' dir='ltr'><strong>Cum‘prOpbetia</strong></span> <span class='ocrx_word' id='word_1_109' title='bbox 1995 1596 2137 1665; x_wconf 73' lang='lat' dir='ltr'><strong>defe—</strong></span> 
     </span>
    </p>
   </div>
   <div class='ocr_carea' id='block_1_18' title="bbox 542 1678 2130 1755">
    <p class='ocr_par' dir='ltr' id='par_1_18' title="bbox 542 1678 2130 1755">
     <span class='ocr_line' id='line_1_18' title="bbox 542 1678 2130 1755; baseline 0.005 -24"><span class='ocrx_word' id='word_1_110' title='bbox 542 1679 687 1746; x_wconf 88' lang='lat' dir='ltr'><strong>cerit,</strong></span> <span class='ocrx_word' id='word_1_111' title='bbox 720 1679 1057 1750; x_wconf 78' lang='lat' dir='ltr'><strong>dissipabitur</strong></span> <span class='ocrx_word' id='word_1_112' title='bbox 1082 1683 1337 1753; x_wconf 82' lang='lat' dir='ltr'><strong>populus?</strong></span> <span class='ocrx_word' id='word_1_113' title='bbox 1371 1682 1501 1749; x_wconf 64' lang='lat' dir='ltr'><strong>Quae</strong></span> <span class='ocrx_word' id='word_1_114' title='bbox 1547 1692 1627 1739; x_wconf 92' lang='lat' dir='ltr'><strong>est</strong></span> <span class='ocrx_word' id='word_1_115' title='bbox 1659 1685 1772 1741; x_wconf 67' lang='lat' dir='ltr'><strong>lucc</strong></span> <span class='ocrx_word' id='word_1_116' title='bbox 1817 1678 2130 1755; x_wconf 81' lang='lat' dir='ltr'><strong>prophetia,</strong></span> 
     </span>
    </p>
   </div>
   <div class='ocr_carea' id='block_1_19' title="bbox 540 1767 2093 1861">
    <p class='ocr_par' dir='ltr' id='par_1_19' title="bbox 540 1767 2093 1861">
     <span class='ocr_line' id='line_1_19' title="bbox 540 1767 2093 1861; baseline 0.013 -40"><span class='ocrx_word' id='word_1_117' title='bbox 540 1780 644 1835; x_wconf 77' lang='lat' dir='ltr'><strong>qua</strong></span> <span class='ocrx_word' id='word_1_118' title='bbox 672 1767 975 1837; x_wconf 81' lang='lat' dir='ltr'><strong>deﬁciente,</strong></span> <span class='ocrx_word' id='word_1_119' title='bbox 989 1772 1223 1842; x_wconf 86' lang='lat' dir='ltr'><strong>populus</strong></span> <span class='ocrx_word' id='word_1_120' title='bbox 1240 1772 1617 1851; x_wconf 79' lang='lat' dir='ltr'><strong>dissipabitur?</strong></span> <span class='ocrx_word' id='word_1_121' title='bbox 1854 1858 1859 1859; x_wconf 13' lang='grc' dir='ltr'><em>γ</em></span> <span class='ocrx_word' id='word_1_122' title='bbox 2089 1857 2093 1861; x_wconf 9' lang='grc' dir='ltr'><strong><em>ἢ</em></strong></span> 
     </span>
    </p>
   </div>
   <div class='ocr_carea' id='block_1_20' title="bbox 574 1858 2135 1938">
    <p class='ocr_par' dir='ltr' id='par_1_20' title="bbox 574 1858 2135 1938">
     <span class='ocr_line' id='line_1_20' title="bbox 574 1858 2135 1938; baseline 0.006 -24"><span class='ocrx_word' id='word_1_123' title='bbox 574 1922 581 1933; x_wconf 27' lang='grc' dir='ltr'><strong>ς</strong></span> <span class='ocrx_word' id='word_1_124' title='bbox 610 1858 889 1933; x_wconf 65' lang='grc' dir='ltr'><strong>δηρωυθ.</strong></span> <span class='ocrx_word' id='word_1_125' title='bbox 919 1860 1210 1937; x_wconf 79' lang='lat' dir='ltr'><strong>Prophelia</strong></span> <span class='ocrx_word' id='word_1_126' title='bbox 1231 1873 1316 1920; x_wconf 93' lang='lat' dir='ltr'><strong>est</strong></span> <span class='ocrx_word' id='word_1_127' title='bbox 1337 1862 1691 1923; x_wconf 88' lang='lat' dir='ltr'><strong>sacerdotalis</strong></span> <span class='ocrx_word' id='word_1_128' title='bbox 1710 1858 1943 1923; x_wconf 83' lang='lat' dir='ltr'><strong>eruditio</strong></span> <span class='ocrx_word' id='word_1_129' title='bbox 1972 1858 2135 1938; x_wconf 85' lang='lat' dir='ltr'><strong>atque</strong></span> 
     </span>
    </p>
   </div>
   <div class='ocr_carea' id='block_1_21' title="bbox 540 1948 2135 2022">
    <p class='ocr_par' dir='ltr' id='par_1_21' title="bbox 540 1948 2135 2022">
     <span class='ocr_line' id='line_1_21' title="bbox 540 1948 2135 2022; baseline 0.007 -18"><span class='ocrx_word' id='word_1_130' title='bbox 540 1948 785 2006; x_wconf 87' lang='lat' dir='ltr'><strong>doctrina</strong></span> <span class='ocrx_word' id='word_1_131' title='bbox 815 1970 827 2005; x_wconf 89' lang='lat'>:</span> <span class='ocrx_word' id='word_1_132' title='bbox 857 1966 986 2022; x_wconf 87' lang='lat' dir='ltr'><strong>ergo</strong></span> <span class='ocrx_word' id='word_1_133' title='bbox 1013 1970 1134 2009; x_wconf 92' lang='lat' dir='ltr'><strong>cum</strong></span> <span class='ocrx_word' id='word_1_134' title='bbox 1184 1957 1475 2013; x_wconf 86' lang='lat' dir='ltr'><strong>cessaverit</strong></span> <span class='ocrx_word' id='word_1_135' title='bbox 1516 1951 1760 2013; x_wconf 87' lang='lat' dir='ltr'><strong>doctrina</strong></span> <span class='ocrx_word' id='word_1_136' title='bbox 1803 1968 1858 2013; x_wconf 89' lang='lat' dir='ltr'><strong>et</strong></span> <span class='ocrx_word' id='word_1_137' title='bbox 1905 1950 2135 2015; x_wconf 80' lang='lat' dir='ltr'><strong>eruditio</strong></span> 
     </span>
    </p>
   </div>
   <div class='ocr_carea' id='block_1_22' title="bbox 539 2030 2134 2129">
    <p class='ocr_par' dir='ltr' id='par_1_22' title="bbox 539 2030 2134 2129">
     <span class='ocr_line' id='line_1_22' title="bbox 539 2030 2134 2129; baseline 0.006 -34"><span class='ocrx_word' id='word_1_138' title='bbox 539 2034 902 2125; x_wconf 62' lang='lat' dir='ltr'><strong>sacerdotum,</strong></span> <span class='ocrx_word' id='word_1_139' title='bbox 931 2042 1160 2112; x_wconf 86' lang='lat' dir='ltr'><strong>populus</strong></span> <span class='ocrx_word' id='word_1_140' title='bbox 1208 2030 1583 2115; x_wconf 77' lang='lat' dir='ltr'><strong>dissipabitur;</strong></span> <span class='ocrx_word' id='word_1_141' title='bbox 1628 2049 1764 2118; x_wconf 89' lang='lat' dir='ltr'><strong>quia.</strong></span> <span class='ocrx_word' id='word_1_142' title='bbox 1807 2065 1928 2129; x_wconf 82' lang='lat' dir='ltr'><strong>cum</strong></span> <span class='ocrx_word' id='word_1_143' title='bbox 1982 2048 2134 2105; x_wconf 88' lang='lat' dir='ltr'><strong>deest</strong></span> 
     </span>
    </p>
   </div>
   <div class='ocr_carea' id='block_1_23' title="bbox 539 2116 2134 2207">
    <p class='ocr_par' dir='ltr' id='par_1_23' title="bbox 539 2116 2134 2207">
     <span class='ocr_line' id='line_1_23' title="bbox 539 2116 2134 2207; baseline 0.008 -22"><span class='ocrx_word' id='word_1_144' title='bbox 539 2116 836 2189; x_wconf 81' lang='lat' dir='ltr'><strong>admonitio</strong></span> <span class='ocrx_word' id='word_1_145' title='bbox 856 2142 911 2190; x_wconf 91' lang='lat' dir='ltr'><strong>et</strong></span> <span class='ocrx_word' id='word_1_146' title='bbox 930 2135 1226 2207; x_wconf 81' lang='lat' dir='ltr'><strong>increpatio</strong></span> <span class='ocrx_word' id='word_1_147' title='bbox 1266 2116 1765 2205; x_wconf 36' lang='lat' dir='ltr'><strong>sacerdotum-sua:</strong></span> <span class='ocrx_word' id='word_1_148' title='bbox 1790 2124 2051 2196; x_wconf 19' lang='lat' dir='ltr'><strong>volitmtati</strong></span> <span class='ocrx_word' id='word_1_149' title='bbox 2078 2151 2134 2197; x_wconf 89' lang='lat' dir='ltr'><strong>et</strong></span> 
     </span>
    </p>
   </div>
   <div class='ocr_carea' id='block_1_24' title="bbox 538 2218 2130 2302">
    <p class='ocr_par' dir='ltr' id='par_1_24' title="bbox 538 2218 2130 2302">
     <span class='ocr_line' id='line_1_24' title="bbox 538 2218 2130 2302; baseline 0.009 -27"><span class='ocrx_word' id='word_1_150' title='bbox 538 2222 764 2281; x_wconf 79' lang='lat' dir='ltr'><strong>arbitrio</strong></span> <span class='ocrx_word' id='word_1_151' title='bbox 784 2224 1135 2299; x_wconf 72' lang='lat' dir='ltr'><strong>relinquitur,</strong></span> <span class='ocrx_word' id='word_1_152' title='bbox 1151 2235 1208 2284; x_wconf 88' lang='lat' dir='ltr'><strong>et</strong></span> <span class='ocrx_word' id='word_1_153' title='bbox 1226 2218 1486 2286; x_wconf 82' lang='lat' dir='ltr'><strong>continuo</strong></span> <span class='ocrx_word' id='word_1_154' title='bbox 1505 2220 1670 2286; x_wconf 88' lang='lat' dir='ltr'><strong>variis</strong></span> <span class='ocrx_word' id='word_1_155' title='bbox 1690 2224 1925 2302; x_wconf 79' lang='lat' dir='ltr'><strong>peccatis</strong></span> <span class='ocrx_word' id='word_1_156' title='bbox 1956 2232 2130 2289; x_wconf 83' lang='lat' dir='ltr'><strong>vitiis-</strong></span> 
     </span>
    </p>
   </div>
   <div class='ocr_carea' id='block_1_25' title="bbox 538 2316 1054 2387">
    <p class='ocr_par' dir='ltr' id='par_1_25' title="bbox 538 2316 1054 2387">
     <span class='ocr_line' id='line_1_25' title="bbox 538 2316 1054 2387; baseline 0.008 -19"><span class='ocrx_word' id='word_1_157' title='bbox 538 2328 645 2382; x_wconf 85' lang='lat' dir='ltr'><strong>que</strong></span> <span class='ocrx_word' id='word_1_158' title='bbox 674 2316 1054 2387; x_wconf 85' lang='lat' dir='ltr'><strong>corrumpitur.</strong></span> 
     </span>
    </p>
   </div>
   <div class='ocr_carea' id='block_1_26' title="bbox 611 2392 2128 2487">
    <p class='ocr_par' dir='ltr' id='par_1_26' title="bbox 611 2392 2128 2487">
     <span class='ocr_line' id='line_1_26' title="bbox 611 2392 2128 2487; baseline 0.01 -27"><span class='ocrx_word' id='word_1_159' title='bbox 611 2406 878 2463; x_wconf 64' lang='lat' dir='ltr'><strong>Vsnanus.</strong></span> <span class='ocrx_word' id='word_1_160' title='bbox 905 2392 1188 2476; x_wconf 84' lang='lat' dir='ltr'><strong>Quomodo</strong></span> <span class='ocrx_word' id='word_1_161' title='bbox 1204 2412 1400 2481; x_wconf 79' lang='lat' dir='ltr'><strong>ignitus</strong></span> <span class='ocrx_word' id='word_1_162' title='bbox 1420 2406 1736 2487; x_wconf 85' lang='lat' dir='ltr'><strong>clypeusest</strong></span> <span class='ocrx_word' id='word_1_163' title='bbox 1753 2412 1928 2474; x_wconf 88' lang='lat' dir='ltr'><strong>omnis</strong></span> <span class='ocrx_word' id='word_1_164' title='bbox 1949 2434 2128 2475; x_wconf 89' lang='lat' dir='ltr'><strong>sermo</strong></span> 
     </span>
    </p>
   </div>
   <div class='ocr_carea' id='block_1_27' title="bbox 537 2494 2130 2584">
    <p class='ocr_par' dir='ltr' id='par_1_27' title="bbox 537 2494 2130 2584">
     <span class='ocr_line' id='line_1_27' title="bbox 537 2494 2130 2584; baseline 0.01 -32"><span class='ocrx_word' id='word_1_165' title='bbox 537 2494 636 2569; x_wconf 77' lang='lat' dir='ltr'><strong>Dei</strong></span> <span class='ocrx_word' id='word_1_166' title='bbox 660 2517 673 2551; x_wconf 92' lang='lat'>:</span> <span class='ocrx_word' id='word_1_167' title='bbox 707 2500 782 2555; x_wconf 90' lang='lat' dir='ltr'><strong>sic</strong></span> <span class='ocrx_word' id='word_1_168' title='bbox 801 2501 946 2557; x_wconf 86' lang='lat' dir='ltr'><strong>enim</strong></span> <span class='ocrx_word' id='word_1_169' title='bbox 973 2500 1106 2559; x_wconf 83' lang='lat' dir='ltr'><strong>dicit</strong></span> <span class='ocrx_word' id='word_1_170' title='bbox 1128 2502 1419 2563; x_wconf 89' lang='lat' dir='ltr'><strong>Salomon:</strong></span> <span class='ocrx_word' id='word_1_171' title='bbox 1447 2504 1632 2563; x_wconf 80' lang='lat' dir='ltr'><strong>Omnis</strong></span> <span class='ocrx_word' id='word_1_172' title='bbox 1651 2504 1821 2566; x_wconf 80' lang='lat' dir='ltr'><strong>sermo</strong></span> <span class='ocrx_word' id='word_1_173' title='bbox 1850 2508 1971 2579; x_wconf 85' lang='lat' dir='ltr'><strong>Dei,</strong></span> <span class='ocrx_word' id='word_1_174' title='bbox 1994 2513 2130 2584; x_wconf 83' lang='lat' dir='ltr'><strong>igni-</strong></span> 
     </span>
    </p>
   </div>
   <div class='ocr_carea' id='block_1_28' title="bbox 536 2582 1923 2670">
    <p class='ocr_par' dir='ltr' id='par_1_28' title="bbox 536 2582 1923 2670">
     <span class='ocr_line' id='line_1_28' title="bbox 536 2582 1923 2670; baseline 0.009 -28"><span class='ocrx_word' id='word_1_175' title='bbox 536 2595 618 2643; x_wconf 86' lang='lat' dir='ltr'><strong>tus</strong></span> <span class='ocrx_word' id='word_1_176' title='bbox 644 2582 855 2660; x_wconf 80' lang='lat' dir='ltr'><strong>clypeus</strong></span> <span class='ocrx_word' id='word_1_177' title='bbox 881 2582 957 2646; x_wconf 83' lang='lat' dir='ltr'><strong>est</strong></span> <span class='ocrx_word' id='word_1_178' title='bbox 987 2584 1313 2665; x_wconf 75' lang='lat' dir='ltr'><strong>sperantibus</strong></span> <span class='ocrx_word' id='word_1_179' title='bbox 1339 2595 1396 2651; x_wconf 88' lang='lat' dir='ltr'><strong>in</strong></span> <span class='ocrx_word' id='word_1_180' title='bbox 1424 2613 1480 2651; x_wconf 84' lang='lat' dir='ltr'><strong>se</strong></span> <span class='ocrx_word' id='word_1_181' title='bbox 1523 2590 1712 2670; x_wconf 85' lang='lat' dir='ltr'><strong>(Prov.</strong></span> <span class='ocrx_word' id='word_1_182' title='bbox 1753 2596 1923 2670; x_wconf 66' lang='lat' dir='ltr'><strong>xxx)?</strong></span> 
     </span>
    </p>
   </div>
   <div class='ocr_carea' id='block_1_29' title="bbox 564 2674 2128 2758">
    <p class='ocr_par' dir='ltr' id='par_1_29' title="bbox 564 2674 2128 2758">
     <span class='ocr_line' id='line_1_29' title="bbox 564 2674 2128 2758; baseline 0.007 -20"><span class='ocrx_word' id='word_1_183' title='bbox 564 2752 567 2757; x_wconf 30' lang='grc' dir='ltr'>ι</span> <span class='ocrx_word' id='word_1_184' title='bbox 606 2678 882 2739; x_wconf 70' lang='lat' dir='ltr'><strong>SALou‘Ius.</strong></span> <span class='ocrx_word' id='word_1_185' title='bbox 916 2676 1099 2738; x_wconf 85' lang='lat' dir='ltr'><strong>Omnis</strong></span> <span class='ocrx_word' id='word_1_186' title='bbox 1123 2682 1301 2743; x_wconf 83' lang='lat' dir='ltr'><strong>sermo</strong></span> <span class='ocrx_word' id='word_1_187' title='bbox 1322 2674 1516 2744; x_wconf 79' lang='lat' dir='ltr'><strong>divinae</strong></span> <span class='ocrx_word' id='word_1_188' title='bbox 1544 2690 1898 2758; x_wconf 88' lang='lat' dir='ltr'><strong>auctoritatis,</strong></span> <span class='ocrx_word' id='word_1_189' title='bbox 1933 2688 2128 2749; x_wconf 78' lang='lat' dir='ltr'><strong>idcirco</strong></span> 
     </span>
    </p>
   </div>
   <div class='ocr_carea' id='block_1_30' title="bbox 535 2770 2131 2855">
    <p class='ocr_par' dir='ltr' id='par_1_30' title="bbox 535 2770 2131 2855">
     <span class='ocr_line' id='line_1_30' title="bbox 535 2770 2131 2855; baseline 0.009 -30"><span class='ocrx_word' id='word_1_190' title='bbox 535 2770 734 2841; x_wconf 80' lang='lat' dir='ltr'><strong>ignitus</strong></span> <span class='ocrx_word' id='word_1_191' title='bbox 752 2772 971 2855; x_wconf 82' lang='lat' dir='ltr'><strong>clypcus</strong></span> <span class='ocrx_word' id='word_1_192' title='bbox 991 2771 1204 2843; x_wconf 80' lang='lat' dir='ltr'><strong>dicitur,</strong></span> <span class='ocrx_word' id='word_1_193' title='bbox 1223 2777 1346 2847; x_wconf 88' lang='lat' dir='ltr'><strong>quia</strong></span> <span class='ocrx_word' id='word_1_194' title='bbox 1366 2776 1531 2835; x_wconf 88' lang='lat' dir='ltr'><strong>corda</strong></span> <span class='ocrx_word' id='word_1_195' title='bbox 1546 2778 1841 2836; x_wconf 87' lang='lat' dir='ltr'><strong>electornm</strong></span> <span class='ocrx_word' id='word_1_196' title='bbox 1864 2782 1955 2853; x_wconf 89' lang='lat' dir='ltr'><strong>qui</strong></span> <span class='ocrx_word' id='word_1_197' title='bbox 1976 2800 2131 2855; x_wconf 87' lang='lat' dir='ltr'><strong>spem</strong></span> 
     </span>
    </p>
   </div>
   <div class='ocr_carea' id='block_1_31' title="bbox 2254 483 3856 580">
    <p class='ocr_par' dir='ltr' id='par_1_31' title="bbox 2254 483 3856 580">
     <span class='ocr_line' id='line_1_31' title="bbox 2254 483 3856 580; baseline 0.008 -32"><span class='ocrx_word' id='word_1_198' title='bbox 2254 496 2499 563; x_wconf 89' lang='lat' dir='ltr'><strong>veniunt,</strong></span> <span class='ocrx_word' id='word_1_199' title='bbox 2526 502 2581 551; x_wconf 89' lang='lat' dir='ltr'><strong>et</strong></span> <span class='ocrx_word' id='word_1_200' title='bbox 2609 483 2895 567; x_wconf 72' lang='lat' dir='ltr'><strong>penetrare</strong></span> <span class='ocrx_word' id='word_1_201' title='bbox 2938 501 3115 579; x_wconf 85' lang='lat' dir='ltr'><strong>valent</strong></span> <span class='ocrx_word' id='word_1_202' title='bbox 3142 508 3350 556; x_wconf 85' lang='lat' dir='ltr'><strong>secreta</strong></span> <span class='ocrx_word' id='word_1_203' title='bbox 3392 503 3695 559; x_wconf 76' lang='lat' dir='ltr'><strong>emlestlnm</strong></span> <span class='ocrx_word' id='word_1_204' title='bbox 3732 483 3856 580; x_wconf 74' lang='lat' dir='ltr'><strong>my-</strong></span> 
     </span>
    </p>
   </div>
   <div class='ocr_carea' id='block_1_32' title="bbox 2246 576 3857 663">
    <p class='ocr_par' dir='ltr' id='par_1_32' title="bbox 2246 576 3857 663">
     <span class='ocr_line' id='line_1_32' title="bbox 2246 576 3857 663; baseline 0.007 -23"><span class='ocrx_word' id='word_1_205' title='bbox 2246 587 2550 643; x_wconf 77' lang='lat' dir='ltr'><strong>storiarum.</strong></span> <span class='ocrx_word' id='word_1_206' title='bbox 2570 589 2656 644; x_wconf 72' lang='lat' dir='ltr'><strong>De‘</strong></span> <span class='ocrx_word' id='word_1_207' title='bbox 2676 588 2873 646; x_wconf 84' lang='lat' dir='ltr'><strong>talibus</strong></span> <span class='ocrx_word' id='word_1_208' title='bbox 2901 576 3160 662; x_wconf 82' lang='lat' dir='ltr'><strong>scriptum</strong></span> <span class='ocrx_word' id='word_1_209' title='bbox 3183 598 3267 647; x_wconf 89' lang='lat' dir='ltr'><strong>est</strong></span> <span class='ocrx_word' id='word_1_210' title='bbox 3295 593 3348 647; x_wconf 85' lang='lat' dir='ltr'><strong>in</strong></span> <span class='ocrx_word' id='word_1_211' title='bbox 3376 590 3671 663; x_wconf 81' lang='lat' dir='ltr'><strong>Evangelia</strong></span> <span class='ocrx_word' id='word_1_212' title='bbox 3697 616 3711 649; x_wconf 88' lang='lat'><strong>:</strong></span> <span class='ocrx_word' id='word_1_213' title='bbox 3748 576 3857 662; x_wconf 60' lang='lat' dir='ltr'><strong>oi..-</strong></span> 
     </span>
    </p>
   </div>
   <div class='ocr_carea' id='block_1_33' title="bbox 2248 672 3848 756">
    <p class='ocr_par' dir='ltr' id='par_1_33' title="bbox 2248 672 3848 756">
     <span class='ocr_line' id='line_1_33' title="bbox 2248 672 3848 756; baseline 0.008 -24"><span class='ocrx_word' id='word_1_214' title='bbox 2248 678 2399 733; x_wconf 74' lang='lat' dir='ltr'><strong>ltabet</strong></span> <span class='ocrx_word' id='word_1_215' title='bbox 2440 672 2646 734; x_wconf 74' lang='lat' dir='ltr'><strong>dabitur</strong></span> <span class='ocrx_word' id='word_1_216' title='bbox 2671 680 2739 745; x_wconf 85' lang='lat' dir='ltr'><strong>ei,</strong></span> <span class='ocrx_word' id='word_1_217' title='bbox 2768 686 2825 736; x_wconf 80' lang='lat' dir='ltr'><strong>et</strong></span> <span class='ocrx_word' id='word_1_218' title='bbox 2846 680 3127 737; x_wconf 78' lang='lat' dir='ltr'><strong>abundabit</strong></span> <span class='ocrx_word' id='word_1_219' title='bbox 3153 680 3367 755; x_wconf 77' lang='lat' dir='ltr'><strong>(Matth.</strong></span> <span class='ocrx_word' id='word_1_220' title='bbox 3403 686 3557 755; x_wconf 78' lang='lat' dir='ltr'><strong>xm)“:</strong></span> <span class='ocrx_word' id='word_1_221' title='bbox 3589 688 3848 756; x_wconf 80' lang='lat' dir='ltr'><strong>quoniam</strong></span> 
     </span>
    </p>
   </div>
   <div class='ocr_carea' id='block_1_34' title="bbox 2245 762 3849 842">
    <p class='ocr_par' dir='ltr' id='par_1_34' title="bbox 2245 762 3849 842">
     <span class='ocr_line' id='line_1_34' title="bbox 2245 762 3849 842; baseline 0.008 -20"><span class='ocrx_word' id='word_1_222' title='bbox 2245 764 2336 836; x_wconf 88' lang='lat' dir='ltr'><strong>qui</strong></span> <span class='ocrx_word' id='word_1_223' title='bbox 2365 762 2627 825; x_wconf 69' lang='lat' dir='ltr'><strong>habuerit</strong></span> <span class='ocrx_word' id='word_1_224' title='bbox 2642 768 3137 842; x_wconf 81' lang='lat' dir='ltr'><strong>studium&#39;lege&#39;ndi,</strong></span> <span class='ocrx_word' id='word_1_225' title='bbox 3177 772 3396 830; x_wconf 79' lang='lat' dir='ltr'><strong>dabithr</strong></span> <span class='ocrx_word' id='word_1_226' title='bbox 3424 777 3473 831; x_wconf 89' lang='lat' dir='ltr'><strong>ei</strong></span> <span class='ocrx_word' id='word_1_227' title='bbox 3503 775 3732 834; x_wconf 76' lang='lat' dir='ltr'><strong>facultas</strong></span> <span class='ocrx_word' id='word_1_228' title='bbox 3760 781 3849 835; x_wconf 86' lang='lat' dir='ltr'><strong>in-</strong></span> 
     </span>
    </p>
   </div>
   <div class='ocr_carea' id='block_1_35' title="bbox 2248 858 3583 931">
    <p class='ocr_par' dir='ltr' id='par_1_35' title="bbox 2248 858 3583 931">
     <span class='ocr_line' id='line_1_35' title="bbox 2248 858 3583 931; baseline 0.014 -19"><span class='ocrx_word' id='word_1_229' title='bbox 2248 858 2541 931; x_wconf 79' lang='lat' dir='ltr'><strong>telligendi.</strong></span> <span class='ocrx_word' id='word_1_230' title='bbox 3578 880 3583 883; x_wconf 68' lang='grc'><strong>⁷</strong></span> 
     </span>
    </p>
   </div>
   <div class='ocr_carea' id='block_1_36' title="bbox 2215 946 3844 1029">
    <p class='ocr_par' dir='ltr' id='par_1_36' title="bbox 2215 946 3844 1029">
     <span class='ocr_line' id='line_1_36' title="bbox 2215 946 3844 1029; baseline 0.009 -26"><span class='ocrx_word' id='word_1_231' title='bbox 2215 962 2225 970; x_wconf 90' lang='grc'><strong>·</strong></span> <span class='ocrx_word' id='word_1_232' title='bbox 2316 946 2589 1008; x_wconf 58' lang='lat' dir='ltr'><strong>Vsu‘ssu&#39;s.</strong></span> <span class='ocrx_word' id='word_1_233' title='bbox 2623 951 2754 1020; x_wconf 83' lang='lat' dir='ltr'><strong>Quae</strong></span> <span class='ocrx_word' id='word_1_234' title='bbox 2795 962 2921 1009; x_wconf 83' lang='lat' dir='ltr'><strong>sunt</strong></span> <span class='ocrx_word' id='word_1_235' title='bbox 2970 950 3073 1010; x_wconf 77' lang='lat' dir='ltr'><strong>illa&#39;</strong></span> <span class='ocrx_word' id='word_1_236' title='bbox 3106 956 3209 1010; x_wconf 75' lang='lat' dir='ltr'><strong>tria</strong></span> <span class='ocrx_word' id='word_1_237' title='bbox 3257 956 3324 1012; x_wconf 90' lang='lat' dir='ltr'><strong>de</strong></span> <span class='ocrx_word' id='word_1_238' title='bbox 3354 948 3550 1029; x_wconf 78' lang='lat' dir='ltr'><strong>quibus</strong></span> <span class='ocrx_word' id='word_1_239' title='bbox 3584 959 3844 1018; x_wconf 81' lang='lat' dir='ltr'><strong>Salomon</strong></span> 
     </span>
    </p>
   </div>
   <div class='ocr_carea' id='block_1_37' title="bbox 2244 1034 3844 1123">
    <p class='ocr_par' dir='ltr' id='par_1_37' title="bbox 2244 1034 3844 1123">
     <span class='ocr_line' id='line_1_37' title="bbox 2244 1034 3844 1123; baseline 0.01 -30"><span class='ocrx_word' id='word_1_240' title='bbox 2244 1034 2375 1096; x_wconf 77' lang='lat' dir='ltr'><strong>dicit</strong></span> <span class='ocrx_word' id='word_1_241' title='bbox 2410 1060 2422 1094; x_wconf 87' lang='lat'>:</span> <span class='ocrx_word' id='word_1_242' title='bbox 2458 1040 2582 1097; x_wconf 80' lang='lat' dir='ltr'><strong>Tria</strong></span> <span class='ocrx_word' id='word_1_243' title='bbox 2610 1053 2731 1099; x_wconf 82' lang='lat' dir='ltr'><strong>sunt</strong></span> <span class='ocrx_word' id='word_1_244' title='bbox 2760 1048 2874 1118; x_wconf 70' lang='lat' dir='ltr'><strong>qua:</strong></span> <span class='ocrx_word' id='word_1_245' title='bbox 2906 1046 3035 1103; x_wconf 84' lang='lat' dir='ltr'><strong>bene</strong></span> <span class='ocrx_word' id='word_1_246' title='bbox 3060 1046 3387 1119; x_wconf 82' lang='lat' dir='ltr'><strong>gradiuntur,</strong></span> <span class='ocrx_word' id='word_1_247' title='bbox 3417 1060 3468 1105; x_wconf 89' lang='lat' dir='ltr'><strong>et</strong></span> <span class='ocrx_word' id='word_1_248' title='bbox 3496 1060 3734 1123; x_wconf 80' lang='lat' dir='ltr'><strong>quartum</strong></span> <span class='ocrx_word' id='word_1_249' title='bbox 3759 1057 3844 1109; x_wconf 83' lang='lat' dir='ltr'><strong>in-</strong></span> 
     </span>
    </p>
   </div>
   <div class='ocr_carea' id='block_1_38' title="bbox 2245 1130 3491 1206">
    <p class='ocr_par' dir='ltr' id='par_1_38' title="bbox 2245 1130 3491 1206">
     <span class='ocr_line' id='line_1_38' title="bbox 2245 1130 3491 1206; baseline 0.01 -20"><span class='ocrx_word' id='word_1_250' title='bbox 2245 1130 2380 1188; x_wconf 82' lang='lat' dir='ltr'><strong>cedit</strong></span> <span class='ocrx_word' id='word_1_251' title='bbox 2408 1130 2669 1206; x_wconf 66' lang='lat' dir='ltr'><strong>feliciter?</strong></span> <span class='ocrx_word' id='word_1_252' title='bbox 3483 1154 3491 1161; x_wconf 84' lang='lat'><strong><em>&#39;</em></strong></span> 
     </span>
    </p>
   </div>
   <div class='ocr_carea' id='block_1_39' title="bbox 2313 1222 3843 1308">
    <p class='ocr_par' dir='ltr' id='par_1_39' title="bbox 2313 1222 3843 1308">
     <span class='ocr_line' id='line_1_39' title="bbox 2313 1222 3843 1308; baseline 0.01 -28"><span class='ocrx_word' id='word_1_253' title='bbox 2313 1222 2592 1283; x_wconf 54' lang='lat' dir='ltr'><strong>Summus.</strong></span> <span class='ocrx_word' id='word_1_254' title='bbox 2614 1227 2724 1286; x_wconf 91' lang='lat' dir='ltr'><strong>Leo</strong></span> <span class='ocrx_word' id='word_1_255' title='bbox 2745 1224 3068 1307; x_wconf 79' lang='lat' dir='ltr'><strong>fortissimus</strong></span> <span class='ocrx_word' id='word_1_256' title='bbox 3089 1234 3401 1304; x_wconf 88' lang='lat' dir='ltr'><strong>bestiarum,</strong></span> <span class='ocrx_word' id='word_1_257' title='bbox 3430 1239 3521 1308; x_wconf 87' lang='lat' dir='ltr'><strong>qui</strong></span> <span class='ocrx_word' id='word_1_258' title='bbox 3548 1238 3615 1292; x_wconf 90' lang='lat' dir='ltr'><strong>ad</strong></span> <span class='ocrx_word' id='word_1_259' title='bbox 3640 1241 3843 1296; x_wconf 86' lang='lat' dir='ltr'><strong>nullius</strong></span> 
     </span>
    </p>
   </div>
   <div class='ocr_carea' id='block_1_40' title="bbox 2202 1324 3837 1402">
    <p class='ocr_par' dir='ltr' id='par_1_40' title="bbox 2202 1324 3837 1402">
     <span class='ocr_line' id='line_1_40' title="bbox 2202 1324 3837 1402; baseline 0.013 -35"><span class='ocrx_word' id='word_1_260' title='bbox 2202 1378 2209 1385; x_wconf 37' lang='grc' dir='ltr'><strong>ο</strong></span> <span class='ocrx_word' id='word_1_261' title='bbox 2242 1325 2404 1385; x_wconf 86' lang='lat' dir='ltr'><strong>pavet</strong></span> <span class='ocrx_word' id='word_1_262' title='bbox 2441 1333 2725 1375; x_wconf 90' lang='lat' dir='ltr'><strong>occursum</strong></span> <span class='ocrx_word' id='word_1_263' title='bbox 2758 1341 2770 1374; x_wconf 87' lang='lat'><strong>:</strong></span> <span class='ocrx_word' id='word_1_264' title='bbox 2801 1324 2973 1391; x_wconf 82' lang='lat' dir='ltr'><strong>gallus</strong></span> <span class='ocrx_word' id='word_1_265' title='bbox 2997 1324 3301 1382; x_wconf 87' lang='lat' dir='ltr'><strong>succinctus</strong></span> <span class='ocrx_word' id='word_1_266' title='bbox 3329 1326 3565 1384; x_wconf 89' lang='lat' dir='ltr'><strong>lumbos:</strong></span> <span class='ocrx_word' id='word_1_267' title='bbox 3594 1334 3649 1384; x_wconf 88' lang='lat' dir='ltr'><strong>et</strong></span> <span class='ocrx_word' id='word_1_268' title='bbox 3671 1332 3837 1402; x_wconf 88' lang='lat' dir='ltr'><strong>aries,</strong></span> 
     </span>
    </p>
   </div>
   <div class='ocr_carea' id='block_1_41' title="bbox 2249 1404 3834 1493">
    <p class='ocr_par' dir='ltr' id='par_1_41' title="bbox 2249 1404 3834 1493">
     <span class='ocr_line' id='line_1_41' title="bbox 2249 1404 3834 1493; baseline 0.013 -33"><span class='ocrx_word' id='word_1_269' title='bbox 2249 1423 2351 1463; x_wconf 90' lang='lat' dir='ltr'><strong>nec</strong></span> <span class='ocrx_word' id='word_1_270' title='bbox 2377 1418 2459 1464; x_wconf 90' lang='lat' dir='ltr'><strong>est</strong></span> <span class='ocrx_word' id='word_1_271' title='bbox 2508 1422 2602 1467; x_wconf 82' lang='lat' dir='ltr'><strong>rex</strong></span> <span class='ocrx_word' id='word_1_272' title='bbox 2631 1404 2724 1482; x_wconf 89' lang='lat' dir='ltr'><strong>qui</strong></span> <span class='ocrx_word' id='word_1_273' title='bbox 2753 1408 2970 1472; x_wconf 82' lang='lat' dir='ltr'><strong>resistat</strong></span> <span class='ocrx_word' id='word_1_274' title='bbox 2998 1412 3065 1472; x_wconf 84' lang='lat' dir='ltr'><strong>ei.</strong></span> <span class='ocrx_word' id='word_1_275' title='bbox 3109 1416 3216 1473; x_wconf 87' lang='lat' dir='ltr'><strong>Ista</strong></span> <span class='ocrx_word' id='word_1_276' title='bbox 3245 1428 3366 1474; x_wconf 90' lang='lat' dir='ltr'><strong>sunt</strong></span> <span class='ocrx_word' id='word_1_277' title='bbox 3392 1435 3510 1490; x_wconf 73' lang='lat' dir='ltr'><strong>qua:</strong></span> <span class='ocrx_word' id='word_1_278' title='bbox 3538 1422 3674 1478; x_wconf 88' lang='lat' dir='ltr'><strong>bene</strong></span> <span class='ocrx_word' id='word_1_279' title='bbox 3704 1422 3834 1493; x_wconf 53' lang='lat' dir='ltr'><strong>graQ-</strong></span> 
     </span>
    </p>
   </div>
   <div class='ocr_carea' id='block_1_42' title="bbox 2243 1490 2761 1557">
    <p class='ocr_par' dir='ltr' id='par_1_42' title="bbox 2243 1490 2761 1557">
     <span class='ocr_line' id='line_1_42' title="bbox 2243 1490 2761 1557; baseline 0.014 -4"><span class='ocrx_word' id='word_1_280' title='bbox 2243 1490 2294 1553; x_wconf 82' lang='lat' dir='ltr'><strong>di</strong></span> <span class='ocrx_word' id='word_1_281' title='bbox 2303 1510 2495 1557; x_wconf 68' lang='lat' dir='ltr'><strong>unlur.’</strong></span> <span class='ocrx_word' id='word_1_282' title='bbox 2621 1494 2639 1507; x_wconf 32' lang='grc' dir='ltr'><em>Μ</em></span> <span class='ocrx_word' id='word_1_283' title='bbox 2760 1500 2761 1503; x_wconf 31' lang='grc'><em>“</em></span> 
     </span>
    </p>
   </div>
   <div class='ocr_carea' id='block_1_43' title="bbox 2315 1583 3355 1670">
    <p class='ocr_par' dir='ltr' id='par_1_43' title="bbox 2315 1583 3355 1670">
     <span class='ocr_line' id='line_1_43' title="bbox 2315 1583 3355 1670; baseline 0.012 -24"><span class='ocrx_word' id='word_1_284' title='bbox 2315 1583 2583 1652; x_wconf 72' lang='lat' dir='ltr'><strong>Vsmsus.</strong></span> <span class='ocrx_word' id='word_1_285' title='bbox 2615 1597 2797 1667; x_wconf 86' lang='lat' dir='ltr'><strong>Quem‘</strong></span> <span class='ocrx_word' id='word_1_286' title='bbox 2815 1600 3079 1670; x_wconf 79' lang='lat' dir='ltr'><strong>significat</strong></span> <span class='ocrx_word' id='word_1_287' title='bbox 3101 1603 3203 1658; x_wconf 90' lang='lat' dir='ltr'><strong>iste</strong></span> <span class='ocrx_word' id='word_1_288' title='bbox 3232 1603 3355 1660; x_wconf 84' lang='lat' dir='ltr'><strong>leo?</strong></span> 
     </span>
    </p>
   </div>
   <div class='ocr_carea' id='block_1_44' title="bbox 2311 1672 3835 1771">
    <p class='ocr_par' dir='ltr' id='par_1_44' title="bbox 2311 1672 3835 1771">
     <span class='ocr_line' id='line_1_44' title="bbox 2311 1672 3835 1771; baseline 0.01 -33"><span class='ocrx_word' id='word_1_289' title='bbox 2311 1672 2594 1742; x_wconf 55' lang='lat' dir='ltr'><strong>Summus.</strong></span> <span class='ocrx_word' id='word_1_290' title='bbox 2625 1680 2777 1745; x_wconf 88' lang='lat' dir='ltr'><strong>[llum</strong></span> <span class='ocrx_word' id='word_1_291' title='bbox 2806 1684 2872 1747; x_wconf 83' lang='lat' dir='ltr'><strong>de</strong></span> <span class='ocrx_word' id='word_1_292' title='bbox 2900 1708 3009 1771; x_wconf 79' lang='lat' dir='ltr'><strong>quo</strong></span> <span class='ocrx_word' id='word_1_293' title='bbox 3048 1695 3307 1765; x_wconf 82' lang='lat' dir='ltr'><strong>scriptum</strong></span> <span class='ocrx_word' id='word_1_294' title='bbox 3337 1705 3419 1753; x_wconf 90' lang='lat' dir='ltr'><strong>est</strong></span> <span class='ocrx_word' id='word_1_295' title='bbox 3448 1715 3465 1749; x_wconf 82' lang='lat'><strong>:</strong></span> <span class='ocrx_word' id='word_1_296' title='bbox 3505 1694 3644 1752; x_wconf 81' lang='lat' dir='ltr'><strong>Vicit</strong></span> <span class='ocrx_word' id='word_1_297' title='bbox 3660 1696 3741 1753; x_wconf 85' lang='lat' dir='ltr'><strong>leo</strong></span> <span class='ocrx_word' id='word_1_298' title='bbox 3769 1700 3835 1754; x_wconf 83' lang='lat' dir='ltr'><strong>de</strong></span> 
     </span>
    </p>
   </div>
   <div class='ocr_carea' id='block_1_45' title="bbox 2163 1773 3825 1857">
    <p class='ocr_par' dir='ltr' id='par_1_45' title="bbox 2163 1773 3825 1857">
     <span class='ocr_line' id='line_1_45' title="bbox 2163 1773 3825 1857; baseline 0.014 -33"><span class='ocrx_word' id='word_1_299' title='bbox 2163 1788 2207 1848; x_wconf 76' lang='grc' dir='ltr'><strong>Β</strong></span> <span class='ocrx_word' id='word_1_300' title='bbox 2238 1773 2371 1827; x_wconf 80' lang='lat' dir='ltr'><strong>tribu</strong></span> <span class='ocrx_word' id='word_1_301' title='bbox 2403 1773 2565 1846; x_wconf 79' lang='lat' dir='ltr'><strong>Iuda,</strong></span> <span class='ocrx_word' id='word_1_302' title='bbox 2598 1778 2701 1837; x_wconf 73' lang='lat' dir='ltr'><strong>etc.</strong></span> <span class='ocrx_word' id='word_1_303' title='bbox 2734 1784 2919 1856; x_wconf 76' lang='lat' dir='ltr'><strong>(Apoc.</strong></span> <span class='ocrx_word' id='word_1_304' title='bbox 2951 1786 3040 1857; x_wconf 91' lang='lat' dir='ltr'><strong>v),</strong></span> <span class='ocrx_word' id='word_1_305' title='bbox 3090 1787 3373 1843; x_wconf 87' lang='lat' dir='ltr'><strong>Dominum</strong></span> <span class='ocrx_word' id='word_1_306' title='bbox 3403 1784 3607 1847; x_wconf 88' lang='lat' dir='ltr'><strong>scilicet</strong></span> <span class='ocrx_word' id='word_1_307' title='bbox 3644 1788 3825 1848; x_wconf 69' lang='lat' dir='ltr'><strong>Iesum</strong></span> 
     </span>
    </p>
   </div>
   <div class='ocr_carea' id='block_1_46' title="bbox 2236 1860 3843 1958">
    <p class='ocr_par' dir='ltr' id='par_1_46' title="bbox 2236 1860 3843 1958">
     <span class='ocr_line' id='line_1_46' title="bbox 2236 1860 3843 1958; baseline 0.016 -40"><span class='ocrx_word' id='word_1_308' title='bbox 2236 1862 2528 1935; x_wconf 90' lang='lat' dir='ltr'><strong>Christum,</strong></span> <span class='ocrx_word' id='word_1_309' title='bbox 2548 1860 2639 1940; x_wconf 85' lang='lat' dir='ltr'><strong>qui</strong></span> <span class='ocrx_word' id='word_1_310' title='bbox 2663 1872 2987 1934; x_wconf 81' lang='lat' dir='ltr'><strong>fortissimus</strong></span> <span class='ocrx_word' id='word_1_311' title='bbox 3009 1879 3299 1935; x_wconf 88' lang='lat' dir='ltr'><strong>bestiarum</strong></span> <span class='ocrx_word' id='word_1_312' title='bbox 3316 1882 3528 1950; x_wconf 86' lang='lat' dir='ltr'><strong>dicitur,</strong></span> <span class='ocrx_word' id='word_1_313' title='bbox 3548 1885 3673 1953; x_wconf 88' lang='lat' dir='ltr'><strong>quia</strong></span> <span class='ocrx_word' id='word_1_314' title='bbox 3693 1887 3827 1958; x_wconf 79' lang='lat' dir='ltr'><strong>quod</strong></span> <span class='ocrx_word' id='word_1_315' title='bbox 3836 1882 3843 1887; x_wconf 62' lang='grc'><em>’</em></span> 
     </span>
    </p>
   </div>
   <div class='ocr_carea' id='block_1_47' title="bbox 2233 1952 3687 2048">
    <p class='ocr_par' dir='ltr' id='par_1_47' title="bbox 2233 1952 3687 2048">
     <span class='ocr_line' id='line_1_47' title="bbox 2233 1952 3687 2048; baseline 0.017 -40"><span class='ocrx_word' id='word_1_316' title='bbox 2233 1952 2503 2048; x_wconf 61' lang='lat' dir='ltr'><strong>inﬁrmum</strong></span> <span class='ocrx_word' id='word_1_317' title='bbox 2529 1971 2606 2016; x_wconf 84' lang='lat' dir='ltr'><strong>est</strong></span> <span class='ocrx_word' id='word_1_318' title='bbox 2625 1962 2723 2020; x_wconf 86' lang='lat' dir='ltr'><strong>Dei</strong></span> <span class='ocrx_word' id='word_1_319' title='bbox 2752 1969 2939 2039; x_wconf 81' lang='lat' dir='ltr'><strong>fortius</strong></span> <span class='ocrx_word' id='word_1_320' title='bbox 2967 1982 3044 2026; x_wconf 82' lang='lat' dir='ltr'><strong>est</strong></span> <span class='ocrx_word' id='word_1_321' title='bbox 3070 1972 3362 2029; x_wconf 83' lang='lat' dir='ltr'><strong>hominibus</strong></span> <span class='ocrx_word' id='word_1_322' title='bbox 3392 1973 3448 2046; x_wconf 89' lang='lat' dir='ltr'><strong>(I</strong></span> <span class='ocrx_word' id='word_1_323' title='bbox 3475 1952 3593 2031; x_wconf 68' lang='lat' dir='ltr'><strong>Cor.</strong></span> <span class='ocrx_word' id='word_1_324' title='bbox 3625 1974 3687 2048; x_wconf 82' lang='grc' dir='ltr'><strong>ι).</strong></span> 
     </span>
    </p>
   </div>
   <div class='ocr_carea' id='block_1_48' title="bbox 2310 2046 3506 2123">
    <p class='ocr_par' dir='ltr' id='par_1_48' title="bbox 2310 2046 3506 2123">
     <span class='ocr_line' id='line_1_48' title="bbox 2310 2046 3506 2123; baseline 0.016 -21"><span class='ocrx_word' id='word_1_325' title='bbox 2310 2046 2582 2109; x_wconf 60' lang='lat' dir='ltr'><strong>Vesanus.</strong></span> <span class='ocrx_word' id='word_1_326' title='bbox 2613 2056 2768 2123; x_wconf 86' lang='lat' dir='ltr'><strong>Quod</strong></span> <span class='ocrx_word' id='word_1_327' title='bbox 2795 2069 2879 2115; x_wconf 91' lang='lat' dir='ltr'><strong>est</strong></span> <span class='ocrx_word' id='word_1_328' title='bbox 2907 2062 3038 2118; x_wconf 88' lang='lat' dir='ltr'><strong>illud</strong></span> <span class='ocrx_word' id='word_1_329' title='bbox 3066 2064 3336 2120; x_wconf 89' lang='lat' dir='ltr'><strong>inlirmum</strong></span> <span class='ocrx_word' id='word_1_330' title='bbox 3366 2066 3461 2122; x_wconf 88' lang='lat' dir='ltr'><strong>Dei</strong></span> <span class='ocrx_word' id='word_1_331' title='bbox 3483 2069 3506 2108; x_wconf 72' lang='grc' dir='ltr'><em>’θ</em></span> 
     </span>
    </p>
   </div>
   <div class='ocr_carea' id='block_1_49' title="bbox 2307 2138 3830 2221">
    <p class='ocr_par' dir='ltr' id='par_1_49' title="bbox 2307 2138 3830 2221">
     <span class='ocr_line' id='line_1_49' title="bbox 2307 2138 3830 2221; baseline 0.014 -26"><span class='ocrx_word' id='word_1_332' title='bbox 2307 2138 2587 2200; x_wconf 71' lang='lat' dir='ltr'><strong>SALONIUS.</strong></span> <span class='ocrx_word' id='word_1_333' title='bbox 2611 2147 2887 2206; x_wconf 84' lang='lat' dir='ltr'><strong>Inlirmum</strong></span> <span class='ocrx_word' id='word_1_334' title='bbox 2916 2153 3016 2208; x_wconf 86' lang='lat' dir='ltr'><strong>fuit</strong></span> <span class='ocrx_word' id='word_1_335' title='bbox 3054 2155 3169 2221; x_wconf 89' lang='lat' dir='ltr'><strong>Dei,</strong></span> <span class='ocrx_word' id='word_1_336' title='bbox 3198 2172 3420 2212; x_wconf 84' lang='lat' dir='ltr'><strong>carnem</strong></span> <span class='ocrx_word' id='word_1_337' title='bbox 3450 2168 3649 2214; x_wconf 65' lang='lat' dir='ltr'><strong>nostra:</strong></span> <span class='ocrx_word' id='word_1_338' title='bbox 3687 2176 3830 2217; x_wconf 85' lang='lat' dir='ltr'><strong>mor-</strong></span> 
     </span>
    </p>
   </div>
   <div class='ocr_carea' id='block_1_50' title="bbox 2236 2228 3829 2322">
    <p class='ocr_par' dir='ltr' id='par_1_50' title="bbox 2236 2228 3829 2322">
     <span class='ocr_line' id='line_1_50' title="bbox 2236 2228 3829 2322; baseline 0.014 -37"><span class='ocrx_word' id='word_1_339' title='bbox 2236 2233 2457 2319; x_wconf 82' lang='lat' dir='ltr'><strong>talitatis</strong></span> <span class='ocrx_word' id='word_1_340' title='bbox 2478 2254 2785 2298; x_wconf 87' lang='lat' dir='ltr'><strong>assumere:</strong></span> <span class='ocrx_word' id='word_1_341' title='bbox 2809 2245 2904 2301; x_wconf 90' lang='lat' dir='ltr'><strong>sed</strong></span> <span class='ocrx_word' id='word_1_342' title='bbox 2928 2228 3032 2302; x_wconf 79' lang='lat' dir='ltr'><strong>hoc</strong></span> <span class='ocrx_word' id='word_1_343' title='bbox 3058 2246 3248 2303; x_wconf 78' lang='lat' dir='ltr'><strong>fortius</strong></span> <span class='ocrx_word' id='word_1_344' title='bbox 3271 2257 3353 2303; x_wconf 90' lang='lat' dir='ltr'><strong>est</strong></span> <span class='ocrx_word' id='word_1_345' title='bbox 3374 2250 3682 2308; x_wconf 90' lang='lat' dir='ltr'><strong>hominibus</strong></span> <span class='ocrx_word' id='word_1_346' title='bbox 3702 2254 3829 2322; x_wconf 82' lang='lat' dir='ltr'><strong>quia</strong></span> 
     </span>
    </p>
   </div>
   <div class='ocr_carea' id='block_1_51' title="bbox 2235 2312 3824 2410">
    <p class='ocr_par' dir='ltr' id='par_1_51' title="bbox 2235 2312 3824 2410">
     <span class='ocr_line' id='line_1_51' title="bbox 2235 2312 3824 2410; baseline 0.013 -32"><span class='ocrx_word' id='word_1_347' title='bbox 2235 2312 2351 2410; x_wconf 80' lang='lat' dir='ltr'><strong>ipse</strong></span> <span class='ocrx_word' id='word_1_348' title='bbox 2372 2327 2535 2386; x_wconf 88' lang='lat' dir='ltr'><strong>homo</strong></span> <span class='ocrx_word' id='word_1_349' title='bbox 2581 2342 2741 2401; x_wconf 80' lang='lat' dir='ltr'><strong>natus</strong></span> <span class='ocrx_word' id='word_1_350' title='bbox 2779 2351 2846 2391; x_wconf 83' lang='lat' dir='ltr'><strong>ex</strong></span> <span class='ocrx_word' id='word_1_351' title='bbox 2868 2336 3108 2407; x_wconf 80' lang='lat' dir='ltr'><strong>Virgine,</strong></span> <span class='ocrx_word' id='word_1_352' title='bbox 3130 2339 3400 2410; x_wconf 79' lang='lat' dir='ltr'><strong>perfectus</strong></span> <span class='ocrx_word' id='word_1_353' title='bbox 3428 2344 3639 2397; x_wconf 80' lang='lat' dir='ltr'><strong>exstitit</strong></span> <span class='ocrx_word' id='word_1_354' title='bbox 3666 2312 3824 2399; x_wconf 73' lang='lat' dir='ltr'><strong>Deus.</strong></span> 
     </span>
    </p>
   </div>
   <div class='ocr_carea' id='block_1_52' title="bbox 2306 2400 3827 2503">
    <p class='ocr_par' dir='ltr' id='par_1_52' title="bbox 2306 2400 3827 2503">
     <span class='ocr_line' id='line_1_52' title="bbox 2306 2400 3827 2503; baseline 0.014 -33"><span class='ocrx_word' id='word_1_355' title='bbox 2306 2400 2577 2478; x_wconf 63' lang='lat' dir='ltr'><strong>Viximus.</strong></span> <span class='ocrx_word' id='word_1_356' title='bbox 2611 2422 2790 2493; x_wconf 81' lang='lat' dir='ltr'><strong>Quare</strong></span> <span class='ocrx_word' id='word_1_357' title='bbox 2820 2427 2920 2482; x_wconf 86' lang='lat' dir='ltr'><strong>iste</strong></span> <span class='ocrx_word' id='word_1_358' title='bbox 2968 2420 3055 2484; x_wconf 87' lang='lat' dir='ltr'><strong>leo</strong></span> <span class='ocrx_word' id='word_1_359' title='bbox 3084 2428 3151 2486; x_wconf 89' lang='lat' dir='ltr'><strong>ad</strong></span> <span class='ocrx_word' id='word_1_360' title='bbox 3191 2430 3387 2489; x_wconf 91' lang='lat' dir='ltr'><strong>nullius</strong></span> <span class='ocrx_word' id='word_1_361' title='bbox 3432 2442 3596 2503; x_wconf 82' lang='lat' dir='ltr'><strong>pavet</strong></span> <span class='ocrx_word' id='word_1_362' title='bbox 3640 2451 3827 2491; x_wconf 81' lang='lat' dir='ltr'><strong>occur-</strong></span> 
     </span>
    </p>
   </div>
   <div class='ocr_carea' id='block_1_53' title="bbox 2232 2513 2397 2565">
    <p class='ocr_par' dir='ltr' id='par_1_53' title="bbox 2232 2513 2397 2565">
     <span class='ocr_line' id='line_1_53' title="bbox 2232 2513 2397 2565; baseline 0.024 -4"><span class='ocrx_word' id='word_1_363' title='bbox 2232 2521 2350 2563; x_wconf 88' lang='lat' dir='ltr'><strong>sum</strong></span> <span class='ocrx_word' id='word_1_364' title='bbox 2374 2513 2397 2565; x_wconf 87' lang='lat'><strong>?</strong></span> 
     </span>
    </p>
   </div>
   <div class='ocr_carea' id='block_1_54' title="bbox 2300 2608 3824 2689">
    <p class='ocr_par' dir='ltr' id='par_1_54' title="bbox 2300 2608 3824 2689">
     <span class='ocr_line' id='line_1_54' title="bbox 2300 2608 3824 2689; baseline 0.006 -24"><span class='ocrx_word' id='word_1_365' title='bbox 2300 2609 2581 2665; x_wconf 71' lang='lat' dir='ltr'><strong>SALoxius.</strong></span> <span class='ocrx_word' id='word_1_366' title='bbox 2605 2608 2739 2677; x_wconf 89' lang='lat' dir='ltr'><strong>Quia</strong></span> <span class='ocrx_word' id='word_1_367' title='bbox 2765 2620 3030 2681; x_wconf 85' lang='lat' dir='ltr'><strong>peccatum</strong></span> <span class='ocrx_word' id='word_1_368' title='bbox 3058 2630 3161 2670; x_wconf 87' lang='lat' dir='ltr'><strong>non</strong></span> <span class='ocrx_word' id='word_1_369' title='bbox 3190 2617 3334 2689; x_wconf 79' lang='lat' dir='ltr'><strong>fecit,</strong></span> <span class='ocrx_word' id='word_1_370' title='bbox 3362 2635 3455 2672; x_wconf 84' lang='lat' dir='ltr'><strong>nec</strong></span> <span class='ocrx_word' id='word_1_371' title='bbox 3491 2628 3567 2673; x_wconf 86' lang='lat' dir='ltr'><strong>cst</strong></span> <span class='ocrx_word' id='word_1_372' title='bbox 3592 2620 3824 2675; x_wconf 76' lang='lat' dir='ltr'><strong>inventus</strong></span> 
     </span>
    </p>
   </div>
   <div class='ocr_carea' id='block_1_55' title="bbox 2228 2700 3821 2779">
    <p class='ocr_par' dir='ltr' id='par_1_55' title="bbox 2228 2700 3821 2779">
     <span class='ocr_line' id='line_1_55' title="bbox 2228 2700 3821 2779; baseline 0.007 -25"><span class='ocrx_word' id='word_1_373' title='bbox 2228 2700 2377 2756; x_wconf 85' lang='lat' dir='ltr'><strong>dolus</strong></span> <span class='ocrx_word' id='word_1_374' title='bbox 2406 2702 2461 2755; x_wconf 85' lang='lat' dir='ltr'><strong>in</strong></span> <span class='ocrx_word' id='word_1_375' title='bbox 2489 2702 2578 2756; x_wconf 80' lang='lat' dir='ltr'><strong>ore</strong></span> <span class='ocrx_word' id='word_1_376' title='bbox 2598 2702 2708 2772; x_wconf 83' lang='lat' dir='ltr'><strong>ejus</strong></span> <span class='ocrx_word' id='word_1_377' title='bbox 2742 2701 2797 2774; x_wconf 92' lang='grc' dir='ltr'><strong>(Ι</strong></span> <span class='ocrx_word' id='word_1_378' title='bbox 2818 2703 2965 2759; x_wconf 85' lang='lat' dir='ltr'><strong>Petr.</strong></span> <span class='ocrx_word' id='word_1_379' title='bbox 2994 2706 3076 2777; x_wconf 87' lang='lat' dir='ltr'><strong>tt);</strong></span> <span class='ocrx_word' id='word_1_380' title='bbox 3107 2706 3249 2764; x_wconf 89' lang='lat' dir='ltr'><strong>unde</strong></span> <span class='ocrx_word' id='word_1_381' title='bbox 3278 2709 3394 2779; x_wconf 88' lang='lat' dir='ltr'><strong>ipse</strong></span> <span class='ocrx_word' id='word_1_382' title='bbox 3414 2709 3547 2766; x_wconf 87' lang='lat' dir='ltr'><strong>dicit</strong></span> <span class='ocrx_word' id='word_1_383' title='bbox 3572 2706 3623 2766; x_wconf 91' lang='lat' dir='ltr'><strong>in</strong></span> <span class='ocrx_word' id='word_1_384' title='bbox 3646 2710 3821 2767; x_wconf 72' lang='lat' dir='ltr'><strong>Evam</strong></span> 
     </span>
    </p>
   </div>
   <div class='ocr_carea' id='block_1_56' title="bbox 2228 2792 3822 2869">
    <p class='ocr_par' dir='ltr' id='par_1_56' title="bbox 2228 2792 3822 2869">
     <span class='ocr_line' id='line_1_56' title="bbox 2228 2792 3822 2869; baseline 0.006 -19"><span class='ocrx_word' id='word_1_385' title='bbox 2228 2794 2371 2863; x_wconf 83' lang='lat' dir='ltr'><strong>gelio</strong></span> <span class='ocrx_word' id='word_1_386' title='bbox 2397 2812 2409 2847; x_wconf 74' lang='grc' dir='ltr'>ε</span> <span class='ocrx_word' id='word_1_387' title='bbox 2444 2792 2581 2848; x_wconf 86' lang='lat' dir='ltr'><strong>Ecce</strong></span> <span class='ocrx_word' id='word_1_388' title='bbox 2601 2795 2738 2848; x_wconf 76' lang='lat' dir='ltr'><strong>venit</strong></span> <span class='ocrx_word' id='word_1_389' title='bbox 2763 2797 3006 2869; x_wconf 73' lang='lat' dir='ltr'><strong>princeps</strong></span> <span class='ocrx_word' id='word_1_390' title='bbox 3028 2801 3226 2868; x_wconf 86' lang='lat' dir='ltr'><strong>mundi,</strong></span> <span class='ocrx_word' id='word_1_391' title='bbox 3249 2811 3298 2856; x_wconf 90' lang='lat' dir='ltr'><strong>et</strong></span> <span class='ocrx_word' id='word_1_392' title='bbox 3325 2804 3379 2858; x_wconf 89' lang='lat' dir='ltr'><strong>in</strong></span> <span class='ocrx_word' id='word_1_393' title='bbox 3401 2819 3482 2857; x_wconf 83' lang='lat' dir='ltr'><strong>me</strong></span> <span class='ocrx_word' id='word_1_394' title='bbox 3505 2822 3606 2859; x_wconf 88' lang='lat' dir='ltr'><strong>non</strong></span> <span class='ocrx_word' id='word_1_395' title='bbox 3632 2807 3822 2859; x_wconf 77' lang='lat' dir='ltr'><strong>invenit</strong></span> 
     </span>
    </p>
   </div>
   <div class='ocr_carea' id='block_1_57' title="bbox 534 2860 2525 2961">
    <p class='ocr_par' dir='ltr' id='par_1_57' title="bbox 534 2860 2525 2961">
     <span class='ocr_line' id='line_1_57' title="bbox 534 2860 2525 2961; baseline 0.01 -44"><span class='ocrx_word' id='word_1_396' title='bbox 534 2876 686 2917; x_wconf 89' lang='lat' dir='ltr'><strong>suam</strong></span> <span class='ocrx_word' id='word_1_397' title='bbox 715 2863 768 2917; x_wconf 93' lang='lat' dir='ltr'><strong>in</strong></span> <span class='ocrx_word' id='word_1_398' title='bbox 818 2860 930 2949; x_wconf 80' lang='lat' dir='ltr'><strong>Deo</strong></span> <span class='ocrx_word' id='word_1_399' title='bbox 977 2874 1202 2936; x_wconf 86' lang='lat' dir='ltr'><strong>ponunt,</strong></span> <span class='ocrx_word' id='word_1_400' title='bbox 1233 2861 1289 2923; x_wconf 84' lang='lat' dir='ltr'><strong>et</strong></span> <span class='ocrx_word' id='word_1_401' title='bbox 1319 2860 1441 2938; x_wconf 85' lang='lat' dir='ltr'><strong>igne</strong></span> <span class='ocrx_word' id='word_1_402' title='bbox 1471 2864 1731 2928; x_wconf 87' lang='lat' dir='ltr'><strong>claritatis</strong></span> <span class='ocrx_word' id='word_1_403' title='bbox 1757 2874 2020 2943; x_wconf 78' lang='lat' dir='ltr'><strong>accendit,</strong></span> <span class='ocrx_word' id='word_1_404' title='bbox 2073 2882 2128 2931; x_wconf 89' lang='lat' dir='ltr'><strong>et</strong></span> <span class='ocrx_word' id='word_1_405' title='bbox 2225 2860 2525 2961; x_wconf 33' lang='lat' dir='ltr'><strong>numquam.</strong></span> 
     </span>
    </p>
   </div>
   <div class='ocr_carea' id='block_1_58' title="bbox 534 2946 2124 3038">
    <p class='ocr_par' dir='ltr' id='par_1_58' title="bbox 534 2946 2124 3038">
     <span class='ocr_line' id='line_1_58' title="bbox 534 2946 2124 3038; baseline 0.01 -31"><span class='ocrx_word' id='word_1_406' title='bbox 534 2954 757 3009; x_wconf 89' lang='lat' dir='ltr'><strong>scientia</strong></span> <span class='ocrx_word' id='word_1_407' title='bbox 785 2946 1027 3012; x_wconf 86' lang='lat' dir='ltr'><strong>veritatis</strong></span> <span class='ocrx_word' id='word_1_408' title='bbox 1052 2952 1366 3029; x_wconf 71' lang='lat' dir='ltr'><strong>illuminat,</strong></span> <span class='ocrx_word' id='word_1_409' title='bbox 1398 2971 1455 3018; x_wconf 90' lang='lat' dir='ltr'><strong>et</strong></span> <span class='ocrx_word' id='word_1_410' title='bbox 1482 2962 1670 3020; x_wconf 87' lang='lat' dir='ltr'><strong>sordes</strong></span> <span class='ocrx_word' id='word_1_411' title='bbox 1709 2965 1961 3021; x_wconf 82' lang='lat' dir='ltr'><strong>vitiorum</strong></span> <span class='ocrx_word' id='word_1_412' title='bbox 1990 2983 2124 3038; x_wconf 89' lang='lat' dir='ltr'><strong>quas</strong></span> 
     </span>
    </p>
   </div>
   <div class='ocr_carea' id='block_1_59' title="bbox 464 3038 2120 3145">
    <p class='ocr_par' dir='ltr' id='par_1_59' title="bbox 464 3038 2120 3145">
     <span class='ocr_line' id='line_1_59' title="bbox 464 3038 2120 3145; baseline 0.01 -41"><span class='ocrx_word' id='word_1_413' title='bbox 464 3038 467 3041; x_wconf 54' lang='grc'><em>’</em></span> <span class='ocrx_word' id='word_1_414' title='bbox 533 3049 587 3105; x_wconf 81' lang='lat' dir='ltr'><strong>in</strong></span> <span class='ocrx_word' id='word_1_415' title='bbox 617 3052 696 3107; x_wconf 88' lang='lat' dir='ltr'><strong>eis</strong></span> <span class='ocrx_word' id='word_1_416' title='bbox 723 3053 947 3122; x_wconf 78' lang='lat' dir='ltr'><strong>reperit,</strong></span> <span class='ocrx_word' id='word_1_417' title='bbox 975 3056 1245 3139; x_wconf 78' lang='lat' dir='ltr'><strong>consumit</strong></span> <span class='ocrx_word' id='word_1_418' title='bbox 1272 3066 1328 3139; x_wconf 86' lang='lat' dir='ltr'><strong>et</strong></span> <span class='ocrx_word' id='word_1_419' title='bbox 1353 3067 1565 3140; x_wconf 73' lang='lat' dir='ltr'><strong>purgat,</strong></span> <span class='ocrx_word' id='word_1_420' title='bbox 1610 3061 1760 3145; x_wconf 79' lang='lat' dir='ltr'><strong>etab</strong></span> <span class='ocrx_word' id='word_1_421' title='bbox 1792 3062 1995 3120; x_wconf 90' lang='lat' dir='ltr'><strong>insidiis</strong></span> <span class='ocrx_word' id='word_1_422' title='bbox 2018 3064 2120 3121; x_wconf 86' lang='lat' dir='ltr'><strong>b0-</strong></span> 
     </span>
    </p>
   </div>
   <div class='ocr_carea' id='block_1_60' title="bbox 532 3142 1783 3225">
    <p class='ocr_par' dir='ltr' id='par_1_60' title="bbox 532 3142 1783 3225">
     <span class='ocr_line' id='line_1_60' title="bbox 532 3142 1783 3225; baseline 0.013 -31"><span class='ocrx_word' id='word_1_423' title='bbox 532 3142 718 3211; x_wconf 86' lang='lat' dir='ltr'><strong>stium,</strong></span> <span class='ocrx_word' id='word_1_424' title='bbox 746 3145 1326 3225; x_wconf 76' lang='lat' dir='ltr'><strong>cunetisquedet‘endit</strong></span> <span class='ocrx_word' id='word_1_425' title='bbox 1353 3142 1783 3210; x_wconf 88' lang='lat' dir='ltr'><strong>adversitatibus.</strong></span> 
     </span>
    </p>
   </div>
   <div class='ocr_carea' id='block_1_61' title="bbox 556 3226 2122 3311">
    <p class='ocr_par' dir='ltr' id='par_1_61' title="bbox 556 3226 2122 3311">
     <span class='ocr_line' id='line_1_61' title="bbox 556 3226 2122 3311; baseline 0.012 -27"><span class='ocrx_word' id='word_1_426' title='bbox 556 3287 561 3291; x_wconf 62' lang='grc'>,</span> <span class='ocrx_word' id='word_1_427' title='bbox 603 3230 868 3288; x_wconf 61' lang='lat' dir='ltr'><strong>Vesanus.</strong></span> <span class='ocrx_word' id='word_1_428' title='bbox 896 3233 1027 3300; x_wconf 78' lang='lat' dir='ltr'><strong>Qua:</strong></span> <span class='ocrx_word' id='word_1_429' title='bbox 1051 3243 1133 3290; x_wconf 88' lang='lat' dir='ltr'><strong>est</strong></span> <span class='ocrx_word' id='word_1_430' title='bbox 1152 3226 1493 3311; x_wconf 73' lang='lat' dir='ltr'><strong>sanguisuga,</strong></span> <span class='ocrx_word' id='word_1_431' title='bbox 1519 3242 1670 3311; x_wconf 81' lang='lat' dir='ltr'><strong>cujus</strong></span> <span class='ocrx_word' id='word_1_432' title='bbox 1694 3244 1827 3300; x_wconf 90' lang='lat' dir='ltr'><strong>duas</strong></span> <span class='ocrx_word' id='word_1_433' title='bbox 1855 3242 1986 3301; x_wconf 89' lang='lat' dir='ltr'><strong>dicit</strong></span> <span class='ocrx_word' id='word_1_434' title='bbox 2003 3262 2122 3303; x_wconf 86' lang='lat' dir='ltr'><strong>esse</strong></span> 
     </span>
    </p>
   </div>
   <div class='ocr_carea' id='block_1_62' title="bbox 534 3314 2122 3405">
    <p class='ocr_par' dir='ltr' id='par_1_62' title="bbox 534 3314 2122 3405">
     <span class='ocr_line' id='line_1_62' title="bbox 534 3314 2122 3405; baseline 0.013 -32"><span class='ocrx_word' id='word_1_435' title='bbox 534 3319 709 3375; x_wconf 81' lang='lat' dir='ltr'><strong>ﬁlias?</strong></span> <span class='ocrx_word' id='word_1_436' title='bbox 735 3321 813 3376; x_wconf 90' lang='lat' dir='ltr'><strong>sic</strong></span> <span class='ocrx_word' id='word_1_437' title='bbox 841 3323 985 3377; x_wconf 90' lang='lat' dir='ltr'><strong>enim</strong></span> <span class='ocrx_word' id='word_1_438' title='bbox 1025 3325 1101 3378; x_wconf 88' lang='lat' dir='ltr'><strong>ait</strong></span> <span class='ocrx_word' id='word_1_439' title='bbox 1134 3343 1146 3377; x_wconf 90' lang='lat'><strong>:</strong></span> <span class='ocrx_word' id='word_1_440' title='bbox 1178 3314 1545 3401; x_wconf 70' lang='lat' dir='ltr'><strong>Sanguisugaz,</strong></span> <span class='ocrx_word' id='word_1_441' title='bbox 1575 3334 1693 3387; x_wconf 64' lang='lat' dir='ltr'><strong>dure</strong></span> <span class='ocrx_word' id='word_1_442' title='bbox 1734 3346 1855 3389; x_wconf 82' lang='lat' dir='ltr'><strong>sunt</strong></span> <span class='ocrx_word' id='word_1_443' title='bbox 1887 3326 2015 3405; x_wconf 73' lang='lat' dir='ltr'><strong>filia:</strong></span> <span class='ocrx_word' id='word_1_444' title='bbox 2040 3334 2122 3392; x_wconf 82' lang='lat' dir='ltr'><strong>di-</strong></span> 
     </span>
    </p>
   </div>
   <div class='ocr_carea' id='block_1_63' title="bbox 457 3404 1985 3486">
    <p class='ocr_par' dir='ltr' id='par_1_63' title="bbox 457 3404 1985 3486">
     <span class='ocr_line' id='line_1_63' title="bbox 457 3404 1985 3486; baseline 0.01 -22"><span class='ocrx_word' id='word_1_445' title='bbox 457 3404 478 3410; x_wconf 73' lang='grc'><strong><em>”</em></strong></span> <span class='ocrx_word' id='word_1_446' title='bbox 533 3417 735 3467; x_wconf 71' lang='lat' dir='ltr'><strong>sentes:</strong></span> <span class='ocrx_word' id='word_1_447' title='bbox 763 3410 927 3482; x_wconf 55' lang='lat' dir='ltr'><strong>Afer,</strong></span> <span class='ocrx_word' id='word_1_448' title='bbox 947 3421 997 3467; x_wconf 88' lang='lat' dir='ltr'><strong>et</strong></span> <span class='ocrx_word' id='word_1_449' title='bbox 1021 3430 1279 3486; x_wconf 85' lang='lat' dir='ltr'><strong>nunquam</strong></span> <span class='ocrx_word' id='word_1_450' title='bbox 1299 3418 1578 3475; x_wconf 84' lang='lat' dir='ltr'><strong>satiantur.</strong></span> <span class='ocrx_word' id='word_1_451' title='bbox 1890 3404 1895 3405; x_wconf 15' lang='grc' dir='ltr'>ί</span> <span class='ocrx_word' id='word_1_452' title='bbox 1980 3422 1985 3431; x_wconf 86' lang='grc'><strong>’</strong></span> 
     </span>
    </p>
   </div>
   <div class='ocr_carea' id='block_1_64' title="bbox 601 3488 2119 3587">
    <p class='ocr_par' dir='ltr' id='par_1_64' title="bbox 601 3488 2119 3587">
     <span class='ocr_line' id='line_1_64' title="bbox 601 3488 2119 3587; baseline 0.012 -32"><span class='ocrx_word' id='word_1_453' title='bbox 601 3488 880 3558; x_wconf 74' lang='lat' dir='ltr'><strong>SALONIUS.</strong></span> <span class='ocrx_word' id='word_1_454' title='bbox 911 3496 1242 3574; x_wconf 83' lang='lat' dir='ltr'><strong>Sanguisuga</strong></span> <span class='ocrx_word' id='word_1_455' title='bbox 1264 3498 1511 3565; x_wconf 85' lang='lat' dir='ltr'><strong>diabolus</strong></span> <span class='ocrx_word' id='word_1_456' title='bbox 1531 3519 1613 3566; x_wconf 90' lang='lat' dir='ltr'><strong>est</strong></span> <span class='ocrx_word' id='word_1_457' title='bbox 1632 3510 1724 3582; x_wconf 87' lang='lat' dir='ltr'><strong>qui</strong></span> <span class='ocrx_word' id='word_1_458' title='bbox 1753 3529 1967 3587; x_wconf 89' lang='lat' dir='ltr'><strong>semper</strong></span> <span class='ocrx_word' id='word_1_459' title='bbox 1993 3531 2119 3573; x_wconf 89' lang='lat' dir='ltr'><strong>san-</strong></span> 
     </span>
    </p>
   </div>
   <div class='ocr_carea' id='block_1_65' title="bbox 531 3591 2118 3682">
    <p class='ocr_par' dir='ltr' id='par_1_65' title="bbox 531 3591 2118 3682">
     <span class='ocr_line' id='line_1_65' title="bbox 531 3591 2118 3682; baseline 0.014 -38"><span class='ocrx_word' id='word_1_460' title='bbox 531 3591 745 3659; x_wconf 83' lang='lat' dir='ltr'><strong>guinem</strong></span> <span class='ocrx_word' id='word_1_461' title='bbox 772 3593 903 3661; x_wconf 83' lang='lat' dir='ltr'><strong>sitit,</strong></span> <span class='ocrx_word' id='word_1_462' title='bbox 926 3594 977 3649; x_wconf 90' lang='lat' dir='ltr'><strong>id</strong></span> <span class='ocrx_word' id='word_1_463' title='bbox 1006 3597 1171 3682; x_wconf 83' lang='lat' dir='ltr'><strong>estad</strong></span> <span class='ocrx_word' id='word_1_464' title='bbox 1197 3608 1419 3668; x_wconf 89' lang='lat' dir='ltr'><strong>peccata</strong></span> <span class='ocrx_word' id='word_1_465' title='bbox 1441 3600 1686 3660; x_wconf 87' lang='lat' dir='ltr'><strong>homines</strong></span> <span class='ocrx_word' id='word_1_466' title='bbox 1708 3606 1922 3664; x_wconf 87' lang='lat' dir='ltr'><strong>trahere</strong></span> <span class='ocrx_word' id='word_1_467' title='bbox 1950 3609 2118 3682; x_wconf 91' lang='lat' dir='ltr'><strong>cupit,</strong></span> 
     </span>
    </p>
   </div>
   <div class='ocr_carea' id='block_1_66' title="bbox 530 3678 1692 3757">
    <p class='ocr_par' dir='ltr' id='par_1_66' title="bbox 530 3678 1692 3757">
     <span class='ocr_line' id='line_1_66' title="bbox 530 3678 1692 3757; baseline 0.015 -22"><span class='ocrx_word' id='word_1_468' title='bbox 530 3690 587 3735; x_wconf 89' lang='lat' dir='ltr'><strong>et</strong></span> <span class='ocrx_word' id='word_1_469' title='bbox 614 3684 758 3739; x_wconf 90' lang='lat' dir='ltr'><strong>sitim</strong></span> <span class='ocrx_word' id='word_1_470' title='bbox 783 3678 1047 3757; x_wconf 72' lang='lat' dir='ltr'><strong>peccandi</strong></span> <span class='ocrx_word' id='word_1_471' title='bbox 1070 3690 1405 3748; x_wconf 89' lang='lat' dir='ltr'><strong>incessanter</strong></span> <span class='ocrx_word' id='word_1_472' title='bbox 1427 3694 1692 3753; x_wconf 87' lang='lat' dir='ltr'><strong>accendit.</strong></span> 
     </span>
    </p>
   </div>
   <div class='ocr_carea' id='block_1_67' title="bbox 601 3770 2118 3863">
    <p class='ocr_par' dir='ltr' id='par_1_67' title="bbox 601 3770 2118 3863">
     <span class='ocr_line' id='line_1_67' title="bbox 601 3770 2118 3863; baseline 0.014 -35"><span class='ocrx_word' id='word_1_473' title='bbox 601 3772 869 3832; x_wconf 63' lang='lat' dir='ltr'><strong>Vsusuus.</strong></span> <span class='ocrx_word' id='word_1_474' title='bbox 903 3770 1041 3863; x_wconf 68' lang='lat' dir='ltr'><strong>Qute</strong></span> <span class='ocrx_word' id='word_1_475' title='bbox 1059 3776 1185 3836; x_wconf 85' lang='lat' dir='ltr'><strong>sunt</strong></span> <span class='ocrx_word' id='word_1_476' title='bbox 1214 3770 1317 3837; x_wconf 65' lang='lat' dir='ltr'><strong>illa:</strong></span> <span class='ocrx_word' id='word_1_477' title='bbox 1343 3776 1461 3840; x_wconf 69' lang='lat' dir='ltr'><strong>(tua:</strong></span> <span class='ocrx_word' id='word_1_478' title='bbox 1491 3776 1611 3843; x_wconf 70' lang='lat' dir='ltr'><strong>tiliae</strong></span> <span class='ocrx_word' id='word_1_479' title='bbox 1640 3790 1993 3863; x_wconf 79' lang='lat' dir='ltr'><strong>sanguisugae,</strong></span> <span class='ocrx_word' id='word_1_480' title='bbox 2033 3790 2118 3852; x_wconf 84' lang='lat' dir='ltr'><strong>di—</strong></span> 
     </span>
    </p>
   </div>
   <div class='ocr_carea' id='block_1_68' title="bbox 528 3860 1835 3946">
    <p class='ocr_par' dir='ltr' id='par_1_68' title="bbox 528 3860 1835 3946">
     <span class='ocr_line' id='line_1_68' title="bbox 528 3860 1835 3946; baseline 0.013 -26"><span class='ocrx_word' id='word_1_481' title='bbox 528 3870 753 3922; x_wconf 76' lang='lat' dir='ltr'><strong>centes?</strong></span> <span class='ocrx_word' id='word_1_482' title='bbox 778 3868 949 3939; x_wconf 78' lang='lat' dir='ltr'><strong>A/I&#39;er,</strong></span> <span class='ocrx_word' id='word_1_483' title='bbox 973 3860 1124 3942; x_wconf 68' lang='lat' dir='ltr'><strong>affer,</strong></span> <span class='ocrx_word' id='word_1_484' title='bbox 1156 3877 1211 3929; x_wconf 89' lang='lat' dir='ltr'><strong>et</strong></span> <span class='ocrx_word' id='word_1_485' title='bbox 1236 3891 1509 3946; x_wconf 89' lang='lat' dir='ltr'><strong>nunquam</strong></span> <span class='ocrx_word' id='word_1_486' title='bbox 1531 3860 1835 3937; x_wconf 82' lang='lat' dir='ltr'><strong>satiantur?</strong></span> 
     </span>
    </p>
   </div>
   <div class='ocr_carea' id='block_1_69' title="bbox 547 3947 2113 4035">
    <p class='ocr_par' dir='ltr' id='par_1_69' title="bbox 547 3947 2113 4035">
     <span class='ocr_line' id='line_1_69' title="bbox 547 3947 2113 4035; baseline 0.013 -23"><span class='ocrx_word' id='word_1_487' title='bbox 547 3947 551 3952; x_wconf 72' lang='grc'><strong>’</strong></span> <span class='ocrx_word' id='word_1_488' title='bbox 600 3956 881 4017; x_wconf 57' lang='grc' dir='ltr'><strong>ελιοὺειυε.</strong></span> <span class='ocrx_word' id='word_1_489' title='bbox 921 3956 1158 4019; x_wconf 84' lang='lat' dir='ltr'><strong>Luxuria</strong></span> <span class='ocrx_word' id='word_1_490' title='bbox 1185 3964 1435 4035; x_wconf 80' lang='lat' dir='ltr'><strong>videlicet</strong></span> <span class='ocrx_word' id='word_1_491' title='bbox 1473 3979 1528 4026; x_wconf 91' lang='lat' dir='ltr'><strong>et</strong></span> <span class='ocrx_word' id='word_1_492' title='bbox 1569 3975 1793 4029; x_wconf 88' lang='lat' dir='ltr'><strong>avaritia</strong></span> <span class='ocrx_word' id='word_1_493' title='bbox 1828 3994 1840 4029; x_wconf 87' lang='lat'>:</span> <span class='ocrx_word' id='word_1_494' title='bbox 1885 3977 1999 4032; x_wconf 76' lang='lat' dir='ltr'><strong>ista:</strong></span> <span class='ocrx_word' id='word_1_495' title='bbox 2029 3979 2113 4033; x_wconf 93' lang='lat' dir='ltr'><strong>ni-</strong></span> 
     </span>
    </p>
   </div>
   <div class='ocr_carea' id='block_1_70' title="bbox 529 4037 2116 4131">
    <p class='ocr_par' dir='ltr' id='par_1_70' title="bbox 529 4037 2116 4131">
     <span class='ocr_line' id='line_1_70' title="bbox 529 4037 2116 4131; baseline 0.015 -28"><span class='ocrx_word' id='word_1_496' title='bbox 529 4037 724 4131; x_wconf 81' lang='lat' dir='ltr'><strong>mirum</strong></span> <span class='ocrx_word' id='word_1_497' title='bbox 752 4042 1104 4123; x_wconf 85' lang='lat' dir='ltr'><strong>spiritualiter</strong></span> <span class='ocrx_word' id='word_1_498' title='bbox 1128 4044 1325 4114; x_wconf 84' lang='lat' dir='ltr'><strong>diaboli</strong></span> <span class='ocrx_word' id='word_1_499' title='bbox 1356 4054 1499 4117; x_wconf 88' lang='lat' dir='ltr'><strong>sitim</strong></span> <span class='ocrx_word' id='word_1_500' title='bbox 1528 4070 1582 4119; x_wconf 91' lang='lat' dir='ltr'><strong>et</strong></span> <span class='ocrx_word' id='word_1_501' title='bbox 1606 4060 1855 4122; x_wconf 90' lang='lat' dir='ltr'><strong>ardorem</strong></span> <span class='ocrx_word' id='word_1_502' title='bbox 1902 4069 2116 4127; x_wconf 88' lang='lat' dir='ltr'><strong>imitan-</strong></span> 
     </span>
    </p>
   </div>
   <div class='ocr_carea' id='block_1_71' title="bbox 528 4134 2115 4228">
    <p class='ocr_par' dir='ltr' id='par_1_71' title="bbox 528 4134 2115 4228">
     <span class='ocr_line' id='line_1_71' title="bbox 528 4134 2115 4228; baseline 0.015 -35"><span class='ocrx_word' id='word_1_503' title='bbox 528 4142 636 4209; x_wconf 91' lang='lat' dir='ltr'><strong>tur,</strong></span> <span class='ocrx_word' id='word_1_504' title='bbox 665 4134 793 4211; x_wconf 88' lang='lat' dir='ltr'><strong>quia</strong></span> <span class='ocrx_word' id='word_1_505' title='bbox 837 4146 983 4228; x_wconf 83' lang='lat' dir='ltr'><strong>sicut</strong></span> <span class='ocrx_word' id='word_1_506' title='bbox 1002 4162 1274 4228; x_wconf 81' lang='lat' dir='ltr'><strong>nunquam</strong></span> <span class='ocrx_word' id='word_1_507' title='bbox 1318 4154 1596 4222; x_wconf 79' lang='lat' dir='ltr'><strong>peccando</strong></span> <span class='ocrx_word' id='word_1_508' title='bbox 1625 4148 1873 4228; x_wconf 86' lang='lat' dir='ltr'><strong>satiatur,</strong></span> <span class='ocrx_word' id='word_1_509' title='bbox 1903 4160 1981 4217; x_wconf 90' lang='lat' dir='ltr'><strong>sic</strong></span> <span class='ocrx_word' id='word_1_510' title='bbox 2015 4158 2115 4217; x_wconf 85' lang='lat' dir='ltr'><strong>nec</strong></span> 
     </span>
    </p>
   </div>
   <div class='ocr_carea' id='block_1_72' title="bbox 526 4226 2113 4321">
    <p class='ocr_par' dir='ltr' id='par_1_72' title="bbox 526 4226 2113 4321">
     <span class='ocr_line' id='line_1_72' title="bbox 526 4226 2113 4321; baseline 0.015 -37"><span class='ocrx_word' id='word_1_511' title='bbox 526 4234 750 4287; x_wconf 86' lang='lat' dir='ltr'><strong>avaritia</strong></span> <span class='ocrx_word' id='word_1_512' title='bbox 784 4230 883 4293; x_wconf 88' lang='lat' dir='ltr'><strong>nec</strong></span> <span class='ocrx_word' id='word_1_513' title='bbox 910 4226 1140 4321; x_wconf 80' lang='lat' dir='ltr'><strong>luxuria.</strong></span> <span class='ocrx_word' id='word_1_514' title='bbox 1170 4226 1302 4297; x_wconf 71' lang='lat' dir='ltr'><strong>Nam</strong></span> <span class='ocrx_word' id='word_1_515' title='bbox 1331 4240 1534 4317; x_wconf 72' lang='lat' dir='ltr'><strong>(manto</strong></span> <span class='ocrx_word' id='word_1_516' title='bbox 1562 4241 1789 4321; x_wconf 89' lang='lat' dir='ltr'><strong>quisque</strong></span> <span class='ocrx_word' id='word_1_517' title='bbox 1830 4226 1999 4321; x_wconf 81' lang='lat' dir='ltr'><strong>magis</strong></span> <span class='ocrx_word' id='word_1_518' title='bbox 2027 4252 2113 4308; x_wconf 89' lang='lat' dir='ltr'><strong>lu-</strong></span> 
     </span>
    </p>
   </div>
   <div class='ocr_carea' id='block_1_73' title="bbox 527 4317 2109 4406">
    <p class='ocr_par' dir='ltr' id='par_1_73' title="bbox 527 4317 2109 4406">
     <span class='ocr_line' id='line_1_73' title="bbox 527 4317 2109 4406; baseline 0.017 -35"><span class='ocrx_word' id='word_1_519' title='bbox 527 4317 772 4398; x_wconf 67' lang='lat' dir='ltr'><strong>xuriatur</strong></span> <span class='ocrx_word' id='word_1_520' title='bbox 798 4332 852 4378; x_wconf 92' lang='lat' dir='ltr'><strong>et</strong></span> <span class='ocrx_word' id='word_1_521' title='bbox 878 4320 1203 4398; x_wconf 82' lang='lat' dir='ltr'><strong>fornicatur,</strong></span> <span class='ocrx_word' id='word_1_522' title='bbox 1235 4340 1386 4389; x_wconf 87' lang='lat' dir='ltr'><strong>tanto</strong></span> <span class='ocrx_word' id='word_1_523' title='bbox 1415 4317 1647 4406; x_wconf 80' lang='lat' dir='ltr'><strong>amplius</strong></span> <span class='ocrx_word' id='word_1_524' title='bbox 1674 4317 1990 4396; x_wconf 80' lang='lat' dir='ltr'><strong>delectatur.</strong></span> <span class='ocrx_word' id='word_1_525' title='bbox 2024 4334 2109 4398; x_wconf 90' lang='lat' dir='ltr'><strong>Si-</strong></span> 
     </span>
    </p>
   </div>
   <div class='ocr_carea' id='block_1_74' title="bbox 525 4409 2113 4493">
    <p class='ocr_par' dir='ltr' id='par_1_74' title="bbox 525 4409 2113 4493">
     <span class='ocr_line' id='line_1_74' title="bbox 525 4409 2113 4493; baseline 0.019 -30"><span class='ocrx_word' id='word_1_526' title='bbox 525 4409 723 4467; x_wconf 90' lang='lat' dir='ltr'><strong>militer</strong></span> <span class='ocrx_word' id='word_1_527' title='bbox 742 4425 947 4485; x_wconf 89' lang='lat' dir='ltr'><strong>quanto</strong></span> <span class='ocrx_word' id='word_1_528' title='bbox 972 4422 1199 4492; x_wconf 88' lang='lat' dir='ltr'><strong>quisque</strong></span> <span class='ocrx_word' id='word_1_529' title='bbox 1226 4424 1326 4479; x_wconf 89' lang='lat' dir='ltr'><strong>sibi</strong></span> <span class='ocrx_word' id='word_1_530' title='bbox 1356 4424 1571 4481; x_wconf 84' lang='lat' dir='ltr'><strong>divitias</strong></span> <span class='ocrx_word' id='word_1_531' title='bbox 1592 4431 1893 4487; x_wconf 88' lang='lat' dir='ltr'><strong>accumulat</strong></span> <span class='ocrx_word' id='word_1_532' title='bbox 1918 4451 1930 4487; x_wconf 89' lang='lat'><strong>:</strong></span> <span class='ocrx_word' id='word_1_533' title='bbox 1959 4442 2113 4493; x_wconf 88' lang='lat' dir='ltr'><strong>tanto</strong></span> 
     </span>
    </p>
   </div>
   <div class='ocr_carea' id='block_1_75' title="bbox 523 4493 1743 4580">
    <p class='ocr_par' dir='ltr' id='par_1_75' title="bbox 523 4493 1743 4580">
     <span class='ocr_line' id='line_1_75' title="bbox 523 4493 1743 4580; baseline 0.02 -27"><span class='ocrx_word' id='word_1_534' title='bbox 523 4493 692 4573; x_wconf 88' lang='lat' dir='ltr'><strong>magis</strong></span> <span class='ocrx_word' id='word_1_535' title='bbox 719 4516 813 4562; x_wconf 86' lang='lat' dir='ltr'><strong>eas</strong></span> <span class='ocrx_word' id='word_1_536' title='bbox 839 4520 1052 4579; x_wconf 87' lang='lat' dir='ltr'><strong>semper</strong></span> <span class='ocrx_word' id='word_1_537' title='bbox 1079 4510 1428 4580; x_wconf 86' lang='lat' dir='ltr'><strong>augmentare</strong></span> <span class='ocrx_word' id='word_1_538' title='bbox 1458 4502 1743 4577; x_wconf 82' lang='lat' dir='ltr'><strong>desiderat.</strong></span> 
     </span>
    </p>
   </div>
   <div class='ocr_carea' id='block_1_76' title="bbox 593 4584 2106 4684">
    <p class='ocr_par' dir='ltr' id='par_1_76' title="bbox 593 4584 2106 4684">
     <span class='ocr_line' id='line_1_76' title="bbox 593 4584 2106 4684; baseline 0.022 -41"><span class='ocrx_word' id='word_1_539' title='bbox 593 4589 863 4684; x_wconf 59' lang='lat' dir='ltr'><strong>Vesanus.</strong></span> <span class='ocrx_word' id='word_1_540' title='bbox 889 4584 1066 4684; x_wconf 81' lang='lat' dir='ltr'><strong>Quare</strong></span> <span class='ocrx_word' id='word_1_541' title='bbox 1086 4600 1267 4670; x_wconf 87' lang='lat' dir='ltr'><strong>posuit</strong></span> <span class='ocrx_word' id='word_1_542' title='bbox 1296 4592 1547 4663; x_wconf 86' lang='lat' dir='ltr'><strong>Salomon</strong></span> <span class='ocrx_word' id='word_1_543' title='bbox 1571 4608 1875 4684; x_wconf 80' lang='lat' dir='ltr'><strong>exemplum</strong></span> <span class='ocrx_word' id='word_1_544' title='bbox 1905 4612 2106 4675; x_wconf 81' lang='lat' dir='ltr'><strong>stellio—</strong></span> 
     </span>
    </p>
   </div>
   <div class='ocr_carea' id='block_1_77' title="bbox 525 4677 2108 4773">
    <p class='ocr_par' dir='ltr' id='par_1_77' title="bbox 525 4677 2108 4773">
     <span class='ocr_line' id='line_1_77' title="bbox 525 4677 2108 4773; baseline 0.02 -36"><span class='ocrx_word' id='word_1_545' title='bbox 525 4680 627 4773; x_wconf 85' lang='lat' dir='ltr'><strong>nis,</strong></span> <span class='ocrx_word' id='word_1_546' title='bbox 658 4677 887 4742; x_wconf 74' lang='lat' dir='ltr'><strong>dicens:</strong></span> <span class='ocrx_word' id='word_1_547' title='bbox 920 4680 1106 4747; x_wconf 87' lang='lat' dir='ltr'><strong>Stellio</strong></span> <span class='ocrx_word' id='word_1_548' title='bbox 1131 4690 1356 4752; x_wconf 83' lang='lat' dir='ltr'><strong>nutritur</strong></span> <span class='ocrx_word' id='word_1_549' title='bbox 1383 4701 1648 4773; x_wconf 85' lang='lat' dir='ltr'><strong>manibus,</strong></span> <span class='ocrx_word' id='word_1_550' title='bbox 1684 4677 1744 4761; x_wconf 69' lang='lat' dir='ltr'><strong>et</strong></span> <span class='ocrx_word' id='word_1_551' title='bbox 1761 4716 2108 4768; x_wconf 84' lang='lat' dir='ltr'><strong>commoratur</strong></span> 
     </span>
    </p>
   </div>
   <div class='ocr_carea' id='block_1_78' title="bbox 527 4768 1235 4857">
    <p class='ocr_par' dir='ltr' id='par_1_78' title="bbox 527 4768 1235 4857">
     <span class='ocr_line' id='line_1_78' title="bbox 527 4768 1235 4857; baseline 0.02 -29"><span class='ocrx_word' id='word_1_552' title='bbox 527 4768 581 4829; x_wconf 83' lang='lat' dir='ltr'><strong>in</strong></span> <span class='ocrx_word' id='word_1_553' title='bbox 612 4777 808 4834; x_wconf 63' lang='lat' dir='ltr'><strong>(edibus</strong></span> <span class='ocrx_word' id='word_1_554' title='bbox 837 4776 971 4855; x_wconf 78' lang='lat' dir='ltr'><strong>regis</strong></span> <span class='ocrx_word' id='word_1_555' title='bbox 1002 4778 1235 4857; x_wconf 62' lang='lat' dir='ltr'><strong>(Ibid)?</strong></span> 
     </span>
    </p>
   </div>
   <div class='ocr_carea' id='block_1_79' title="bbox 593 4865 2109 4964">
    <p class='ocr_par' dir='ltr' id='par_1_79' title="bbox 593 4865 2109 4964">
     <span class='ocr_line' id='line_1_79' title="bbox 593 4865 2109 4964; baseline 0.018 -42"><span class='ocrx_word' id='word_1_556' title='bbox 593 4865 873 4928; x_wconf 56' lang='lat' dir='ltr'><strong>Summas.</strong></span> <span class='ocrx_word' id='word_1_557' title='bbox 906 4868 973 4929; x_wconf 87' lang='lat' dir='ltr'><strong>Ut</strong></span> <span class='ocrx_word' id='word_1_558' title='bbox 1001 4876 1184 4946; x_wconf 88' lang='lat' dir='ltr'><strong>pigros</strong></span> <span class='ocrx_word' id='word_1_559' title='bbox 1212 4888 1267 4935; x_wconf 91' lang='lat' dir='ltr'><strong>et</strong></span> <span class='ocrx_word' id='word_1_560' title='bbox 1294 4876 1508 4953; x_wconf 88' lang='lat' dir='ltr'><strong>ingenio</strong></span> <span class='ocrx_word' id='word_1_561' title='bbox 1545 4882 1745 4958; x_wconf 80' lang='lat' dir='ltr'><strong>tardas,</strong></span> <span class='ocrx_word' id='word_1_562' title='bbox 1789 4890 1856 4946; x_wconf 88' lang='lat' dir='ltr'><strong>ad</strong></span> <span class='ocrx_word' id='word_1_563' title='bbox 1882 4908 2109 4964; x_wconf 85' lang='lat' dir='ltr'><strong>operan-</strong></span> 
     </span>
    </p>
   </div>
   <div class='ocr_carea' id='block_1_80' title="bbox 520 4960 1565 5044">
    <p class='ocr_par' dir='ltr' id='par_1_80' title="bbox 520 4960 1565 5044">
     <span class='ocr_line' id='line_1_80' title="bbox 520 4960 1565 5044; baseline 0.013 -23"><span class='ocrx_word' id='word_1_564' title='bbox 520 4960 648 5021; x_wconf 84' lang='lat' dir='ltr'><strong>dum</strong></span> <span class='ocrx_word' id='word_1_565' title='bbox 678 4971 734 5019; x_wconf 89' lang='lat' dir='ltr'><strong>et</strong></span> <span class='ocrx_word' id='word_1_566' title='bbox 769 4965 1199 5027; x_wconf 86' lang='lat' dir='ltr'><strong>benedicendum</strong></span> <span class='ocrx_word' id='word_1_567' title='bbox 1225 4972 1565 5044; x_wconf 85' lang='lat' dir='ltr'><strong>provocaret.</strong></span> 
     </span>
    </p>
   </div>
   <div class='ocr_carea' id='block_1_81' title="bbox 589 5048 1857 5129">
    <p class='ocr_par' dir='ltr' id='par_1_81' title="bbox 589 5048 1857 5129">
     <span class='ocr_line' id='line_1_81' title="bbox 589 5048 1857 5129; baseline 0.019 -24"><span class='ocrx_word' id='word_1_568' title='bbox 589 5048 858 5111; x_wconf 69' lang='lat' dir='ltr'><strong>VEBANUS.</strong></span> <span class='ocrx_word' id='word_1_569' title='bbox 890 5055 1047 5124; x_wconf 88' lang='lat' dir='ltr'><strong>Quod</strong></span> <span class='ocrx_word' id='word_1_570' title='bbox 1062 5066 1237 5129; x_wconf 78' lang='lat' dir='ltr'><strong>genus</strong></span> <span class='ocrx_word' id='word_1_571' title='bbox 1264 5064 1510 5123; x_wconf 85' lang='lat' dir='ltr'><strong>animalis</strong></span> <span class='ocrx_word' id='word_1_572' title='bbox 1538 5078 1620 5126; x_wconf 90' lang='lat' dir='ltr'><strong>est</strong></span> <span class='ocrx_word' id='word_1_573' title='bbox 1645 5066 1857 5129; x_wconf 84' lang='lat' dir='ltr'><strong>stellio?</strong></span> 
     </span>
    </p>
   </div>
   <div class='ocr_carea' id='block_1_82' title="bbox 586 5141 2102 5231">
    <p class='ocr_par' dir='ltr' id='par_1_82' title="bbox 586 5141 2102 5231">
     <span class='ocr_line' id='line_1_82' title="bbox 586 5141 2102 5231; baseline 0.02 -35"><span class='ocrx_word' id='word_1_574' title='bbox 586 5141 863 5201; x_wconf 78' lang='lat' dir='ltr'><strong>SALONIUS.</strong></span> <span class='ocrx_word' id='word_1_575' title='bbox 893 5146 1072 5205; x_wconf 82' lang='lat' dir='ltr'><strong>Genus</strong></span> <span class='ocrx_word' id='word_1_576' title='bbox 1101 5151 1330 5223; x_wconf 58' lang='lat' dir='ltr'><strong>lacertas,</strong></span> <span class='ocrx_word' id='word_1_577' title='bbox 1382 5159 1537 5214; x_wconf 89' lang='lat' dir='ltr'><strong>valde</strong></span> <span class='ocrx_word' id='word_1_578' title='bbox 1586 5163 1794 5231; x_wconf 88' lang='lat' dir='ltr'><strong>pigrum</strong></span> <span class='ocrx_word' id='word_1_579' title='bbox 1825 5174 1880 5221; x_wconf 90' lang='lat' dir='ltr'><strong>et</strong></span> <span class='ocrx_word' id='word_1_580' title='bbox 1917 5167 2102 5226; x_wconf 88' lang='lat' dir='ltr'><strong>colore</strong></span> 
     </span>
    </p>
   </div>
   <div class='ocr_carea' id='block_1_83' title="bbox 2134 4537 2184 4598">
    <p class='ocr_par' dir='ltr' id='par_1_83' title="bbox 2134 4537 2184 4598">
     <span class='ocr_line' id='line_1_83' title="bbox 2134 4537 2184 4598; baseline 0 0"><span class='ocrx_word' id='word_1_581' title='bbox 2134 4537 2184 4598; x_wconf 91' lang='lat' dir='ltr'><strong>D</strong></span> 
     </span>
    </p>
   </div>
   <div class='ocr_carea' id='block_1_84' title="bbox 2295 2966 3825 3057">
    <p class='ocr_par' dir='ltr' id='par_1_84' title="bbox 2295 2966 3825 3057">
     <span class='ocr_line' id='line_1_84' title="bbox 2295 2966 3825 3057; baseline 0.007 -23"><span class='ocrx_word' id='word_1_582' title='bbox 2295 2978 2565 3036; x_wconf 62' lang='lat' dir='ltr'><strong>Vesanus.</strong></span> <span class='ocrx_word' id='word_1_583' title='bbox 2598 2966 2737 3047; x_wconf 88' lang='lat' dir='ltr'><strong>Quid</strong></span> <span class='ocrx_word' id='word_1_584' title='bbox 2783 2980 3049 3053; x_wconf 81' lang='lat' dir='ltr'><strong>signiﬁcat</strong></span> <span class='ocrx_word' id='word_1_585' title='bbox 3093 2986 3268 3057; x_wconf 87' lang='lat' dir='ltr'><strong>gallus</strong></span> <span class='ocrx_word' id='word_1_586' title='bbox 3327 2990 3631 3046; x_wconf 88' lang='lat' dir='ltr'><strong>succinctus</strong></span> <span class='ocrx_word' id='word_1_587' title='bbox 3687 2990 3825 3045; x_wconf 88' lang='lat' dir='ltr'><strong>lum-</strong></span> 
     </span>
    </p>
   </div>
   <div class='ocr_carea' id='block_1_85' title="bbox 2223 3072 2357 3127">
    <p class='ocr_par' dir='ltr' id='par_1_85' title="bbox 2223 3072 2357 3127">
     <span class='ocr_line' id='line_1_85' title="bbox 2223 3072 2357 3127; baseline 0.007 -1"><span class='ocrx_word' id='word_1_588' title='bbox 2223 3072 2357 3127; x_wconf 87' lang='lat' dir='ltr'><strong>bos?</strong></span> 
     </span>
    </p>
   </div>
   <div class='ocr_carea' id='block_1_86' title="bbox 2147 3149 3266 3240">
    <p class='ocr_par' dir='ltr' id='par_1_86' title="bbox 2147 3149 3266 3240">
     <span class='ocr_line' id='line_1_86' title="bbox 2147 3149 3266 3240; baseline 0.006 -20"><span class='ocrx_word' id='word_1_589' title='bbox 2147 3157 2194 3220; x_wconf 92' lang='lat' dir='ltr'><strong><em>C</em></strong></span> <span class='ocrx_word' id='word_1_590' title='bbox 2300 3149 2588 3222; x_wconf 61' lang='lat' dir='ltr'><strong>Sinoulus.</strong></span> <span class='ocrx_word' id='word_1_591' title='bbox 2621 3164 2851 3225; x_wconf 88' lang='lat' dir='ltr'><strong>Sanctos</strong></span> <span class='ocrx_word' id='word_1_592' title='bbox 2870 3170 3266 3240; x_wconf 61' lang='lat' dir='ltr'><strong>prmdicatores.</strong></span> 
     </span>
    </p>
   </div>
   <div class='ocr_carea' id='block_1_87' title="bbox 2297 3263 3616 3340">
    <p class='ocr_par' dir='ltr' id='par_1_87' title="bbox 2297 3263 3616 3340">
     <span class='ocr_line' id='line_1_87' title="bbox 2297 3263 3616 3340; baseline 0.008 -20"><span class='ocrx_word' id='word_1_593' title='bbox 2297 3263 2568 3322; x_wconf 62' lang='lat' dir='ltr'><strong>Vesanus.</strong></span> <span class='ocrx_word' id='word_1_594' title='bbox 2601 3265 2779 3334; x_wconf 86' lang='lat' dir='ltr'><strong>Quare</strong></span> <span class='ocrx_word' id='word_1_595' title='bbox 2805 3269 2929 3338; x_wconf 86' lang='lat' dir='ltr'><strong>galli</strong></span> <span class='ocrx_word' id='word_1_596' title='bbox 2960 3271 3340 3340; x_wconf 56' lang='lat' dir='ltr'><strong>praedicatores</strong></span> <span class='ocrx_word' id='word_1_597' title='bbox 3371 3275 3616 3331; x_wconf 72' lang='lat' dir='ltr'><strong>dicmitur</strong></span> 
     </span>
    </p>
   </div>
   <div class='ocr_carea' id='block_1_88' title="bbox 2294 3354 3819 3435">
    <p class='ocr_par' dir='ltr' id='par_1_88' title="bbox 2294 3354 3819 3435">
     <span class='ocr_line' id='line_1_88' title="bbox 2294 3354 3819 3435; baseline 0.008 -25"><span class='ocrx_word' id='word_1_598' title='bbox 2294 3354 2577 3412; x_wconf 71' lang='lat' dir='ltr'><strong>SALONIUS.</strong></span> <span class='ocrx_word' id='word_1_599' title='bbox 2608 3357 2745 3424; x_wconf 88' lang='lat' dir='ltr'><strong>Quia</strong></span> <span class='ocrx_word' id='word_1_600' title='bbox 2775 3359 2918 3414; x_wconf 90' lang='lat' dir='ltr'><strong>inter</strong></span> <span class='ocrx_word' id='word_1_601' title='bbox 2956 3364 3236 3431; x_wconf 71' lang='lat' dir='ltr'><strong>pnesentis</strong></span> <span class='ocrx_word' id='word_1_602' title='bbox 3271 3365 3392 3420; x_wconf 77' lang='lat' dir='ltr'><strong>vitae</strong></span> <span class='ocrx_word' id='word_1_603' title='bbox 3422 3367 3696 3435; x_wconf 79' lang='lat' dir='ltr'><strong>tenebras,</strong></span> <span class='ocrx_word' id='word_1_604' title='bbox 3723 3383 3819 3422; x_wconf 75' lang='grc' dir='ltr'><strong>γρ-</strong></span> 
     </span>
    </p>
   </div>
   <div class='ocr_carea' id='block_1_89' title="bbox 2225 3447 3800 3527">
    <p class='ocr_par' dir='ltr' id='par_1_89' title="bbox 2225 3447 3800 3527">
     <span class='ocr_line' id='line_1_89' title="bbox 2225 3447 3800 3527; baseline 0.006 -28"><span class='ocrx_word' id='word_1_605' title='bbox 2225 3460 2344 3500; x_wconf 73' lang='lat' dir='ltr'><strong>rum</strong></span> <span class='ocrx_word' id='word_1_606' title='bbox 2366 3461 2549 3512; x_wconf 86' lang='lat' dir='ltr'><strong>mane,</strong></span> <span class='ocrx_word' id='word_1_607' title='bbox 2579 3447 2682 3502; x_wconf 85' lang='lat' dir='ltr'><strong>hoc</strong></span> <span class='ocrx_word' id='word_1_608' title='bbox 2710 3456 2792 3503; x_wconf 87' lang='lat' dir='ltr'><strong>est</strong></span> <span class='ocrx_word' id='word_1_609' title='bbox 2812 3463 2994 3504; x_wconf 81' lang='lat' dir='ltr'><strong>verum</strong></span> <span class='ocrx_word' id='word_1_610' title='bbox 3023 3450 3220 3519; x_wconf 89' lang='lat' dir='ltr'><strong>lucem,</strong></span> <span class='ocrx_word' id='word_1_611' title='bbox 3250 3453 3590 3527; x_wconf 73' lang='lat' dir='ltr'><strong>prmdicando</strong></span> <span class='ocrx_word' id='word_1_612' title='bbox 3614 3470 3800 3510; x_wconf 86' lang='lat' dir='ltr'><strong>annun</strong></span> 
     </span>
    </p>
   </div>
   <div class='ocr_carea' id='block_1_90' title="bbox 2227 3536 3536 3606">
    <p class='ocr_par' dir='ltr' id='par_1_90' title="bbox 2227 3536 3536 3606">
     <span class='ocr_line' id='line_1_90' title="bbox 2227 3536 3536 3606; baseline 0.007 -16"><span class='ocrx_word' id='word_1_613' title='bbox 2227 3536 2386 3603; x_wconf 86' lang='lat' dir='ltr'><strong>tiant,</strong></span> <span class='ocrx_word' id='word_1_614' title='bbox 2407 3536 2635 3606; x_wconf 82' lang='lat' dir='ltr'><strong>gloriam</strong></span> <span class='ocrx_word' id='word_1_615' title='bbox 2661 3536 2913 3595; x_wconf 87' lang='lat' dir='ltr'><strong>videlicet</strong></span> <span class='ocrx_word' id='word_1_616' title='bbox 2931 3540 3147 3600; x_wconf 64' lang='lat' dir='ltr'><strong>aeterna:</strong></span> <span class='ocrx_word' id='word_1_617' title='bbox 3174 3542 3536 3600; x_wconf 85' lang='lat' dir='ltr'><strong>beatitudinis.</strong></span> 
     </span>
    </p>
   </div>
   <div class='ocr_carea' id='block_1_91' title="bbox 2296 3647 3816 3723">
    <p class='ocr_par' dir='ltr' id='par_1_91' title="bbox 2296 3647 3816 3723">
     <span class='ocr_line' id='line_1_91' title="bbox 2296 3647 3816 3723; baseline 0.011 -22"><span class='ocrx_word' id='word_1_618' title='bbox 2296 3647 2572 3705; x_wconf 77' lang='lat' dir='ltr'><strong>Vmuus.</strong></span> <span class='ocrx_word' id='word_1_619' title='bbox 2606 3648 2786 3716; x_wconf 77' lang='lat' dir='ltr'><strong>Quare</strong></span> <span class='ocrx_word' id='word_1_620' title='bbox 2815 3653 2902 3708; x_wconf 78' lang='lat' dir='ltr'><strong>isti</strong></span> <span class='ocrx_word' id='word_1_621' title='bbox 2932 3654 3055 3723; x_wconf 82' lang='lat' dir='ltr'><strong>galli</strong></span> <span class='ocrx_word' id='word_1_622' title='bbox 3097 3658 3358 3717; x_wconf 86' lang='lat' dir='ltr'><strong>succincti</strong></span> <span class='ocrx_word' id='word_1_623' title='bbox 3386 3660 3598 3718; x_wconf 78' lang='lat' dir='ltr'><strong>lumbos</strong></span> <span class='ocrx_word' id='word_1_624' title='bbox 3624 3661 3816 3718; x_wconf 79' lang='lat' dir='ltr'><strong>dicun-</strong></span> 
     </span>
    </p>
   </div>
   <div class='ocr_carea' id='block_1_92' title="bbox 2226 3742 2359 3795">
    <p class='ocr_par' dir='ltr' id='par_1_92' title="bbox 2226 3742 2359 3795">
     <span class='ocr_line' id='line_1_92' title="bbox 2226 3742 2359 3795; baseline 0 0"><span class='ocrx_word' id='word_1_625' title='bbox 2226 3742 2359 3795; x_wconf 55' lang='lat' dir='ltr'><strong>ﬁt?</strong></span> 
     </span>
    </p>
   </div>
   <div class='ocr_carea' id='block_1_93' title="bbox 2297 3812 3810 3912">
    <p class='ocr_par' dir='ltr' id='par_1_93' title="bbox 2297 3812 3810 3912">
     <span class='ocr_line' id='line_1_93' title="bbox 2297 3812 3810 3912; baseline 0.012 -24"><span class='ocrx_word' id='word_1_626' title='bbox 2297 3833 2580 3891; x_wconf 67' lang='lat' dir='ltr'><strong>Summus.</strong></span> <span class='ocrx_word' id='word_1_627' title='bbox 2621 3837 2755 3905; x_wconf 86' lang='lat' dir='ltr'><strong>Quia</strong></span> <span class='ocrx_word' id='word_1_628' title='bbox 2802 3812 2975 3896; x_wconf 82' lang='lat' dir='ltr'><strong>sancti</strong></span> <span class='ocrx_word' id='word_1_629' title='bbox 3029 3844 3408 3912; x_wconf 78' lang='lat' dir='ltr'><strong>prtcdieatores</strong></span> <span class='ocrx_word' id='word_1_630' title='bbox 3454 3846 3508 3900; x_wconf 90' lang='lat' dir='ltr'><strong>in</strong></span> <span class='ocrx_word' id='word_1_631' title='bbox 3557 3846 3810 3906; x_wconf 74' lang='lat' dir='ltr'><strong>mentbl&#39;is</strong></span> 
     </span>
    </p>
   </div>
   <div class='ocr_carea' id='block_1_94' title="bbox 2224 3926 3399 4006">
    <p class='ocr_par' dir='ltr' id='par_1_94' title="bbox 2224 3926 3399 4006">
     <span class='ocr_line' id='line_1_94' title="bbox 2224 3926 3399 4006; baseline 0.01 -26"><span class='ocrx_word' id='word_1_632' title='bbox 2224 3926 2339 3981; x_wconf 74' lang='lat' dir='ltr'><strong>suis</strong></span> <span class='ocrx_word' id='word_1_633' title='bbox 2363 3926 2625 3982; x_wconf 68' lang='lat' dir='ltr'><strong>luxuriam</strong></span> <span class='ocrx_word' id='word_1_634' title='bbox 2654 3936 2711 3983; x_wconf 85' lang='lat' dir='ltr'><strong>et</strong></span> <span class='ocrx_word' id='word_1_635' title='bbox 2736 3929 3009 3986; x_wconf 71' lang='lat' dir='ltr'><strong>libidinem”</strong></span> <span class='ocrx_word' id='word_1_636' title='bbox 3042 3935 3399 4006; x_wconf 71' lang='lat' dir='ltr'><strong>restinguunt.</strong></span> 
     </span>
    </p>
   </div>
   <div class='ocr_carea' id='block_1_95' title="bbox 2297 4016 3814 4100">
    <p class='ocr_par' dir='ltr' id='par_1_95' title="bbox 2297 4016 3814 4100">
     <span class='ocr_line' id='line_1_95' title="bbox 2297 4016 3814 4100; baseline 0.011 -29"><span class='ocrx_word' id='word_1_637' title='bbox 2297 4016 2567 4075; x_wconf 62' lang='lat' dir='ltr'><strong>VBIAXUS.</strong></span> <span class='ocrx_word' id='word_1_638' title='bbox 2598 4017 3032 4091; x_wconf 72' lang='lat' dir='ltr'><strong>Quidsigniﬁeat</strong></span> <span class='ocrx_word' id='word_1_639' title='bbox 3049 4026 3213 4091; x_wconf 67' lang='lat' dir='ltr'><strong>ardes,</strong></span> <span class='ocrx_word' id='word_1_640' title='bbox 3246 4029 3334 4083; x_wconf 87' lang='lat' dir='ltr'><strong>cui</strong></span> <span class='ocrx_word' id='word_1_641' title='bbox 3358 4037 3567 4085; x_wconf 77' lang='lat' dir='ltr'><strong>nonest</strong></span> <span class='ocrx_word' id='word_1_642' title='bbox 3603 4030 3814 4100; x_wconf 65' lang='grc' dir='ltr'><strong>ηυιυί</strong></span> 
     </span>
    </p>
   </div>
   <div class='ocr_carea' id='block_1_96' title="bbox 2224 4112 2477 4166">
    <p class='ocr_par' dir='ltr' id='par_1_96' title="bbox 2224 4112 2477 4166">
     <span class='ocr_line' id='line_1_96' title="bbox 2224 4112 2477 4166; baseline -0.004 0"><span class='ocrx_word' id='word_1_643' title='bbox 2224 4112 2440 4166; x_wconf 73' lang='lat' dir='ltr'><strong>resistat</strong></span> <span class='ocrx_word' id='word_1_644' title='bbox 2452 4114 2477 4165; x_wconf 84' lang='lat'><strong>?</strong></span> 
     </span>
    </p>
   </div>
   <div class='ocr_carea' id='block_1_97' title="bbox 2289 4196 3809 4301">
    <p class='ocr_par' dir='ltr' id='par_1_97' title="bbox 2289 4196 3809 4301">
     <span class='ocr_line' id='line_1_97' title="bbox 2289 4196 3809 4301; baseline 0.01 -25"><span class='ocrx_word' id='word_1_645' title='bbox 2289 4196 2567 4280; x_wconf 58' lang='lat' dir='ltr'><strong>Sanos-rus.</strong></span> <span class='ocrx_word' id='word_1_646' title='bbox 2601 4225 2706 4282; x_wconf 86' lang='lat' dir='ltr'><strong>Per</strong></span> <span class='ocrx_word' id='word_1_647' title='bbox 2742 4229 2988 4297; x_wconf 89' lang='lat' dir='ltr'><strong>arietem,</strong></span> <span class='ocrx_word' id='word_1_648' title='bbox 3016 4233 3195 4288; x_wconf 89' lang='lat' dir='ltr'><strong>sancti</strong></span> <span class='ocrx_word' id='word_1_649' title='bbox 3215 4233 3570 4301; x_wconf 83' lang='lat' dir='ltr'><strong>designantur</strong></span> <span class='ocrx_word' id='word_1_650' title='bbox 3598 4234 3809 4290; x_wconf 80' lang='lat' dir='ltr'><strong>confes-</strong></span> 
     </span>
    </p>
   </div>
   <div class='ocr_carea' id='block_1_98' title="bbox 2216 4312 3808 4398">
    <p class='ocr_par' dir='ltr' id='par_1_98' title="bbox 2216 4312 3808 4398">
     <span class='ocr_line' id='line_1_98' title="bbox 2216 4312 3808 4398; baseline 0.01 -31"><span class='ocrx_word' id='word_1_651' title='bbox 2216 4318 2367 4368; x_wconf 69' lang='lat' dir='ltr'><strong>seres</strong></span> <span class='ocrx_word' id='word_1_652' title='bbox 2396 4320 2449 4370; x_wconf 86' lang='lat' dir='ltr'><strong>et</strong></span> <span class='ocrx_word' id='word_1_653' title='bbox 2469 4312 2798 4386; x_wconf 76' lang='lat' dir='ltr'><strong>sacerdntes,</strong></span> <span class='ocrx_word' id='word_1_654' title='bbox 2823 4321 2915 4390; x_wconf 79' lang='lat' dir='ltr'><strong>q‘ui</strong></span> <span class='ocrx_word' id='word_1_655' title='bbox 2936 4320 3104 4378; x_wconf 78' lang='lat' dir='ltr'><strong>veluti</strong></span> <span class='ocrx_word' id='word_1_656' title='bbox 3134 4323 3333 4380; x_wconf 79' lang='lat' dir='ltr'><strong>arietes</strong></span> <span class='ocrx_word' id='word_1_657' title='bbox 3358 4336 3579 4396; x_wconf 81' lang='lat' dir='ltr'><strong>gregem</strong></span> <span class='ocrx_word' id='word_1_658' title='bbox 3604 4338 3808 4398; x_wconf 77' lang='lat' dir='ltr'><strong>pracce-</strong></span> 
     </span>
    </p>
   </div>
   <div class='ocr_carea' id='block_1_99' title="bbox 2214 4398 3812 4489">
    <p class='ocr_par' dir='ltr' id='par_1_99' title="bbox 2214 4398 3812 4489">
     <span class='ocr_line' id='line_1_99' title="bbox 2214 4398 3812 4489; baseline 0.009 -31"><span class='ocrx_word' id='word_1_659' title='bbox 2214 4398 2368 4489; x_wconf 78' lang='lat' dir='ltr'><strong>dum,</strong></span> <span class='ocrx_word' id='word_1_660' title='bbox 2398 4406 2522 4475; x_wconf 87' lang='lat' dir='ltr'><strong>quia</strong></span> <span class='ocrx_word' id='word_1_661' title='bbox 2551 4406 2809 4479; x_wconf 84' lang='lat' dir='ltr'><strong>pupulum</strong></span> <span class='ocrx_word' id='word_1_662' title='bbox 2863 4411 3073 4469; x_wconf 79' lang='lat' dir='ltr'><strong>ﬁdelem</strong></span> <span class='ocrx_word' id='word_1_663' title='bbox 3122 4430 3223 4485; x_wconf 87' lang='lat' dir='ltr'><strong>per</strong></span> <span class='ocrx_word' id='word_1_664' title='bbox 3247 4417 3495 4489; x_wconf 79' lang='lat' dir='ltr'><strong>exempla</strong></span> <span class='ocrx_word' id='word_1_665' title='bbox 3544 4433 3638 4474; x_wconf 87' lang='lat' dir='ltr'><strong>sua</strong></span> <span class='ocrx_word' id='word_1_666' title='bbox 3688 4428 3812 4486; x_wconf 78' lang='lat' dir='ltr'><strong>gra-</strong></span> 
     </span>
    </p>
   </div>
   <div class='ocr_carea' id='block_1_100' title="bbox 2213 4488 3811 4581">
    <p class='ocr_par' dir='ltr' id='par_1_100' title="bbox 2213 4488 3811 4581">
     <span class='ocr_line' id='line_1_100' title="bbox 2213 4488 3811 4581; baseline 0.012 -33"><span class='ocrx_word' id='word_1_667' title='bbox 2213 4488 2691 4573; x_wconf 12' lang='lat' dir='ltr'><strong>dientem‘ductmt&#39;.</strong></span> <span class='ocrx_word' id='word_1_668' title='bbox 2726 4499 2816 4556; x_wconf 84' lang='lat' dir='ltr'><strong>isti</strong></span> <span class='ocrx_word' id='word_1_669' title='bbox 2849 4502 3100 4559; x_wconf 85' lang='lat' dir='ltr'><strong>nimirum</strong></span> <span class='ocrx_word' id='word_1_670' title='bbox 3128 4508 3329 4564; x_wconf 87' lang='lat' dir='ltr'><strong>arietes</strong></span> <span class='ocrx_word' id='word_1_671' title='bbox 3353 4488 3421 4581; x_wconf 84' lang='lat' dir='ltr'><strong>(si</strong></span> <span class='ocrx_word' id='word_1_672' title='bbox 3459 4509 3811 4581; x_wconf 76' lang='lat' dir='ltr'><strong>splritualiter</strong></span> 
     </span>
    </p>
   </div>
   <div class='ocr_carea' id='block_1_101' title="bbox 2218 4588 3804 4668">
    <p class='ocr_par' dir='ltr' id='par_1_101' title="bbox 2218 4588 3804 4668">
     <span class='ocr_line' id='line_1_101' title="bbox 2218 4588 3804 4668; baseline 0.012 -28"><span class='ocrx_word' id='word_1_673' title='bbox 2218 4588 2273 4642; x_wconf 80' lang='lat' dir='ltr'><strong>et</strong></span> <span class='ocrx_word' id='word_1_674' title='bbox 2293 4594 2441 4643; x_wconf 85' lang='lat' dir='ltr'><strong>recte</strong></span> <span class='ocrx_word' id='word_1_675' title='bbox 2459 4589 2663 4662; x_wconf 86' lang='lat' dir='ltr'><strong>vivant)</strong></span> <span class='ocrx_word' id='word_1_676' title='bbox 2691 4593 2867 4650; x_wconf 87' lang='lat' dir='ltr'><strong>nullus</strong></span> <span class='ocrx_word' id='word_1_677' title='bbox 2886 4602 2970 4651; x_wconf 88' lang='lat' dir='ltr'><strong>est</strong></span> <span class='ocrx_word' id='word_1_678' title='bbox 2997 4611 3093 4652; x_wconf 71' lang='lat' dir='ltr'><strong>rex</strong></span> <span class='ocrx_word' id='word_1_679' title='bbox 3116 4599 3207 4668; x_wconf 87' lang='lat' dir='ltr'><strong>qui</strong></span> <span class='ocrx_word' id='word_1_680' title='bbox 3228 4600 3307 4655; x_wconf 86' lang='lat' dir='ltr'><strong>eis</strong></span> <span class='ocrx_word' id='word_1_681' title='bbox 3329 4602 3583 4658; x_wconf 85' lang='lat' dir='ltr'><strong>resistere</strong></span> <span class='ocrx_word' id='word_1_682' title='bbox 3600 4601 3804 4667; x_wconf 81' lang='lat' dir='ltr'><strong>valeat;</strong></span> 
     </span>
    </p>
   </div>
   <div class='ocr_carea' id='block_1_102' title="bbox 2217 4676 3806 4762">
    <p class='ocr_par' dir='ltr' id='par_1_102' title="bbox 2217 4676 3806 4762">
     <span class='ocr_line' id='line_1_102' title="bbox 2217 4676 3806 4762; baseline 0.012 -32"><span class='ocrx_word' id='word_1_683' title='bbox 2217 4676 2341 4747; x_wconf 82' lang='lat' dir='ltr'><strong>quia</strong></span> <span class='ocrx_word' id='word_1_684' title='bbox 2372 4678 2545 4735; x_wconf 88' lang='lat' dir='ltr'><strong>nullus</strong></span> <span class='ocrx_word' id='word_1_685' title='bbox 2574 4691 2657 4736; x_wconf 85' lang='lat' dir='ltr'><strong>est</strong></span> <span class='ocrx_word' id='word_1_686' title='bbox 2682 4688 2790 4737; x_wconf 85' lang='lat' dir='ltr'><strong>tam</strong></span> <span class='ocrx_word' id='word_1_687' title='bbox 2814 4698 2986 4741; x_wconf 78' lang='lat' dir='ltr'><strong>saevus</strong></span> <span class='ocrx_word' id='word_1_688' title='bbox 3015 4698 3356 4758; x_wconf 82' lang='lat' dir='ltr'><strong>persecutor,</strong></span> <span class='ocrx_word' id='word_1_689' title='bbox 3388 4692 3481 4762; x_wconf 88' lang='lat' dir='ltr'><strong>qui</strong></span> <span class='ocrx_word' id='word_1_690' title='bbox 3506 4702 3693 4748; x_wconf 79' lang='lat' dir='ltr'><strong>earum</strong></span> <span class='ocrx_word' id='word_1_691' title='bbox 3721 4694 3806 4748; x_wconf 86' lang='lat' dir='ltr'><strong>in-</strong></span> 
     </span>
    </p>
   </div>
   <div class='ocr_carea' id='block_1_103' title="bbox 2188 4770 3804 4856">
    <p class='ocr_par' dir='ltr' id='par_1_103' title="bbox 2188 4770 3804 4856">
     <span class='ocr_line' id='line_1_103' title="bbox 2188 4770 3804 4856; baseline 0.014 -34"><span class='ocrx_word' id='word_1_692' title='bbox 2188 4770 2514 4852; x_wconf 46' lang='lat' dir='ltr'><strong>.tentlonem</strong></span> <span class='ocrx_word' id='word_1_693' title='bbox 2546 4773 2721 4829; x_wconf 80' lang='lat' dir='ltr'><strong>valeat</strong></span> <span class='ocrx_word' id='word_1_694' title='bbox 2747 4776 3041 4847; x_wconf 84' lang='lat' dir='ltr'><strong>impedire,</strong></span> <span class='ocrx_word' id='word_1_695' title='bbox 3078 4782 3200 4852; x_wconf 89' lang='lat' dir='ltr'><strong>quia</strong></span> <span class='ocrx_word' id='word_1_696' title='bbox 3228 4783 3330 4840; x_wconf 87' lang='lat' dir='ltr'><strong>etsi</strong></span> <span class='ocrx_word' id='word_1_697' title='bbox 3356 4786 3602 4841; x_wconf 84' lang='lat' dir='ltr'><strong>eismala</strong></span> <span class='ocrx_word' id='word_1_698' title='bbox 3653 4788 3804 4856; x_wconf 76' lang='lat' dir='ltr'><strong>inge-</strong></span> 
     </span>
    </p>
   </div>
   <div class='ocr_carea' id='block_1_104' title="bbox 2214 4866 3628 4946">
    <p class='ocr_par' dir='ltr' id='par_1_104' title="bbox 2214 4866 3628 4946">
     <span class='ocr_line' id='line_1_104' title="bbox 2214 4866 3628 4946; baseline 0.013 -31"><span class='ocrx_word' id='word_1_699' title='bbox 2214 4870 2422 4928; x_wconf 91' lang='lat' dir='ltr'><strong>runtur,</strong></span> <span class='ocrx_word' id='word_1_700' title='bbox 2448 4866 2633 4920; x_wconf 83' lang='lat' dir='ltr'><strong>omnia</strong></span> <span class='ocrx_word' id='word_1_701' title='bbox 2676 4868 2946 4937; x_wconf 78' lang='lat' dir='ltr'><strong>patienter</strong></span> <span class='ocrx_word' id='word_1_702' title='bbox 2972 4873 3240 4928; x_wconf 86' lang='lat' dir='ltr'><strong>sustinent</strong></span> <span class='ocrx_word' id='word_1_703' title='bbox 3269 4884 3367 4946; x_wconf 84' lang='lat' dir='ltr'><strong>pro</strong></span> <span class='ocrx_word' id='word_1_704' title='bbox 3393 4876 3628 4933; x_wconf 83' lang='lat' dir='ltr'><strong>Christo.</strong></span> 
     </span>
    </p>
   </div>
   <div class='ocr_carea' id='block_1_105' title="bbox 2279 4972 3801 5056">
    <p class='ocr_par' dir='ltr' id='par_1_105' title="bbox 2279 4972 3801 5056">
     <span class='ocr_line' id='line_1_105' title="bbox 2279 4972 3801 5056; baseline 0.012 -27"><span class='ocrx_word' id='word_1_705' title='bbox 2279 4972 2548 5032; x_wconf 59' lang='lat' dir='ltr'><strong>Vesanus.</strong></span> <span class='ocrx_word' id='word_1_706' title='bbox 2579 4976 2716 5044; x_wconf 87' lang='lat' dir='ltr'><strong>Quid</strong></span> <span class='ocrx_word' id='word_1_707' title='bbox 2747 4988 2828 5035; x_wconf 86' lang='lat' dir='ltr'><strong>est</strong></span> <span class='ocrx_word' id='word_1_708' title='bbox 2856 4981 2983 5037; x_wconf 88' lang='lat' dir='ltr'><strong>illud</strong></span> <span class='ocrx_word' id='word_1_709' title='bbox 3013 4992 3264 5053; x_wconf 82' lang='lat' dir='ltr'><strong>quartum</strong></span> <span class='ocrx_word' id='word_1_710' title='bbox 3305 4988 3448 5056; x_wconf 83' lang='lat' dir='ltr'><strong>quod</strong></span> <span class='ocrx_word' id='word_1_711' title='bbox 3499 4989 3801 5046; x_wconf 72' lang='lat' dir='ltr'><strong>inec-diste-</strong></span> 
     </span>
    </p>
   </div>
   <div class='ocr_carea' id='block_1_106' title="bbox 2204 5065 2426 5121">
    <p class='ocr_par' dir='ltr' id='par_1_106' title="bbox 2204 5065 2426 5121">
     <span class='ocr_line' id='line_1_106' title="bbox 2204 5065 2426 5121; baseline 0.009 -2"><span class='ocrx_word' id='word_1_712' title='bbox 2204 5065 2387 5121; x_wconf 81' lang='lat' dir='ltr'><strong>lieiter</strong></span> <span class='ocrx_word' id='word_1_713' title='bbox 2401 5067 2426 5121; x_wconf 82' lang='lat'><strong>?</strong></span> 
     </span>
    </p>
   </div>
   <div class='ocr_carea' id='block_1_107' title="bbox 2275 5157 3801 5243">
    <p class='ocr_par' dir='ltr' id='par_1_107' title="bbox 2275 5157 3801 5243">
     <span class='ocr_line' id='line_1_107' title="bbox 2275 5157 3801 5243; baseline 0.012 -31"><span class='ocrx_word' id='word_1_714' title='bbox 2275 5157 2555 5216; x_wconf 55' lang='lat' dir='ltr'><strong>Summus.</strong></span> <span class='ocrx_word' id='word_1_715' title='bbox 2587 5158 2681 5218; x_wconf 87' lang='lat' dir='ltr'><strong>Ille</strong></span> <span class='ocrx_word' id='word_1_716' title='bbox 2707 5163 2800 5232; x_wconf 89' lang='lat' dir='ltr'><strong>qui</strong></span> <span class='ocrx_word' id='word_1_717' title='bbox 2835 5165 3032 5222; x_wconf 81' lang='lat' dir='ltr'><strong>stultus</strong></span> <span class='ocrx_word' id='word_1_718' title='bbox 3068 5171 3318 5241; x_wconf 76' lang='lat' dir='ltr'><strong>apparuit</strong></span> <span class='ocrx_word' id='word_1_719' title='bbox 3352 5178 3637 5243; x_wconf 81' lang='lat' dir='ltr'><strong>postquam</strong></span> <span class='ocrx_word' id='word_1_720' title='bbox 3681 5190 3801 5230; x_wconf 77' lang='lat' dir='ltr'><strong>ere-</strong></span> 
     </span>
    </p>
   </div>
   <div class='ocr_carea' id='block_1_108' title="bbox 515 5233 2773 5327">
    <p class='ocr_par' dir='ltr' id='par_1_108' title="bbox 515 5233 2773 5327">
     <span class='ocr_line' id='line_1_108' title="bbox 515 5233 2773 5327; baseline 0.016 -41"><span class='ocrx_word' id='word_1_721' title='bbox 515 5233 693 5302; x_wconf 89' lang='lat' dir='ltr'><strong>vario;</strong></span> <span class='ocrx_word' id='word_1_722' title='bbox 717 5236 856 5292; x_wconf 90' lang='lat' dir='ltr'><strong>unde</strong></span> <span class='ocrx_word' id='word_1_723' title='bbox 898 5256 1093 5298; x_wconf 90' lang='lat' dir='ltr'><strong>nomen</strong></span> <span class='ocrx_word' id='word_1_724' title='bbox 1137 5246 1343 5316; x_wconf 88' lang='lat' dir='ltr'><strong>accepit</strong></span> <span class='ocrx_word' id='word_1_725' title='bbox 1370 5242 1569 5318; x_wconf 90' lang='lat' dir='ltr'><strong>stellio,</strong></span> <span class='ocrx_word' id='word_1_726' title='bbox 1600 5252 1725 5324; x_wconf 85' lang='lat' dir='ltr'><strong>quia</strong></span> <span class='ocrx_word' id='word_1_727' title='bbox 1752 5259 1902 5327; x_wconf 90' lang='lat' dir='ltr'><strong>quasi</strong></span> <span class='ocrx_word' id='word_1_728' title='bbox 1931 5258 2110 5327; x_wconf 82' lang='lat' dir='ltr'><strong>stellis,</strong></span> <span class='ocrx_word' id='word_1_729' title='bbox 2201 5248 2319 5301; x_wconf 55' lang='lat' dir='ltr'><strong>eius</strong></span> <span class='ocrx_word' id='word_1_730' title='bbox 2339 5257 2421 5303; x_wconf 64' lang='grc' dir='ltr'><strong>θεῖ</strong></span> <span class='ocrx_word' id='word_1_731' title='bbox 2450 5249 2503 5303; x_wconf 64' lang='lat' dir='ltr'><strong>in</strong></span> <span class='ocrx_word' id='word_1_732' title='bbox 2524 5251 2773 5307; x_wconf 49' lang='lat' dir='ltr'><strong>summe.</strong></span> 
     </span>
    </p>
   </div>
   <div class='ocr_carea' id='block_1_109' title="bbox 517 5323 1682 5401">
    <p class='ocr_par' dir='ltr' id='par_1_109' title="bbox 517 5323 1682 5401">
     <span class='ocr_line' id='line_1_109' title="bbox 517 5323 1682 5401; baseline 0.021 -26"><span class='ocrx_word' id='word_1_733' title='bbox 517 5323 590 5401; x_wconf 86' lang='lat' dir='ltr'><strong>(id</strong></span> <span class='ocrx_word' id='word_1_734' title='bbox 618 5324 700 5383; x_wconf 87' lang='lat' dir='ltr'><strong>est</strong></span> <span class='ocrx_word' id='word_1_735' title='bbox 726 5328 908 5399; x_wconf 84' lang='lat' dir='ltr'><strong>guttis)</strong></span> <span class='ocrx_word' id='word_1_736' title='bbox 931 5330 1212 5391; x_wconf 87' lang='lat' dir='ltr'><strong>distinctus</strong></span> <span class='ocrx_word' id='word_1_737' title='bbox 1236 5342 1291 5392; x_wconf 87' lang='lat' dir='ltr'><strong>et</strong></span> <span class='ocrx_word' id='word_1_738' title='bbox 1318 5342 1552 5400; x_wconf 80' lang='lat' dir='ltr'><strong>variatus</strong></span> <span class='ocrx_word' id='word_1_739' title='bbox 1580 5323 1682 5401; x_wconf 82' lang='lat' dir='ltr'><strong>est.</strong></span> 
     </span>
    </p>
   </div>
   <div class='ocr_carea' id='block_1_110' title="bbox 584 5412 1706 5499">
    <p class='ocr_par' dir='ltr' id='par_1_110' title="bbox 584 5412 1706 5499">
     <span class='ocr_line' id='line_1_110' title="bbox 584 5412 1706 5499; baseline 0.018 -27"><span class='ocrx_word' id='word_1_740' title='bbox 584 5412 852 5474; x_wconf 62' lang='lat' dir='ltr'><strong>Vesanus.</strong></span> <span class='ocrx_word' id='word_1_741' title='bbox 885 5418 1021 5487; x_wconf 87' lang='lat' dir='ltr'><strong>Quid</strong></span> <span class='ocrx_word' id='word_1_742' title='bbox 1047 5440 1175 5495; x_wconf 85' lang='lat' dir='ltr'><strong>ergo</strong></span> <span class='ocrx_word' id='word_1_743' title='bbox 1208 5429 1706 5499; x_wconf 82' lang='lat' dir='ltr'><strong>signiticatstellio?</strong></span> 
     </span>
    </p>
   </div>
   <div class='ocr_carea' id='block_1_111' title="bbox 530 5500 2096 5601">
    <p class='ocr_par' dir='ltr' id='par_1_111' title="bbox 530 5500 2096 5601">
     <span class='ocr_line' id='line_1_111' title="bbox 530 5500 2096 5601; baseline 0.017 -37"><span class='ocrx_word' id='word_1_744' title='bbox 530 5578 541 5584; x_wconf 22' lang='grc' dir='ltr'><em>ἡ</em></span> <span class='ocrx_word' id='word_1_745' title='bbox 582 5503 865 5565; x_wconf 57' lang='lat' dir='ltr'><strong>Summus.</strong></span> <span class='ocrx_word' id='word_1_746' title='bbox 897 5500 1019 5568; x_wconf 84' lang='lat' dir='ltr'><strong>Illos</strong></span> <span class='ocrx_word' id='word_1_747' title='bbox 1046 5514 1311 5583; x_wconf 75' lang='lat' dir='ltr'><strong>signiﬁcat</strong></span> <span class='ocrx_word' id='word_1_748' title='bbox 1334 5522 1425 5591; x_wconf 86' lang='lat' dir='ltr'><strong>qui</strong></span> <span class='ocrx_word' id='word_1_749' title='bbox 1453 5524 1587 5580; x_wconf 89' lang='lat' dir='ltr'><strong>tardi</strong></span> <span class='ocrx_word' id='word_1_750' title='bbox 1618 5536 1743 5584; x_wconf 89' lang='lat' dir='ltr'><strong>sunt</strong></span> <span class='ocrx_word' id='word_1_751' title='bbox 1766 5530 2008 5601; x_wconf 85' lang='lat' dir='ltr'><strong>ingenio;</strong></span> <span class='ocrx_word' id='word_1_752' title='bbox 2042 5543 2096 5590; x_wconf 89' lang='lat' dir='ltr'><strong>et</strong></span> 
     </span>
    </p>
   </div>
   <div class='ocr_carea' id='block_1_112' title="bbox 517 5600 2098 5685">
    <p class='ocr_par' dir='ltr' id='par_1_112' title="bbox 517 5600 2098 5685">
     <span class='ocr_line' id='line_1_112' title="bbox 517 5600 2098 5685; baseline 0.022 -37"><span class='ocrx_word' id='word_1_753' title='bbox 517 5604 692 5653; x_wconf 81' lang='lat' dir='ltr'><strong>tamen</strong></span> <span class='ocrx_word' id='word_1_754' title='bbox 721 5600 1032 5668; x_wconf 83' lang='lat' dir='ltr'><strong>quotidiana</strong></span> <span class='ocrx_word' id='word_1_755' title='bbox 1054 5606 1237 5665; x_wconf 85' lang='lat' dir='ltr'><strong>studio</strong></span> <span class='ocrx_word' id='word_1_756' title='bbox 1267 5620 1321 5667; x_wconf 91' lang='lat' dir='ltr'><strong>et</strong></span> <span class='ocrx_word' id='word_1_757' title='bbox 1341 5612 1637 5685; x_wconf 87' lang='lat' dir='ltr'><strong>diligentia,</strong></span> <span class='ocrx_word' id='word_1_758' title='bbox 1675 5624 1920 5679; x_wconf 88' lang='lat' dir='ltr'><strong>manibus</strong></span> <span class='ocrx_word' id='word_1_759' title='bbox 1940 5600 2098 5682; x_wconf 56' lang='lat' dir='ltr'><strong>aster-</strong></span> 
     </span>
    </p>
   </div>
   <div class='ocr_carea' id='block_1_113' title="bbox 519 5690 2094 5779">
    <p class='ocr_par' dir='ltr' id='par_1_113' title="bbox 519 5690 2094 5779">
     <span class='ocr_line' id='line_1_113' title="bbox 519 5690 2094 5779; baseline 0.025 -43"><span class='ocrx_word' id='word_1_760' title='bbox 519 5697 636 5739; x_wconf 85' lang='lat' dir='ltr'><strong>nam</strong></span> <span class='ocrx_word' id='word_1_761' title='bbox 668 5690 842 5745; x_wconf 84' lang='lat' dir='ltr'><strong>aulam</strong></span> <span class='ocrx_word' id='word_1_762' title='bbox 872 5698 1266 5766; x_wconf 87' lang='lat' dir='ltr'><strong>conscendunt;</strong></span> <span class='ocrx_word' id='word_1_763' title='bbox 1301 5702 1408 5759; x_wconf 91' lang='lat' dir='ltr'><strong>hoc</strong></span> <span class='ocrx_word' id='word_1_764' title='bbox 1428 5716 1530 5774; x_wconf 88' lang='lat' dir='ltr'><strong>est,</strong></span> <span class='ocrx_word' id='word_1_765' title='bbox 1562 5714 1808 5779; x_wconf 89' lang='lat' dir='ltr'><strong>quamvis</strong></span> <span class='ocrx_word' id='word_1_766' title='bbox 1836 5732 1958 5772; x_wconf 92' lang='lat' dir='ltr'><strong>cum</strong></span> <span class='ocrx_word' id='word_1_767' title='bbox 1981 5733 2094 5774; x_wconf 89' lang='lat' dir='ltr'><strong>ma-</strong></span> 
     </span>
    </p>
   </div>
   <div class='ocr_carea' id='block_1_114' title="bbox 1432 5875 1517 5883">
    <p class='ocr_par' dir='ltr' id='par_1_114' title="bbox 1432 5875 1517 5883">
     <span class='ocr_line' id='line_1_114' title="bbox 1432 5875 1517 5883; baseline 0.024 -2"><span class='ocrx_word' id='word_1_768' title='bbox 1432 5875 1517 5883; x_wconf 66' lang='grc'><strong>-..-</strong></span> 
     </span>
    </p>
   </div>
   <div class='ocr_carea' id='block_1_115' title="bbox 2219 5338 2974 5409">
    <p class='ocr_par' dir='ltr' id='par_1_115' title="bbox 2219 5338 2974 5409">
     <span class='ocr_line' id='line_1_115' title="bbox 2219 5338 2974 5409; baseline 0.015 -17"><span class='ocrx_word' id='word_1_769' title='bbox 2219 5345 2223 5348; x_wconf 78' lang='grc'><em>’</em></span> <span class='ocrx_word' id='word_1_770' title='bbox 2277 5338 2546 5396; x_wconf 66' lang='grc' dir='ltr'><strong>Υειιλκυε.</strong></span> <span class='ocrx_word' id='word_1_771' title='bbox 2572 5342 2703 5409; x_wconf 78' lang='lat' dir='ltr'><strong>Quis</strong></span> <span class='ocrx_word' id='word_1_772' title='bbox 2751 5353 2832 5401; x_wconf 85' lang='lat' dir='ltr'><strong>est</strong></span> <span class='ocrx_word' id='word_1_773' title='bbox 2853 5346 2974 5402; x_wconf 84' lang='lat' dir='ltr'><strong>ille?</strong></span> 
     </span>
    </p>
   </div>
   <div class='ocr_carea' id='block_1_116' title="bbox 2275 5453 3793 5531">
    <p class='ocr_par' dir='ltr' id='par_1_116' title="bbox 2275 5453 3793 5531">
     <span class='ocr_line' id='line_1_116' title="bbox 2275 5453 3793 5531; baseline 0.012 -24"><span class='ocrx_word' id='word_1_774' title='bbox 2275 5453 2559 5511; x_wconf 75' lang='lat' dir='ltr'><strong>SALONIUS.</strong></span> <span class='ocrx_word' id='word_1_775' title='bbox 2590 5455 2957 5515; x_wconf 82' lang='lat' dir='ltr'><strong>Autichristus</strong></span> <span class='ocrx_word' id='word_1_776' title='bbox 2977 5464 3066 5531; x_wconf 88' lang='lat' dir='ltr'><strong>qui</strong></span> <span class='ocrx_word' id='word_1_777' title='bbox 3096 5464 3425 5522; x_wconf 86' lang='lat' dir='ltr'><strong>revelabitur</strong></span> <span class='ocrx_word' id='word_1_778' title='bbox 3455 5469 3505 5523; x_wconf 86' lang='lat' dir='ltr'><strong>in</strong></span> <span class='ocrx_word' id='word_1_779' title='bbox 3535 5467 3793 5525; x_wconf 86' lang='lat' dir='ltr'><strong>sublime:</strong></span> 
     </span>
    </p>
   </div>
   <div class='ocr_carea' id='block_1_117' title="bbox 2202 5540 3797 5630">
    <p class='ocr_par' dir='ltr' id='par_1_117' title="bbox 2202 5540 3797 5630">
     <span class='ocr_line' id='line_1_117' title="bbox 2202 5540 3797 5630; baseline 0.013 -32"><span class='ocrx_word' id='word_1_780' title='bbox 2202 5543 2305 5600; x_wconf 87' lang='lat' dir='ltr'><strong>hoc</strong></span> <span class='ocrx_word' id='word_1_781' title='bbox 2333 5540 2417 5599; x_wconf 87' lang='lat' dir='ltr'><strong>est</strong></span> <span class='ocrx_word' id='word_1_782' title='bbox 2445 5545 2499 5599; x_wconf 88' lang='lat' dir='ltr'><strong>in</strong></span> <span class='ocrx_word' id='word_1_783' title='bbox 2519 5544 2792 5603; x_wconf 82' lang='lat' dir='ltr'><strong>excelsum</strong></span> <span class='ocrx_word' id='word_1_784' title='bbox 2828 5569 2839 5602; x_wconf 92' lang='lat'>:</span> <span class='ocrx_word' id='word_1_785' title='bbox 2875 5551 2966 5620; x_wconf 86' lang='lat' dir='ltr'><strong>qui</strong></span> <span class='ocrx_word' id='word_1_786' title='bbox 2997 5569 3118 5608; x_wconf 89' lang='lat' dir='ltr'><strong>eum</strong></span> <span class='ocrx_word' id='word_1_787' title='bbox 3151 5554 3307 5613; x_wconf 79' lang='lat' dir='ltr'><strong>fuerit</strong></span> <span class='ocrx_word' id='word_1_788' title='bbox 3337 5556 3501 5614; x_wconf 84' lang='lat' dir='ltr'><strong>homo</strong></span> <span class='ocrx_word' id='word_1_789' title='bbox 3527 5561 3797 5630; x_wconf 86' lang='lat' dir='ltr'><strong>nequissi-</strong></span> 
     </span>
    </p>
   </div>
   <div class='ocr_carea' id='block_1_118' title="bbox 2199 5632 3770 5715">
    <p class='ocr_par' dir='ltr' id='par_1_118' title="bbox 2199 5632 3770 5715">
     <span class='ocr_line' id='line_1_118' title="bbox 2199 5632 3770 5715; baseline 0.015 -28"><span class='ocrx_word' id='word_1_790' title='bbox 2199 5648 2341 5701; x_wconf 89' lang='lat' dir='ltr'><strong>mus,</strong></span> <span class='ocrx_word' id='word_1_791' title='bbox 2369 5632 2674 5703; x_wconf 89' lang='lat' dir='ltr'><strong>dignabitur</strong></span> <span class='ocrx_word' id='word_1_792' title='bbox 2698 5655 2756 5695; x_wconf 92' lang='lat' dir='ltr'><strong>se</strong></span> <span class='ocrx_word' id='word_1_793' title='bbox 2781 5640 2973 5697; x_wconf 86' lang='lat' dir='ltr'><strong>Filium</strong></span> <span class='ocrx_word' id='word_1_794' title='bbox 3023 5644 3117 5700; x_wconf 90' lang='lat' dir='ltr'><strong>Dei</strong></span> <span class='ocrx_word' id='word_1_795' title='bbox 3147 5649 3447 5715; x_wconf 86' lang='lat' dir='ltr'><strong>nominare,</strong></span> <span class='ocrx_word' id='word_1_796' title='bbox 3480 5659 3535 5707; x_wconf 92' lang='lat' dir='ltr'><strong>ct</strong></span> <span class='ocrx_word' id='word_1_797' title='bbox 3561 5653 3770 5711; x_wconf 82' lang='lat' dir='ltr'><strong>rnentie</strong></span> 
     </span>
    </p>
   </div>
   <div class='ocr_carea' id='block_1_119' title="bbox 2198 5725 2738 5784">
    <p class='ocr_par' dir='ltr' id='par_1_119' title="bbox 2198 5725 2738 5784">
     <span class='ocr_line' id='line_1_119' title="bbox 2198 5725 2738 5784; baseline 0.017 -9"><span class='ocrx_word' id='word_1_798' title='bbox 2198 5728 2288 5776; x_wconf 90' lang='lat' dir='ltr'><strong>tur</strong></span> <span class='ocrx_word' id='word_1_799' title='bbox 2317 5738 2375 5778; x_wconf 92' lang='lat' dir='ltr'><strong>se</strong></span> <span class='ocrx_word' id='word_1_800' title='bbox 2404 5740 2523 5782; x_wconf 90' lang='lat' dir='ltr'><strong>esse</strong></span> <span class='ocrx_word' id='word_1_801' title='bbox 2553 5725 2738 5784; x_wconf 89' lang='lat' dir='ltr'><strong>Deum.</strong></span> 
     </span>
    </p>
   </div>
  </div>
