4192 6258
516 373 615 433 991

1796 351 2060 409 SALONII
2101 347 2499 405 VIENNENSIS

3683 340 3792 403 992

521 488 699 558 regina
744 502 773 538 ιι
801 484 996 538 dextris
1042 480 1139 534 tuis
1166 481 1217 533 in
1259 478 1438 532 vestitu
1484 476 1753 539 deaurato,
1784 466 2103 524 circumdata
2136 467 2187 526 Α
2281 467 2557 523 Simulus,
2589 467 2783 521 Multas
2825 466 2961 519 ﬁlias
2990 461 3225 533 appellat
3260 459 3532 514 Ecclesms
3582 456 3801 518 ὶιειιαί.

522 580 771 634 varietate
800 575 970 646 (Psal.
1007 574 1173 643 xuv).

595 667 864 722 VERANUS.
897 665 1094 736 Byssus
1114 672 1170 718 et
1190 677 1422 733 purpura
1448 657 1723 730 quomodo
1742 654 2107 711 indumentum

527 757 645 827 ejus
671 756 926 820 mulieris,
960 755 1013 809 id
1032 762 1116 809 est
1136 760 1334 809 sancte
1362 751 1614 808 Ecclesia:
1634 749 1755 804 est?

600 844 877 900 SALONIUS.
902 843 1099 915 Byssus
1126 851 1209 898 est
1227 856 1394 910 genus
1417 842 1513 896 lini
1533 836 1895 895 candidissimi
1930 852 1943 888 :
1970 832 2113 888 unde

532 936 756 1008 pulchre
782 949 882 1005 per
906 935 1122 1005 byssum
1151 933 1458 1001 designatur
1503 930 1748 1002 corporis
1775 928 1995 983 caStitas
2013 967 2029 992 ,
2057 931 2115 979 et

537 1035 737 1084 sancte
782 1025 1204 1081 conversationis
1231 1025 1468 1095 puritas;
1499 1039 1596 1094 per
1621 1036 1914 1094 purpuram
1960 1033 2111 1081 vero,

539 1118 811 1188 sanguinis
838 1115 1027 1171 etl‘usio
1070 1114 1395 1183 designatur.
1426 1113 1604 1169 Fortis
1638 1127 1770 1181 ergo
1822 1111 2031 1173 mulier,
2065 1106 2117 1163 id

543 1217 626 1263 est
652 1215 836 1262 sancta
858 1205 1119 1270 Ecclesia,
1150 1205 1320 1260 induit
1338 1220 1398 1260 se
1418 1204 1577 1276 bysso
1607 1203 1723 1269 Dei,
1756 1202 1808 1256 id
1829 1209 1911 1256 est
1939 1208 2120 1255 servat

544 1299 791 1370 corporis
810 1300 1134 1364 castitatem,
1159 1308 1215 1353 et
1239 1307 1437 1353 sancta:
1472 1294 1899 1353 conversationis
1937 1291 2127 1347 rutilat

547 1389 742 1445 nitore.
788 1389 963 1445 Induit
1009 1399 1066 1445 et
1110 1405 1169 1446 se
1196 1405 1450 1461 purpura,
1481 1387 1696 1457 quando
1743 1388 1796 1440 in
1839 1400 1906 1439 eo
1953 1382 2125 1439 sancti

552 1489 814 1551 martyres
842 1496 941 1551 pro
965 1479 1162 1535 Christi
1192 1481 1406 1534 nomine
1430 1478 1743 1548 sanguinem
1773 1476 2020 1556 fundunt.

624 1570 890 1625 Vesanus.
922 1570 979 1626 Si
1009 1573 1201 1642 byssus
1247 1581 1303 1625 et
1344 1565 1605 1640 purpura'
1631 1569 2000 1623 indumentum
2048 1574 2130 1621 est

553 1668 752 1715 sancta:
779 1659 1048 1726 Ecclesite,
1072 1676 1169 1715 cur
1195 1676 1323 1730 ergo
1345 1660 1477 1715 dicit
1505 1662 1558 1714 in
1580 1659 1926 1727 sequentibus
1958 1677 1970 1711 :
2004 1655 2136 1711 For—

556 1752 719 1807 titudo
743 1761 792 1806 et
820 1753 971 1807 decor
993 1753 1347 1807 indumentum
1373 1753 1504 1823 ejus,
1535 1761 1585 1805 et
1623 1750 1808 1805 ridebit
1833 1752 1886 1804 in
1933 1750 2016 1803 die
2044 1764 2134 1802 no-

556 1844 765 1897 vissima
795 1842 974 1913 (Prov.
1006 1844 1190 1913 XXXI)?

630 1933 908 1988 SALONIUS.
937 1933 1091 1987 Nulla
1121 1942 1203 1987 est
1222 1932 1602 1999 contrarietas,
1633 1930 1758 2000 quia
1788 1926 2042 1983 fortitudo
2062 1940 2143 1981 re-

563 2024 731 2087 fertur
759 2021 827 2074 ad
858 2036 1167 2090 purpuram,
1192 2020 1357 2075 decor
1379 2036 1509 2075 vero
1537 2020 1605 2075 ad
1641 2020 1784 2090 byssi
1831 2018 2139 2073 candorem.

564 2112 657 2166 Est
686 2126 813 2180 ergo
835 2111 1093 2165 fortitudo
1116 2110 1483 2166 indumentum
1506 2109 1760 2165 Ecclesiae
1780 2116 1995 2174 sanctae,
2019 2108 2144 2177 quia

564 2215 785 2276 propter
814 2204 967 2259 [idem
997 2203 1197 2260 Christi
1225 2212 1280 2259 et
1294 2203 1579 2272 justitiam,
1623 2202 1892 2273 patienter
1915 2189 2147 2255 sustinet

500 2294 503 2297 ’
567 2299 828 2353 malorum
858 2297 1131 2351 hominum
1171 2295 1570 2366 improbitatem
1606 2302 1662 2348 et
1692 2292 2143 2362 persecutionem.

570 2389 664 2445 Est
692 2398 747 2443 et
790 2388 955 2444 decor
980 2388 1348 2441 indumentum
1384 2385 1519 2454 ejus,
1550 2384 1676 2454 quia
1721 2390 1977 2453 cperatur
2000 2380 2152 2449 justi-

572 2481 719 2546 tiam,
751 2488 807 2534 et
832 2493 891 2534 se
911 2479 1171 2550 virtutum
1192 2477 1362 2545 gratia
1396 2484 1573 2539 ornat.
2000 2503 2017 2532 π

643 2570 911 2626 Vesanus.
935 2568 1112 2635 Quare
1132 2575 1308 2621 autem
1338 2564 1466 2620 dicit
1495 2583 1509 2619 :
1544 2564 1749 2618 Ridebit
1770 2564 1821 2617 in
1855 2563 1941 2615 die
1980 2563 2152 2615 novis-

574 2664 726 2729 simo,
754 2677 869 2715 cum
892 2658 1144 2713 Dominus
1171 2658 1313 2711 dicat
1334 2658 1387 2710 in
1421 2654 1702 2727 Evangelia
1734 2671 1752 2709 :
1784 2654 1874 2709 Va:
1901 2651 2039 2708 vobis
2067 2651 2153 2723 qui

578 2754 775 2822 ridetis,
802 2754 922 2823 quia
952 2749 1187 2822 lugebitis
1214 2758 1264 2803 et
1290 2748 1475 2818 ﬂebitis
1499 2748 1515 2817 (
1535 2745 1661 2827 Luc.
1688 2747 1797 2817 vi)?

648 2843 924 2899 SALONIUS.
942 2842 1000 2896 ln
1021 2840 1312 2910 Scripturis
1340 2839 1525 2904 sacris,
1539 2838 1677 2892 risus
1698 2836 1948 2906 gaudium
1963 2832 2158 2904 signifi-

580 2952 704 2991 care
724 2934 889 2991 solet:
916 2933 1058 2988 unde
1078 2931 1334 2986 Dominus
1348 2924 1406 2985 in
1423 2928 1739 2996 Evangelio:
1761 2926 1905 2981 Beati
1920 2927 2010 2998 qui
2022 2940 2158 2979 nunc

583 3030 739 3098 ﬂetis,
760 3029 879 3099 quia
900 3026 1154 3089 ridebitis,
1172 3023 1224 3078 id
1245 3031 1344 3089 est,
1368 3020 1682 3091 gaudebitis.
1700 3018 1769 3073 Et
1788 3019 1848 3074 Β.
1868 3017 1969 3073 Job
1995 3015 2153 3071 dicit:

2211 576 2414 625 corum,
2447 569 2501 614 et
2531 560 2712 615 turbas
2736 559 2999 613 malorum
3020 558 3430 614 catholicorum.

2284 651 2552 707 Vesanus.
2579 650 2713 717 Quae
2739 650 2859 704 lilia:
2886 649 3136 721 dicuntur
3158 648 3355 705 Christi
3383 652 3469 706 vel
3495 650 3801 710 Ecclesia?

2215 753 2241 782 ι
2267 758 2434 813 quare
2460 742 2711 797 dicuntur
2739 740 2832 794 lilii
2860 739 3061 795 Christi
3090 749 3186 795 aut
3204 739 3495 798 Ecclesiae?

2285 836 2562 891 SALONWS.
2596 830 2823 901 Propter
2850 830 2970 886 ﬁdei
2998 847 3063 886 ac
3088 831 3343 901 baptismi
3367 844 3798 907 sacramentum,

2216 936 2275 984 et
2296 924 2639 997 adoptionem
2663 921 2913 988 filiorum,
2938 937 3101 992 quam
3123 923 3177 977 in
3204 923 3533 994 baptismate
3552 942 3810 1001 percepe-

2216 1028 2363 1075 runt.

2288 1111 2561 1169 Vesanus.
2591 1108 2712 1164 Istae
2736 1110 2863 1197 tilia:
2899 1123 3037 1179 quas
3068 1107 3283 1163 divitias
3304 1113 3808 1178 eongregaverunt?

2292 1205 2572 1261 Summus.
2604 1202 2910 1269 Orationes,
2955 1203 3192 1272 jejunia,
3236 1204 3641 1277 eleemosyuas,
3674 1206 3810 1264 allii.

2222 1298 2457 1354 ctionem
2472 1304 2528 1351 et
2538 1296 2915 1351 castimoniam
2928 1296 3125 1359 carnis,
3145 1296 3337 1365 lingua:
3350 1299 3769 1359 refrenationem
3783 1319 3798 1367 ;

2225 1388 2631 1444 meditationem
2661 1385 3083 1457 Scripturarum,
3113 1395 3169 1442 et
3194 1396 3514 1444 caeterorum
3543 1391 3806 1451 bonorum

2228 1497 2453 1553 operum
2484 1481 2738 1536 divitias:
2763 1494 2883 1549 quae
2903 1495 3046 1535 verte
3074 1479 3274 1534 divitiae
3300 1490 3446 1545 sunt,
3475 1484 3522 1537 si
3550 1484 3808 1554 spirituali

2234 1573 2365 1627 liant
2392 1572 2716 1636 intentione,
2758 1569 3012 1625 videlicet
3046 1578 3269 1640 propter
3295 1573 3448 1639 regni
3476 1575 3712 1630 cmiestis
3737 1592 3815 1631 re-

2234 1666 2582 1720 tributionem
2626 1664 2828 1719 :aliter
2875 1664 3006 1718 nihil
3059 1665 3291 1734 prosu'nt
3322 1667 3620 1733 agentibus.
3667 1667 3819 1723 Unde

2241 1756 2388 1825 ﬁliar,
2409 1754 2665 1809 videlicet
2691 1755 3093 1822 haereticorum,
3120 1764 3216 1810 aut
3239 1756 3497 1812 malorqu
3523 1759 3817 1813 catholico-

2240 1862 2361 1901 rum
2383 1847 2549 1900 turba:
2576 1845 2773 1900 frustra
2800 1854 3267 1913 congregaverunt
3287 1848 3385 1902 sibi
3405 1848 3613 1903 divitias
3636 1867 3652 1913 ;
3684 1852 3814 1918 quia

2241 1936 2330 1990 vel
2379 1936 2432 1990 in
2462 1934 2565 1990 fide
2612 1944 2950 1998 erraverunt,
2994 1935 3079 1989 vel
3131 1944 3282 1992 certe
3327 1936 3818 2005 bujusmodibona

2243 2041 2407 2097 opera
2458 2042 2566 2081 non
2609 2024 2874 2095 spirituali
2913 2024 3155 2081 fecerunt
3184 2025 3483 2081 intentione
3515 2026 3584 2081 de
3627 2028 3823 2097 quibus

2244 2118 2299 2171 in
2330 2115 2908 2184 EvangelioDominus
2941 2134 2952 2167 :
2989 2114 3142 2169 Multi
3171 2112 3340 2170 dicent
3362 2118 3488 2171 mihi
3507 2119 3559 2171 in
3589 2120 3683 2172 illa
3710 2120 3823 2186 die,

2248 2207 2485 2271 Domine,
2514 2206 2752 2270 Domine,
2777 2222 2950 2260 nonne
2974 2208 3030 2260 in
3059 2209 3267 2261 nomine
3287 2218 3373 2261 tuo
3395 2211 3826 2280 prophetavimns,

2247 2309 2296 2353 et
2324 2302 2377 2353 in
2400 2300 2609 2353 nomine
2637 2308 2721 2351 tuo
2747 2298 3004 2352 daemonia
3028 2299 3293 2368 ejecimus,
3324 2308 3373 2351 et
3403 2300 3614 2353 virtutes
3642 2300 3828 2353 multas

2250 2392 2477 2461 fecimus.
2514 2387 2582 2441 Et
2623 2397 2741 2441 tunc
2774 2387 3054 2458 conﬁtebor
3091 2388 3216 2454 illis,
3246 2390 3368 2460 quia
3410 2406 3671 2460 nunquam
3717 2392 3827 2443 novi

2250 2500 2337 2538 ros
2377 2481 2590 2554 (Matth.
2623 2481 2739 2550 vn).
2772 2480 2968 2535 Sancta
2996 2496 3127 2535 vero
3174 2478 3411 2535 Ecclesia
3454 2481 3719 2536 catholica
3745 2498 3830 2534 su-

2250 2589 2523 2644 pergressa
2544 2579 2627 2625 est
2656 2589 2668 2623 :
2693 2571 2799 2625 huc
2821 2578 2925 2637 est,
2948 2569 3278 2624 transcendit
3306 2584 3493 2624 oumes
3518 2562 3635 2624 illas
3665 2587 3680 2623 :
3710 2569 3833 2638 quia

2253 2662 2507 2732 quidquid
2535 2662 2663 2730 agit,
2696 2661 2747 2715 in
2780 2660 2882 2715 (ide
2912 2668 3119 2715 tantum
3148 2667 3297 2716 recta
3323 2668 3379 2716 et
3406 2660 3673 2730 spirituali
3700 2662 3835 2729 ope-

2256 2764 2405 2811 ratur
2425 2754 2737 2827 intentione.

2331 2848 2600 2902 Vessuus.
2633 2846 2707 2901 De
2738 2861 2843 2915 qua
2872 2846 3043 2915 gratia
3088 2853 3145 2900 et
3187 2844 3256 2899 de
3300 2860 3404 2915 qua
3447 2844 3843 2916 pulchritudine

2261 2940 2514 3009 loquitur,
2544 2954 2666 2992 cum
2694 2937 2823 2992 dicit
2847 2954 2859 2989 :
2886 2935 3080 2990 Fallax
3109 2937 3281 3007 gratia
3300 2974 3315 3000 ,
3361 2944 3410 2989 et
3452 2952 3589 2990 vana
3614 2934 3844 3004 pulchri-

2264 3032 2386 3085 tudo
2414 3031 2596 3085 mulier
2626 3030 2807 3083 timens
2832 3026 3149 3093 Dominum;
3184 3027 3301 3098 ipsa
3334 3026 3630 3081 laudabitur
3660 3024 3843 3097 (Prov.

587 3112 659 3175 03
684 3131 851 3175 autem
871 3121 1120 3175 veracium
1139 3118 1412 3189 replebitur
1432 3117 1557 3181 risu,
1574 3114 1625 3169 id
1641 3121 1723 3169 est
1734 3112 1952 3181 gaudio.
1971 3109 2161 3164 Mulier
2186 3158 2236 3222 Β
2264 3138 2390 3177 χχχι
2408 3122 2447 3193 ),

588 3226 716 3279 ergo
730 3211 899 3276 t'ortis,
920 3210 970 3265 id
993 3218 1077 3264 est
1100 3217 1286 3263 saneta
1308 3207 1567 3270 Ecclesia,
1588 3205 1783 3272 ridebit
1799 3204 1850 3258 in
1872 3202 1960 3257 die
1989 3200 2164 3255 novis-

591 3304 746 3367 simo,
767 3301 818 3355 id
839 3311 920 3355 est
939 3301 1191 3369 gaudebit
1210 3302 1261 3352 in
1289 3299 1641 3353 retributione
1662 3297 1810 3363 regni
1832 3296 2087 3350 caelestis.

660 3394 926 3449 Vesanus.
959 3390 1061 3458 Qui
1106 3396 1229 3444 sunt
1258 3386 1351 3442 lilii
1398 3388 1637 3442 mulieris
1658 3387 1749 3455 qui
1769 3401 1888 3440 eam
1913 3384 2163 3440 beatissi-

2334 3213 2610 3268 SALONIUS.
2630 3212 2812 3267 Fallax
2832 3211 3000 3279 gratia
3021 3212 3267 3265 humana:
3289 3209 3478 3273 laudis,
3496 3224 3654 3279 quam
3677 3208 3851 3279 hypo-

2265 3302 2412 3357 critm
2449 3302 2517 3355 ab
2561 3302 2807 3356 omnibus
2853 3302 3157 3369 exquirunt.
3188 3298 3535 3354 Pulchritudo
3564 3313 3700 3352 vana
3720 3334 3736 3358 ,
3766 3304 3850 3350 est

2267 3392 2605 3462 pulchritudo
2648 3392 2910 3446 castitatis
2955 3391 3039 3445 vel
3082 3390 3236 3445 bona:
3276 3387 3641 3460 operationis,
3687 3401 3850 3454 quam

592 3499 735 3540 mam
764 3479 1216 3553 praedicaverunt?
1243 3488 1335 3533 aut
1362 3478 1483 3547 quis
1527 3486 1611 3532 est
1632 3476 1715 3531 vir
1748 3476 1891 3545 ejus,
1928 3476 2019 3545 qui
2048 3475 2165 3529 lau-

2268 3484 2559 3573 hypocrita.)
2587 3483 2890 3559 hopiiuibus
2934 3480 3220 3536 ostendere
3266 3480 3507 3549 cupiunt,
3560 3485 3617 3532 ut
3656 3475 3724 3529 ab
3769 3475 3847 3528 eis

590 3578 737 3634 davit
766 3577 921 3631 eam?
948 3574 1036 3630 Sic
1058 3573 1202 3627 enim
1230 3572 1359 3627 dicit
1389 3589 1401 3625 :
1446 3569 1795 3625 Surrexerunt
1829 3569 1927 3639 ﬁlii
1956 3568 2090 3639 ejus,
2120 3577 2170 3622 et

593 3669 941 3724 beatissimam
962 3664 1368 3735 praedicaverunt
1396 3661 1496 3732 ﬁlii
1514 3661 1645 3731 ejus,
1668 3669 1716 3713 et
1741 3660 1815 3715 vir
1843 3652 1953 3730 ejus
1983 3660 2170 3713 lauda-

596 3762 666 3816 rit
691 3775 807 3813 eam
837 3756 1013 3827 (Prov.
1048 3753 1218 3822 xxxx).

666 3850 943 3905 SALONIUS.
980 3844 1102 3901 Filii
1143 3845 1303 3915 hujus
1330 3842 1595 3908 mulieris,
1644 3842 1698 3897 id
1737 3850 1821 3897 est
1847 3851 2045 3897 sancta:
2076 3839 2175 3896 Ec-

599 3941 801 4006 clesize,
851 3946 977 3995 sunt
1013 3952 1203 3992 omnes
1248 3935 1451 3991 electi:
1503 3934 1588 3989 vir
1629 3933 1745 4012 ejus
1795 3933 2049 3987 Dominus
2094 3940 2177 3985 est

600 4032 755 4087 Jesus
791 4029 1054 4085 Christus.
1099 4027 1334 4097 Surgent
1378 4026 1523 4081 enim
1572 4025 1665 4078 lilii
1699 4022 1951 4079 Ecclesia:
1975 4064 1990 4088 ,
2030 4022 2179 4077 vide-

604 4108 730 4179 licet
767 4136 956 4178 omnes
994 4119 1183 4187 electi,
1228 4118 1296 4174 de
1332 4117 1553 4187 pulvere
1584 4123 1741 4170 terra:
1784 4115 1845 4186 in
1887 4115 2180 4169 novissimo

604 4214 690 4267 die
707 4211 914 4281 judicii,
943 4217 999 4264 et
1018 4206 1445 4263 immortalitatis
1472 4205 1642 4274 gloria
1663 4204 1923 4268 decorati,
1954 4212 2182 4257 matrem

607 4317 757 4356 suam
784 4301 1148 4355 beatissimam
1169 4297 1551 4369 praedicabunt,
1576 4296 1628 4351 id
1649 4303 1733 4351 est
1753 4294 2045 4348 laudabunt
2070 4309 2189 4346 san-

608 4401 750 4446 ctam
780 4391 1094 4456 Ecclesiam,
1125 4404 1244 4459 qua:
1291 4390 1410 4443 illos
1438 4388 1624 4455 genuit
1677 4386 1806 4449 Deo,
1839 4400 1902 4439 ex
1951 4400 2087 4453 aqua
2134 4394 2190 4440 et

613 4482 819 4552 Spiritu
848 4489 1058 4536 sancto.
1080 4479 1276 4546 Surget
1304 4486 1360 4531 et
1387 4478 1468 4530 vir
1490 4476 1626 4544 ejus,
1661 4475 1917 4529 Dominus
1942 4475 2189 4531 videlicet

611 4571 765 4625 lesus
792 4571 1055 4632 Christus,
1086 4582 1208 4621 cum
1255 4567 1309 4620 in
1334 4566 1422 4621 die
1456 4566 1643 4635 judicii
1671 4566 1987 4621 manifestus
2024 4581 2190 4636 appa-

618 4660 782 4713 ruerit
810 4657 1123 4727 inpotentia
1153 4656 1469 4723 divinitatis,
1499 4664 1554 4712 et
1593 4657 1831 4712 laudabit
1858 4674 1977 4713 eam
2006 4659 2191 4712 dicens

618 4768 670 4805 .n
706 4748 904 4817 judicio
930 4767 943 4802 :
979 4746 1159 4802 Venite
1183 4747 1433 4802 benedicti
1475 4747 1654 4802 Patris
1681 4750 1802 4815 mei,
1833 4750 2088 4819 possidete
2105 4767 2195 4821 pa-

620 4850 787 4896 .utum
809 4841 945 4895 vobis
970 4857 1183 4912 regnum
1211 4840 1274 4894 ab
1301 4840 1449 4895 initio
1477 4841 1656 4896 mundi
1677 4858 1695 4895 :
1727 4840 1953 4898 Esurlvi.
1977 4852 2026 4897 et
2058 4842 2193 4895 dedi-

618 4934 711 4986 stis
736 4934 861 4986 milti
890 4932 1203 4986 manducare
1231 4929 1445 5003 (Matth.
1477 4932 1627 5003 xxv),
1657 4942 1763 4988 etc.

690 5023 962 5079 Vesanus.
997 5022 1105 5078 Cur
1150 5038 1279 5092 ergo
1325 5026 1507 5094 posuit
1552 5026 1907 5094 praeteritum,
1960 5024 2190 5081 dicens:

625 5114 972 5179 Surrexerunt
986 5118 1011 5168 Υ
1027 5113 1211 5168 debuit
1231 5116 1374 5169 enim
1396 5114 1597 5182 dicere,
1629 5125 1860 5186 surgent.

693 5208 969 5265 Suomus.
1001 5208 1153 5276 Quod
1200 5222 1329 5277 ergo
1374 5209 1629 5264 Salomon
1679 5207 1916 5263 futurum
1958 5217 2200 5276 noverat,

626 5301 983 5355 certissimum
1009 5301 1225 5355 tenebat
1250 5318 1263 5353 :
1294 5308 1353 5354 et
1377 5300 1500 5355 ideo
1529 5314 1679 5355 more
1700 5300 2038 5370 prephetieo,
2062 5315 2202 5371 pra:-

629 5393 844 5446 teritum
870 5393 1049 5461 posuit
1076 5407 1173 5462 pro
1204 5391 1403 5448 futuro.

632 5518 635 5527 ·
700 5487 966 5543 Vesanus.
999 5486 1074 5541 De
1125 5487 1317 5557 quibus
1357 5488 1489 5544 dicit
1527 5488 1671 5558 quod
1706 5488 1950 5556 sequitur
1982 5506 1994 5539 :
2024 5487 2207 5542 Multa.-

632 5582 757 5652 ﬁlice
800 5588 1233 5650 congregaverant
1262 5580 1499 5657 divitias,
1532 5589 1582 5633 tu
1626 5596 1960 5651 supergressa
2001 5595 2056 5632 es
2082 5580 2204 5632 uni—

631 5688 804 5726 versas
833 5670 1013 5739 (Prov.
1045 5673 1217 5740 nm).

2272 3576 2557 3629 laudentur

2343 3667 2611 3721 Vssasus.
2658 3667 2835 3733 Quare
2880 3667 2991 3720 haec
3037 3665 3206 3736 gratia
3255 3672 3309 3717 et
3355 3662 3467 3716 haec
3513 3657 3853 3732 pulchritudo

2275 3758 2434 3812 fallax
2461 3757 2655 3812 dicitur
2676 3766 2731 3812 et
2759 3758 2932 3811 vana?

2310 3848 2626 3903 .S.\I.oxtus.
2680 3847 2814 3914 Quia
2864 3846 3014 3913 fallit,
3073 3846 3178 3901 hoc
3233 3853 3317 3900 est
3367 3843 3574 3912 decipit,
3622 3839 3849 3895 simula-

2281 3951 2426 3996 tores
2452 3960 2463 3993 :
2488 3940 2738 4009 quoniam
2767 3942 2894 3993 dum
2926 3939 2977 3992 in
3003 3939 3106 3993 hac
3132 3938 3240 3991 vita
3262 3942 3503 4006 qumrunt
3526 3929 3855 3995 mercedem,

2283 4034 2334 4087 in
2366 4032 2541 4086 futuro
2587 4032 2785 4084 nullam
2825 4030 3088 4099 recipient
3135 4026 3657 4087 remunerationem;
3707 4031 3783 4084 et,
3813 4022 3863 4076 si

2282 4121 2581 4176 castitatem
2608 4127 2857 4182 servant,
2892 4117 2973 4171 vel
3002 4118 3180 4185 aliqua
3209 4118 3349 4170 bona
3378 4122 3692 4185 operantur,
3723 4126 3862 4166 vana

2283 4219 2408 4267 sunt
2434 4212 2611 4265 omnia
2639 4226 2757 4279 qum
2784 4210 2999 4263 faciunt.
3633 4257 3646 4270 ,

2359 4301 2631 4355 Vsssxt‘s.
2665 4298 2793 4365 Qua:
2816 4308 2895 4353 est
2924 4300 3107 4353 mulier
3128 4301 3310 4352 timens
3344 4294 3651 4350 Dominum?

2358 4392 2638 4446 SALONIUS.
2673 4390 2865 4445 Sancta
2894 4390 3160 4452 videlicet,
3190 4404 3307 4457 qua:
3331 4389 3383 4441 iu
3405 4388 3507 4441 hac
3530 4387 3634 4440 vita
3655 4398 3868 4453 semper

2218 4521 2270 4581 Β
2294 4494 2474 4540 manet
2518 4483 2753 4538 Ecclesia
2786 4484 2835 4537 in
2868 4484 3061 4536 timore
3095 4480 3323 4545 Domini,
3355 4495 3476 4549 qua:
3502 4492 3717 4547 semper
3756 4476 3873 4544 ejus

2293 4577 2559 4632 desiderat
2589 4583 2855 4645 praecepta
2885 4574 3126 4643 implere.

2363 4669 2632 4722 Vesanus.
2666 4663 2946 4731 Quomodo
2971 4679 3100 4731 ergo
3122 4662 3423 4717 laudabitur
3449 4661 3562 4715 hzec
3592 4658 3816 4713 mulier?

2365 4755 2823 4813 SAl.0NllIS.‘Itlem
2853 4755 3107 4809 Salomon
3152 4753 3202 4805 in
3234 4751 3337 4806 line
3366 4751 3525 4820 hujus
3552 4749 3670 4803 libri
3703 4747 3877 4801 mani-

2294 4849 2425 4904 feste
2445 4847 2797 4909 demonstrat,
2817 4860 2937 4899 cum
2958 4843 3087 4904 dicit
3108 4864 3119 4896 :
3145 4841 3274 4895 Date
3295 4843 3341 4895 ei
3359 4842 3423 4894 de
3444 4844 3611 4911 fructu
3634 4853 3882 4890 manuum

2295 4957 2532 5006 suarunt,
2561 4948 2609 4993 et
2639 4937 2848 4993 laudent
2890 4954 3003 4991 eam
3032 4938 3083 4991 in
3132 4936 3293 5008 portis
3340 4950 3495 5004 opera
3542 4932 3652 5001 ejus
3697 4928 3881 4995 (Pror.

2306 5050 2427 5087 mu
2446 5035 2482 5103 ).
2716 5023 2726 5033 ’

2378 5127 2643 5182 Vesanus.
2677 5125 2840 5194 Cujus
2866 5133 2990 5180 sunt
3019 5123 3131 5177 lucc
3158 5120 3353 5174 verba?

2380 5220 2659 5275 SALONIUS.
2701 5218 2814 5272 Viri
2854 5217 2993 5272 illius
3033 5215 3236 5269 Domini
3283 5223 3336 5268 et
3381 5212 3674 5265 Salvatoris
3718 5210 3893 5263 διημιτί

2309 5309 2435 5367 Jesu
2455 5309 2669 5365 Christi.
3296 5351 3310 5362 .

2382 5401 2654 5455 Vesanus.
2690 5398 2915 5465 Quando
2946 5398 3057 5451 lucc
3083 5397 3241 5451 verba
3270 5394 3509 5448 dicturus
3536 5394 3646 5446 est?

2380 5492 2659 5547 SALONIUS.
2701 5490 2757 5544 In
2787 5491 2873 5545 die
2896 5489 3078 5557 judicii
3124 5487 3340 5557 quando
3369 5484 3641 5557 praecipiet
3666 5480 3897 5545 angelis.

2312 5591 2370 5638 ut
2391 5591 2510 5654 post
2532 5582 2689 5635 linem
2712 5580 2867 5648 hujus
2889 5580 3009 5634 vita:
3030 5578 3319 5631 Ecclesiam
3365 5574 3429 5629 ad
3470 5572 3619 5640 regni
3661 5569 3899 5623 cmlestis

2310 5675 2503 5743 gaudia
2532 5671 2871 5730 introducam
2906 5690 2917 5724 :
2943 5671 3017 5726 sic
3040 5671 3181 5725 enim
3204 5666 3475 5740 praecipiet
3497 5661 3701 5732 angelis
3727 5679 3740 5714 :
3766 5660 3901 5713 Date

698 5789 725 5817 ⁸
749 5783 955 5837 Videtur
977 5784 1056 5838 hic
1076 5785 1255 5867 deesse
1278 5772 1465 5839 Salonii
1488 5798 1776 5847 responsum
1800 5784 1859 5836 ad
1884 5784 2011 5839 illam
2033 5786 2382 5844 causationem.

2695 5888 2787 5903 ’ἢ
