4192 6258
322 256 451 314 993
555 266 561 271 ‘

1266 259 1335 316 IN
1370 259 1876 319 ECCLESIASTEN
1922 262 2282 320 EXPOSITIO
2318 265 2640 325 MYSTICA.

3486 278 3597 340 99d

320 372 367 425 ei
392 369 456 424 de
483 372 649 441 fructu
677 388 919 427 manuum
958 387 1199 438 suarum,
1228 371 1331 427 hoc
1358 380 1441 428 est
1473 372 1741 429 bonorum
1772 388 1903 444 ope-
1928 374 1982 430 A
2008 374 2165 441 tiam;
2193 375 2297 431 hoc
2324 376 2497 433 fructu
2544 380 2757 449 dignam
2807 382 2880 438 illi
2922 386 3128 441 reddite
3169 390 3488 449 mercedem.
3522 393 3593 453 Et

320 474 463 515 rum.
494 459 623 515 Nam
650 478 749 532 per
774 478 991 530 manus,
1023 479 1190 533 opera
1217 463 1592 532 designantur;
1624 480 1688 521 ac
1717 465 1763 521 si
1798 480 1896 535 pa-

323 558 498 606 tenter
536 551 711 617 dicat,
753 554 876 624 quia
912 556 1174 612 bonorum
1219 571 1444 626 operum
1464 555 1642 612 facere
1669 559 1895 623 curavit,

320 640 423 695 hoc
466 649 549 696 est
592 644 887 711 caritatem,
937 644 1219 715 gaudium,
1247 661 1458 716 pacem,
1486 647 1895 717 benignitatem,

317 732 633 801 bonitatem,
661 735 1004 806 modestiam,
1035 738 1443 805 continentiam,
1478 737 1656 804 Iidem,
1686 741 1899 811 patien-

2003 467 2215 520 laudent
2239 483 2357 521 eam
2384 470 2437 523 in
2464 472 2628 540 portis
2656 490 2812 542 opera
2854 475 2966 545 ejus
2990 493 3006 529 :
3038 477 3140 531 hoc
3168 486 3249 533 est
3279 480 3331 537 in
3366 483 3589 553 judicio,

2003 559 2117 614 sive
2144 558 2197 613 in
2228 559 2470 628 ingressu
2516 563 2703 631 patriae
2744 566 2976 621 ctelestis
3019 568 3239 625 laudent
3266 587 3385 627 eam
3425 590 3591 646 opera

2005 650 2120 721 ipsa
2146 666 2265 722 qua:
2293 651 2449 731 fecit;
2479 654 2584 710 hoc
2610 663 2694 709 est
2721 667 3098 714 remuneretur
3135 677 3234 731 pro
3263 663 3419 721 bonis
3454 683 3586 738 ope-

2007 741 2158 799 ribus
2184 757 2304 811 qua:
2322 745 2506 812 gessit.

328 878 3553 914 ___________—___________

1247 986 1889 1092 SALONII
1937 989 2637 1101 EPISCOPI

1158 1199 1320 1307 1N
1455 1201 2729 1321 ECCLESIASTEN
3168 1295 3171 1298 μ
3646 1300 3725 1308 ..

1412 1396 1949 1475 EXPOSITIO
1995 1398 2459 1483 MYSTICA.
3568 1458 3597 1495 χ
3647 1442 3654 1451 ο

751 1618 1398 1691 muhnoouronns
1435 1650 1450 1688 :

682 1740 964 1782 VERANUS
1032 1740 1113 1781 ET
1177 1741 1500 1786 SALONIUS.

378 1843 646 1899 VEMNUS.
676 1839 818 1907 Quot
844 1842 1150 1898 nominibus
1177 1851 1403 1899 vocatus
1423 1853 1508 1900 est
1527 1845 1822 1904 Salomon?

375 1932 655 1988 Suomus.
674 1931 883 1996 Tribus,
904 1932 1044 1987 sicut
1062 1932 1356 2002 Scriptura:
1377 1950 1546 1990 sacra:
1566 1926 1897 1995 manifestis-

306 2025 441 2082 sime
467 2023 681 2087 docent,
706 2022 756 2078 id
786 2030 870 2078 est
908 2022 1184 2088 Salomon,
1220 2024 1411 2093 Ydida,
1435 2034 1491 2081 et
1517 2026 1887 2087 Ecclesiastes.

376 2113 649 2168 Vesanus.
682 2111 863 2177 Quare
893 2112 978 2167 his
1005 2113 1310 2168 nominibus
1341 2115 1641 2185 appellatus
1668 2120 1785 2174 est?

376 2202 654 2258 SALONIUS.
683 2200 957 2268 Salomon,
986 2201 1039 2256 id
1067 2209 1150 2258 est
1177 2202 1429 2272 paciﬁcus
1446 2246 1461 2271 ,
1493 2205 1670 2261 dictus
1710 2214 1793 2262 est
1827 2222 1895 2263 eo

306 2293 449 2363 quod
500 2291 567 2347 il?
581 2306 749 2361 regno
792 2291 908 2361 ejus
934 2307 1039 2362 pax
1086 2292 1203 2347 fuit.
1238 2292 1407 2348 Ydida
1433 2302 1660 2351 vocatus
1686 2303 1771 2352 est
1783 2298 1811 2361 ,'
1842 2296 1896 2351 id

308 2392 393 2441 est
416 2384 641 2440 dilectus
666 2382 911 2451 Domini,
939 2383 1066 2453 quia
1094 2383 1282 2439 dilexit
1309 2400 1432 2439 eum
1462 2385 1737 2444 Dominus.

379 2476 650 2532 Vsa/mus.
682 2474 1036 2531 Ecclesiastes
1061 2491 1165 2544 qua
1194 2475 1375 2545 lingua
1404 2476 1632 2533 dicitur?

377 2566 654 2621 Suomus.
687 2564 869 2620 Graeca
895 2582 910 2631 ;
937 2580 1063 2619 nam
1093 2564 1356 2622 Hebraice
1374 2565 1643 2624 Cohelech
1675 2568 1888 2626 dicitur.

385 2656 648 2711 Vesanus.
681 2640 962 2723 Quomodo
983 2664 1141 2711 sonat
1158 2656 1212 2710 in
1242 2656 1433 2712 Latino
1452 2673 1702 2715 sermone
1721 2660 1894 2718 COIIC-

311 2748 447 2813 lech,
479 2756 571 2802 aut
598 2746 981 2803 Ecclesiastes?

381 2836 661 2892 SALONIUS.
692 2837 784 2892 Ille
811 2837 1029 2907 proprie
1055 2836 1250 2893 dicitur
1272 2836 1644 2906 Ecclesiastes,
1671 2844 1761 2913 qui
1784 2860 1894 2900 ca:-

314 2937 457 2987 tnm.
490 2927 541 2981 id
569 2935 652 2983 est
681 2926 993 2991 Ecclesiam,
1042 2938 1353 2998 congregat.
1388 2929 1537 2987 Unde
1566 2932 1755 2989 Latino
1783 2951 1896 2990 ser-

1926 1643 1977 1704 B
2003 1655 2051 1708 l;
2075 1639 2203 1697 Luc.
2226 1644 2326 1714 ιιι).
2351 1643 2470 1715 Ipse
2498 1645 2749 1703 nimirum
2772 1659 2857 1706 est
2874 1652 3241 1724 Ecclesiastes,
3276 1662 3326 1715 id
3353 1672 3436 1719 est
3463 1680 3584 1722 con-

1998 1731 2249 1786 cionator
2277 1743 2463 1789 noster
2488 1736 2580 1805 qui
2609 1749 2902 1809 congregat
2929 1754 3148 1812 coetum,
3180 1749 3429 1807 videlicet
3455 1770 3580 1811 san-

1998 1830 2140 1876 ctam
2170 1822 2465 1880 Ecclesiam
2493 1827 2562 1883 de
2590 1830 2844 1887 universo
2863 1835 2995 1891 orbe
3023 1845 3307 1908 terrarum,
3331 1844 3398 1898 ad
3421 1860 3582 1914 quem

1997 1910 2251 1982 loquitur,
2273 1915 2457 1971 dicens
2476 1935 2489 1970 :
2508 1917 2706 1974 Discite
2724 1939 2757 1975 a
2777 1939 2858 1976 me
2875 1927 2994 1994 quia
3014 1929 3155 1983 mitis
3178 1947 3288 1986 sum
3306 1944 3356 1987 et
3376 1910 3582 1993 humilis

1950 2008 1959 2014 '
1996 2003 2166 2069 corde,
2213 2012 2264 2059 et
2291 2006 2556 2063 invenietis
2584 2013 2807 2081 requiem
2845 2018 3119 2072 animabus
3152 2026 3329 2077 vestris
3358 2024 3574 2093 (Matth.

1997 2096 2104 2187 xi).
2134 2096 2234 2153 Ilii:
2258 2106 2342 2157 est
2367 2100 2508 2156 Iilius
2533 2100 2722 2167 David,
2752 2105 2821 2160 ad
2849 2122 3009 2177 quem
3035 2112 3163 2167 caeci
3202 2114 3254 2167 in
3282 2114 3576 2187 Evangelia

1995 2186 2304 2242 clamabant
2321 2188 2561 2246 dicentes
2580 2210 2593 2245 :
2613 2188 2863 2250 Miserere
2880 2200 3061 2265 nostri,
3079 2201 3159 2270 ﬁli
3177 2201 3350 2259 David
3365 2186 3576 2277 (Matth.

1995 2293 2074 2346 ιχ,
2092 2295 2163 2334 xv
2195 2289 2246 2333 et
2278 2280 2395 2352 xx).
2422 2281 2522 2339 Hic
2546 2293 2628 2340 est
2655 2286 2817 2343 etiam
2846 2289 2961 2345 Rex
2986 2291 3303 2363 Jerusalem,
3332 2315 3439 2356 non
3470 2310 3589 2357 tera

1995 2369 2203 2437 restris,
2250 2371 2342 2427 sed
2390 2372 2532 2430 illius
2578 2377 2835 2448 ctelestis,
2862 2397 2980 2452 qua
3024 2393 3108 2440 est
3151 2397 3316 2443 mater
3343 2393 3581 2447 omnium

1996 2468 2261 2518 nostrum.

2066 2551 2337 2610 Vesanus.
2366 2554 2504 2622 Quid
2530 2569 2613 2614 est
2630 2559 2776 2628 quod
2795 2561 2924 2617 dicit
2941 2550 3295 2623 Ecclesiastes
3322 2588 3333 2622 :
3367 2569 3584 2629 Vanitas

1996 2643 2296 2711 vanitatum,
2327 2655 2375 2700 et
2403 2651 2577 2703 omnia
2603 2652 2807 2707 vanitas
2835 2653 3032 2724 (Eccle.
3064 2656 3146 2729 1);
3178 2675 3298 2713 cum
3325 2662 3581 2732 scriptum

1995 2734 2066 2789 sit
2109 2736 2165 2790 in
2205 2737 2345 2793 libro
2372 2737 2635 2797 Genesis:
2676 2742 2817 2798 Vidit
2864 2744 3006 2800 Deus
3033 2759 3216 2803 cuncta
3245 2768 3362 2822 qua:
3388 2754 3507 2824 fecit
3533 2763 3586 2810 et

1997 2836 2145 2883 erant
2172 2829 2321 2885 valde
2359 2830 2494 2887 bona
2520 2831 2673 2904 (Gen.
2698 2835 2867 2905 ι)ἳ‹8ἱ
2907 2848 3099 2895 cuncta
3120 2856 3240 2910 qua:
3266 2842 3393 2898 fecit
3420 2843 3582 2912 Deus,
3659 2828 3674 2841 ’

2001 2922 2158 2978 valde
2178 2924 2319 2979 bona
2339 2934 2484 2991 sunt,
2507 2928 2779 2995 quomodo
2797 2943 2928 2999 ergo
2948 2934 3124 2986 omnia
3144 2935 3375 3001 vanitas;
3402 2926 3456 2991 et
3477 2954 3583 2993 non

312 3035 471 3075 mone
515 3026 662 3074 recte
701 3017 1051 3073 Ecclesiastes
1091 3019 1288 3075 dicitur
1329 3019 1725 3090 Concionator,
1772 3026 1897 3094 quia
1922 3011 1969 3074 Ο
2001 3013 2177 3068 εοιιιηι
2203 3015 2430 3081 Vallius,
2461 3017 2555 3071 sed
2585 3018 2747 3073 “iam
2774 3021 2977 3075 υιιηίιαε
2996 3024 3313 3078 vanitatem?

242 3182 245 3185 ν
314 3113 686 3177 concinnatur,
728 3111 782 3166 id
820 3118 903 3167 est
928 3110 1165 3180 loquitur
1205 3111 1273 3167 ad
1312 3115 1604 3184 populum;
1635 3124 1692 3171 et
1717 3132 1896 3173 sermo

314 3202 428 3271 ejus
448 3219 554 3257 non
577 3202 642 3257 ad
664 3217 826 3256 unum
846 3201 1165 3272 specialiter,
1191 3202 1287 3259 sed
1308 3205 1633 3273 generaliter
1651 3206 1896 3277 dirigitur

315 3291 382 3344 ad
410 3306 616 3346 omnes.
649 3290 1009 3347 Concionator
1036 3306 1165 3361 ergo
1193 3294 1247 3348 in
1292 3290 1533 3351 Ecclesia
1574 3306 1762 3353 sancta
1788 3299 1897 3355 dici

315 3380 490 3451 pateSt
516 3380 851 3452 prmdicator.
1008 3444 1016 3451 _

382 3474 653 3529 VERANUS.
683 3473 826 3540 Quot
853 3473 1018 3528 libros
1045 3472 1213 3528 edidit
1240 3472 1536 3530 Salomon?

387 3563 668 3618 Sanouws.
702 3563 836 3616 Tres
865 3568 1070 3614 tantum
1091 3561 1245 3630 juxta
1288 3578 1572 3620 numerum
1602 3567 1894 3623 vocabulo-

315 3672 433 3710 rum
493 3671 710 3711 suorum
744 3671 757 3707 :
789 3652 1080 3709 Proverbia
1108 3693 1123 3720 ,
1171 3651 1528 3712 Ecclesiasten
1575 3665 1630 3711 et
1676 3656 1896 3713 Cantica

316 3749 677 3803 Canticorum.

382 3840 649 3895 Vannius.
677 3838 812 3907 Quid
843 3839 917 3894 ait
943 3837 1200 3895 Salomon
1226 3839 1279 3895 in
1309 3838 1633 3905 Proverbiis,
1655 3846 1748 3897 aut
1769 3836 1898 3910 quid

312 3929 472 3984 docet
495 3930 547 3983 in
578 3927 916 3993 Ecclesiaste,
945 3930 1030 3984 vel
1057 3929 1279 3987 Cantico
1300 3929 1688 3986 Canticorum?

386 4019 662 4073 SALONIUS.
712 4016 770 4072 In
816 4015 1123 4073 Proverbiis
1172 4019 1332 4075 docet
1380 4021 1684 4090 parvulum,
1712 4029 1769 4076 et
1799 4035 1898 4092 per

313 4112 491 4165 varias
513 4109 827 4173 sententias,
851 4108 1066 4164 instruit
1089 4110 1241 4177 quasi
1272 4108 1457 4164 ﬁlium.
1487 4110 1544 4165 In
1577 4112 1898 4168 Ecclesiaste

313 4218 444 4257 vero
467 4201 577 4271 jam
607 4200 857 4272 perfectae
889 4200 1065 4257 aetatis
1103 4200 1276 4255 virum
1306 4200 1513 4266 imbuit,
1540 4210 1600 4256 ut
1639 4204 1899 4272 intelligat

312 4293 438 4361 quia
468 4293 519 4346 in
550 4291 708 4361 hujus
729 4292 911 4347 mundi
931 4292 1093 4348 rebus
1122 4291 1255 4346 nihil
1281 4299 1366 4347 est
1392 4301 1735 4361 perpetuum,
1763 4296 1894 4350 nihil

2070 3102 2351 3160 SALONIUS.
2382 3104 2589 3162 leum
2615 3117 2671 3164 et
2698 3118 2865 3178 terra,
2897 3113 3065 3169 maria
3090 3113 3151 3170 'et
3178 3118 3358 3173 omnia
3386 3134 3510 3188 quae
3532 3120 3583 3177 in

2000 3194 2103 3250 hoc
2145 3196 2351 3251 circulo
2378 3199 2743 3270 continentur,
2773 3217 2871 3272 per
2908 3219 2968 3274 se
3008 3206 3223 3275 quidem
3264 3209 3407 3263 bona
3435 3221 3579 3275 sunt,

1998 3286 2251 3354 quoniam
2270 3302 2302 3341 a
2322 3287 2466 3345 bono
2486 3289 2597 3346 Deo
2621 3300 2804 3347 creata
2830 3304 2974 3360 sunt,
2999 3297 3092 3350 sed
3113 3309 3424 3367 comparata
3448 3300 3580 3367 Deo,

1988 3375 2182 3447 utique
2224 3392 2326 3446 pro
2371 3379 2538 3433 nihilo
2566 3380 2813 3437 habenda
2841 3391 2995 3447 sunt,
3027 3386 3151 3454 quia
3197 3401 3411 3457 semper
3439 3388 3583 3446 Deus

2001 3470 2339 3536 permanebit
2364 3470 2416 3522 id
2441 3471 2586 3537 quod
2626 3481 2737 3536 est,
2771 3473 2862 3527 illa
2889 3489 3019 3529 vero
3048 3478 3226 3530 omnia
3257 3480 3577 3536 transibunt.

1999 3553 2132 3609 Nam
2160 3571 2278 3624 quae
2300 3558 2550 3613 videnlur
2569 3563 2884 3630 temporalia
2912 3573 3053 3629 sunt,
3085 3568 3208 3635 quia
3238 3571 3580 3641 transitoria;

1999 3657 2120 3712 qua:
2148 3653 2326 3700 autem
2358 3663 2465 3701 non
2488 3648 2738 3706 videntur
2762 3662 2963 3708 interna
2990 3665 3133 3710 sunt.

2069 3736 2339 3795 Venauus.
2385 3739 2563 3805 Quare
2607 3743 2690 3799 bis
2738 3740 3380 3815 replicavit'sententiam
3427 3769 3580 3811 suam

1998 3828 2217 3885 dicens:
2252 3828 2468 3885 Vanitas
2488 3834 2794 3904 vanitatum,
2817 3836 2950 3891 dixit
2973 3837 3310 3897 Ecclesiastes
3333 3861 3353 3908 ;
3378 3846 3580 3902 vanitas

1998 3924 2283 3978 vanitatum
2308 3934 2357 3979 et
2382 3928 2555 3981 omnia
2581 3930 2820 3984 vanitas?

2068 4012 2350 4071 SALONIUS.
2381 4015 2462 4071 Ad
2481 4021 2906 4087 exaggerandam
2935 4023 3354 4092 magnitudinem
3376 4025 3580 4083 vanita-

2001 4111 2113 4160 tum
2143 4105 2362 4161 iteravit
2405 4110 2728 4164 sententiam
2773 4127 2924 4168 suam
2945 4156 2959 4181 ,
3012 4122 3071 4168 ut
3098 4130 3195 4185 per
3222 4117 3326 4173 hoc
3351 4118 3577 4176 demone

1998 4202 2195 4251 straret
2221 4197 2347 4266 quia
2369 4198 2544 4254 omnis
2570 4200 2753 4255 mundi
2782 4202 2953 4269 gloria
2995 4205 3135 4261 sicut
3159 4205 3258 4263 llos
3287 4207 3391 4264 feni
3434 4227 3580 4267 mar-

2000 4297 2201 4355 cescet,
2231 4298 2289 4345 et
2313 4290 2654 4348 sicut‘lumus
2681 4296 3046 4363 pertransibit.

313 4384 605 4453 gloriosum
633 4391 726 4437 aut
754 4398 1034 4453 magnum;
1064 4383 1160 4438 sed
1189 4382 1369 4439 omnia
1408 4391 1533 4437 sunt
1560 4382 1761 4448 brevia,
1797 4399 1891 4439 ca-
1918 4385 1973 4444 Ι)
2068 4378 2339 4437 νειυιιηυε.
2364 4383 2648 4452 Dequibus
2665 4386 3101 4453 generationibus
3121 4389 3277 4446 dicit:
3303 4391 3581 4452 Generatio

313 4474 449 4527 duca
478 4480 534 4526 et
563 4488 720 4537 vana,
750 4488 870 4543 qua:
903 4473 1191 4528 cernimus.
1216 4472 1275 4527 In
1302 4473 1528 4528 Cantico
1547 4470 1892 4529 Canticorum

309 4561 420 4631 jam
449 4570 877 4617 consummatum
904 4562 1076 4616 virum
1118 4569 1279 4631 atque
1305 4563 1601 4632 perfectum
1642 4563 1695 4617 in
1720 4563 1896 4618 omni-

313 4658 437 4722 hus,
470 4666 525 4713 et
552 4658 713 4713 variis
749 4667 1068 4714 exornatum
1112 4658 1435 4725 virtutibus;
1467 4660 1679 4730 sponsi,
1713 4660 1764 4715 id
1793 4669 1893 4726 est,

316 4749 523 4804 Domini
552 4750 721 4805 nostri
748 4750 874 4805 Jesu
915 4749 1114 4805 Christi
1142 4750 1478 4820 amplexibus
1518 4752 1713 4819 jungit.

380 4828 652 4899 VERANUS.
702 4842 1065 4913 Spiritualiter
1108 4820 1288 4899 autem
1329 4843 1456 4913 quid
1505 4844 1768 4913 signiﬁcat
1809 4846 1897 4903 ille

314 4935 587 4999 Salomon,
618 4934 785 4989 Ydida
813 4942 868 4989 et
900 4933 1287 4992 Ecclesiastes?
1548 4982 1551 4985 λ

383 5025 665 5081 ὃλιοιιιυε.
688 5023 968 5078 Dominum
982 5022 1163 5080 Jesum
1179 5026 1471 5093 Christum,
1488 5026 1579 5095 qui
1604 5033 1687 5081 est
1711 5034 1896 5081 noster

314 5113 589 5180 Salomon,
619 5113 673 5167 id
701 5121 786 5168 est
806 5113 1093 5184 paciﬁcans
1113 5117 1289 5169 omnia
1309 5132 1402 5185 per
1422 5117 1722 5186 sanguinem
1748 5132 1895 5170 suum

317 5207 437 5276 fecit
460 5216 675 5279 utraque
700 5222 856 5259 unum
886 5204 1102 5277 (Ephes.
1134 5206 1217 5272 ιι),
1250 5206 1303 5260 id
1330 5216 1434 5273 est,
1465 5208 1532 5263 de
1558 5207 1767 5264 duobus
1793 5225 1894 5278 po-

314 5297 452 5367 pulis
471 5314 630 5353 unam
649 5298 749 5353 sibi
767 5298 1066 5354 construxit
1085 5296 1391 5353 Ecclesiam.
1412 5300 1563 5356 Unde
1586 5302 1891 5373 Apostolus:

315 5386 568 5453 Christus,
598 5388 785 5458 inquit,
817 5405 920 5457 pax
950 5398 1159 5449 nostra,
1193 5392 1277 5459 qui
1316 5392 1436 5462 fecit
1477 5403 1690 5466 utraque
1716 5412 1893 5451 unum.

315 5478 433 5548 Ipse
470 5485 552 5532 est
579 5477 769 5543 Ydida,
798 5478 851 5532 id
876 5486 975 5540 est,
1006 5468 1386 5533 dilectissimus
1429 5483 1598 5550 patris
1640 5485 1797 5546 ﬁlius,
1827 5485 1894 5539 de

315 5584 424 5638 quo
453 5568 565 5638 ipse
595 5566 753 5621 Pater
779 5568 844 5622 ad
873 5567 1159 5636 discipulos
1187 5568 1261 5622 ait
1287 5587 1297 5620 :
1326 5569 1427 5622 Hic
1449 5580 1524 5624 est
1554 5573 1723 5634 Filius
1755 5590 1894 5630 meus

313 5658 525 5712 dilectus
556 5660 605 5711 in
637 5675 731 5725 quo
755 5659 877 5712 mihi
905 5657 1026 5712 bene
1046 5657 1327 5727 complacui
1355 5657 1567 5729 (Matth.
1596 5684 1686 5739 nl;
1716 5666 1885 5722 Marc.

1998 4471 2244 4538 praeterit,
2276 4481 2326 4525 et
2354 4478 2617 4544 generatio
2646 4477 2882 4533 adveniet
2913 4479 3108 4549 (Eccle.
3139 4482 3224 4554 t)?

2068 4557 2349 4615 SALONIUS.
2369 4561 2446 4617 De
2460 4567 2809 4631 generatione
2828 4568 3135 4626 Judaeorum
3158 4581 3214 4627 et
3237 4580 3583 4643 generatione

1997 4650 2255 4718 gentium.
2301 4650 2529 4707 Recedit
2567 4654 2713 4710 enim
2742 4660 3019 4726 generatio
3049 4663 3219 4730 prima
3256 4664 3580 4735 .Ind:eorum,

1997 4740 2250 4811 quoniam
2296 4742 2455 4812 periit
2514 4752 2735 4815 propter
2781 4748 3191 4815 infidelitatem,
3241 4761 3297 4806 et
3341 4756 3582 4809 succedit

1996 4833 2275 4901 generatio
2313 4833 2381 4889 de
2426 4835 2702 4903 gentibus,
2734 4846 3055 4907 congregata
3100 4840 3349 4896 videlicet
3395 4852 3581 4899 sancta

1997 4924 2235 4979 ﬁdelium
2277 4923 2548 4992 Ecclesia,
2595 4942 2714 4997 qua:
2740 4945 2840 4998 per
2882 4928 3041 4983 ﬁdem
3084 4929 3280 4985 Christi
3321 4933 3577 4988 salvatur.

1997 5012 2184 5070 Potest
2210 5023 2266 5069 et
2292 5015 2369 5071 sic
2407 5016 2671 5086 intelligi:
2700 5015 2978 5072 Generatio
3022 5019 3181 5085 vadit,
3227 5029 3274 5074 et
3319 5024 3581 5093 generatio

1996 5106 2148 5172 venit,
2168 5106 2220 5159 id
2239 5114 2342 5171 est,
2369 5107 2487 5163 aliis
2507 5108 2879 5172 morientibus,
2911 5109 3000 5169 alii
3030 5119 3341 5175 nascuntur,
3364 5121 3418 5167 et
3445 5129 3581 5183 quos
3632 5122 3639 5125 “

1996 5197 2144 5266 prius
2180 5197 2421 5265 videras,
2461 5200 2576 5267 jam
2626 5212 2731 5252 non
2762 5198 2941 5265 vides,
2973 5207 3029 5253 et
3058 5199 3248 5270 incipis
3274 5201 3459 5258 videre
3485 5219 3581 5261 eos

1996 5290 2087 5358 qui
2114 5300 2239 5345 ante
2268 5306 2375 5345 non
2404 5289 2631 5345 inerant.

2067 5394 2333 5449 Vesanus.
2364 5394 2540 5460 Quare
2563 5394 2819 5449 Salomon
2847 5395 2975 5452 dicit
3001 5415 3012 5450 :
3048 5396 3211 5452 Terra
3241 5400 3296 5452 in
3329 5400 3577 5455 internum

1997 5492 2097 5538 stat
2120 5484 2327 5557 (Ibid.),
2359 5500 2482 5539 cum
2507 5484 2763 5539 Dominus
2792 5484 2843 5539 in
2862 5484 3152 5556 Evangelio
3180 5487 3353 5542 dicat:
3384 5488 3576 5545 Caelum

1999 5585 2047 5628 et
2068 5584 2204 5628 terra
2236 5573 2522 5628 transibunt
2547 5573 2761 5643 (Matth.
2786 5592 2818 5628 v
2847 5585 2897 5629 et
2926 5592 3079 5643 xxiv;
3108 5576 3277 5632 Marc.
3302 5595 3420 5673 χιιι)
3446 5578 3572 5633 Luc.

2000 5664 2146 5731 xm)?
