4244 6254
694 341 796 398 999

1963 329 2226 387 SALO‘Nll
2265 324 2680 407 vmnnensrt

3819 323 3953 380 1000

620 443 636 461 ’
695 461 836 516 Deus
882 458 1108 513 instituit
1164 464 1376 524 tempus
1429 452 1706 508 occidendi
1753 452 1913 504 alium
1960 467 1972 501 :
2007 456 2101 502 aut
2147 462 2270 503 eum
2300 453 2344 510 Α
2375 446 2457 501 ha:
2487 445 2700 516 (Matth.
2734 446 2834 515 ιιι).
2867 445 3104 515 Tempus
3133 444 3276 500 enim
3307 443 3404 499 fuit
3432 444 3716 516 spargendi
3755 445 3958 518 lapides

693 566 850 621 quem
874 547 1037 604 semel
1067 545 1327 600 occiderit
1350 543 1534 607 homo,
1561 542 1763 612 poterit
1788 554 2020 608 unquam
2049 551 2262 592 sanare.

759 641 1036 694 Suo-nus.
1069 636 1188 690 Non
1217 634 1428 706 utique;
1453 633 1548 687 sed
1581 632 1655 686 illi
1687 631 1788 688 soli
1819 637 1901 683 est
1931 637 2143 698 tempus
2171 637 2267 682 oc-

691 729 900 786 cidendi
943 737 996 783 et
1025 737 1236 796 tempus
1261 724 1483 780 sanandi
1501 765 1515 789 ,
1547 723 1638 792 qui
1667 737 1765 792 per
1794 719 1975 775 Mosen
2008 718 2262 787 loquitur,

688 823 872 876 dicens
899 839 909 872 :
943 818 1054 889 Ego
1075 817 1307 871 occidam
1339 824 1388 868 et
1415 831 1508 886 ego
1535 813 1699 868 uiuere
1729 811 1953 882 faciam,
1979 810 2260 880 percutiam

689 923 735 965 et
755 930 847 983 ego
870 911 1067 965 sanabo
1087 909 1264 978 (Deut.
1289 907 1477 977 χχχιι).
1499 905 1620 975 Ipse
1641 904 1892 958 nimirum
1917 900 2105 956 statuit
2127 907 2264 954 tem-

688 1021 787 1074 pus
817 1003 868 1056 in
918 1017 1026 1071 quo
1080 1007 1392 1070 peccatores
1420 996 1733 1052 occidantur
1757 1034 1774 1060 ,
1806 1001 1861 1048 et
1889 999 2147 1047 sanentur
2178 990 2262 1044 in-

690 1097 846 1158 ﬁrmi,
879 1096 982 1150 hoc
1009 1102 1090 1148 est
1117 1091 1350 1162 peccatis
1377 1087 1633 1158 languidi.
1667 1086 1817 1141 Tunc
1862 1086 2007 1140 enim
2043 1081 2263 1145 occidit,

690 1204 808 1242 cum
843 1187 923 1240 vel
951 1184 1195 1254 corporis
1224 1180 1531 1236 inﬁrmitate
1560 1180 1646 1234 vel
1675 1179 1853 1246 aliqua
1881 1174 2063 1231 mundi
2109 1172 2267 1241 hujus

692 1275 1015 1330 adversitate
1045 1279 1356 1344 peccatores
1403 1267 1590 1338 afﬂigit
1615 1275 1674 1322 ut
1700 1267 2036 1335 corrigantur
2066 1273 2120 1318 et
2146 1278 2266 1316 mo-

691 1369 896 1422 riantur
917 1364 1174 1436 peccatis,
1203 1372 1259 1417 et
1298 1362 1481 1416 vivant
1509 1359 1640 1414 Deo.
1671 1357 1828 1428 Saepe
1866 1370 2095 1424 namque
2123 1353 2268 1411 Deus

692 1457 812 1512 ideo
841 1455 1075 1525 ﬂagellat
1102 1453 1414 1516 sceleratos,
1460 1458 1519 1504 ut
1545 1465 1641 1505 eos
1670 1447 1879 1504 occidat
1923 1456 1978 1501 et
2005 1453 2186 1511 sanet,
2218 1446 2269 1501 id

690 1555 773 1600 est
810 1553 865 1598 ut
889 1545 1136 1598 desinant
1159 1557 1277 1596 esse
1298 1539 1608 1609 quodsunt,
1629 1547 1684 1592 et
1711 1537 1967 1606 incipiant
1985 1551 2106 1590 esse
2125 1535 2267 1604 quod

692 1652 796 1691 non
823 1643 966 1689 sunt.
999 1632 1094 1687 Est
1125 1648 1252 1702 ergo
1284 1641 1479 1702 tempus
1501 1628 1750 1695 sanandi,
1773 1643 1894 1683 cum
1925 1627 2065 1681 Deus
2089 1626 2268 1680 omni-

691 1733 882 1798 potens
909 1741 1003 1781 eos
1027 1739 1163 1792 quos
1191 1721 1404 1787 occidit,
1432 1721 1486 1777 id
1513 1729 1599 1776 est
1625 1718 2036 1774 adversitatibus
2060 1717 2268 1771 miseri-

2371 545 2498 590 ante
2523 536 2810 591 adventum
2840 536 3069 599 Domini,
3101 537 3226 604 quia
3255 536 3484 603 gentiles
3506 553 3614 592 non
3639 553 3956 607 permanse-

2369 636 2493 682 runt
2521 627 2578 682 in
2624 627 2833 682 unitate
2882 625 3022 694 ﬁdei,
3053 626 3146 682 sed
3172 626 3488 682 recedentes
3515 643 3546 682 a
3588 627 3702 684 Deo
3730 629 3959 701 dispersi

2367 727 2512 782 sunt,
2555 718 2680 788 quia
2731 717 2909 773 varios
2951 717 3082 773 deos
3125 717 3456 783 adorabant,
3489 728 3544 773 et
3570 720 3784 776 diversa
3814 722 3955 777 idola

2368 809 2620 864 colebant
2651 827 2664 860 :
2699 817 2910 878 tempus
2937 817 3117 864 autem
3145 808 3244 864 fuit
3271 809 3558 878 colligendi
3602 811 3806 881 lapides
3831 823 3958 884 post

2368 899 2656 953 adventum
2705 899 2936 964 Domini,
2969 899 3116 968 quia,
3145 899 3285 955 sicut
3312 900 3606 970 Apostolus
3643 902 3774 958 dicit
3806 921 3818 956 :
3856 903 3956 958 Ubi

2366 991 2562 1044 venerit
2607 989 2873 1060 plenitudo
2923 989 3186 1060 temporis,
3217 990 3357 1044 misit
3402 990 3546 1044 Deus
3575 991 3775 1046 Filium
3801 1011 3956 1047 suum

2370 1082 2568 1150 factum
2593 1096 2660 1134 ea:
2680 1079 2912 1145 muliere,
2935 1081 3133 1151 factum
3161 1080 3254 1135 sub
3283 1082 3414 1153 lege,
3437 1091 3494 1135 ut
3515 1099 3602 1138 eos
3623 1085 3711 1152 qui
3733 1084 3823 1138 sub
3845 1085 3956 1156 lege

2367 1180 2520 1225 erant
2547 1170 2849 1237 redimeret,
2881 1179 2936 1224 ut
2974 1171 3304 1241 adoptionem
3347 1172 3576 1240 ﬁliorum
3611 1174 3972 1242 reciperemus.

2369 1260 2515 1334 (Gal.
2548 1261 2822 1335 tv).‘Tunc
2848 1262 3048 1332 quippe
3073 1262 3237 1332 empit
3263 1263 3518 1333 colligere
3547 1265 3768 1335 lapides,
3801 1267 3953 1336 quia,

2369 1360 2594 1422 peracto
2614 1352 2881 1422 passionis
2908 1367 2972 1407 ac
2998 1352 3410 1408 resurrectionis
3433 1369 3539 1408 sua:
3570 1355 3848 1426 mysterio,
3877 1357 3956 1411 di-

2368 1445 2511 1499 rexit
2548 1443 2829 1514 apostolos
2855 1457 2983 1500 suos
3009 1442 3063 1497 in
3093 1443 3399 1499 universum
3441 1437 3706 1499 terrarum
3730 1446 3952 1510 orbem,

2368 1535 2552 1591 dicens
2585 1553 2599 1589 :
2632 1533 2735 1601 Ite,
2777 1535 2961 1589 docete
3014 1550 3188 1588 omnes
3241 1543 3450 1605 gentes,
3477 1533 3737 1604 baptizate
3781 1553 3866 1590 eos
3897 1539 3954 1590 in

2369 1627 2580 1680 nomine
2620 1623 2823 1692 Patris,
2853 1633 2903 1678 et
2947 1621 3108 1689 Filii,
3136 1633 3186 1677 et
3233 1623 3465 1692 Spiritus
3514 1628 3684 1679 sancti
3713 1625 3952 1696 (Matth.

2370 1717 2581 1786 xxvm).
2612 1716 2819 1770 Deinde
2847 1715 3121 1770 celebrato
3149 1714 3558 1784 quadragesimo
3607 1717 3713 1783 die,
3747 1727 3954 1788 mystc-

692 1817 928 1872 corditer
955 1814 1162 1879 afﬂixit,
1195 1828 1292 1884 per
1336 1812 1608 1868 occultam
1657 1809 2065 1879 inspiratiouem
2113 1823 2267 1862 com-
2299 1827 2348 1888 Β
2372 1806 2454 1861 rio
2483 1806 2820 1862 ascensionis
2860 1805 2914 1859 in
2955 1804 3157 1871 caelos;
3185 1819 3312 1860 mox
3339 1813 3397 1859 ut
3435 1807 3501 1860 ab
3525 1808 3786 1876 apostolis
3803 1807 3956 1862 fama

693 1909 898 1978 pungit,
923 1917 976 1962 et
1004 1907 1070 1960 ad
1094 1905 1459 1975 pwnitentiam
1490 1909 1770 1974 provocat.

761 1997 1031 2051 VEIMNUS.
1062 1989 1156 2050 De‘
1169 2009 1272 2062 qua
1301 1993 1665 2048 destructione
1692 1991 1774 2044 vel
1799 1988 2150 2044 mdiﬁcatione
2186 1989 2270 2043 lo-

693 2088 891 2156 quitur,
923 2101 1042 2140 cum
1073 2065 1202 2138 dicit
1233 2101 1246 2136 :
1282 2081 1498 2152 Tempus
1520 2079 1817 2134 destruendi
1839 2089 1891 2133 et
1919 2088 2114 2148 tempus
2145 2077 2273 2131 tedi-

695 2177 887 2248 ficandi
917 2175 1141 2246 (lbid.)?
1170 2172 1416 2242 Nunquid
1456 2171 1524 2226 de
1549 2168 1906 2226 aadiﬁcatione
1951 2183 2016 2222 ac
2057 2167 2270 2221 destru-

694 2268 874 2322 ctione
900 2267 1180 2322 domorum
1212 2264 1482 2333 loquitur?
1510 2261 1649 2330 Quid
1679 2261 1824 2317 enim
1853 2259 2010 2314 nobis
2047 2257 2272 2328 prodes-

695 2365 797 2420 set,
825 2358 868 2412 si
917 2357 1022 2412 hoc
1057 2356 1294 2410 diceret?
1332 2353 1462 2420 Quis
1491 2354 1634 2408 enim
1662 2352 1836 2408 nescit
1861 2350 2004 2420 quod
2045 2349 2136 2404 alii
2174 2349 2270 2404 dc-

695 2457 926 2516 struunt,
956 2456 1012 2503 et
1030 2447 1118 2502 alii
1144 2445 1409 2501 aediﬁcant
1437 2444 1664 2500 domos?

765 2539 1043 2594 SALONIUS.
1069 2538 1186 2592 Non
1217 2536 1305 2592 hic
1330 2535 1565 2613 loquitur
1592 2533 1849 2590 Salomon
1878 2531 1945 2587 de
1964 2530 2270 2598 domorum,

699 2630 792 2687 sed
817 2631 884 2686 dc
912 2630 1172 2684 malorum
1215 2627 1600 2692 destructione,
1631 2633 1688 2682 et
1710 2623 2066 2680 aediﬁcatione
2095 2623 2272 2678 bono-

705 2739 855 2788 rum;
885 2722 1138 2793 quoniam
1169 2735 1389 2775 necesse
1416 2718 1672 2789 estprius
1709 2716 1848 2770 mala
1878 2715 2186 2778 destruere,
2219 2720 2274 2767 et

699 2816 775 2870 sic
803 2817 942 2870 bona
963 2822 1149 2884 postea
1175 2810 1456 2876 aediﬁcare,
1478 2810 1631 2879 juxta
1661 2808 1788 2864 illud
1809 2805 2104 2861 Psalmista:
2130 2823 2142 2858 :
2170 2803 2274 2859 De-

701 2907 840 2959 clina
869 2922 901 2957 a
928 2904 1083 2969 malo,
1107 2912 1157 2958 et
1197 2904 1280 2973 fac
1309 2900 1496 2956 bonum
1543 2899 1721 2972 (Psal.
1766 2899 1968 2966 xxxvi).
2001 2895 2116 2950 Hoc
2144 2908 2274 2963 ergo

700 2998 846 3062 dicit,
877 2996 1002 3065 quia
1027 3006 1235 3065 tempus
1257 3002 1337 3048 est
1366 2991 1677 3048 destruendi
1701 2991 1841 3046 mala
1871 2997 1927 3044 et
1952 2997 2164 3059 tempus
2191 2994 2276 3042 est

701 3084 989 3140 aediﬁcandi
1019 3085 1180 3149 bona,
1203 3083 1454 3152 quoniam
1475 3083 1529 3137 in
1559 3081 1804 3152 praesenti
1825 3080 1935 3135 vita
1957 3093 2273 3135 concessum

2374 1895 2608 1952 nominis
2627 1893 2743 1964 ejus
2768 1893 2960 1952 diﬂ'usa
2987 1903 3091 1962 est,
3124 1895 3284 1965 longe
3307 1895 3518 1966 lateque
3542 1912 3639 1966 per
3665 1897 3953 1962 mundum,

2375 1986 2606 2057 lapides,
2644 1985 2697 2040 id
2723 1993 2806 2041 est
2850 1985 3095 2054 gentiles,
3125 1986 3219 2056 qui
3261 1995 3415 2041 erant
3462 1985 3685 2057 dispersi
3715 2004 3809 2058 per
3857 2006 3954 2042 va-

2381 2080 2522 2133 riam
2547 2078 2814 2134 idolorum
2843 2078 3136 2144 culturam,
3167 2078 3381 2133 collecti
3419 2088 3562 2147 sunt,
3605 2081 3727 2149 quia
3762 2082 3955 2152 resipi-

2372 2177 2584 2224 scentes
2619 2177 2674 2223 et
2700 2168 3076 2224 abominantes
3107 2168 3271 2234 idola,
3305 2170 3356 2224 in
3379 2171 3642 2226 unitatem
3665 2171 3786 2226 ﬁdei
3815 2189 3951 2228 con-

2376 2270 2658 2318 venerunt.

2447 2353 2716 2408 VERANUS.
2745 2352 2853 2407 Cur
2881 2353 3073 2408 iterum
3102 2352 3234 2408 dicit
3267 2371 3279 2406 :
3315 2353 3531 2425 Tempus
3583 2355 3872 2412 dilectionis
3903 2369 3954 2412 et

2376 2457 2569 2517 tempus
2596 2447 2737 2511 odii;
2768 2452 2948 2501 tamen
2969 2443 3201 2500 Joannes
3227 2448 3504 2516 apostolus
3532 2448 3685 2503 dicit:
3716 2449 3814 2513 Qui
3838 2451 3948 2504 ode-

2374 2540 2440 2593 rit
2473 2541 2690 2610 fratrem
2731 2554 2879 2592 suum
2906 2581 2919 2605 ,
2949 2539 3201 2592 homicida
3241 2546 3316 2592 est
3348 2539 3366 2608 (
3393 2538 3416 2591 ι
3447 2539 3606 2595 Joan.
3634 2542 3723 2610 ιιι)
3751 2559 3764 2608 ;
3795 2550 3849 2597 et
3888 2545 3946 2597 in

2376 2629 2671 2698 Evangelio
2697 2629 2896 2684 dictum
2921 2638 3002 2683 est
3027 2647 3038 2682 :
3073 2627 3170 2693 Qui
3200 2631 3308 2683 odit
3349 2633 3579 2685 animam
3606 2650 3753 2686 suam
3781 2634 3832 2686 in
3856 2635 3954 2688 hoc

2377 2724 2592 2788 mundo,
2621 2723 2676 2775 in
2700 2723 2855 2776 vitam
2883 2731 3133 2776 (sternam
3162 2725 3382 2778 custodit
3413 2724 3593 2794 (Joan.
3629 2729 3745 2795 xu);
3776 2725 3908 2780 item
3941 2746 3952 2778 :

2378 2817 2479 2882 Qui
2510 2834 2612 2872 non
2642 2817 2750 2870 odit
2776 2828 2976 2886 patrem
2998 2835 3146 2871 suum
3174 2829 3224 2872 et
3257 2829 3491 2883 matrem,
3524 2822 3708 2889 fratres
3729 2828 3776 2872 et
3797 2835 3953 2873 soro-

2375 2925 2478 2972 res,
2506 2925 2718 2962 uxorem
2759 2918 2809 2962 et
2836 2909 2995 2978 filios,
3027 2909 3197 2962 adhuc
3227 2920 3398 2964 autem
3427 2920 3477 2964 et
3507 2912 3736 2964 animam
3765 2927 3915 2964 suam
3938 2949 3952 2972 ,

2378 3016 2478 3054 non
2507 3009 2674 3071 potest
2702 3016 2842 3054 meus
2875 3017 2986 3055 esse
3027 3001 3308 3071 discipulus
3340 3000 3489 3070 (Luc.
3518 3002 3656 3071 xw)?
3683 3001 3777 3056 Dic
3801 3015 3955 3071 ergo.

2375 3093 2596 3160 quando
2646 3100 2856 3163 tempus
2901 3099 2984 3147 cst
3031 3091 3356 3154 dilectionis,
3387 3101 3444 3148 et
3485 3093 3700 3164 quando
3743 3103 3960 3162 tempus

701 3183 781 3227 est
809 3173 964 3228 nobis
991 3181 1202 3242 tempus
1229 3189 1259 3226 a
1283 3172 1395 3227 Deo
1424 3180 1482 3226 ut
1504 3171 1845 3226 destruamus
1878 3170 2036 3234 mala,
2070 3176 2125 3224 et
2147 3168 2276 3223 :edi—
2300 3201 2350 3271 ο
2379 3187 2506 3241 odii.

703 3262 918 3316 licemus
945 3262 1086 3315 bona
1121 3279 1133 3312 :
1168 3261 1218 3313 id
1265 3269 1366 3326 est,
1413 3263 1558 3330 prius
1602 3263 1654 3315 in
1703 3263 1856 3316 nobis
1882 3277 1978 3331 per
2005 3262 2273 3330 pteniten-

704 3353 829 3405 tiam
859 3350 1132 3405 deleamus
1163 3356 1385 3419 peccata
1406 3367 1420 3415 ;
1451 3358 1638 3418 postea
1659 3365 1788 3405 vero
1808 3366 1906 3420 per
1926 3359 2112 3405 sancta
2131 3350 2273 3405 desi-

703 3444 869 3509 deria,
901 3443 1158 3496 virtutum
1184 3448 1555 3496 construamus
1581 3439 1820 3496 aediﬁcia.

772 3537 1038 3592 VERANUS.
1069 3533 1246 3602 Quare
1269 3532 1400 3589 dicit
1426 3553 1438 3586 :
1475 3533 1691 3605 Tempus
1714 3535 1874 3604 flendi
1911 3542 1959 3588 et
1990 3541 2182 3604 tempus
2209 3536 2276 3587 ri-

705 3629 875 3693 dcndi,
892 3637 1088 3696 tempus
1115 3625 1398 3697 plangendi
1417 3634 1674 3696 ettempus
1696 3625 1926 3680 saltandi
1945 3623 2142 3695 (Eccle.
2164 3625 2276 3694 In)?

704 3718 834 3783 Quis
861 3717 1004 3771 enim
1051 3715 1289 3783 ignorat,
1333 3714 1457 3784 quia
1486 3714 1592 3770 alio
1645 3722 1885 3784 tempore
1909 3713 2098 3770 ﬂemus
2123 3756 2138 3782 ,
2170 3714 2276 3768 alio

705 3816 884 3861 autem
927 3806 1200 3860 ridemus?
1225 3811 1316 3859 aut
1337 3804 1462 3874 quid
1485 3804 1686 3875 profuit
1714 3805 1916 3872 dicere,
1947 3816 2143 3877 tempus
2169 3806 2277 3860 sal-

706 3899 888 3951 tnndi?
914 3896 1159 3965 Nunquid
1190 3895 1409 3950 forsitan
1440 3895 1726 3951 ostendere
1746 3896 1940 3962 voluit,
1965 3898 2089 3966 quia
2112 3912 2277 3966 opor-

706 3999 783 4043 tet
813 4005 910 4043 nos
934 3987 1280 4042 saltationum
1308 4001 1563 4042 exercere
1590 3985 1828 4041 ludicra?
2133 3973 2136 3978 ’

775 4080 1056 4134 διιοιιιυε.
1111 4077 1298 4142 Absit;
1349 4076 1481 4130 nihil
1545 4083 1761 4146 oportet
1816 4092 1916 4133 nos
1983 4077 2278 4133 scurriliter

711 4187 870 4238 agere
905 4189 916 4222 :
947 4170 1039 4224 sed
1070 4177 1282 4238 tempus
1303 4157 1466 4223 ﬂendi
1495 4176 1579 4223 est
1605 4168 1657 4222 in
1699 4167 1808 4223 vita
1837 4169 2114 4238 praesenti;
2141 4176 2278 4222 tem-

710 4278 811 4330 pus
838 4260 1046 4314 ridendi
1078 4261 1130 4313 in
1161 4260 1268 4313 vita
1291 4258 1482 4314 futura.
1510 4258 1612 4325 Qui
1631 4273 1760 4327 ergo
1791 4259 1842 4312 in
1871 4257 2120 4328 praesenti
2149 4259 2276 4324 vita,

706 4351 1032 4422 quotidianis
1054 4349 1267 4405 ﬂetibus
1293 4357 1348 4405 et
1371 4351 1623 4419 lacrymis
1649 4365 1708 4403 se
1735 4363 1964 4418 purgare
1995 4348 2279 4418 studuerit,

707 4443 768 4498 in
787 4442 896 4494 vita
925 4441 1099 4494 futura
1125 4439 1339 4502 ridebit,
1373 4438 1425 4490 id
1452 4446 1534 4490 est
1560 4437 1833 4504 gaudebit.
1865 4438 2122 4495 Similiter
2150 4448 2278 4494 tem-
2314 4453 2319 4458 ·

2445 3276 2724 3332 SALONIUS.
2758 3275 2824 3331 Et
2848 3291 2989 3332 nunc
3008 3276 3221 3346 quidem
3270 3286 3477 3347 tempus
3502 3285 3585 3332 est
3630 3277 3959 3346 dilectionis,

2374 3369 2629 3438 quoniam
2659 3376 2784 3439 post
2807 3369 3090 3424 Dominum
3111 3368 3332 3437 diligere
3353 3369 3608 3424 debemus
3648 3378 3852 3439 patrem
3897 3381 3961 3425 ct

2375 3468 2635 3523 matrem,
2667 3475 2892 3515 uxorem
2921 3468 2976 3514 et
3020 3459 3155 3513 ﬁlios
3179 3467 3250 3530 .ct
3295 3468 3523 3514 cmteros
3571 3459 3899 3530 propinquos
3941 3478 3954 3512 :

2377 3549 2487 3604 odii
2508 3564 2640 3604 vero
2669 3559 2912 3620 tempus,
2933 3550 3057 3620 quia
3085 3565 3183 3620 pro
3209 3548 3408 3604 Christi
3441 3549 3778 3605 confessione
3819 3566 3954 3604 con-

2379 3649 2618 3696 temnere
2644 3641 2802 3695 simul
2829 3649 2884 3696 et
2922 3641 3101 3696 odisse
3129 3642 3384 3696 debemus
3411 3650 3465 3696 et
3517 3651 3730 3713 patrem
3759 3650 3813 3697 et
3841 3659 3957 3695 ma-

2379 3740 2538 3799 trem,
2570 3746 2864 3800 omnesquc
2889 3731 3218 3802 propinquos
3249 3733 3316 3803 (si
3348 3733 3500 3787 nobis
3530 3733 3582 3787 in
3628 3733 3712 3787 via
3742 3733 3956 3787 Domini

2380 3821 2583 3875 fuerint
2608 3821 2908 3890 contrarii),
2941 3821 3078 3877 sicut
3101 3823 3274 3878 sancti
3300 3830 3560 3893 martyres
3581 3837 3721 3891 saepe
3761 3822 3956 3877 fecisse

2380 3912 2650 3980 leguntur.

2455 4002 2722 4058 VERANUS.
2772 4003 2910 4069 Quid
2959 4014 3043 4060 est
3082 4006 3224 4076 quod
3270 4019 3480 4061 rursum
3527 4004 3700 4061 dicit:
3735 4005 3958 4077 Tempus

2383 4092 2502 4145 belli
2541 4102 2592 4145 et
2621 4103 2818 4163 tempus
2848 4096 2992 4165 pacis
3038 4095 3236 4168 (Eccle.
3288 4096 3367 4164 ιιι)
3391 4097 3414 4150 ?
3441 4095 3719 4162 Quomodo
3749 4103 3961 4167 tempus

2383 4190 2466 4236 cst
2495 4181 2644 4247 belli,
2673 4199 2794 4237 cum
2815 4184 3075 4241 Dominus
3095 4187 3147 4240 in
3176 4185 3468 4255 Evangelio
3488 4187 3630 4243 dicat
3657 4206 3668 4241 :
3693 4186 3820 4242 Esto
3841 4207 3959 4244 con-

2382 4273 2606 4326 sentiens
2629 4273 2924 4331 adversario
2955 4287 3038 4330 tuo
3065 4279 3188 4343 cito,
3219 4277 3341 4331 dum
3383 4295 3436 4332 es
3465 4295 3580 4332 cum
3609 4280 3701 4334 illo
3731 4281 3785 4332 in
3831 4281 3958 4343 via;

2384 4371 2442 4415 et
2469 4363 2596 4417 item
2625 4381 2638 4416 :
2672 4363 2732 4420 Si
2761 4368 2873 4435 quis
2911 4370 3217 4437 percusserit
3243 4377 3293 4424 te
3316 4370 3369 4422 in
3397 4369 3666 4424 dexteram
3690 4370 3961 4424 maxillam

2388 4461 2548 4517 tuam,
2570 4454 2741 4523 prwbe
2768 4455 2844 4508 illi
2874 4464 2924 4508 et
2953 4457 3190 4522 alterunt,
3214 4468 3264 4512 et
3285 4461 3368 4529 qui
3397 4459 3613 4513 voluerit
3641 4464 3848 4531 auferre
3878 4471 3961 4514 tu-

708 4548 801 4599 pus
830 4528 1104 4598 plangendi
1135 4535 1215 4580 est
1248 4525 1351 4577 vita
1383 4541 1646 4594 prtesens;
1673 4535 1870 4598 tempus
1916 4529 2150 4584 saltandi
2195 4541 2281 4586 est
2309 4575 2319 4635 J

2386 4543 2556 4604 nicum
2580 4551 2738 4611 tuam,
2765 4544 2964 4599 dimitte
2986 4546 3062 4600 illi
3084 4557 3133 4600 et
3159 4525 3374 4618 pallium
3396 4548 3547 4619 (Luc.
3576 4550 3679 4618 vi)?

709 4620 816 4670 vita
863 4617 1043 4670 beata.
1092 4615 1149 4669 ln
1193 4622 1343 4670 motu
1373 4632 1603 4686 namque
1630 4619 1950 4687 saltationis,
1978 4623 2142 4678 homo
2171 4640 2279 4678 sua:

709 4706 904 4762 mentis
944 4705 1195 4773 gaudium
1223 4713 1278 4760 ct
1305 4707 1470 4761 animi
1499 4708 1831 4764 demonstrat
1868 4699 2137 4766 aﬂ‘ectum.
2177 4712 2278 4780 Qui

706 4813 835 4868 ergo
864 4799 917 4853 in
948 4799 1045 4853 hac
1075 4798 1179 4852 vita
1221 4799 1524 4868 plangendo
1570 4802 1748 4857 studet
1776 4803 1994 4858 abolere
2035 4816 2274 4873 peccata,

706 4895 757 4948 in
786 4891 960 4946 futura
990 4892 1099 4946 vita
1147 4892 1394 4960 saltabit,
1421 4892 1475 4946 id
1513 4903 1595 4948 est
1623 4895 1886 4950 laetabitur
1911 4905 1966 4952 et
1991 4897 2280 4964 exsultabit

706 4984 758 5037 in
789 4984 958 5051 gloria
982 4991 1197 5038 teternte
1219 4982 1504 5039 felicitatis.

777 5072 1044 5127 Vesanus.
1077 5072 1214 5138 Quid
1242 5081 1326 5128 cst
1345 5073 1487 5142 quod
1513 5073 1587 5127 ait
1611 5091 1622 5125 :
1660 5075 1876 5146 Tempus
1897 5079 2176 5150 spargendi
2201 5082 2281 5134 la-

704 5163 890 5233 pides,
946 5171 994 5215 et
1040 5173 1234 5233 tempus
1290 5164 1566 5234 colligendi
1621 5164 1803 5235 (Ibid.
1835 5169 1888 5235 )?
1941 5165 2081 5234 Quid
2133 5170 2276 5224 enim

703 5254 926 5324 prodest
953 5253 1156 5322 lapides
1175 5267 1447 5323 spargere,
1476 5264 1568 5309 aut
1589 5255 1716 5324 quid
1746 5257 1963 5325 prodest
1992 5259 2276 5327 colligere;

703 5344 808 5399 nisi
838 5342 975 5397 forte
1002 5344 1217 5397 domum
1247 5344 1437 5412 aliquis
1470 5347 1596 5399 velit
1624 5345 1926 5403 aediﬁcare?

774 5433 1054 5488 SALONIUS.
1105 5433 1216 5487 Non
1263 5435 1330 5488 de
1379 5434 1479 5490 hac
1507 5451 1666 5491 causa
1713 5438 1949 5507 loquitur
1983 5439 2273 5507 Salomon;

703 5525 797 5583 sed
821 5525 888 5579 de
914 5525 1150 5593 gentium
1179 5525 1510 5594 dispersione
1536 5537 1590 5582 et
1607 5509 1952 5585 collectione.
1999 5532 2131 5586 Nam
2181 5550 2278 5603 per

706 5615 926 5683 lapides,
958 5623 1144 5683 gentes
1173 5616 1508 5684 assignantur
1541 5636 1551 5668 :
1590 5617 1737 5674 Unde
1763 5620 2000 5678 Joannes
2033 5641 2044 5676 :
2079 5624 2271 5680 Potens

705 5713 798 5763 est,
818 5704 1004 5768 inquit,
1025 5703 1161 5757 Deus
1187 5705 1247 5757 de
1261 5705 1512 5762 lapidibus
1535 5708 1644 5761 istis
1675 5713 1921 5766 suscitare
1940 5713 2078 5782 ﬁlios
2099 5717 2268 5769 Abru-

2457 4631 2736 4689 SALONIUS.
2786 4634 2926 4690 Vere
2954 4637 3110 4692 nobis
3138 4653 3349 4708 semper
3375 4650 3460 4695 est
3503 4650 3709 4710 tempus
3753 4641 3877 4695 belli
3905 4650 3962 4697 et

2381 4737 2570 4792 pugnae
2588 4723 2818 4791 quandiu
2841 4725 2894 4778 in
2917 4729 3163 4795 praesenti
3187 4729 3292 4782 vita
3315 4745 3516 4796 sumus,
3538 4730 3788 4798 quoniam
3812 4745 3960 4786 sem-

2384 4830 2480 4882 per
2518 4830 2736 4871 necesse
2775 4824 2860 4872 est
2888 4820 3044 4874 nobis
3072 4835 3311 4890 pugnare
3339 4825 3590 4879 adversus
3621 4825 3839 4880 insidias
3869 4825 3964 4882 ho-

2382 4904 2481 4958 stis
2509 4905 2733 4975 antiqui,
2758 4915 2814 4962 ct
2841 4923 3029 4964 aereas
3060 4911 3133 4978 (id
3163 4920 3247 4964 est
3269 4913 3621 4982 malignorum
3654 4915 3962 4984 spirituum)

2383 4995 2653 5052 debellare
2681 5006 3000 5067 potestates.
3030 5000 3183 5057 Pacis
3204 5019 3334 5059 vero
3364 5013 3573 5075 tempus
3600 5006 3720 5070 erit,
3745 5023 3864 5060 cum
3896 5009 3964 5062 de

2383 5088 2632 5156 pnesenti
2687 5089 2884 5143 saeculo
2934 5091 3370 5160 migraverimus;
3421 5096 3676 5164 quoniam
3726 5096 3771 5149 si
3825 5097 3965 5152 bene

2384 5180 2797 5247 pugnaverimus
2845 5183 2894 5236 in
2951 5184 3054 5239 hoc
3097 5187 3326 5253 εωευίοτ
3347 5187 3397 5240 in
3446 5186 3627 5242 futuro
3674 5189 3963 5244 coronabi-

2384 5285 2520 5332 mur,
2553 5279 2609 5324 et
2639 5272 2690 5325 in
2719 5273 2925 5328 ctelesti
2945 5273 3242 5332 Jerusalem
3278 5280 3329 5332 in
3357 5287 3560 5333 :eterna
3585 5295 3717 5349 pace
3750 5280 3962 5348 requie-

2383 5375 2614 5415 εοειιιυε.

2453 5449 2719 5507 νειιΑΝυε.
2768 5456 2945 5520 Quare
2974 5458 3102 5513 dicit
3136 5477 3146 5511 :
3179 5459 3372 5514 Cuncta
3409 5462 3530 5531 fecit
3571 5459 3712 5516 Deus
3744 5476 3878 5517 oona
3909 5466 3960 5516 in

2379 5548 2604 5611 tempore
2631 5562 2742 5611 suo,
2772 5564 2892 5601 cum
2935 5553 3180 5620 superius
3203 5553 3431 5619 dixerit,
3458 5553 3636 5608 omnia
3670 5556 3958 5611 vanitatem

2381 5639 2536 5690 esse?
2566 5635 2621 5690 Si
2647 5640 2822 5692 unlnia
2850 5657 3004 5708 vana,
3035 5645 3306 5711 quomodo
3335 5660 3462 5713 ergo
3490 5646 3628 5701 bona
3659 5649 3821 5701 sunt?

2450 5725 2728 5781 SALONIt'S.
2757 5726 2943 5784 Omnia
2979 5748 3112 5785 vana
3161 5743 3312 5799 sunt,
3344 5737 3466 5803 quia
3499 5739 3839 5801 transitoria;
3870 5754 3954 5794 vc-
