4192 6258
233 364 359 420 1001

1146 364 1212 422 1n
1248 361 1745 423 ECCLESIASTEN
1784 347 2136 418 EXPOSITIO
2174 360 2494 418 MVSTICA.

3343 364 3486 420 1003

245 491 525 538 tamtamen
577 490 770 538 cuncta
818 482 958 543 bona
1003 493 1145 549 sunt,
1176 485 1433 552 quoniam
1455 501 1486 540 a
1506 467 1628 540 Deo
1658 487 1797 540 bona
1827 488 1878 547 Α
1905 485 1999 539 dat
2027 486 2081 538 in
2105 485 2322 549 cmlum,
2354 493 2410 539 et
2433 483 2611 552 justus
2635 497 2666 536 a
2689 481 2899 552 justitia
2937 496 3036 538 sua
3062 463 3186 536 ruat
3211 481 3266 536 in
3291 495 3485 552 pecca-

233 579 428 639 creata,
455 579 511 626 et
529 573 670 628 bona
694 571 913 642 quidem
930 583 1085 639 sunt;
1117 590 1226 630 non
1250 585 1430 630 tamen
1455 592 1686 647 semper,
1710 577 1805 632 sed

233 663 284 718 in
332 671 573 734 tempore
619 679 738 719 suo.
770 663 904 719 Nam
956 665 1158 720 bonum
1205 675 1288 720 est
1331 667 1574 735 vigilare,
1601 668 1802 722 bonum

234 755 392 809 etiam
411 763 493 809 est
512 755 774 822 dormire;
800 764 1037 812 attamen
1059 771 1272 826 semper
1302 758 1541 826 vigilare,
1561 765 1653 812 aut
1676 773 1808 813 sem-

233 858 328 915 per
347 844 581 900 dormire
608 861 714 900 non
743 855 825 902 est
853 847 1036 917 utique
1064 847 1286 903 bonum.

302 956 568 1012 Vesanus.
600 957 776 1023 Quare
823 958 1116 1014 dubitando
1145 960 1382 1028 loquitur
1408 960 1683 1026 Salomon,
1726 961 1806 1016 di-

232 1060 360 1101 cens
392 1064 404 1099 :
440 1045 565 1111 Quis
612 1050 752 1103 nov-it
775 1050 821 1102 si
852 1049 1062 1118 spiritus
1113 1050 1341 1118 ﬁliorum
1368 1050 1534 1104 Adam
1563 1051 1809 1104 ascendat

232 1153 468 1201 sursum,
497 1146 546 1191 et
591 1140 802 1208 spiritus
844 1139 1195 1207 jumentorum
1245 1139 1523 1194 descendat
1570 1141 1809 1194 deorsum

230 1225 432 1296 (Eccle.
465 1227 579 1298 in)?
606 1226 736 1293 Quis
764 1227 908 1282 enim
940 1228 1150 1296 ignorat
1205 1229 1328 1298 quia
1357 1229 1574 1298 spiritus
1594 1229 1808 1299 jumen-

227 1324 410 1371 torum
441 1317 516 1389 (id
540 1327 623 1373 est
661 1333 917 1388 pecorum
945 1327 1365 1388 cunctorumque
1391 1321 1667 1375 brutorum
1690 1321 1807 1374 ani-

221 1408 348 1462 mali
363 1410 486 1479 um)
541 1409 699 1464 simul
746 1425 867 1464 cum
915 1425 1144 1478 corpore
1191 1410 1551 1469 dissolvatur?
1578 1410 1810 1480 Spiritus

220 1507 361 1553 vero
388 1497 618 1552 ﬁliorum
645 1498 812 1552 Adam
846 1499 920 1569 (id
944 1506 1024 1554 est
1049 1500 1349 1570 hominum)
1380 1517 1489 1554 non
1507 1499 1665 1554 simul
1687 1514 1810 1554 cum

219 1605 462 1659 corpore
509 1590 846 1656 dissolvitur;
876 1591 970 1646 sed
1012 1607 1139 1646 mox
1187 1599 1244 1645 ut
1285 1591 1554 1660 egreditur
1593 1589 1660 1644 de
1685 1604 1809 1644 cor-

224 1693 388 1751 pore,
423 1687 515 1734 aut
552 1680 832 1736 deducitur
867 1681 932 1736 ad
976 1682 1232 1751 gloriam,
1263 1689 1355 1735 aut
1401 1680 1726 1747 demergitur
1754 1680 1810 1732 in

230 1783 447 1837 poenam
461 1771 486 1822 ?

1909 586 2041 641 tum,
2073 585 2128 632 et
2155 577 2498 644 demergatur
2522 575 2589 630 ad
2617 574 2834 632 inferos.

1979 667 2246 722 Vesanus.
2271 666 2409 733 Quid
2437 675 2520 722 est
2537 665 2681 736 quod
2700 667 2776 720 ait
2806 683 2820 720 :
2853 665 3056 720 Stultus
3075 665 3350 736 complth
3373 681 3500 744 ma—l

1910 776 2007 814 nus
2037 775 2179 824 suos,
2208 768 2258 811 et
2286 758 2503 811 comedit
2533 773 2714 810 carnes
2735 774 2856 811 suas
2882 755 3080 828 (Eccle.
3115 756 3226 826 Iv)?
3252 754 3384 833 Quis
3407 762 3492 809 est

1911 851 2055 906 enim
2086 858 2195 904 tam
2218 850 2430 916 stultus,
2459 850 2549 919 qui
2578 865 2794 903 carnem
2817 863 2969 903 suam
2989 847 3274 904 comedat?

1979 939 2257 995 SALONIUS.
2288 939 2495 994 Stultus
2522 941 2644 1007 iste,
2676 941 2828 1010 piger
2861 940 2950 994 ille
2971 939 3134 994 debet
3158 938 3381 1007 intelligi
3420 936 3491 990 de

1909 1046 2016 1101 quo
2041 1032 2095 1084 in
2125 1029 2428 1085 Proverbiis
2447 1029 2574 1085 dicit
2598 1049 2608 1082 :
2634 1031 2916 1084 Abscondit
2941 1032 3085 1101 piger
3104 1046 3315 1083 manum
3343 1044 3490 1081 suam

1910 1121 2002 1175 sub
2032 1120 2244 1184 ascella,
2277 1137 2367 1173 nec
2406 1120 2475 1173 ad
2502 1137 2557 1174 os
2583 1137 2728 1174 suum
2756 1121 2983 1192 applicat
3001 1137 3112 1172 eam
3146 1118 3327 1189 (Prov.
3353 1119 3487 1187 xxx).

1907 1211 2015 1267 Iste
2042 1212 2193 1282 piger
2221 1219 2276 1268 et
2295 1212 2486 1268 stultus
2515 1211 2802 1282 complicat
2828 1227 3018 1266 manus
3037 1225 3160 1266 suas
3182 1218 3237 1264 et
3257 1208 3495 1264 comedit

1909 1318 2100 1359 carnes
2127 1319 2272 1371 suas,
2297 1304 2420 1373 quia
2449 1305 2619 1372 magis
2663 1304 2812 1372 eligit
2840 1305 2895 1358 in
2935 1305 3047 1359 otio
3077 1312 3132 1358 et
3152 1311 3372 1373 torpore
3408 1302 3492 1355 vi-

1909 1406 2038 1446 vere
2065 1399 2120 1446 et
2147 1391 2346 1447 habere
2374 1393 2634 1462 pugillum
2681 1393 2859 1459 farris,
2883 1408 3042 1462 quam
3073 1391 3368 1447 laborando
3395 1405 3489 1444 ac-

1905 1483 2127 1549 quirere
2155 1481 2295 1536 unde
2340 1493 2610 1550 pascatur.
2642 1483 2777 1538 Illud
2803 1491 3002 1548 autem,
3035 1482 3268 1537 Comedit
3311 1496 3492 1535 carnes

1910 1586 2050 1634 suas,
2081 1569 2280 1623 dictum
2310 1578 2393 1623 est
2419 1584 2514 1638 per
2541 1570 2912 1640 hyperbolem.

1981 1657 2251 1712 Vesanus.
2283 1656 2420 1724 Quid
2445 1667 2528 1712 est
2552 1658 2878 1728 hyperbole?

1982 1747 2261 1804 SALONIUS.
2294 1747 2598 1818 Hyperbole
2626 1748 2838 1815 dicitur,
2864 1747 3080 1826 quando
3107 1747 3306 1816 aliquid
3329 1747 3493 1802 inore

299 1858 579 1913 SALONIUS.
609 1855 778 1915 Paulo
831 1827 1075 1930 superius
1124 1859 1361 1914 ostendit
1406 1858 1659 1912 Salomon
1685 1859 1810 1926 quia
1839 1838 1887 1898 Β
1913 1837 2076 1930 άίῑξξιθ
2103 1839 2394 1930 ΡΓοΓθΓῑΑιιιῐ

229 1955 491 2017 quantum
519 1948 588 2004 ad
619 1950 862 2019 corporis
888 1949 1175 2003 utilitatem
1210 1947 1342 2002 nihil
1369 1947 1532 2003 distat
1558 1947 1698 2003 inter
1721 1949 1810 2017 ju-

229 2049 476 2096 mentum
501 2049 556 2095 et
583 2041 878 2103 hominem,
907 2039 1032 2108 quia
1061 2037 1201 2094 sicut
1227 2040 1458 2094 moritur
1490 2039 1810 2108 jumentum,

230 2130 462 2185 moritur
483 2139 538 2185 et
562 2130 723 2186 homo
751 2147 763 2181 :
795 2129 890 2185 sed
939 2135 996 2181 ut
1023 2129 1329 2183 ostenderet
1353 2129 1478 2196 quia
1518 2128 1812 2184 secundum

230 2221 769 2290 animaa'dignitatem
797 2220 1022 2275 multum
1052 2218 1219 2274 distat
1246 2219 1408 2295 homo
1439 2234 1468 2272 a
1487 2219 1730 2287 jumenta
1760 2227 1817 2272 et

228 2326 430 2382 pecore
449 2350 464 2374 ,
495 2311 693 2366 idcirco
720 2309 980 2380 disjunxit
1006 2309 1191 2363 dicens
1223 2326 1236 2360 :
1273 2305 1398 2371 Quis
1428 2310 1566 2362 novit
1596 2310 1639 2360 si
1661 2309 1816 2377 spiri-

229 2408 313 2452 tus
335 2401 569 2468 ﬁliorum
595 2399 764 2452 Adam
785 2398 1034 2452 ascendat
1061 2414 1287 2465 sursum,
1309 2406 1359 2450 et
1380 2399 1591 2467 spiritus
1613 2398 1816 2467 jumen-

229 2499 406 2544 torum
429 2489 704 2544 descendat
724 2491 961 2544 deorsum
985 2489 1221 2561 (Ibid)?
1248 2487 1493 2545 Ostendit
1520 2490 1661 2544 enim
1689 2489 1814 2559 quia

227 2581 348 2635 haec
379 2580 493 2634 sola
515 2579 816 2635 differentia
837 2587 919 2635 est
947 2580 1086 2635 inter
1105 2581 1352 2634 homines
1371 2588 1426 2634 et
1444 2580 1661 2646 bestias,
1679 2595 1817 2648 quo-

224 2669 379 2724 niam
411 2668 644 2724 hominis
669 2658 890 2738 spiritus
920 2669 1159 2724 ascendit
1205 2671 1261 2724 in
1287 2671 1483 2726 coelum
1511 2678 1569 2726 et
1597 2671 1817 2740 spiritus

219 2760 582 2831 jumentioseu
609 2760 821 2829 pecoris
848 2755 1131 2816 descendit
1165 2762 1218 2815 in
1249 2771 1465 2829 terram,
1496 2762 1622 2831 quia
1649 2763 1815 2818 mori-

131 2838 143 2845 ’
223 2858 315 2906 tur
343 2857 407 2905 et
435 2849 593 2904 simul
618 2849 928 2905 dissolvitur
948 2866 1071 2905 cum
1108 2866 1287 2906 carne.

291 2959 575 3016 Vesanus.
608 2959 719 3016 Cur
766 2976 895 3030 ergo
952 2960 1082 3016 dicit
1120 2961 1374 3018 Salomon
1410 2981 1423 3016 :
1458 2963 1586 3027 Quis
1633 2965 1814 3020 novit?

224 3053 392 3123 quasi
422 3066 581 3107 nemo
607 3052 678 3108 sit
706 3051 799 3122 qui
827 3053 933 3108 hoc
961 3067 1287 3121 cognoscere
1308 3054 1504 3124 possit!

1984 1927 2254 1982 Vesanus.
2286 1925 2568 1994 Quomodo
2597 1944 2726 1998 ergo
2771 1930 2977 1986 dictum
3005 1940 3090 1987 est
3127 1931 3493 2003 hyperbolice,

1915 2015 2150 2072 Comedit
2170 2033 2352 2071 carnes
2380 2019 2538 2071 suas?
2636 2075 2640 2077 ν

1983 2107 2259 2163 SALONIUS.
2293 2108 2428 2174 Quia
2476 2110 2791 2167 incredibile
2836 2121 2917 2167 est
2949 2123 3006 2166 ut
3051 2114 3215 2168 homo
3243 2114 3494 2168 comedat

1914 2213 2104 2252 carnes
2131 2214 2256 2253 suas
2289 2217 2301 2251 :
2329 2201 2423 2254 sed
2451 2201 2517 2255 ad
2547 2192 2975 2270 exaggerandam
3031 2204 3299 2272 pigritiam
3339 2203 3498 2272 hujus

1915 2287 2081 2352 stulti,
2114 2289 2209 2355 ait,
2240 2286 2470 2342 Comedit
2498 2306 2702 2355 carnes,
2736 2301 2797 2346 ut
2821 2287 3130 2347 ostenderet
3175 2293 3300 2362 quia
3330 2293 3498 2361 magis
3529 2355 3534 2360 ι

1917 2375 2111 2430 stultus
2157 2377 2429 2432 desiderat
2456 2386 2516 2432 ut
2545 2393 2670 2434 caro
2699 2380 2816 2449 ejus
2843 2381 3084 2436 tabescat
3117 2381 3292 2435 inedia
3319 2389 3374 2436 et
3401 2383 3498 2435 mi~

1917 2465 2060 2520 seria
2081 2465 2237 2522 famis
2257 2468 2490 2535 deﬁciat,
2508 2483 2667 2538 quam
2699 2480 2757 2526 ut
2785 2487 3039 2527 manuum
3058 2487 3276 2527 suarum
3303 2473 3499 2528 labori-

1917 2556 2019 2612 bus
2047 2567 2395 2614 sustentetur.

1988 2648 2257 2705 VERANUS.
2308 2649 2440 2717 Quis
2485 2659 2569 2708 est
2627 2668 2766 2707 unus
2793 2653 2861 2708 de
2908 2668 3016 2723 quo
3044 2654 3171 2710 dicit
3199 2654 3495 2711 Salomon:

1921 2735 2071 2792 Unus
2118 2751 2202 2794 est
2245 2749 2300 2794 et
2327 2741 2619 2798 secundum
2674 2759 2781 2799 non
2809 2743 2992 2811 habet,
3025 2761 3132 2800 non
3163 2746 3326 2800 lilium
3348 2789 3363 2814 ,
3391 2762 3497 2805 non

1916 2823 2158 2892 fratrem,
2192 2836 2246 2883 et
2273 2836 2453 2884 tamen
2482 2831 2730 2888 laborare
2767 2848 2876 2890 non
2904 2843 3081 2891 cessat
3109 2851 3208 2893 nec
3235 2836 3497 2894 satiantur

1919 2917 2061 2972 oculi
2082 2918 2198 2986 ejus
2225 2919 2469 2976 divitiis?

1989 3007 2271 3065 SALONIUS.
2304 3009 2399 3066 Ille
2446 3019 2530 3068 est
2555 3014 2648 3082 qui
2687 3029 2808 3069 cum
2838 3016 2908 3070 sit
2935 3032 3092 3084 unus,
3118 3019 3170 3073 id
3219 3030 3302 3076 est
3327 3023 3494 3089 solus,

1917 3114 2026 3154 non
2054 3100 2218 3154 habet
2265 3101 2561 3156 secundum
2588 3121 2600 3155 :
2634 3104 2738 3159 hoc
2779 3113 2862 3159 est
2907 3105 3092 3171 ﬁlium,
3125 3124 3231 3164 non
3260 3109 3495 3177 fratrem,

292 3164 585 3219 SALONIUS.
617 3163 741 3219 Ideo
770 3165 845 3219 ait
869 3183 882 3217 :
911 3164 1039 3266 Quis
1058 3168 1238 3266 novit?
1257 3175 1316 3266 ut
1342 3167 1710 3266 dilﬂcultatenl
1733 3169 1814 3225 rei
1839 3184 1888 3250 α
1918 3197 2010 3247 θυι
2039 3189 2275 3260 aliquem
2295 3192 2659 3263 propinquum
2691 3211 2704 3260 ;
2756 3203 2812 3249 et
2840 3163 3114 3266 umqum,“
3141 3163 3496 3256 085mm);

220 3256 673 3312 demonstraret:
707 3271 850 3323 nam,
877 3259 1022 3328 quis,
1056 3257 1109 3311 in
1156 3257 1447 3329 Scripturis
1494 3261 1660 3314 sacris
1703 3275 1812 3315 non

219 3343 718 3414 impossibilitatem
746 3345 840 3400 sed
865 3344 1235 3402 diﬁicultatem
1286 3357 1379 3402 aut
1428 3351 1700 3404 raritatem
1741 3352 1816 3406 si-

222 3431 699 3503 gniﬁcaresolet,
722 3434 862 3488 sicut
887 3440 972 3489 est
1000 3434 1179 3489 istud:
1213 3434 1606 3490 Generationem
1645 3446 1814 3492 autem

220 3524 340 3594 ejus
371 3524 489 3590 quis
529 3524 794 3576 enarrabit
821 3523 976 3594 (Isai.
1019 3525 1174 3594 Lm)?
1202 3523 1318 3579 Hoc
1345 3532 1446 3589 est,
1478 3534 1569 3580 aut
1598 3527 1773 3583 nullus
1795 3567 1812 3592 ,

222 3621 322 3668 aut
351 3626 630 3682 perrarus.
660 3611 794 3666 Nam
821 3611 966 3680 quod
993 3612 1321 3681 impossibile
1349 3622 1432 3669 est
1460 3613 1574 3668 ﬁeri
1592 3655 1607 3679 ,
1639 3615 1804 3668 nulla-

223 3710 395 3758 tenus
421 3709 618 3771 potest,
642 3703 803 3756 etiam
826 3718 949 3757 cum
970 3717 1164 3772 magno
1184 3703 1390 3759 labore.
1415 3702 1558 3772 Ergo
1587 3705 1708 3758 ideo
1727 3703 1812 3757 di-

224 3792 309 3846 cit
340 3785 520 3853 :‘Quis
549 3792 728 3846 novit?
753 3791 877 3862 quia
901 3807 1177 3863 perrarus,
1207 3799 1300 3845 aut
1327 3792 1718 3847 certediﬁicile
1741 3791 1816 3845 in-

227 3878 448 3935 venitur
473 3877 547 3932 ita
584 3880 876 3950 spiritualis
901 3880 1065 3936 homo
1092 3881 1184 3949 qui
1210 3889 1351 3946 tunc
1380 3881 1621 3949 perfecte
1648 3895 1808 3936 com.-

227 3967 576 4040 prebendere
601 3969 780 4022 valeat
798 3984 922 4022 cum
942 3970 1010 4025 de
1031 3985 1262 4040 corpore
1283 3970 1501 4040 spiritus
1521 3971 1810 4040 egreditur,

229 4063 422 4111 utrum
449 4053 706 4109 ascendat
727 4069 796 4108 an
823 4053 1050 4108 ducatur
1077 4057 1146 4109 ad
1173 4073 1408 4124 pinnam.

307 4169 578 4225 Vesanus.
635 4167 774 4235 Quid
827 4169 1132 4237 signiﬁcant
1184 4170 1532 4240 spiritualiter
1586 4173 1674 4226 isti
1722 4171 1814 4226 ﬁlii

229 4261 442 4328 Adam,
463 4268 556 4314 aut
574 4260 663 4314 illa
684 4260 964 4330 jumenta?
1015 4269 1034 4295 ε

307 4350 590 4407 Βιιιοκιυε.
621 4351 742 4407 Filii
762 4352 930 4407 Adam
974 4352 1279 4422 signiﬁcant
1297 4362 1514 4408 sanctos
1533 4363 1590 4408 et
1616 4355 1818 4411 electos

228 4443 388 4501 viros
416 4441 506 4511 qui
553 4442 745 4498 merito
772 4444 1108 4512 appellantur
1135 4444 1398 4510 homines,
1422 4444 1513 4514 qui
1537 4445 1813 4498 rationali-

1915 3295 2068 3348 rare,
2098 3280 2203 3336 hoc
2231 3290 2314 3336 est
2341 3281 2556 3336 divitias
2577 3296 2925 3352 congregare,
2956 3300 3057 3340 nec
3075 3295 3252 3344 tantas
3272 3303 3497 3357 congre-

1913 3381 2006 3440 gat
2035 3379 2092 3426 ut
2119 3371 2169 3428 ei
2192 3374 2479 3430 suﬁiciant.
2510 3371 2576 3427 Et
2605 3373 2727 3429 ideo
2746 3376 2977 3429 maxima
3018 3379 3229 3431 vanitas
3249 3387 3332 3433 est
3373 3394 3497 3434 con-

1914 3473 2139 3530 gregare
2165 3462 2379 3517 divitias
2403 3470 2460 3517 et
2483 3463 2732 3530 ignorare
2759 3465 2846 3516 cui
2873 3477 2967 3516 eas
2986 3463 3311 3532 relinquant.
3373 3452 3378 3456 ’

1985 3547 2251 3602 Venimus.
2301 3549 2472 3613 Quem
2519 3550 2791 3618 signiﬁcat
2845 3550 3193 3620 spiritualiter
3238 3556 3329 3612 ille
3358 3573 3497 3614 unus

1916 3640 2009 3708 qui
2031 3654 2137 3693 non
2167 3641 2332 3696 habet
2357 3641 2692 3697 secundum?
3375 3649 3378 3652 ’

1987 3729 2264 3786 SALONIUS.
2293 3733 2578 3786 Dominum
2604 3732 2788 3790 Iesum
2812 3733 3101 3804 Christum,
3122 3739 3214 3806 qui
3241 3742 3498 3795 naturali-

1917 3828 2006 3875 ter
2033 3821 2178 3874 solus
2208 3830 2288 3876 est
2316 3823 2411 3878 Dei
2440 3821 2617 3879 Patris
2645 3824 2809 3880 Filius
2828 3869 2842 3894 ,
2871 3838 2925 3881 et
2949 3827 3095 3883 solus
3123 3829 3400 3886 descendit
3427 3833 3493 3886 de

1922 3910 2075 3966 caelis
2094 3910 2163 3965 ad
2184 3911 2557 3967 redimendum
2576 3928 2748 3983 genus
2776 3915 3088 3974 humanum.

1990 3999 2259 4056 Venanns.
2291 4000 2572 4068 Quomodo
2599 4020 2709 4060 non
2738 4005 2916 4061 habet
2943 4006 3108 4062 ﬁlium
3136 4010 3222 4066 vel
3248 4009 3491 4075 fratrem,

1919 4106 2043 4146 cum
2070 4091 2124 4146 in
2173 4107 2330 4148 sacro
2354 4095 2678 4164 baptismate
2719 4113 2907 4154 omnes
2934 4099 3242 4165 Christiani,
3275 4103 3367 4157 ﬁlii
3397 4104 3494 4157 Dei

1919 4180 2221 4238 efﬁciantur
2242 4191 2296 4239 et
2324 4184 2516 4240 fratres
2541 4185 2754 4241 Domini
2784 4191 2953 4244 nostri
2981 4189 3107 4246 Jesu
3133 4190 3378 4248 Christi?

1989 4273 2266 4331 SALONIUS.
2298 4275 2393 4332 Ille
2427 4277 2576 4333 solus
2608 4281 2857 4348 proprius
2904 4291 2960 4336 et
2987 4285 3244 4340 naturalis
3289 4285 3492 4353 Filius;

1920 4367 2102 4420 (atteri
2135 4383 2260 4422 vero
2290 4383 2480 4424 omnes
2505 4378 2630 4426 sunt
2652 4370 2908 4442 adoptivi,
2937 4381 2992 4429 et
3017 4374 3137 4429 ideo
3164 4375 3356 4432 fratres
3375 4379 3490 4448 ejus

1920 4460 2064 4518 sunt,
2094 4470 2203 4510 non
2227 4465 2417 4514 natura
2444 4460 2539 4516 sed
2567 4461 2755 4530 gratia.

228 4540 343 4594 ter,
374 4535 562 4583 sancte
589 4537 644 4584 et
669 4531 1019 4600 spiritualiter
1042 4532 1232 4587 vivunt
1263 4551 1275 4586 :
1307 4547 1406 4604 per
1420 4533 1662 4601 jumenta
1681 4547 1812 4587 vero
1839 4544 1895 4605 ι)
1989 4540 2256 4596 νειωωε.
2306 4545 2587 4610 Quomodo
2628 4566 2757 4622 ergo
2789 4554 2890 4609 iste
2927 4569 3066 4611 unus
3097 4555 3343 4614 laborare
3380 4574 3494 4615 non

228 4623 588 4692 designantur
610 4624 870 4690 carnales,
899 4625 991 4694 qui
1019 4633 1306 4695 propterea
1347 4625 1588 4694 jumenta
1620 4640 1813 4680 vocan-

227 4724 328 4770 tur
350 4713 604 4782 quoniam
623 4714 920 4770 bestialiter
939 4723 996 4771 et
1016 4714 1322 4782 carnaliter,
1348 4716 1486 4771 sicut
1499 4715 1740 4784 jumenta
1760 4725 1817 4772 et

228 4819 464 4879 pecora,
493 4805 693 4859 vivunt.
727 4804 863 4861 Hinc
909 4806 1050 4861 enim
1076 4813 1293 4861 sanctus
1335 4807 1601 4877 propheta
1650 4807 1817 4863 David

227 4895 372 4953 dicit
404 4911 417 4946 :
465 4892 715 4948 Homines
743 4903 791 4949 et
824 4896 1060 4965 jumenta
1103 4895 1326 4951 saluabis
1349 4937 1365 4963 ,
1393 4895 1613 4951 Domine
1643 4895 1816 4964 (Psal.

227 4986 429 5056 xxxv).
456 4985 608 5042 Solet
627 4987 770 5042 enim
801 4987 918 5042 ﬁeri
946 4997 1004 5042 ut
1042 4988 1118 5042 illi
1145 4989 1235 5058 qui
1282 4987 1531 5044 videntur
1570 4989 1816 5046 homines

223 5079 387 5149 justi,
417 5084 646 5146 peccent
672 5084 727 5132 et
754 5087 1134 5134 convertantur
1163 5093 1194 5133 a
1236 5078 1444 5149 justitia
1495 5096 1611 5147 sua,
1643 5090 1704 5137 et
1734 5081 1815 5136 fa-

230 5170 391 5224 ciant
419 5167 754 5238 iniquitatem
787 5163 800 5222 :
831 5170 1133 5226 eeontrario
1184 5170 1261 5224 illi
1305 5171 1397 5240 qui
1446 5179 1572 5226 sunt
1607 5173 1734 5228 mali
1763 5181 1819 5229 et

228 5259 392 5328 impii
421 5267 804 5315 convertantur
841 5251 910 5315 ab
937 5259 1220 5330 iniquitate
1247 5277 1364 5326 sua,
1396 5271 1452 5317 et
1489 5262 1688 5318 faciant
1702 5265 1818 5334 jus-

227 5351 418 5408 titiam
446 5360 502 5406 et
527 5353 852 5422 aequitatem.
886 5353 1011 5407 Ideo
1037 5352 1165 5407 dicit
1209 5351 1500 5408 Salomon:
1523 5352 1651 5418 Quis
1670 5357 1814 5410 novit

223 5446 275 5499 si
304 5442 523 5512 spiritus
543 5443 771 5512 ﬁliorum
809 5441 977 5496 Adam
1003 5442 1249 5496 ascendat
1278 5457 1500 5510 sursum,
1527 5455 1577 5499 et
1605 5448 1814 5516 spiritus

224 5534 584 5609 iumentorum
619 5531 894 5585 descendat
932 5532 1206 5586 deorsum?
1235 5532 1370 5597 Quia
1417 5541 1525 5588 tam
1581 5536 1816 5592 incertus

1917 4639 2092 4688 cessat
2105 4633 2129 4684 ?

1989 4721 2265 4777 SALONIUS.
2295 4722 2428 4790 Quia
2456 4735 2678 4796 peccata
2722 4738 2906 4784 nostra
2958 4733 3224 4800 patienter
3267 4739 3496 4793 sustinet

1893 4859 1899 4865 .
1919 4822 1976 4870 et
1988 4815 2405 4873 misericorditer
2425 4817 2490 4872 ad
2507 4819 2876 4886 paenitentiam
2889 4829 3188 4890 exspectat,
3204 4832 3258 4877 et
3276 4839 3376 4892 pro
3391 4841 3493 4879 no-

1919 4904 2001 4960 bis
2027 4905 2265 4975 quotidie
2293 4908 2433 4978 apud
2463 4908 2630 4964 Deum
2659 4909 2873 4966 Patrem
2902 4911 3228 4981 interpellat.

1993 4994 2260 5050 Vesanus.
2308 4996 2586 5064 Quomodo
2627 5015 2734 5055 non
2769 5001 3026 5056 satiantur
3064 5002 3206 5059 oculi
3248 5002 3365 5071 ejus
3409 5003 3495 5057 di-

1959 5088 2105 5128 iliic?

1960 5097 1971 5101 ’
2003 5097 2035 5101 ’“
2082 5097 2105 5128 ν

1923 5097 2268 5214 νηὲῗιίοκιυε.
2288 5159 2422 5227 Quia
2451 5170 2687 5215 nostram
2717 5177 2929 5233 semper
2951 5164 3220 5221 desiderat
3243 5164 3500 5220 salutem.

1999 5249 2262 5304 VERANUS.
2291 5249 2420 5318 Quis
2447 5260 2529 5307 est
2557 5253 2657 5307 iste
2677 5251 2941 5322 funiculus
2960 5255 3156 5326 triplex
3179 5255 3247 5311 de
3272 5270 3382 5324 quo
3411 5255 3501 5310 di-

1923 5340 1999 5395 cit
2052 5338 2306 5396 Salomon
2347 5361 2358 5393 :
2405 5341 2692 5398 Funiculus
2715 5383 2717 5385 .
2739 5345 2926 5416 triplex
2980 5346 3184 5416 difﬁcile
3242 5345 3505 5416 rumpitur
3561 5383 3566 5388 ρ

1923 5429 2124 5499 (Eccle.
2156 5432 2268 5504 1v)?

1991 5541 2270 5598 SALONIUS.
2295 5541 2482 5599 Unitas
2508 5545 2681 5606 Patris
2707 5554 2761 5602 et
2789 5545 2908 5602 Filii
2946 5555 3001 5602 et
3045 5546 3277 5617 Spiritus
3302 5545 3505 5610 sancti,

227 5632 318 5680 cst
347 5621 473 5675 vitae
499 5622 657 5691 hujus
681 5629 871 5688 status,
901 5629 962 5676 ut
987 5630 1044 5676 et
1082 5629 1333 5691 peccator
1368 5624 1460 5692 qui
1510 5623 1811 5692 jumentum
1917 5630 2042 5697 quia
2073 5631 2126 5685 in
2153 5631 2429 5690 divinitate
2456 5641 2566 5692 tros
2593 5643 2718 5692 sunt
2743 5651 3004 5708 personae,
3033 5636 3129 5693 sed
3153 5643 3358 5690 tantum
3385 5649 3502 5689 una

181 5787 196 5798 Ι
227 5719 486 5775 vocatur,
515 5726 613 5780 per
629 5712 1000 5781 paenitentiam
1023 5728 1315 5771 conversus
1342 5721 1525 5784 surgat
1552 5723 1608 5771 et
1626 5730 1824 5780 ascen:
1919 5727 2003 5776 est
2023 5728 2234 5776 natura.
2289 5751 2291 5753 ι

528 5803 792 5870 ΡΑΤιιοι..
839 5803 998 5869 LIII.

3184 5815 3267 5881 32
