4244 6254
603 331 610 340 ·
707 325 845 402 mos

1942 326 2224 384 'SALONII
2262 325 2659 389 VIENNENSIS

773 399 1037 530 Vesanus.
1079 436 1190 530 Cur
1235 451 1363 505 ergo
1401 438 1473 530 ait
1495 478 1521 530 ,7
1543 398 1762 507 Difﬁcile
1803 442 2095 509 rumpitur?
2139 441 2272 496 illud
2300 449 2352 507 Α
2376 447 2500 515 quia
2526 464 2632 503 non
2658 446 2855 530 sufﬁcit
2879 449 2982 505 sibi
3010 450 3154 530 quod
3176 450 3366 506 didicit
3383 493 3399 519 ,
3438 451 3532 507 sed
3560 453 3732 520 magis
3759 469 3825 508 ac
3845 470 3959 510 ma-

703 529 847 586 ‘enim
1043 519 1256 583 dii'ﬂclle
1283 536 1389 592 est,
1413 526 1524 583 fieri
1555 536 1732 597 potest
1751 530 1995 597 quamvis
2022 545 2142 585 cum
2163 546 2280 586 ma-

705 635 809 688 gno
829 619 1044 674 labore:
1062 618 1300 689 nunquid
1315 632 1441 689 ergo
1462 627 1640 687 potest
1660 619 2043 692 istefuniculus
2065 621 2280 694 rumpi?

770 721 1044 789 Saeuus.
1078 719 1216 788 Vere
1263 725 1553 802 nunquam,
1587 733 1709 801 Quia
1739 734 2013 790 individua
2044 745 2128 791 est
2155 735 2279 792 san-

705 821 802 881 cta:
829 815 1104 878 Trinitatis
1155 832 1381 876 natura:
1413 823 1506 877 sed
1537 823 1738 893 difﬁcile
1767 825 1819 878 in
1865 825 1970 880 hoc
2017 825 2138 882 loco
2179 842 2278 899 pro

705 911 1019 986 impossibili
1042 913 1410 985 accipiendum
1435 923 1534 982 est,
1566 917 1690 984 quia
1718 931 1824 972 non
1867 925 2049 986 potest
2076 917 2192 973 ﬁeri
2221 926 2280 973 ut

703 1005 1004 1061 Divinitatis
1032 1006 1306 1061 scindatur
1327 1014 1538 1061 natura.
2252 1054 2254 1056 ,

778 1095 1043 1152 νειιηυε.
1068 1096 1197 1163 Quis
1225 1082 1308 1152 est
1355 1095 1442 1150 ille
1482 1111 1615 1164 puer
1641 1111 1841 1167 pauper
1893 1105 1948 1152 et
1975 1098 2187 1168 sapiens
2214 1096 2279 1172 de

705 1183 812 1257 quo
855 1185 984 1242 dicit
1035 1186 1290 1241 Salomon
1322 1205 1332 1238 :
1367 1185 1553 1239 Melior
1581 1203 1705 1256 puer
1731 1203 1927 1256 pauper
1983 1197 2030 1240 et
2073 1189 2278 1256 sapiens

705 1273 821 1351 rege
850 1279 1002 1332 stulto
1024 1288 1074 1332 et
1094 1296 1212 1332 sene
1244 1275 1438 1348 (Eccle.
1462 1276 1576 1347 1v)?

777 1367 1055 1424 SALONIUS.
1088 1367 1344 1422 Dominus
1371 1365 1524 1422 Jesus
1548 1367 1811 1436 Christus,
1834 1367 1924 1437 qui
1952 1382 2084 1437 puer
2106 1367 2280 1423 dictus

706 1457 790 1515 est
817 1468 1034 1529 propter
1055 1458 1417 1512 innocentiam
1448 1466 1502 1512 et
1522 1457 1938 1527 simplicitatem,
1964 1458 2084 1526 quia
2107 1474 2280 1528 pecca-

703 1549 811 1603 tum
827 1565 930 1600 non
960 1549 1078 1616 fecit
1103 1564 1193 1599 nec
1213 1549 1444 1599 inventus
1465 1555 1542 1598 est
1564 1549 1712 1598 dolus
1733 1549 1788 1598 in
1809 1563 1896 1600 ore
1915 1547 2027 1616 ejus
2053 1547 2103 1614 (I
2127 1547 2273 1623 Petr,

705 1642 786 1712 ιι).
809 1641 914 1695 lste
934 1655 1066 1708 puer
1091 1655 1213 1694 cum
1237 1635 1379 1693 esset
1397 1638 1564 1703 dives,
1581 1654 1678 1707 pro
1700 1646 1883 1693 nostra
1905 1639 2078 1717 salute
2106 1640 2278 1692 factus

705 1742 787 1788 est
811 1747 1028 1802 pauper.
1054 1731 1157 1784 Iste
1181 1730 1439 1784 veraciter
1459 1738 1541 1782 est
1568 1730 1801 1799 sapiens,
1825 1731 1950 1798 quia
1977 1732 2031 1785 in
2050 1732 2162 1800 ipso
2183 1731 2278 1782 ha-

707 1821 833 1875 bitat
854 1823 1017 1876 omnis
1044 1820 1306 1890 plenitudo
1325 1820 1608 1873 divinitatis
1635 1821 1987 1890 corporaliter.

706 1902 710 1906 ”
781 1912 1040 1966 Vesanus.
1073 1910 1201 1976 Quis
1230 1919 1310 1963 est
1339 1910 1426 1963 ille
1458 1925 1551 1964 rex
1572 1924 1736 1964 senex
1756 1899 1812 1964 et
1838 1910 2065 1964 stultus?

774 2001 1051 2055 SALONIUS.
1084 1999 1355 2064 Diabolus,
1388 2000 1477 2066 qui
1506 2013 1644 2066 pene
1673 2001 1739 2053 ab
1770 2001 1887 2068 ipso
1914 1998 2094 2053 mundi
2121 2013 2277 2053 exor-

705 2095 794 2149 dio
830 2093 1071 2160 regnavit
1109 2092 1162 2145 in
1190 2103 1388 2158 genere
1425 2090 1659 2145 humano
1683 2129 1700 2156 ,
1744 2098 1800 2143 et
1826 2089 1947 2143 ideo
1992 2104 2155 2173 senes
2182 2104 2278 2143 vo-

704 2195 873 2241 catur.
905 2185 971 2238 Et
999 2200 1125 2238 vere
1153 2183 1346 2236 stultus
1374 2197 1502 2244 rex,
1534 2182 1658 2251 quia
1689 2189 1891 2251 quanto
1922 2182 2101 2251 plures
2128 2181 2273 2236 deci-

702 2279 801 2348 pit,
828 2284 978 2330 tanto
1003 2272 1103 2329 sibi
1130 2282 1342 2343 poenam
1372 2273 1671 2327 accumulat
1698 2272 1980 2340 majorem.
2022 2272 2080 2326 ln
2108 2285 2274 2340 regno

703 2369 898 2438 quippe
926 2366 1082 2435 hujus
1111 2366 1251 2432 regis
1273 2365 1413 2419 senis
1441 2373 1496 2418 et
1523 2365 1703 2429 stulti,
1733 2365 1785 2419 id
1810 2374 1893 2420 est
1919 2364 2136 2430 diaboli,
2178 2380 2274 2419 na-

702 2467 787 2514 tus
813 2467 894 2514 est
934 2472 1066 2528 puer
1091 2457 1345 2527 optimus,
1374 2453 1630 2511 Dominus
1653 2455 1906 2511 videlicet
1939 2454 2093 2510 Jesus
2119 2455 2271 2510 Chri-

701 2551 832 2615 stus,
863 2549 953 2618 qui
997 2546 1168 2602 factus
1196 2555 1277 2602 est
1322 2545 1436 2601 Rex
1479 2559 1666 2614 regum
1713 2553 1767 2600 et
1809 2544 2064 2600 Dominus
2101 2545 2273 2600 domi-

700 2640 962 2693 nantium.

731 2815 736 2820 _
768 2749 1036 2804 Vesanus.
1071 2747 1209 2815 Quid
1235 2754 1319 2802 est
1345 2747 1489 2817 quod
1516 2747 1627 2801 ait:
1660 2746 1868 2802 Custodi
1899 2746 2079 2817 pedem
2105 2753 2266 2810 tuum,

695 2839 988 2912 ingrediens
1031 2838 1237 2892 domum
1275 2837 1412 2892 Dei?
1438 2837 1685 2906 Nunquid
1713 2837 1782 2892 ab
1809 2835 2103 2892 oﬁ'ensione
2131 2837 2268 2906 lapi-

696 2931 820 2985 dum
849 2938 1028 2986 monet
1055 2929 1325 2986 custodire
1350 2928 1542 3000 pedem
1589 2929 1802 2998 quando
1831 2927 2157 2999 ingredimur
2174 2929 2270 2984 do-

694 3036 843 3077 mum
872 3022 987 3086 Dei,
1012 3021 1065 3076 id
1090 3029 1174 3076 est
1196 3021 1515 3077 ecclesiam?

762 3111 1038 3168 Summus.
1071 3111 1324 3178 Quamvis
1348 3125 1560 3182 semper
1584 3112 1810 3167 honeste
1843 3119 1900 3165 et
1925 3126 2047 3166 cum
2075 3111 2268 3166 timore

693 3215 756 3254 ec
783 3166 1315 3258 silentioide‘beamus
1335 3166 1542 3270 ingredi
1564 3166 1782 3258 domum
1810 3202 1928 3266 Dei,
1953 3209 2136 3256 tamen
2157 3217 2266 3258 non
2295 3187 2342 3252 C
2372 3166 2617 3270 cium???

691 3288 885 3360 pedem
911 3290 1152 3356 corporis
1180 3289 1339 3344 docet
1365 3292 1797 3358 custodiendum,
1811 3291 1906 3346 sed
1933 3293 2122 3360 pedem
2148 3293 2264 3346 ani-

690 3391 812 3446 mas,
842 3377 895 3432 id
938 3385 1020 3432 est
1062 3390 1300 3445 gressum
1347 3379 1565 3447 mentis,
1611 3387 1670 3434 ut
1716 3380 1772 3436 in
1818 3389 2108 3451 conspectu
2171 3382 2266 3436 Dei

687 3467 917 3522 mundas
942 3481 1131 3538 preces
1169 3466 1503 3526 etiandamus
1532 3487 1544 3522 :
1587 3478 1642 3524 et
1681 3478 1766 3526 est
1791 3485 2016 3539 sensus,
2051 3473 2264 3543 quando

687 3557 982 3628 ingrederis
1022 3558 1241 3622 domum
1281 3557 1379 3614 Dei
1409 3561 1691 3630 (videlicet
1716 3563 2021 3635 ecclesiam)
2051 3564 2263 3620 custodi

687 3647 880 3717 pedem
909 3656 1078 3712 tuum,
1107 3647 1159 3702 id
1187 3657 1269 3703 est
1290 3663 1532 3717 gressum
1563 3653 1757 3708 lentis
1782 3660 1907 3719 tuae,
1930 3669 1999 3710 ne
2025 3653 2263 3711 offendas

687 3737 740 3791 in
768 3737 923 3792 malis
949 3738 1384 3808 cogitationibus,
1432 3746 1490 3794 ut
1519 3743 1693 3799 oratio
1722 3751 1813 3799 tua
1840 3759 1974 3814 pura
2002 3743 2262 3816 dirigatur

685 3824 753 3881 ad
780 3823 968 3882 Deum.

754 3938 1022 3994 Vesanus.
1061 3939 1199 4007 Quid
1229 3949 1312 3997 est
1338 3943 1482 4011 quod
1506 3945 1582 3998 ait
1615 3963 1626 3996 :
1660 3944 1747 3998 Ne
1774 3946 1975 4000 dederis
2009 3965 2065 4002 os
2097 3957 2258 4018 tuum,

685 4035 741 4083 ut
762 4047 972 4100 peccare
1002 4033 1165 4101 facias
1194 4048 1401 4087 carnem
1441 4043 1582 4089 tuam
1627 4035 1824 4106 (Eccle.
1857 4038 1948 4106 v-)?
1976 4037 2257 4105 Quomodo

684 4123 776 4179 dat
803 4123 967 4180 homo
997 4140 1058 4179 os
1086 4141 1258 4192 suum,
1293 4135 1351 4179 ut
1378 4141 1603 4196 peccare
1631 4129 1792 4184 faciat
1813 4145 2032 4185 carnem
2061 4135 2258 4186 suam?

753 4213 1029 4269 SALONIUB.
1059 4214 1285 4280 Quando
1308 4217 1542 4285 loquitur
1568 4221 1835 4274 vanitates
1860 4229 1914 4274 et
1944 4220 2105 4274 verba
2131 4219 2254 4274 libi-

685 4301 869 4357 dinosa
898 4304 1090 4371 quibus
1115 4319 1240 4360 caro
1271 4307 1521 4362 incitetur
1549 4309 1614 4363 ad
1643 4309 1989 4377 peccandum.
2020 4307 2128 4365 Sed
2152 4310 2255 4367 iste

684 4399 766 4448 est
793 4394 1042 4462 proprius
1071 4395 1227 4463 hujus
1255 4396 1357 4450 loci
1385 4412 1572 4450 sensus
1617 4415 1629 4447 :
1665 4397 1750 4451 Ne
1787 4398 1988 4452 dederis
2027 4417 2086 4455 os
2110 4409 2251 4456 tuum

682 4491 735 4536 ut
761 4500 971 4552 peccare
1000 4487 1164 4552 facias
1189 4501 1396 4536 carnem
1423 4495 1591 4551 tuam;
1621 4487 1728 4542 hoc
1752 4496 1855 4558 est,
1878 4491 1986 4546 noli
2013 4507 2270 4563 querere.

682 4585 848 4624 venas
875 4569 1245 4623 excusationes
1271 4572 1464 4638 quibus
1489 4575 1582 4630 des
1612 4580 1946 4636 occasionem
1975 4541 2124 4639 mimi
2151 4541 2332 4641 tuaeD

682 4658 750 4712 ed
775 4658 1104 4726 peccandum
1128 4678 1139 4712 :
1166 4659 1269 4715 hoc
1295 4673 1394 4730 est,
1422 4667 1532 4720 noli
1561 4667 1774 4725 dicere:
1802 4671 1917 4726 Non
1941 4687 2040 4742 ego
2063 4689 2272 4744 pecco,

681 4750 777 4808 sed
801 4750 946 4820 quod
988 4752 1042 4806 in
1069 4767 1155 4808 me
1184 4753 1388 4810 habitat
1416 4769 1693 4826 peccatum
1718 4803 1736 4830 ,
1783 4763 1836 4817 id
1879 4772 1961 4819 est
1995 4763 2251 4834 fragilitas

681 4843 856 4900 car-nis
883 4858 1017 4899 mw
1035 4862 1048 4897 :
1066 4845 1192 4913 quia
1219 4847 1263 4900 si
1289 4845 1390 4902 hoc
1412 4843 1566 4919 dicis,
1596 4840 1876 4909 Dominum
1905 4837 2163 4926 provocas
2183 4861 2250 4915 ad

680 4932 846 4998 iram;
878 4934 1028 5000 quasi
1051 4934 1164 5002 ipse
1187 4936 1258 4990 sit
1283 4945 1472 4992 auctor
1497 4932 1714 4996 malitia:
1743 4951 1902 5013 atque
1930 4950 2155 5015 peccati.

747 5020 1016 5077 Vannius.
1045 5023 1184 5089 Quid
1212 5035 1295 5080 est
1317 5028 1460 5095 quod
1489 5030 1564 5083 ait
1601 5049 1612 5082 :
1645 5029 1827 5088 Omnis
1853 5035 1999 5091 labor
2029 5039 2247 5095 hominis

678 5111 732 5200 in
756 5126 844 5165 ore
861 5112 992 5181 ejus,
1016 5113 1108 5166 sed
1124 5116 1299 5168 anima
1317 5116 1454 5172 illius
1475 5136 1577 5174 non
1596 5123 1890 5192 implebitur
1915 5126 2110 5196 (Eccle.
2132 5131 2249 5200 v1)?

678 5198 958 5265 Quomodo
987 5211 1163 5271 potest
1209 5203 1358 5273 ﬁeri,
1397 5207 1456 5263 ut
1484 5211 1660 5267 omnia
1689 5227 1806 5282 qum
1833 5215 2040 5272 laborat
2081 5198 2244 5276 homo

678 5292 786 5344 sint
811 5294 864 5345 in
888 5309 983 5349 ore
1005 5296 1193 5351 illius?

743 5379 1022 5475 Summus.
1053 5381 1148 5441 Vir
1193 5389 1582 5451 ecclesiasticus
1606 5437 1622 5463 ,
1668 5399 1880 5466 sapiens
1923 5411 1977 5456 et
2013 5404 2202 5463 doctus
2224 5448 2242 5475 ,

677 5483 893 5525 omnem
922 5472 1159 5530 laborem
1177 5493 1330 5533 suum
1359 5481 1524 5537 habet
1550 5485 1604 5539 in
1632 5501 1728 5541 ore
1754 5503 1884 5557 suo;
1913 5495 2035 5562 quia
2062 5472 2237 5552 omnia

676 5561 874 5656 quain
905 5562 1192 5656 Scripturis
1234 5569 1402 5626 sacris
1427 5573 1582 5630 discit
1603 5615 1621 5645 ,
1669 5582 1904 5648 quotidie
1933 5561 2240 5656 meditatur,

676 5649 932 5720 pradicet
973 5665 1030 5711 et
1046 5655 1249 5728 docet,
1289 5671 1346 5718 et
1387 5663 1566 5722 anima
1611 5666 1752 5728 illius
1777 5688 1882 5730 non
1913 5649 2239 5753 implebitur,

2381 537 2462 604 gis
2490 552 2703 606 semper
2727 529 2934 594 discere
2954 539 3098 608 cupit
3125 549 3177 594 et
3205 539 3402 594 studet.
3941 585 3943 588 ι

2454 627 2720 683 VERANUS.
2749 625 2884 694 Quid
2912 636 2992 683 est
3014 629 3157 697 quod
3181 630 3257 684 ait
3283 649 3294 682 ε
3321 628 3506 684 Melius
3534 640 3609 685 est
3632 632 3804 686 videre
3825 635 3959 706 quod

2382 722 2558 790 cupias
2582 761 2596 785 ,
2639 737 2794 790 quam
2824 720 3115 774 desiderare
3152 722 3288 792 quod
3312 724 3512 776 nescias
3554 721 3741 794 (Ibid)
3764 725 3787 777 ?
3813 723 3958 791 Quo,

2381 810 2548 866 modo
2579 811 2722 883 videt
2741 811 2904 866 homo
2925 812 3069 882 quod
3090 797 3256 884 cupit,
3276 822 3372 868 aut
3395 815 3668 884 quomodo
3691 815 3960 873 desiderat

2381 899 2523 970 quod
2544 900 2752 955 nescit?

2449 989 2729 1056 SALONIUS.
2760 990 2852 1046 [lle
2879 993 2971 1061 qui
2997 991 3165 1047 oeulis
3193 993 3389 1048 mentis
3415 993 3673 1050 discernit
3695 996 3835 1052 inter
3860 998 3956 1053 bo-

2383 1098 2509 1137 num
2533 1094 2587 1138 et
2614 1085 2832 1151 malum,
2855 1085 3003 1140 videt
3021 1084 3165 1154 quod
3192 1086 3372 1155 cupiat
3395 1085 3596 1142 bonum
3625 1097 3680 1143 et
3708 1089 3850 1159 quod
3873 1105 3956 1146 re-

2380 1175 2568 1244 pudiet
2595 1174 2790 1228 malum
2837 1193 2848 1226 :
2883 1175 2975 1242 qui
3004 1182 3182 1229 autem
3212 1177 3454 1244 sequitur
3482 1177 3810 1233 voluntatem
3838 1166 3957 1233 cor-

2379 1263 2463 1318 'dis
2490 1265 2569 1317 sui
2599 1272 2654 1317 et
2681 1265 3163 1333 concupiscentias,
3195 1281 3337 1335 same
3366 1265 3630 1322 desiderat
3668 1268 3815 1336 quod
3858 1257 3953 1329 ne?

2383 1353 2502 1418 'scit,
2530 1355 2651 1424 quia
2677 1354 2794 1408 vult
2818 1355 3274 1426 comprehendere
3304 1357 3447 1425 quod
3474 1375 3580 1413 non
3610 1353 3805 1429 potest.

2378 1449 2380 1451 ’
2451 1441 2725 1500 νειιληυς.
2768 1445 2845 1500 De
2870 1459 2978 1514 quo
3008 1444 3136 1501 dicit
3159 1445 3415 1502 Salomon
3445 1467 3456 1499 :
3485 1445 3583 1512 Qui
3629 1451 3825 1520 futurus
3850 1445 3956 1515 “est,

2375 1532 2490 1602 jam
2532 1542 2763 1586 vocatum
2807 1543 2884 1589 est
2923 1551 3109 1590 nomen
3149 1535 3262 1605 ejus
3301 1545 3351 1591 et
3388 1537 3568 1603 scitur,
3609 1538 3751 1607 quod
3791 1533 3956 1619 homo

2383 1629 2449 1682 sit
2471 1631 2493 1681 ?

2451 1716 2729 1773 SALONIUS.
2764 1718 2839 1773 De
2878 1718 3106 1774 Domino
3134 1716 3258 1774 Jesu
3305 1719 3538 1789 Christo,
3578 1721 3730 1790 cujus
3757 1735 3954 1776 nomen

2312 1814 2356 1872 Β
2385 1817 2510 1862 ante
2536 1818 2784 1863 vocatum
2813 1817 2895 1863 est
2925 1810 2977 1862 in
3007 1809 3293 1880 Scripturis
3319 1813 3502 1877 sacris,
3542 1813 3665 1880 quia
3694 1812 3808 1882 ipse
3836 1827 3956 1865 car-

2381 1911 2504 1953 nem
2529 1898 2595 1952 de
2619 1897 2835 1966 Virgine
2863 1899 3166 1969 sumpserit,
3200 1907 3254 1954 et
3283 1901 3554 1969 cognitum
3577 1887 3658 1955 est
3681 1900 3957 1977 prophetis

2382 1991 2437 2044 et
2464 1988 2662 2042 sanctis
2691 1989 2807 2052 Dei,
2838 1989 2983 2058 quod
3009 2005 3168 2044 verus
3198 1993 3362 2046 homo
3391 1998 3508 2045 erat
3534 1991 3808 2046 venturus.

2451 2078 2719 2134 Vesanus.
2763 2078 2820 2133 Si
2851 2079 2954 2135 hoc
2981 2080 3047 2134 de
3075 2079 3303 2136 Domino
3330 2078 3452 2136 Iesu
3498 2079 3711 2158 Christo
3755 2081 3954 2138 dictum

2381 2179 2499 2237 est,
2540 2169 2667 2239 quid
2708 2179 2789 2226 est
2827 2171 2973 2240 quod
3015 2173 3260 2242 sequitur
3292 2191 3304 2226 :
3340 2169 3408 2226 Et
3429 2173 3543 2228 non
3571 2171 3733 2244 possit
3775 2173 3954 2230 contra

2381 2264 2641 2333 fortiorem
2672 2277 2726 2315 se
2763 2265 2816 2315 in
2848 2263 3046 2332 judicio
3077 2265 3422 2318 contendere?
3457 2264 3588 2337 Quis
3613 2276 3698 2321 est
3724 2267 3811 2322 ille
3838 2265 3953 2323 for-

2379 2353 2486 2408 tior
2543 2359 2729 2407 contra
2773 2367 2934 2422 quem
2973 2352 3231 2410 Dominus
3281 2352 3435 2410 Jesus
3474 2356 3803 2414 contendere
3843 2369 3952 2414 non

2379 2441 2550 2511 possit
2577 2441 2630 2494 in
2655 2441 2894 2510 judicio?
3547 2496 3549 2498 _

2445 2532 2725 2588 SALONIUS.
2760 2533 2900 2587 Deus
2927 2525 3106 2601 Pater,
3150 2534 3241 2604 qui
3270 2535 3460 2595 l'o'rtior
3490 2535 3594 2605 est,
3632 2537 3759 2606 quia
3784 2529 3952 2594 Filius

2376 2622 2668 2678 secundum
2694 2622 3084 2680 humanitatem
3113 2626 3287 2683 minor
3310 2637 3392 2683 est
3414 2619 3592 2686 Patre.
3640 2663 3649 2686 ς

2447 2710 2714 2768 Vsnmus.
2759 2712 2896 2779 Quid
2933 2723 3017 2770 est
3056 2710 3201 2786 quod
3231 2718 3306 2771 ait
3338 2735 3350 2771 :
3382 2717 3571 2776 Melior
3609 2731 3683 2775 est
3716 2721 3798 2775 ira

2375 2799 2571 2873 (Eccle.
2604 2805 2727 2873 vn);
2761 2819 2882 2860 cum
2908 2805 3049 2861 risus
3094 2807 3353 2864 naturalis
3380 2808 3481 2876 sit,
3511 2808 3589 2865 ira
3609 2825 3744 2868 vero
3767 2803 3838 2868 sit
3861 2805 3950 2868 vi-

2377 2895 2510 2949 tium
2524 2897 2546 2947 Ὺ
2910 2903 2912 2906 ’

2441 2983 2722 3041 διιοιγιυε.
2751 2975 2834 3040 ira
2857 3001 2965 3042 non
2987 2993 3201 3059 semper
3220 2999 3302 3046 est
3319 2989 3525 3058 vitium
3549 2991 3645 3048 sed
3663 2991 3950 3063 aliquando

2373 3084 2456 3132 est
2482 3077 2668 3143 virtus,
2693 3076 2905 3146 quando
2932 3077 3217 3134 irascimur
3240 3079 3394 3136 nobis
3414 3082 3543 3152 ipSis
3567 3081 3654 3138 vel
3676 3081 3794 3138 aliis
3821 3091 3953 3153 νειμ

2665 3185 2679 3220 :
2712 3167 2826 3223 lmc
2868 3181 2997 3236 ergo
3023 3169 3106 3224 ira
3129 3171 3326 3227 melior
3365 3178 3450 3227 est
3475 3168 3612 3238 rise,
3641 3173 3768 3242 quia
3804 3173 3947 3229 risus

2372 3256 2618 3312 dissolvit
2655 3265 2914 3326 mentem,
2946 3267 3003 3314 et
3027 3257 3214 3314 latitia
3251 3262 3542 3331 corrupit
3569 3262 3802 3318 hominis
3829 3264 3950 3317 eni-

2369 3363 2554 3413 mum;
2581 3349 2695 3403 haec
2721 3358 2907 3406 autem
2933 3351 3012 3406 ira
3038 3351 3260 3423 corrigit
3285 3361 3342 3408 et
3367 3352 3616 3409 claudat
3639 3361 3957 3424 peecstum.~

2424 3436 2708 3495 Varianae.
2743 3439 2880 3506 Quid
2915 3451 2999 3497 est
3035 3443 3178 3512 quod
3203 3445 3286 3498 ait
3321 3464 3334 3495 :
3365 3442 3642 3500 calumnia
3678 3435 3982 3512 cnlaudat,

2369 3532 2654 3601 sapientem
2695 3541 2743 3586 et
2781 3533 2951 3602 perdit
2987 3534 3142 3588 robur
3167 3536 3342 3590 cordis
3386 3536 3531 3592 illius
3573 3537 3796 3608 (Ibid)?

2367 3622 2513 3678 enin
2538 3637 2666 3677 vere
2693 3623 2908 3692 sapiens
2932 3631 3034 3690 est,
3060 3626 3202 3687 nulla
3223 3626 3470 3683 nubatur
3492 3627 3778 3694 calumnia,
3795 3615 3957 3682 nulla-

2365 3710 2620 3782 dcjicitur
2639 3711 2978 3769 adversitate.
3006 3718 3008 3720 '

2439 3801 2715 3858 SsLomus.
2739 3802 2964 3874 Sapiens
2982 3804 3038 3859 in
3055 3805 3161 3860 hoc
3181 3805 3304 3862 loco
3325 3819 3431 3861 non
3456 3806 3826 3875 intelligendus
3853 3814 3943 3861 est

2364 3890 2456 3946 ille
2487 3893 2581 3961 qui
2615 3893 2884 3962 perfech
2925 3903 2984 3949 et
3027 3903 3426 3952 consummatus
3451 3896 3507 3949 in
3530 3894 3792 3965 sapientia
3830 3899 3935 3962 est,

2362 3984 2462 4040 sed
2495 3986 2587 4053 qui
2611 3985 2721 4054 jam
2749 3987 2912 4055 coepit
2938 3987 3139 4042 habere
3163 3984 3502 4058 sapientiam,
3531 3995 3586 4041 et
3627 3989 3810 4047 tamen
3836 3986 3956 4042 ad-'

2360 4074 2468 4128 huc
2495 4087 2602 4127 non
2631 4083 2713 4128 est
2757 4073 3052 4144 perfecms.
3105 4077 3285 4131 Talem
3332 4077 3627 4146 sapientem
3669 4076 3954 4132 calumnia

2360 4163 2635 4218 hominum
2677 4165 2790 4219 sive
2818 4165 3115 4223 adversitas
3141 4167 3320 4236 aliqua
3367 4168 3527 4224 facile
3569 4169 3850 4224 conturbat
3875 4173 3935 4225 'et

2359 4251 2536 4320 perdit
2581 4252 2818 4321 vigorem
2865 4270 2928 4310 ac
2972 4245 3338 4312 fortitudinem
3379 4257 3572 4312 animae
3617 4257 3798 4324 illius,
3834 4259 3957 4328 qui.

2357 4341 2485 4396 dun
2512 4344 2776 4412 patienter
2803 4360 2913 4401 non
2956 4347 3183 4403 sustinet
3219 4347 3461 4416 adversa,
3497 4355 3727 4405 vexatur
3758 4349 3926 4420 impe-

2357 4430 2566 4488 tientia.
3953 4461 3956 4464 ·

2427 4523 2690 4580 νειωηιε.
2735 4525 2874 4592 Quid
2902 4536 3002 4595 est,
3043 4529 3183 4586 male
3209 4529 3390 4586 dicere
3411 4530 3540 4600 quia
3577 4531 3789 4600 priores
3811 4529 3930 4587 diu
3953 4573 3956 4577 -

2350 4615 2601 4672 meliores
2627 4616 2843 4673 fuerunt
2867 4632 3027 4687 quam
3051 4620 3140 4676 isti
3165 4621 3259 4690 qui
3274 4618 3446 4680 modo,
3463 4621 3630 4676 sunt?

2419 4705 2696 4782 Senonws.
2747 4706 2873 4763 ideo
2902 4709 3100 4764 malum
3127 4719 3210 4765 est
3252 4711 3358 4768 hoc
3397 4709 3581 4768 dicere
3599 4747 3617 4777 ,
3655 4710 3778 4781 quis
3803 4709 3927 4780 ipse
3957 4755 3962 4758 -

2349 4796 2426 4852 ait
2451 4813 2466 4850 :
2499 4796 2670 4851 Stulta
2697 4806 2771 4851 est
2800 4798 2918 4852 talis
2938 4799 3294 4872 interrogatio.

2423 4887 2691 4944 Vsusus.
2723 4888 2899 4957 Quare
2924 4891 3089 4948 stulta
3117 4893 3468 4962 interrogatio
3499 4902 3604 4960 est,
3629 4893 3678 4950 si
3701 4893 3821 4964 quis
3844 4892 3928 4948 di-

2355 4986 2442 5033 cat
2475 4996 2487 5030 :
2519 4977 2645 5043 Qua
2672 4995 2830 5034 causa
2857 4987 2930 5034 est
2971 4984 3092 5052 quia
3116 4983 3303 5053 priora
3323 4993 3554 5054 talpam
3577 4983 3793 5040 meliora
3821 4985 3929 5056 fite-

2353 5077 2474 5122 runt
2502 5085 2656 5140 quam
2683 5087 2817 5125 nunc
2840 5080 2961 5125 sunt
2990 5071 3222 5144 (Ibid.)7

2405 5159 2705 5236 _Su.omus.
2744 5160 2869 5218 Ideo
2909 5163 3072 5218 stulta
3113 5165 3461 5238 interrogatio
3485 5173 3592 5231 est,
3631 5168 3759 5237 quia
3788 5181 3928 5223 unus

2352 5246 2491 5304 Deus
2518 5250 2762 5306 conditor
2785 5259 2868 5307 est
2894 5255 3132 5311 omnium
3154 5263 3476 5328 temporum.
3499 5266 3928 5326 cunctamque
3965 5301 3968 5304 -

2348 5338 2576 5394 dierum.

2419 5427 2685 5518 VliRANUS.
2735 5430 2988 5498 Quamvis
3016 5437 3158 5492 enim
3180 5453 3320 5494 unus
3367 5440 3436 5495 sit
3461 5439 3646 5518 Deus,
3670 5439 3928 5496 conditor
3967 5487 3970 5489 λ

2349 5517 2584 5570 omnium
2616 5527 2913 5590 temporum
2946 5533 3371 5598 cunctarumque
3416 5528 3922 5603 dium-nunquid

2349 5621 2455 5660 non
2486 5603 2696 5664 fuerunt
2719 5617 2962 5683 tempora
2988 5613 3134 5672 bona
3153 5617 3402 5674 διε-ιιλῖ

2417 5695 2697 5758 Senoniae.
2734 5701 2871 5763 Vere
2889 5702 3140 5780 fuerunt,
3179 5709 3282 5773 sed
3813 5726 3926 5774 κ-
3963 5733 3966 5736 ‘
