  <div class='ocr_page' id='page_1' title='image "/cluster/home/n/w/nwhite01/storage/ocr_20150623/53/hvd.32044073505232/508.png"; bbox 0 0 4244 6254; ppageno 0'>
   <div class='ocr_carea' id='block_1_1' title="bbox 350 321 487 394">
    <p class='ocr_par' dir='ltr' id='par_1_1' title="bbox 350 321 487 394">
     <span class='ocr_line' id='line_1_1' title="bbox 350 321 487 394; baseline 0 -19"><span class='ocrx_word' id='word_1_1' title='bbox 350 321 487 394; x_wconf 75' lang='lat'><strong>1005</strong></span> 
     </span>
    </p>
   </div>
   <div class='ocr_carea' id='block_1_2' title="bbox 1258 309 2602 373">
    <p class='ocr_par' dir='ltr' id='par_1_2' title="bbox 1258 309 2602 373">
     <span class='ocr_line' id='line_1_2' title="bbox 1258 309 2602 373; baseline -0.004 0"><span class='ocrx_word' id='word_1_2' title='bbox 1258 317 1327 373; x_wconf 75' lang='lat' dir='ltr'><strong>IN</strong></span> <span class='ocrx_word' id='word_1_3' title='bbox 1361 312 1860 372; x_wconf 78' lang='lat' dir='ltr'><strong>ECCLESIASTEN</strong></span> <span class='ocrx_word' id='word_1_4' title='bbox 1897 309 2250 370; x_wconf 77' lang='lat' dir='ltr'><strong>EXPOSITIO</strong></span> <span class='ocrx_word' id='word_1_5' title='bbox 2287 312 2602 370; x_wconf 75' lang='lat' dir='ltr'><strong>MYSTICA.</strong></span> 
     </span>
    </p>
   </div>
   <div class='ocr_carea' id='block_1_3' title="bbox 3463 303 3596 366">
    <p class='ocr_par' dir='ltr' id='par_1_3' title="bbox 3463 303 3596 366">
     <span class='ocr_line' id='line_1_3' title="bbox 3463 303 3596 366; baseline 0.053 -9"><span class='ocrx_word' id='word_1_6' title='bbox 3463 303 3596 366; x_wconf 70' lang='lat'><strong>£006</strong></span> 
     </span>
    </p>
   </div>
   <div class='ocr_carea' id='block_1_4' title="bbox 344 397 3605 501">
    <p class='ocr_par' dir='ltr' id='par_1_4' title="bbox 344 397 3605 501">
     <span class='ocr_line' id='line_1_4' title="bbox 344 397 3605 501; baseline -0.001 -13"><span class='ocrx_word' id='word_1_7' title='bbox 344 429 428 488; x_wconf 86' lang='lat' dir='ltr'><strong>bis</strong></span> <span class='ocrx_word' id='word_1_8' title='bbox 459 441 698 501; x_wconf 89' lang='lat' dir='ltr'><strong>tempora</strong></span> <span class='ocrx_word' id='word_1_9' title='bbox 725 397 887 494; x_wconf 89' lang='lat' dir='ltr'><strong>bona,</strong></span> <span class='ocrx_word' id='word_1_10' title='bbox 916 429 1048 484; x_wconf 90' lang='lat' dir='ltr'><strong>vitia</strong></span> <span class='ocrx_word' id='word_1_11' title='bbox 1072 438 1126 485; x_wconf 89' lang='lat' dir='ltr'><strong>et</strong></span> <span class='ocrx_word' id='word_1_12' title='bbox 1152 439 1376 500; x_wconf 85' lang='lat' dir='ltr'><strong>peccata</strong></span> <span class='ocrx_word' id='word_1_13' title='bbox 1422 427 1625 483; x_wconf 87' lang='lat' dir='ltr'><strong>faciunt</strong></span> <span class='ocrx_word' id='word_1_14' title='bbox 1674 436 1916 496; x_wconf 89' lang='lat' dir='ltr'><strong>tempora</strong></span> <span class='ocrx_word' id='word_1_15' title='bbox 1943 426 1996 486; x_wconf 82' lang='lat' dir='ltr'><strong>A</strong></span> <span class='ocrx_word' id='word_1_16' title='bbox 2022 440 2277 482; x_wconf 82' lang='lat' dir='ltr'><strong>numerus</strong></span> <span class='ocrx_word' id='word_1_17' title='bbox 2300 425 2685 495; x_wconf 86' lang='lat' dir='ltr'><strong>adimpleatur,</strong></span> <span class='ocrx_word' id='word_1_18' title='bbox 2718 431 2773 480; x_wconf 84' lang='lat' dir='ltr'><strong>et</strong></span> <span class='ocrx_word' id='word_1_19' title='bbox 2800 424 3076 494; x_wconf 80' lang='lat' dir='ltr'><strong>perveniat</strong></span> <span class='ocrx_word' id='word_1_20' title='bbox 3094 425 3162 483; x_wconf 78' lang='lat' dir='ltr'><strong>ad</strong></span> <span class='ocrx_word' id='word_1_21' title='bbox 3180 427 3478 498; x_wconf 76' lang='lat' dir='ltr'><strong>perfectum</strong></span> <span class='ocrx_word' id='word_1_22' title='bbox 3502 444 3605 485; x_wconf 77' lang='lat' dir='ltr'><strong>nu-</strong></span> 
     </span>
    </p>
   </div>
   <div class='ocr_carea' id='block_1_5' title="bbox 347 516 1917 590">
    <p class='ocr_par' dir='ltr' id='par_1_5' title="bbox 347 516 1917 590">
     <span class='ocr_line' id='line_1_5' title="bbox 347 516 1917 590; baseline -0.006 -11"><span class='ocrx_word' id='word_1_23' title='bbox 347 523 507 588; x_wconf 89' lang='lat' dir='ltr'><strong>mala,</strong></span> <span class='ocrx_word' id='word_1_24' title='bbox 533 530 587 577; x_wconf 92' lang='lat' dir='ltr'><strong>et</strong></span> <span class='ocrx_word' id='word_1_25' title='bbox 613 521 816 577; x_wconf 91' lang='lat' dir='ltr'><strong>idcirco</strong></span> <span class='ocrx_word' id='word_1_26' title='bbox 843 536 941 575; x_wconf 88' lang='lat' dir='ltr'><strong>nos</strong></span> <span class='ocrx_word' id='word_1_27' title='bbox 967 521 1039 574; x_wconf 88' lang='lat' dir='ltr'><strong>ita</strong></span> <span class='ocrx_word' id='word_1_28' title='bbox 1056 535 1271 590; x_wconf 85' lang='lat' dir='ltr'><strong>semper</strong></span> <span class='ocrx_word' id='word_1_29' title='bbox 1293 519 1430 573; x_wconf 88' lang='lat' dir='ltr'><strong>bene</strong></span> <span class='ocrx_word' id='word_1_30' title='bbox 1442 520 1625 573; x_wconf 83' lang='lat' dir='ltr'><strong>vivere</strong></span> <span class='ocrx_word' id='word_1_31' title='bbox 1639 516 1917 578; x_wconf 84' lang='lat' dir='ltr'><strong>debemus,</strong></span> 
     </span>
    </p>
   </div>
   <div class='ocr_carea' id='block_1_6' title="bbox 347 609 1918 685">
    <p class='ocr_par' dir='ltr' id='par_1_6' title="bbox 347 609 1918 685">
     <span class='ocr_line' id='line_1_6' title="bbox 347 609 1918 685; baseline -0.007 -15"><span class='ocrx_word' id='word_1_32' title='bbox 347 625 407 671; x_wconf 91' lang='lat' dir='ltr'><strong>ut</strong></span> <span class='ocrx_word' id='word_1_33' title='bbox 436 614 551 670; x_wconf 92' lang='lat' dir='ltr'><strong>dies</strong></span> <span class='ocrx_word' id='word_1_34' title='bbox 589 617 878 685; x_wconf 79' lang='lat' dir='ltr'><strong>praesentes</strong></span> <span class='ocrx_word' id='word_1_35' title='bbox 928 612 1078 666; x_wconf 89' lang='lat' dir='ltr'><strong>nobis</strong></span> <span class='ocrx_word' id='word_1_36' title='bbox 1132 611 1383 678; x_wconf 84' lang='lat' dir='ltr'><strong>meliores</strong></span> <span class='ocrx_word' id='word_1_37' title='bbox 1430 609 1539 664; x_wconf 91' lang='lat' dir='ltr'><strong>sint</strong></span> <span class='ocrx_word' id='word_1_38' title='bbox 1580 622 1741 676; x_wconf 90' lang='lat' dir='ltr'><strong>quam</strong></span> <span class='ocrx_word' id='word_1_39' title='bbox 1784 620 1918 675; x_wconf 76' lang='lat' dir='ltr'><strong>prte-</strong></span> 
     </span>
    </p>
   </div>
   <div class='ocr_carea' id='block_1_7' title="bbox 347 703 1087 762">
    <p class='ocr_par' dir='ltr' id='par_1_7' title="bbox 347 703 1087 762">
     <span class='ocr_line' id='line_1_7' title="bbox 347 703 1087 762; baseline -0.014 0"><span class='ocrx_word' id='word_1_40' title='bbox 347 707 513 762; x_wconf 88' lang='lat' dir='ltr'><strong>teriti.</strong></span> <span class='ocrx_word' id='word_1_41' title='bbox 1080 703 1087 710; x_wconf 85' lang='grc'><strong>’</strong></span> 
     </span>
    </p>
   </div>
   <div class='ocr_carea' id='block_1_8' title="bbox 418 787 1922 863">
    <p class='ocr_par' dir='ltr' id='par_1_8' title="bbox 418 787 1922 863">
     <span class='ocr_line' id='line_1_8' title="bbox 418 787 1922 863; baseline -0.007 -11"><span class='ocrx_word' id='word_1_42' title='bbox 418 797 685 852; x_wconf 66' lang='lat' dir='ltr'><strong>Vesanus.</strong></span> <span class='ocrx_word' id='word_1_43' title='bbox 716 794 851 863; x_wconf 83' lang='lat' dir='ltr'>Quid</span> <span class='ocrx_word' id='word_1_44' title='bbox 875 801 957 850; x_wconf 89' lang='lat' dir='ltr'><strong>est</strong></span> <span class='ocrx_word' id='word_1_45' title='bbox 991 793 1133 863; x_wconf 92' lang='lat' dir='ltr'><strong>quod</strong></span> <span class='ocrx_word' id='word_1_46' title='bbox 1183 795 1258 846; x_wconf 90' lang='lat' dir='ltr'><strong>ait</strong></span> <span class='ocrx_word' id='word_1_47' title='bbox 1311 790 1596 855; x_wconf 89' lang='lat' dir='ltr'><strong>Salomon,</strong></span> <span class='ocrx_word' id='word_1_48' title='bbox 1633 787 1763 843; x_wconf 88' lang='lat' dir='ltr'><strong>Noli</strong></span> <span class='ocrx_word' id='word_1_49' title='bbox 1811 805 1922 842; x_wconf 82' lang='lat' dir='ltr'><strong>esse</strong></span> 
     </span>
    </p>
   </div>
   <div class='ocr_carea' id='block_1_9' title="bbox 342 874 1922 960">
    <p class='ocr_par' dir='ltr' id='par_1_9' title="bbox 342 874 1922 960">
     <span class='ocr_line' id='line_1_9' title="bbox 342 874 1922 960; baseline -0.008 -17"><span class='ocrx_word' id='word_1_50' title='bbox 342 891 515 960; x_wconf 78' lang='lat' dir='ltr'><strong>justus</strong></span> <span class='ocrx_word' id='word_1_51' title='bbox 535 889 779 951; x_wconf 75' lang='lat' dir='ltr'><strong>multant,</strong></span> <span class='ocrx_word' id='word_1_52' title='bbox 803 902 959 955; x_wconf 86' lang='lat' dir='ltr'><strong>neque</strong></span> <span class='ocrx_word' id='word_1_53' title='bbox 987 885 1099 954; x_wconf 81' lang='lat' dir='ltr'><strong>plus</strong></span> <span class='ocrx_word' id='word_1_54' title='bbox 1147 884 1322 954; x_wconf 83' lang='lat' dir='ltr'><strong>sapias</strong></span> <span class='ocrx_word' id='word_1_55' title='bbox 1375 874 1527 954; x_wconf 58' lang='lat' dir='ltr'><strong>Quam</strong></span> <span class='ocrx_word' id='word_1_56' title='bbox 1583 895 1792 934; x_wconf 83' lang='lat' dir='ltr'><strong>necesse</strong></span> <span class='ocrx_word' id='word_1_57' title='bbox 1845 886 1922 932; x_wconf 82' lang='lat' dir='ltr'><strong>est</strong></span> 
     </span>
    </p>
   </div>
   <div class='ocr_carea' id='block_1_10' title="bbox 353 969 1922 1053">
    <p class='ocr_par' dir='ltr' id='par_1_10' title="bbox 353 969 1922 1053">
     <span class='ocr_line' id='line_1_10' title="bbox 353 969 1922 1053; baseline -0.008 -18"><span class='ocrx_word' id='word_1_58' title='bbox 353 979 560 1053; x_wconf 86' lang='lat' dir='ltr'><strong>(Eccle.</strong></span> <span class='ocrx_word' id='word_1_59' title='bbox 591 979 730 1050; x_wconf 85' lang='lat' dir='ltr'><strong>vn)?</strong></span> <span class='ocrx_word' id='word_1_60' title='bbox 758 977 893 1043; x_wconf 87' lang='lat' dir='ltr'><strong>Quid</strong></span> <span class='ocrx_word' id='word_1_61' title='bbox 917 977 1059 1031; x_wconf 89' lang='lat' dir='ltr'><strong>enim</strong></span> <span class='ocrx_word' id='word_1_62' title='bbox 1083 974 1208 1029; x_wconf 90' lang='lat' dir='ltr'><strong>mali</strong></span> <span class='ocrx_word' id='word_1_63' title='bbox 1234 982 1316 1029; x_wconf 91' lang='lat' dir='ltr'><strong>est</strong></span> <span class='ocrx_word' id='word_1_64' title='bbox 1340 973 1383 1027; x_wconf 92' lang='lat' dir='ltr'><strong>si</strong></span> <span class='ocrx_word' id='word_1_65' title='bbox 1411 973 1574 1027; x_wconf 90' lang='lat' dir='ltr'><strong>homo</strong></span> <span class='ocrx_word' id='word_1_66' title='bbox 1594 972 1664 1026; x_wconf 91' lang='lat' dir='ltr'><strong>sit</strong></span> <span class='ocrx_word' id='word_1_67' title='bbox 1697 969 1922 1024; x_wconf 88' lang='lat' dir='ltr'><strong>multum</strong></span> 
     </span>
    </p>
   </div>
   <div class='ocr_carea' id='block_1_11' title="bbox 345 1060 1923 1141">
    <p class='ocr_par' dir='ltr' id='par_1_11' title="bbox 345 1060 1923 1141">
     <span class='ocr_line' id='line_1_11' title="bbox 345 1060 1923 1141; baseline -0.008 -15"><span class='ocrx_word' id='word_1_68' title='bbox 345 1069 542 1141; x_wconf 89' lang='lat' dir='ltr'><strong>justus,</strong></span> <span class='ocrx_word' id='word_1_69' title='bbox 571 1078 662 1126; x_wconf 90' lang='lat' dir='ltr'><strong>aut</strong></span> <span class='ocrx_word' id='word_1_70' title='bbox 682 1069 800 1137; x_wconf 90' lang='lat' dir='ltr'><strong>quis</strong></span> <span class='ocrx_word' id='word_1_71' title='bbox 827 1074 1008 1136; x_wconf 81' lang='lat' dir='ltr'><strong>potest</strong></span> <span class='ocrx_word' id='word_1_72' title='bbox 1035 1066 1153 1136; x_wconf 86' lang='lat' dir='ltr'><strong>plus</strong></span> <span class='ocrx_word' id='word_1_73' title='bbox 1175 1078 1365 1134; x_wconf 86' lang='lat' dir='ltr'><strong>sapere</strong></span> <span class='ocrx_word' id='word_1_74' title='bbox 1385 1077 1545 1131; x_wconf 89' lang='lat' dir='ltr'><strong>quam</strong></span> <span class='ocrx_word' id='word_1_75' title='bbox 1573 1075 1790 1116; x_wconf 89' lang='lat' dir='ltr'><strong>necesse</strong></span> <span class='ocrx_word' id='word_1_76' title='bbox 1819 1060 1923 1119; x_wconf 91' lang='lat' dir='ltr'><strong>sit?</strong></span> 
     </span>
    </p>
   </div>
   <div class='ocr_carea' id='block_1_12' title="bbox 420 1146 1923 1220">
    <p class='ocr_par' dir='ltr' id='par_1_12' title="bbox 420 1146 1923 1220">
     <span class='ocr_line' id='line_1_12' title="bbox 420 1146 1923 1220; baseline -0.009 -6"><span class='ocrx_word' id='word_1_77' title='bbox 420 1159 698 1214; x_wconf 78' lang='lat' dir='ltr'><strong>SaLomus.</strong></span> <span class='ocrx_word' id='word_1_78' title='bbox 731 1157 826 1212; x_wconf 91' lang='lat' dir='ltr'><strong>llle</strong></span> <span class='ocrx_word' id='word_1_79' title='bbox 853 1156 1077 1210; x_wconf 71' lang='lat' dir='ltr'><strong>miltum</strong></span> <span class='ocrx_word' id='word_1_80' title='bbox 1132 1162 1186 1208; x_wconf 92' lang='lat' dir='ltr'><strong>et</strong></span> <span class='ocrx_word' id='word_1_81' title='bbox 1241 1151 1397 1207; x_wconf 90' lang='lat' dir='ltr'><strong>nimis</strong></span> <span class='ocrx_word' id='word_1_82' title='bbox 1436 1151 1613 1220; x_wconf 88' lang='lat' dir='ltr'><strong>justus</strong></span> <span class='ocrx_word' id='word_1_83' title='bbox 1641 1156 1743 1217; x_wconf 87' lang='lat' dir='ltr'><strong>est,</strong></span> <span class='ocrx_word' id='word_1_84' title='bbox 1773 1146 1923 1216; x_wconf 86' lang='lat' dir='ltr'><strong>cujus</strong></span> 
     </span>
    </p>
   </div>
   <div class='ocr_carea' id='block_1_13' title="bbox 346 1239 1922 1320">
    <p class='ocr_par' dir='ltr' id='par_1_13' title="bbox 346 1239 1922 1320">
     <span class='ocr_line' id='line_1_13' title="bbox 346 1239 1922 1320; baseline -0.008 -15"><span class='ocrx_word' id='word_1_85' title='bbox 346 1249 549 1320; x_wconf 83' lang='lat' dir='ltr'><strong>justitia</strong></span> <span class='ocrx_word' id='word_1_86' title='bbox 578 1263 717 1304; x_wconf 78' lang='lat' dir='ltr'><strong>saeva</strong></span> <span class='ocrx_word' id='word_1_87' title='bbox 745 1255 800 1301; x_wconf 91' lang='lat' dir='ltr'><strong>et</strong></span> <span class='ocrx_word' id='word_1_88' title='bbox 824 1244 1056 1302; x_wconf 80' lang='lat' dir='ltr'><strong>crudelis</strong></span> <span class='ocrx_word' id='word_1_89' title='bbox 1081 1287 1095 1312; x_wconf 95' lang='lat'><strong>,</strong></span> <span class='ocrx_word' id='word_1_90' title='bbox 1125 1245 1286 1298; x_wconf 86' lang='lat' dir='ltr'><strong>etiam</strong></span> <span class='ocrx_word' id='word_1_91' title='bbox 1315 1241 1447 1297; x_wconf 92' lang='lat' dir='ltr'><strong>alios</strong></span> <span class='ocrx_word' id='word_1_92' title='bbox 1475 1239 1672 1320; x_wconf 79' lang='lat' dir='ltr'><strong>excitat</strong></span> <span class='ocrx_word' id='word_1_93' title='bbox 1696 1239 1761 1294; x_wconf 89' lang='lat' dir='ltr'><strong>ad</strong></span> <span class='ocrx_word' id='word_1_94' title='bbox 1788 1253 1922 1308; x_wconf 92' lang='lat' dir='ltr'><strong>que-</strong></span> 
     </span>
    </p>
   </div>
   <div class='ocr_carea' id='block_1_14' title="bbox 349 1316 1922 1402">
    <p class='ocr_par' dir='ltr' id='par_1_14' title="bbox 349 1316 1922 1402">
     <span class='ocr_line' id='line_1_14' title="bbox 349 1316 1922 1402; baseline -0.009 -7"><span class='ocrx_word' id='word_1_95' title='bbox 349 1316 516 1395; x_wconf 77' lang='lat' dir='ltr'><strong>relam</strong></span> <span class='ocrx_word' id='word_1_96' title='bbox 564 1348 618 1395; x_wconf 92' lang='lat' dir='ltr'><strong>et</strong></span> <span class='ocrx_word' id='word_1_97' title='bbox 665 1335 1161 1402; x_wconf 78' lang='lat' dir='ltr'><strong>murmurationem,</strong></span> <span class='ocrx_word' id='word_1_98' title='bbox 1191 1334 1341 1388; x_wconf 82' lang='lat' dir='ltr'><strong>verbi</strong></span> <span class='ocrx_word' id='word_1_99' title='bbox 1395 1331 1565 1401; x_wconf 86' lang='lat' dir='ltr'><strong>gratia</strong></span> <span class='ocrx_word' id='word_1_100' title='bbox 1599 1316 1725 1400; x_wconf 58' lang='lat' dir='ltr'><strong>{qui</strong></span> <span class='ocrx_word' id='word_1_101' title='bbox 1778 1329 1922 1383; x_wconf 90' lang='lat' dir='ltr'><strong>videt</strong></span> 
     </span>
    </p>
   </div>
   <div class='ocr_carea' id='block_1_15' title="bbox 349 1417 1921 1498">
    <p class='ocr_par' dir='ltr' id='par_1_15' title="bbox 349 1417 1921 1498">
     <span class='ocr_line' id='line_1_15' title="bbox 349 1417 1921 1498; baseline -0.008 -11"><span class='ocrx_word' id='word_1_102' title='bbox 349 1423 567 1487; x_wconf 74' lang='lat' dir='ltr'><strong>fratrem</strong></span> <span class='ocrx_word' id='word_1_103' title='bbox 589 1445 742 1485; x_wconf 92' lang='lat' dir='ltr'><strong>suum</strong></span> <span class='ocrx_word' id='word_1_104' title='bbox 781 1433 1032 1498; x_wconf 83' lang='lat' dir='ltr'><strong>peccare,</strong></span> <span class='ocrx_word' id='word_1_105' title='bbox 1066 1431 1121 1479; x_wconf 93' lang='lat' dir='ltr'><strong>et</strong></span> <span class='ocrx_word' id='word_1_106' title='bbox 1147 1423 1319 1492; x_wconf 86' lang='lat' dir='ltr'><strong>magis</strong></span> <span class='ocrx_word' id='word_1_107' title='bbox 1341 1422 1455 1477; x_wconf 89' lang='lat' dir='ltr'><strong>vult</strong></span> <span class='ocrx_word' id='word_1_108' title='bbox 1502 1436 1624 1476; x_wconf 92' lang='lat' dir='ltr'><strong>eum</strong></span> <span class='ocrx_word' id='word_1_109' title='bbox 1665 1417 1921 1475; x_wconf 88' lang='lat' dir='ltr'><strong>condem-</strong></span> 
     </span>
    </p>
   </div>
   <div class='ocr_carea' id='block_1_16' title="bbox 347 1511 1924 1591">
    <p class='ocr_par' dir='ltr' id='par_1_16' title="bbox 347 1511 1924 1591">
     <span class='ocr_line' id='line_1_16' title="bbox 347 1511 1924 1591; baseline -0.01 -13"><span class='ocrx_word' id='word_1_110' title='bbox 347 1537 479 1578; x_wconf 88' lang='lat' dir='ltr'><strong>nare</strong></span> <span class='ocrx_word' id='word_1_111' title='bbox 505 1531 664 1590; x_wconf 90' lang='lat' dir='ltr'><strong>atque</strong></span> <span class='ocrx_word' id='word_1_112' title='bbox 709 1519 900 1591; x_wconf 86' lang='lat' dir='ltr'><strong>punire</strong></span> <span class='ocrx_word' id='word_1_113' title='bbox 946 1532 1106 1588; x_wconf 89' lang='lat' dir='ltr'><strong>quam</strong></span> <span class='ocrx_word' id='word_1_114' title='bbox 1132 1531 1230 1587; x_wconf 91' lang='lat' dir='ltr'><strong>per</strong></span> <span class='ocrx_word' id='word_1_115' title='bbox 1252 1513 1624 1585; x_wconf 63' lang='lat' dir='ltr'><strong>paenitentiam</strong></span> <span class='ocrx_word' id='word_1_116' title='bbox 1652 1511 1924 1579; x_wconf 77' lang='lat' dir='ltr'><strong>corrigere</strong></span> 
     </span>
    </p>
   </div>
   <div class='ocr_carea' id='block_1_17' title="bbox 347 1601 1923 1678">
    <p class='ocr_par' dir='ltr' id='par_1_17' title="bbox 347 1601 1923 1678">
     <span class='ocr_line' id='line_1_17' title="bbox 347 1601 1923 1678; baseline -0.011 -8"><span class='ocrx_word' id='word_1_117' title='bbox 347 1621 406 1670; x_wconf 80' lang='lat' dir='ltr'><strong>‘et</strong></span> <span class='ocrx_word' id='word_1_118' title='bbox 457 1611 749 1668; x_wconf 89' lang='lat' dir='ltr'><strong>emendare</strong></span> <span class='ocrx_word' id='word_1_119' title='bbox 775 1651 790 1678; x_wconf 92' lang='lat'><strong>,</strong></span> <span class='ocrx_word' id='word_1_120' title='bbox 834 1609 925 1665; x_wconf 90' lang='lat' dir='ltr'><strong>ille</strong></span> <span class='ocrx_word' id='word_1_121' title='bbox 977 1609 1228 1664; x_wconf 88' lang='lat' dir='ltr'><strong>nimirum</strong></span> <span class='ocrx_word' id='word_1_122' title='bbox 1266 1606 1493 1662; x_wconf 89' lang='lat' dir='ltr'><strong>multum</strong></span> <span class='ocrx_word' id='word_1_123' title='bbox 1539 1612 1595 1658; x_wconf 91' lang='lat' dir='ltr'><strong>et</strong></span> <span class='ocrx_word' id='word_1_124' title='bbox 1639 1601 1795 1656; x_wconf 91' lang='lat' dir='ltr'><strong>nimis</strong></span> <span class='ocrx_word' id='word_1_125' title='bbox 1843 1608 1923 1655; x_wconf 90' lang='lat' dir='ltr'><strong>est</strong></span> 
     </span>
    </p>
   </div>
   <div class='ocr_carea' id='block_1_18' title="bbox 349 1705 538 1776">
    <p class='ocr_par' dir='ltr' id='par_1_18' title="bbox 349 1705 538 1776">
     <span class='ocr_line' id='line_1_18' title="bbox 349 1705 538 1776; baseline -0.021 -16"><span class='ocrx_word' id='word_1_126' title='bbox 349 1705 538 1776; x_wconf 89' lang='lat' dir='ltr'><strong>justus.</strong></span> 
     </span>
    </p>
   </div>
   <div class='ocr_carea' id='block_1_19' title="bbox 2022 518 2746 580">
    <p class='ocr_par' dir='ltr' id='par_1_19' title="bbox 2022 518 2746 580">
     <span class='ocr_line' id='line_1_19' title="bbox 2022 518 2746 580; baseline -0.004 -8"><span class='ocrx_word' id='word_1_127' title='bbox 2022 533 2248 580; x_wconf 88' lang='lat' dir='ltr'><strong>merum,</strong></span> <span class='ocrx_word' id='word_1_128' title='bbox 2276 518 2327 572; x_wconf 87' lang='lat' dir='ltr'><strong>id</strong></span> <span class='ocrx_word' id='word_1_129' title='bbox 2348 525 2429 572; x_wconf 90' lang='lat' dir='ltr'><strong>est</strong></span> <span class='ocrx_word' id='word_1_130' title='bbox 2451 518 2746 572; x_wconf 86' lang='lat' dir='ltr'><strong>denarium.</strong></span> 
     </span>
    </p>
   </div>
   <div class='ocr_carea' id='block_1_20' title="bbox 2099 601 3602 678">
    <p class='ocr_par' dir='ltr' id='par_1_20' title="bbox 2099 601 3602 678">
     <span class='ocr_line' id='line_1_20' title="bbox 2099 601 3602 678; baseline 0.006 -16"><span class='ocrx_word' id='word_1_131' title='bbox 2099 608 2361 663; x_wconf 70' lang='lat' dir='ltr'><strong>Vesanus.</strong></span> <span class='ocrx_word' id='word_1_132' title='bbox 2415 608 2696 674; x_wconf 84' lang='lat' dir='ltr'><strong>Quomodo</strong></span> <span class='ocrx_word' id='word_1_133' title='bbox 2730 620 2858 675; x_wconf 84' lang='lat' dir='ltr'><strong>ergo</strong></span> <span class='ocrx_word' id='word_1_134' title='bbox 2898 609 3160 678; x_wconf 80' lang='lat' dir='ltr'><strong>sapientia</strong></span> <span class='ocrx_word' id='word_1_135' title='bbox 3203 601 3473 669; x_wconf 73' lang='lat' dir='ltr'><strong>cenfortat</strong></span> <span class='ocrx_word' id='word_1_136' title='bbox 3514 630 3602 671; x_wconf 84' lang='lat' dir='ltr'><strong>sa-</strong></span> 
     </span>
    </p>
   </div>
   <div class='ocr_carea' id='block_1_21' title="bbox 2023 699 3537 771">
    <p class='ocr_par' dir='ltr' id='par_1_21' title="bbox 2023 699 3537 771">
     <span class='ocr_line' id='line_1_21' title="bbox 2023 699 3537 771; baseline 0 -16"><span class='ocrx_word' id='word_1_137' title='bbox 2023 702 2259 771; x_wconf 89' lang='lat' dir='ltr'><strong>pientem</strong></span> <span class='ocrx_word' id='word_1_138' title='bbox 2278 715 2438 769; x_wconf 86' lang='lat' dir='ltr'><strong>super</strong></span> <span class='ocrx_word' id='word_1_139' title='bbox 2463 699 2647 754; x_wconf 88' lang='lat' dir='ltr'><strong>decem</strong></span> <span class='ocrx_word' id='word_1_140' title='bbox 2675 700 2942 770; x_wconf 85' lang='lat' dir='ltr'><strong>principes</strong></span> <span class='ocrx_word' id='word_1_141' title='bbox 2969 701 3234 756; x_wconf 76' lang='lat' dir='ltr'><strong>civitatis?</strong></span> <span class='ocrx_word' id='word_1_142' title='bbox 3477 743 3479 745; x_wconf 80' lang='lat'><strong>.</strong></span> <span class='ocrx_word' id='word_1_143' title='bbox 3533 717 3537 720; x_wconf 93' lang='grc'>·</span> 
     </span>
    </p>
   </div>
   <div class='ocr_carea' id='block_1_22' title="bbox 2093 789 3601 862">
    <p class='ocr_par' dir='ltr' id='par_1_22' title="bbox 2093 789 3601 862">
     <span class='ocr_line' id='line_1_22' title="bbox 2093 789 3601 862; baseline 0.002 -15"><span class='ocrx_word' id='word_1_144' title='bbox 2093 790 2373 847; x_wconf 70' lang='lat' dir='ltr'><strong>SALONIUS.</strong></span> <span class='ocrx_word' id='word_1_145' title='bbox 2399 789 2533 856; x_wconf 85' lang='lat' dir='ltr'><strong>Quia</strong></span> <span class='ocrx_word' id='word_1_146' title='bbox 2582 789 2754 858; x_wconf 84' lang='lat' dir='ltr'><strong>majus</strong></span> <span class='ocrx_word' id='word_1_147' title='bbox 2796 799 2879 845; x_wconf 90' lang='lat' dir='ltr'><strong>est</strong></span> <span class='ocrx_word' id='word_1_148' title='bbox 2907 791 3163 845; x_wconf 79' lang='lat' dir='ltr'><strong>auxilium</strong></span> <span class='ocrx_word' id='word_1_149' title='bbox 3212 792 3519 862; x_wconf 60' lang='lat' dir='ltr'><strong>sapientiai,</strong></span> <span class='ocrx_word' id='word_1_150' title='bbox 3548 795 3601 850; x_wconf 90' lang='lat' dir='ltr'><strong>id</strong></span> 
     </span>
    </p>
   </div>
   <div class='ocr_carea' id='block_1_23' title="bbox 2022 877 3374 954">
    <p class='ocr_par' dir='ltr' id='par_1_23' title="bbox 2022 877 3374 954">
     <span class='ocr_line' id='line_1_23' title="bbox 2022 877 3374 954; baseline -0.001 -15"><span class='ocrx_word' id='word_1_151' title='bbox 2022 891 2107 939; x_wconf 89' lang='lat' dir='ltr'><strong>est</strong></span> <span class='ocrx_word' id='word_1_152' title='bbox 2132 884 2340 938; x_wconf 89' lang='lat' dir='ltr'><strong>Domini</strong></span> <span class='ocrx_word' id='word_1_153' title='bbox 2367 877 2494 938; x_wconf 81' lang='lat' dir='ltr'><strong>Jesu</strong></span> <span class='ocrx_word' id='word_1_154' title='bbox 2514 881 2731 949; x_wconf 81' lang='lat' dir='ltr'><strong>Christi,</strong></span> <span class='ocrx_word' id='word_1_155' title='bbox 2757 898 2919 951; x_wconf 91' lang='lat' dir='ltr'><strong>quam</strong></span> <span class='ocrx_word' id='word_1_156' title='bbox 2946 884 3018 938; x_wconf 89' lang='lat' dir='ltr'><strong>sit</strong></span> <span class='ocrx_word' id='word_1_157' title='bbox 3045 884 3374 954; x_wconf 71' lang='lat' dir='ltr'><strong>angelorum.</strong></span> 
     </span>
    </p>
   </div>
   <div class='ocr_carea' id='block_1_24' title="bbox 2097 973 3600 1050">
    <p class='ocr_par' dir='ltr' id='par_1_24' title="bbox 2097 973 3600 1050">
     <span class='ocr_line' id='line_1_24' title="bbox 2097 973 3600 1050; baseline 0.003 -20"><span class='ocrx_word' id='word_1_158' title='bbox 2097 973 2364 1030; x_wconf 75' lang='lat' dir='ltr'><strong>Vesanus.</strong></span> <span class='ocrx_word' id='word_1_159' title='bbox 2413 973 2552 1050; x_wconf 90' lang='lat' dir='ltr'><strong>Quid</strong></span> <span class='ocrx_word' id='word_1_160' title='bbox 2599 981 2682 1030; x_wconf 90' lang='lat' dir='ltr'><strong>est</strong></span> <span class='ocrx_word' id='word_1_161' title='bbox 2723 973 2868 1043; x_wconf 89' lang='lat' dir='ltr'><strong>quod</strong></span> <span class='ocrx_word' id='word_1_162' title='bbox 2909 973 3164 1030; x_wconf 87' lang='lat' dir='ltr'><strong>Salomon</strong></span> <span class='ocrx_word' id='word_1_163' title='bbox 3217 975 3383 1030; x_wconf 85' lang='lat' dir='ltr'><strong>dicit:</strong></span> <span class='ocrx_word' id='word_1_164' title='bbox 3423 975 3600 1034; x_wconf 74' lang='lat' dir='ltr'><strong>Virum</strong></span> 
     </span>
    </p>
   </div>
   <div class='ocr_carea' id='block_1_25' title="bbox 2022 1067 3602 1141">
    <p class='ocr_par' dir='ltr' id='par_1_25' title="bbox 2022 1067 3602 1141">
     <span class='ocr_line' id='line_1_25' title="bbox 2022 1067 3602 1141; baseline -0.001 -17"><span class='ocrx_word' id='word_1_165' title='bbox 2022 1086 2181 1124; x_wconf 85' lang='lat' dir='ltr'><strong>unum</strong></span> <span class='ocrx_word' id='word_1_166' title='bbox 2210 1069 2274 1123; x_wconf 85' lang='lat' dir='ltr'><strong>de</strong></span> <span class='ocrx_word' id='word_1_167' title='bbox 2296 1068 2438 1123; x_wconf 83' lang='lat' dir='ltr'><strong>mille</strong></span> <span class='ocrx_word' id='word_1_168' title='bbox 2461 1069 2628 1141; x_wconf 80' lang='lat' dir='ltr'><strong>reperi</strong></span> <span class='ocrx_word' id='word_1_169' title='bbox 2645 1106 2662 1131; x_wconf 85' lang='lat'><strong>,</strong></span> <span class='ocrx_word' id='word_1_170' title='bbox 2683 1069 2951 1124; x_wconf 79' lang='lat' dir='ltr'><strong>mulierem</strong></span> <span class='ocrx_word' id='word_1_171' title='bbox 2971 1076 3142 1124; x_wconf 84' lang='lat' dir='ltr'><strong>autem</strong></span> <span class='ocrx_word' id='word_1_172' title='bbox 3159 1083 3224 1124; x_wconf 78' lang='lat' dir='ltr'><strong>ea:</strong></span> <span class='ocrx_word' id='word_1_173' title='bbox 3243 1067 3478 1125; x_wconf 76' lang='lat' dir='ltr'><strong>omnibus</strong></span> <span class='ocrx_word' id='word_1_174' title='bbox 3497 1083 3602 1124; x_wconf 68' lang='lat' dir='ltr'><strong>non.</strong></span> 
     </span>
    </p>
   </div>
   <div class='ocr_carea' id='block_1_26' title="bbox 2021 1157 3594 1228">
    <p class='ocr_par' dir='ltr' id='par_1_26' title="bbox 2021 1157 3594 1228">
     <span class='ocr_line' id='line_1_26' title="bbox 2021 1157 3594 1228; baseline -0.001 -14"><span class='ocrx_word' id='word_1_175' title='bbox 2021 1160 2227 1214; x_wconf 78' lang='lat' dir='ltr'><strong>inveni?</strong></span> <span class='ocrx_word' id='word_1_176' title='bbox 2254 1157 2504 1228; x_wconf 87' lang='lat' dir='ltr'><strong>Nunquid</strong></span> <span class='ocrx_word' id='word_1_177' title='bbox 2526 1158 2707 1214; x_wconf 63' lang='lat' dir='ltr'><strong>multae</strong></span> <span class='ocrx_word' id='word_1_178' title='bbox 2730 1159 2981 1214; x_wconf 88' lang='lat' dir='ltr'><strong>mulieres</strong></span> <span class='ocrx_word' id='word_1_179' title='bbox 3007 1167 3207 1214; x_wconf 64' lang='lat' dir='ltr'><strong>sanctae</strong></span> <span class='ocrx_word' id='word_1_180' title='bbox 3233 1159 3466 1226; x_wconf 85' lang='lat' dir='ltr'><strong>fuerunt,</strong></span> <span class='ocrx_word' id='word_1_181' title='bbox 3494 1160 3594 1214; x_wconf 87' lang='lat' dir='ltr'><strong>vir-</strong></span> 
     </span>
    </p>
   </div>
   <div class='ocr_carea' id='block_1_27' title="bbox 2023 1248 3598 1319">
    <p class='ocr_par' dir='ltr' id='par_1_27' title="bbox 2023 1248 3598 1319">
     <span class='ocr_line' id='line_1_27' title="bbox 2023 1248 3598 1319; baseline 0.002 -15"><span class='ocrx_word' id='word_1_182' title='bbox 2023 1250 2176 1319; x_wconf 88' lang='lat' dir='ltr'><strong>gines</strong></span> <span class='ocrx_word' id='word_1_183' title='bbox 2202 1250 2363 1304; x_wconf 86' lang='lat' dir='ltr'><strong>simul</strong></span> <span class='ocrx_word' id='word_1_184' title='bbox 2409 1257 2464 1303; x_wconf 92' lang='lat' dir='ltr'><strong>et</strong></span> <span class='ocrx_word' id='word_1_185' title='bbox 2492 1248 2684 1313; x_wconf 81' lang='lat' dir='ltr'><strong>viduae,</strong></span> <span class='ocrx_word' id='word_1_186' title='bbox 2713 1263 2831 1317; x_wconf 71' lang='lat' dir='ltr'><strong>qum</strong></span> <span class='ocrx_word' id='word_1_187' title='bbox 2877 1249 3128 1318; x_wconf 85' lang='lat' dir='ltr'><strong>pudicitia</strong></span> <span class='ocrx_word' id='word_1_188' title='bbox 3158 1263 3220 1304; x_wconf 84' lang='lat' dir='ltr'><strong>ac</strong></span> <span class='ocrx_word' id='word_1_189' title='bbox 3247 1249 3513 1314; x_wconf 86' lang='lat' dir='ltr'><strong>castitate,</strong></span> <span class='ocrx_word' id='word_1_190' title='bbox 3537 1259 3598 1307; x_wconf 80' lang='lat' dir='ltr'><strong>ac</strong></span> 
     </span>
    </p>
   </div>
   <div class='ocr_carea' id='block_1_28' title="bbox 2023 1337 3595 1411">
    <p class='ocr_par' dir='ltr' id='par_1_28' title="bbox 2023 1337 3595 1411">
     <span class='ocr_line' id='line_1_28' title="bbox 2023 1337 3595 1411; baseline -0.001 -14"><span class='ocrx_word' id='word_1_191' title='bbox 2023 1341 2179 1397; x_wconf 89' lang='lat' dir='ltr'><strong>bonis</strong></span> <span class='ocrx_word' id='word_1_192' title='bbox 2204 1340 2456 1410; x_wconf 86' lang='lat' dir='ltr'><strong>operibus</strong></span> <span class='ocrx_word' id='word_1_193' title='bbox 2511 1339 2623 1396; x_wconf 78' lang='grc' dir='ltr'><strong>1)εο</strong></span> <span class='ocrx_word' id='word_1_194' title='bbox 2653 1341 2932 1410; x_wconf 86' lang='lat' dir='ltr'><strong>placuere,</strong></span> <span class='ocrx_word' id='word_1_195' title='bbox 2965 1355 3032 1395; x_wconf 77' lang='lat' dir='ltr'><strong>ex</strong></span> <span class='ocrx_word' id='word_1_196' title='bbox 3051 1337 3245 1410; x_wconf 88' lang='lat' dir='ltr'><strong>quibus</strong></span> <span class='ocrx_word' id='word_1_197' title='bbox 3271 1341 3512 1411; x_wconf 71' lang='lat' dir='ltr'><strong>plurima:</strong></span> <span class='ocrx_word' id='word_1_198' title='bbox 3537 1341 3595 1396; x_wconf 82' lang='lat' dir='ltr'><strong>il-</strong></span> 
     </span>
    </p>
   </div>
   <div class='ocr_carea' id='block_1_29' title="bbox 2024 1431 2961 1502">
    <p class='ocr_par' dir='ltr' id='par_1_29' title="bbox 2024 1431 2961 1502">
     <span class='ocr_line' id='line_1_29' title="bbox 2024 1431 2961 1502; baseline -0.002 -16"><span class='ocrx_word' id='word_1_199' title='bbox 2024 1431 2195 1486; x_wconf 91' lang='lat' dir='ltr'><strong>larum</strong></span> <span class='ocrx_word' id='word_1_200' title='bbox 2215 1431 2473 1502; x_wconf 82' lang='lat' dir='ltr'><strong>martyrio</strong></span> <span class='ocrx_word' id='word_1_201' title='bbox 2500 1437 2772 1486; x_wconf 67' lang='lat' dir='ltr'><strong>coronata:</strong></span> <span class='ocrx_word' id='word_1_202' title='bbox 2801 1433 2961 1486; x_wconf 83' lang='lat' dir='ltr'><strong>sunt?</strong></span> 
     </span>
    </p>
   </div>
   <div class='ocr_carea' id='block_1_30' title="bbox 2095 1518 3685 1587">
    <p class='ocr_par' dir='ltr' id='par_1_30' title="bbox 2095 1518 3685 1587">
     <span class='ocr_line' id='line_1_30' title="bbox 2095 1518 3685 1587; baseline -0.001 -13"><span class='ocrx_word' id='word_1_203' title='bbox 2095 1519 2370 1575; x_wconf 68' lang='lat' dir='ltr'><strong>Sauomus.</strong></span> <span class='ocrx_word' id='word_1_204' title='bbox 2402 1518 2545 1573; x_wconf 84' lang='lat' dir='ltr'><strong>Vere</strong></span> <span class='ocrx_word' id='word_1_205' title='bbox 2587 1519 2802 1572; x_wconf 80' lang='lat' dir='ltr'><strong>fuerunt</strong></span> <span class='ocrx_word' id='word_1_206' title='bbox 2831 1529 2886 1572; x_wconf 91' lang='lat' dir='ltr'><strong>et</strong></span> <span class='ocrx_word' id='word_1_207' title='bbox 2919 1533 3087 1586; x_wconf 89' lang='lat' dir='ltr'><strong>usque</strong></span> <span class='ocrx_word' id='word_1_208' title='bbox 3141 1535 3282 1574; x_wconf 90' lang='lat' dir='ltr'><strong>nunc</strong></span> <span class='ocrx_word' id='word_1_209' title='bbox 3313 1527 3441 1574; x_wconf 86' lang='lat' dir='ltr'><strong>sunt</strong></span> <span class='ocrx_word' id='word_1_210' title='bbox 3479 1519 3598 1587; x_wconf 52' lang='lat' dir='ltr'><strong>plu.</strong></span> <span class='ocrx_word' id='word_1_211' title='bbox 3675 1561 3685 1572; x_wconf 92' lang='lat'><strong>.</strong></span> 
     </span>
    </p>
   </div>
   <div class='ocr_carea' id='block_1_31' title="bbox 1997 1607 3598 1682">
    <p class='ocr_par' dir='ltr' id='par_1_31' title="bbox 1997 1607 3598 1682">
     <span class='ocr_line' id='line_1_31' title="bbox 1997 1607 3598 1682; baseline -0.001 -13"><span class='ocrx_word' id='word_1_212' title='bbox 1997 1615 2174 1669; x_wconf 80' lang='lat' dir='ltr'><strong>‘rimae</strong></span> <span class='ocrx_word' id='word_1_213' title='bbox 2195 1613 2428 1682; x_wconf 87' lang='lat' dir='ltr'><strong>virgines</strong></span> <span class='ocrx_word' id='word_1_214' title='bbox 2453 1607 2518 1666; x_wconf 84' lang='lat' dir='ltr'><strong>ac</strong></span> <span class='ocrx_word' id='word_1_215' title='bbox 2544 1610 2721 1665; x_wconf 84' lang='lat' dir='ltr'><strong>vidu</strong></span> <span class='ocrx_word' id='word_1_216' title='bbox 2761 1609 2874 1665; x_wconf 91' lang='lat' dir='ltr'><strong>Deo</strong></span> <span class='ocrx_word' id='word_1_217' title='bbox 2903 1620 3163 1679; x_wconf 83' lang='lat' dir='ltr'><strong>acceptae;</strong></span> <span class='ocrx_word' id='word_1_218' title='bbox 3193 1611 3287 1666; x_wconf 86' lang='lat' dir='ltr'><strong>sed</strong></span> <span class='ocrx_word' id='word_1_219' title='bbox 3328 1611 3434 1664; x_wconf 89' lang='lat' dir='ltr'><strong>hoc</strong></span> <span class='ocrx_word' id='word_1_220' title='bbox 3477 1609 3598 1667; x_wconf 88' lang='lat' dir='ltr'><strong>dicit</strong></span> 
     </span>
    </p>
   </div>
   <div class='ocr_carea' id='block_1_32' title="bbox 2025 1698 3603 1770">
    <p class='ocr_par' dir='ltr' id='par_1_32' title="bbox 2025 1698 3603 1770">
     <span class='ocr_line' id='line_1_32' title="bbox 2025 1698 3603 1770; baseline -0.001 -12"><span class='ocrx_word' id='word_1_221' title='bbox 2025 1701 2302 1768; x_wconf 89' lang='lat' dir='ltr'><strong>Salomon,</strong></span> <span class='ocrx_word' id='word_1_222' title='bbox 2330 1701 2456 1770; x_wconf 86' lang='lat' dir='ltr'><strong>quia</strong></span> <span class='ocrx_word' id='word_1_223' title='bbox 2476 1715 2577 1757; x_wconf 88' lang='lat' dir='ltr'><strong>suo</strong></span> <span class='ocrx_word' id='word_1_224' title='bbox 2600 1707 2843 1768; x_wconf 90' lang='lat' dir='ltr'><strong>tempore</strong></span> <span class='ocrx_word' id='word_1_225' title='bbox 2871 1698 2942 1753; x_wconf 91' lang='lat' dir='ltr'><strong>de</strong></span> <span class='ocrx_word' id='word_1_226' title='bbox 2965 1700 3145 1752; x_wconf 87' lang='lat' dir='ltr'><strong>multis</strong></span> <span class='ocrx_word' id='word_1_227' title='bbox 3159 1699 3285 1753; x_wconf 87' lang='lat' dir='ltr'><strong>viris</strong></span> <span class='ocrx_word' id='word_1_228' title='bbox 3311 1699 3402 1752; x_wconf 77' lang='lat' dir='ltr'><strong>vix</strong></span> <span class='ocrx_word' id='word_1_229' title='bbox 3429 1700 3603 1762; x_wconf 79' lang='lat' dir='ltr'><strong>potuit</strong></span> 
     </span>
    </p>
   </div>
   <div class='ocr_carea' id='block_1_33' title="bbox 419 1787 3600 1858">
    <p class='ocr_par' dir='ltr' id='par_1_33' title="bbox 419 1787 3600 1858">
     <span class='ocr_line' id='line_1_33' title="bbox 419 1787 3600 1858; baseline -0.004 -1"><span class='ocrx_word' id='word_1_230' title='bbox 419 1793 688 1850; x_wconf 68' lang='lat' dir='ltr'><strong>VEMNUB-</strong></span> <span class='ocrx_word' id='word_1_231' title='bbox 732 1790 1013 1856; x_wconf 75' lang='lat' dir='ltr'><strong>Quomodo</strong></span> <span class='ocrx_word' id='word_1_232' title='bbox 1060 1791 1199 1858; x_wconf 66' lang='lat' dir='ltr'><strong>sapit</strong></span> <span class='ocrx_word' id='word_1_233' title='bbox 1243 1788 1406 1842; x_wconf 77' lang='lat' dir='ltr'><strong>homo</strong></span> <span class='ocrx_word' id='word_1_234' title='bbox 1451 1787 1569 1856; x_wconf 75' lang='lat' dir='ltr'><strong>P108</strong></span> <span class='ocrx_word' id='word_1_235' title='bbox 1621 1799 1784 1855; x_wconf 83' lang='lat' dir='ltr'><strong>quam</strong></span> <span class='ocrx_word' id='word_1_236' title='bbox 1828 1797 1924 1840; x_wconf 71' lang='grc' dir='ltr'><strong>υθ-</strong></span> <span class='ocrx_word' id='word_1_237' title='bbox 1955 1793 2001 1850; x_wconf 89' lang='grc' dir='ltr'><strong>Β</strong></span> <span class='ocrx_word' id='word_1_238' title='bbox 2026 1793 2268 1846; x_wconf 86' lang='lat' dir='ltr'><strong>invenire</strong></span> <span class='ocrx_word' id='word_1_239' title='bbox 2294 1791 2514 1855; x_wconf 88' lang='lat' dir='ltr'><strong>bonum,</strong></span> <span class='ocrx_word' id='word_1_240' title='bbox 2546 1789 2614 1844; x_wconf 91' lang='lat' dir='ltr'><strong>de</strong></span> <span class='ocrx_word' id='word_1_241' title='bbox 2641 1788 2953 1844; x_wconf 86' lang='lat' dir='ltr'><strong>mulieribus</strong></span> <span class='ocrx_word' id='word_1_242' title='bbox 2974 1801 3103 1844; x_wconf 85' lang='lat' dir='ltr'><strong>vero</strong></span> <span class='ocrx_word' id='word_1_243' title='bbox 3127 1789 3327 1845; x_wconf 88' lang='lat' dir='ltr'><strong>nullam</strong></span> <span class='ocrx_word' id='word_1_244' title='bbox 3379 1790 3600 1855; x_wconf 75' lang='lat' dir='ltr'><strong>invenit,</strong></span> 
     </span>
    </p>
   </div>
   <div class='ocr_carea' id='block_1_34' title="bbox 347 1882 648 1939">
    <p class='ocr_par' dir='ltr' id='par_1_34' title="bbox 347 1882 648 1939">
     <span class='ocr_line' id='line_1_34' title="bbox 347 1882 648 1939; baseline -0.013 0"><span class='ocrx_word' id='word_1_245' title='bbox 347 1899 497 1939; x_wconf 87' lang='lat' dir='ltr'><strong>cesse</strong></span> <span class='ocrx_word' id='word_1_246' title='bbox 522 1890 605 1937; x_wconf 88' lang='lat' dir='ltr'><strong>est</strong></span> <span class='ocrx_word' id='word_1_247' title='bbox 623 1882 648 1935; x_wconf 77' lang='grc' dir='ltr'>τ</span> 
     </span>
    </p>
   </div>
   <div class='ocr_carea' id='block_1_35' title="bbox 411 1951 1928 2039">
    <p class='ocr_par' dir='ltr' id='par_1_35' title="bbox 411 1951 1928 2039">
     <span class='ocr_line' id='line_1_35' title="bbox 411 1951 1928 2039; baseline -0.008 -10"><span class='ocrx_word' id='word_1_248' title='bbox 411 1973 695 2029; x_wconf 74' lang='lat' dir='ltr'><strong>SALONIUS.</strong></span> <span class='ocrx_word' id='word_1_249' title='bbox 758 1971 982 2037; x_wconf 91' lang='lat' dir='ltr'><strong>Quando</strong></span> <span class='ocrx_word' id='word_1_250' title='bbox 1029 1951 1257 2039; x_wconf 76' lang='lat' dir='ltr'><strong>superbe</strong></span> <span class='ocrx_word' id='word_1_251' title='bbox 1309 1967 1450 2036; x_wconf 90' lang='lat' dir='ltr'><strong>sapit</strong></span> <span class='ocrx_word' id='word_1_252' title='bbox 1493 1985 1504 2019; x_wconf 93' lang='lat'>:</span> <span class='ocrx_word' id='word_1_253' title='bbox 1552 1965 1694 2020; x_wconf 89' lang='lat' dir='ltr'><strong>unde</strong></span> <span class='ocrx_word' id='word_1_254' title='bbox 1743 1970 1928 2019; x_wconf 89' lang='lat' dir='ltr'><strong>monet</strong></span> 
     </span>
    </p>
   </div>
   <div class='ocr_carea' id='block_1_36' title="bbox 349 2053 1926 2136">
    <p class='ocr_par' dir='ltr' id='par_1_36' title="bbox 349 2053 1926 2136">
     <span class='ocr_line' id='line_1_36' title="bbox 349 2053 1926 2136; baseline -0.01 -14"><span class='ocrx_word' id='word_1_255' title='bbox 349 2063 638 2136; x_wconf 72' lang='lat' dir='ltr'><strong>Apostolus</strong></span> <span class='ocrx_word' id='word_1_256' title='bbox 658 2080 670 2114; x_wconf 94' lang='lat'><strong>:</strong></span> <span class='ocrx_word' id='word_1_257' title='bbox 690 2061 819 2116; x_wconf 88' lang='lat' dir='ltr'><strong>Noli</strong></span> <span class='ocrx_word' id='word_1_258' title='bbox 835 2063 997 2114; x_wconf 89' lang='lat' dir='ltr'><strong>altum</strong></span> <span class='ocrx_word' id='word_1_259' title='bbox 1020 2059 1202 2129; x_wconf 66' lang='lat' dir='ltr'><strong>sapere</strong></span> <span class='ocrx_word' id='word_1_260' title='bbox 1233 2053 1422 2128; x_wconf 87' lang='lat' dir='ltr'><strong>(Rom.</strong></span> <span class='ocrx_word' id='word_1_261' title='bbox 1449 2055 1536 2124; x_wconf 73' lang='lat' dir='ltr'><strong>Il)</strong></span> <span class='ocrx_word' id='word_1_262' title='bbox 1565 2074 1576 2106; x_wconf 91' lang='lat'>:</span> <span class='ocrx_word' id='word_1_263' title='bbox 1604 2054 1658 2110; x_wconf 92' lang='lat' dir='ltr'><strong>id</strong></span> <span class='ocrx_word' id='word_1_264' title='bbox 1685 2061 1786 2119; x_wconf 90' lang='lat' dir='ltr'><strong>est,</strong></span> <span class='ocrx_word' id='word_1_265' title='bbox 1813 2053 1926 2108; x_wconf 92' lang='lat' dir='ltr'><strong>noli</strong></span> 
     </span>
    </p>
   </div>
   <div class='ocr_carea' id='block_1_37' title="bbox 348 2145 1925 2225">
    <p class='ocr_par' dir='ltr' id='par_1_37' title="bbox 348 2145 1925 2225">
     <span class='ocr_line' id='line_1_37' title="bbox 348 2145 1925 2225; baseline -0.008 -14"><span class='ocrx_word' id='word_1_266' title='bbox 348 2154 578 2225; x_wconf 63' lang='lat' dir='ltr'><strong>smerbe</strong></span> <span class='ocrx_word' id='word_1_267' title='bbox 603 2167 811 2222; x_wconf 89' lang='lat' dir='ltr'><strong>sapere,</strong></span> <span class='ocrx_word' id='word_1_268' title='bbox 843 2151 932 2204; x_wconf 84' lang='lat' dir='ltr'><strong>sed</strong></span> <span class='ocrx_word' id='word_1_269' title='bbox 963 2153 1100 2204; x_wconf 88' lang='lat' dir='ltr'><strong>time.</strong></span> <span class='ocrx_word' id='word_1_270' title='bbox 1131 2148 1224 2202; x_wconf 91' lang='lat' dir='ltr'><strong>llle</strong></span> <span class='ocrx_word' id='word_1_271' title='bbox 1261 2148 1422 2202; x_wconf 90' lang='lat' dir='ltr'><strong>etiam</strong></span> <span class='ocrx_word' id='word_1_272' title='bbox 1453 2147 1571 2216; x_wconf 92' lang='lat' dir='ltr'><strong>plus</strong></span> <span class='ocrx_word' id='word_1_273' title='bbox 1597 2145 1738 2215; x_wconf 91' lang='lat' dir='ltr'><strong>sapit</strong></span> <span class='ocrx_word' id='word_1_274' title='bbox 1765 2159 1925 2215; x_wconf 89' lang='lat' dir='ltr'><strong>quam</strong></span> 
     </span>
    </p>
   </div>
   <div class='ocr_carea' id='block_1_38' title="bbox 349 2237 1927 2312">
    <p class='ocr_par' dir='ltr' id='par_1_38' title="bbox 349 2237 1927 2312">
     <span class='ocr_line' id='line_1_38' title="bbox 349 2237 1927 2312; baseline -0.008 -10"><span class='ocrx_word' id='word_1_275' title='bbox 349 2258 572 2302; x_wconf 90' lang='lat' dir='ltr'><strong>necesse</strong></span> <span class='ocrx_word' id='word_1_276' title='bbox 600 2252 699 2310; x_wconf 87' lang='lat' dir='ltr'><strong>est,</strong></span> <span class='ocrx_word' id='word_1_277' title='bbox 731 2243 822 2312; x_wconf 91' lang='lat' dir='ltr'><strong>qui</strong></span> <span class='ocrx_word' id='word_1_278' title='bbox 851 2257 913 2297; x_wconf 88' lang='lat' dir='ltr'><strong>ea</strong></span> <span class='ocrx_word' id='word_1_279' title='bbox 939 2239 1052 2296; x_wconf 91' lang='lat' dir='ltr'><strong>vult</strong></span> <span class='ocrx_word' id='word_1_280' title='bbox 1079 2237 1376 2308; x_wconf 81' lang='lat' dir='ltr'><strong>intelligere</strong></span> <span class='ocrx_word' id='word_1_281' title='bbox 1427 2253 1545 2307; x_wconf 78' lang='lat' dir='ltr'><strong>quae</strong></span> <span class='ocrx_word' id='word_1_282' title='bbox 1595 2252 1703 2292; x_wconf 91' lang='lat' dir='ltr'><strong>non</strong></span> <span class='ocrx_word' id='word_1_283' title='bbox 1747 2243 1927 2307; x_wconf 90' lang='lat' dir='ltr'><strong>potest</strong></span> 
     </span>
    </p>
   </div>
   <div class='ocr_carea' id='block_1_39' title="bbox 349 2329 1335 2405">
    <p class='ocr_par' dir='ltr' id='par_1_39' title="bbox 349 2329 1335 2405">
     <span class='ocr_line' id='line_1_39' title="bbox 349 2329 1335 2405; baseline -0.007 -15"><span class='ocrx_word' id='word_1_284' title='bbox 349 2331 805 2405; x_wconf 85' lang='lat' dir='ltr'><strong>comprehendere</strong></span> <span class='ocrx_word' id='word_1_285' title='bbox 832 2346 1004 2402; x_wconf 90' lang='lat' dir='ltr'><strong>neque</strong></span> <span class='ocrx_word' id='word_1_286' title='bbox 1033 2329 1335 2400; x_wconf 83' lang='lat' dir='ltr'><strong>penetrare.</strong></span> 
     </span>
    </p>
   </div>
   <div class='ocr_carea' id='block_1_40' title="bbox 419 2415 1930 2489">
    <p class='ocr_par' dir='ltr' id='par_1_40' title="bbox 419 2415 1930 2489">
     <span class='ocr_line' id='line_1_40' title="bbox 419 2415 1930 2489; baseline -0.005 -10"><span class='ocrx_word' id='word_1_287' title='bbox 419 2423 688 2480; x_wconf 70' lang='lat' dir='ltr'><strong>Vesanus.</strong></span> <span class='ocrx_word' id='word_1_288' title='bbox 722 2423 900 2489; x_wconf 91' lang='lat' dir='ltr'><strong>Quare</strong></span> <span class='ocrx_word' id='word_1_289' title='bbox 927 2419 1184 2476; x_wconf 88' lang='lat' dir='ltr'><strong>Salomon</strong></span> <span class='ocrx_word' id='word_1_290' title='bbox 1209 2419 1338 2474; x_wconf 92' lang='lat' dir='ltr'><strong>dicit</strong></span> <span class='ocrx_word' id='word_1_291' title='bbox 1371 2437 1383 2471; x_wconf 95' lang='lat'>:</span> <span class='ocrx_word' id='word_1_292' title='bbox 1412 2415 1511 2482; x_wconf 86' lang='lat' dir='ltr'><strong>Qui</strong></span> <span class='ocrx_word' id='word_1_293' title='bbox 1559 2420 1702 2472; x_wconf 83' lang='lat' dir='ltr'><strong>timet</strong></span> <span class='ocrx_word' id='word_1_294' title='bbox 1753 2417 1930 2473; x_wconf 84' lang='lat' dir='ltr'><strong>Domi-</strong></span> 
     </span>
    </p>
   </div>
   <div class='ocr_carea' id='block_1_41' title="bbox 347 2506 1927 2586">
    <p class='ocr_par' dir='ltr' id='par_1_41' title="bbox 347 2506 1927 2586">
     <span class='ocr_line' id='line_1_41' title="bbox 347 2506 1927 2586; baseline -0.004 -15"><span class='ocrx_word' id='word_1_295' title='bbox 347 2529 472 2572; x_wconf 79' lang='lat' dir='ltr'><strong>num</strong></span> <span class='ocrx_word' id='word_1_296' title='bbox 522 2517 654 2569; x_wconf 81' lang='lat' dir='ltr'><strong>nihil</strong></span> <span class='ocrx_word' id='word_1_297' title='bbox 682 2515 894 2586; x_wconf 85' lang='lat' dir='ltr'><strong>negligit</strong></span> <span class='ocrx_word' id='word_1_298' title='bbox 923 2511 1126 2585; x_wconf 77' lang='lat' dir='ltr'><strong>(Eccle.</strong></span> <span class='ocrx_word' id='word_1_299' title='bbox 1159 2506 1287 2583; x_wconf 86' lang='lat' dir='ltr'><strong>vn),</strong></span> <span class='ocrx_word' id='word_1_300' title='bbox 1315 2527 1436 2566; x_wconf 91' lang='lat' dir='ltr'><strong>cum</strong></span> <span class='ocrx_word' id='word_1_301' title='bbox 1464 2511 1693 2566; x_wconf 86' lang='lat' dir='ltr'><strong>Jacobus</strong></span> <span class='ocrx_word' id='word_1_302' title='bbox 1713 2519 1927 2581; x_wconf 84' lang='lat' dir='ltr'><strong>aposto-</strong></span> 
     </span>
    </p>
   </div>
   <div class='ocr_carea' id='block_1_42' title="bbox 345 2602 1928 2674">
    <p class='ocr_par' dir='ltr' id='par_1_42' title="bbox 345 2602 1928 2674">
     <span class='ocr_line' id='line_1_42' title="bbox 345 2602 1928 2674; baseline -0.004 -12"><span class='ocrx_word' id='word_1_303' title='bbox 345 2607 432 2664; x_wconf 87' lang='lat' dir='ltr'><strong>lus</strong></span> <span class='ocrx_word' id='word_1_304' title='bbox 479 2609 622 2663; x_wconf 90' lang='lat' dir='ltr'><strong>dicat</strong></span> <span class='ocrx_word' id='word_1_305' title='bbox 654 2607 767 2661; x_wconf 78' lang='lat' dir='ltr'><strong>:‘1n</strong></span> <span class='ocrx_word' id='word_1_306' title='bbox 814 2607 988 2660; x_wconf 83' lang='lat' dir='ltr'><strong>multis</strong></span> <span class='ocrx_word' id='word_1_307' title='bbox 1025 2603 1333 2674; x_wconf 64' lang='lat' dir='ltr'><strong>oﬁendimus</strong></span> <span class='ocrx_word' id='word_1_308' title='bbox 1383 2620 1558 2657; x_wconf 80' lang='lat' dir='ltr'><strong>omnes</strong></span> <span class='ocrx_word' id='word_1_309' title='bbox 1613 2603 1766 2673; x_wconf 83' lang='lat' dir='ltr'><strong>(Jac.</strong></span> <span class='ocrx_word' id='word_1_310' title='bbox 1796 2602 1928 2672; x_wconf 74' lang='lat' dir='ltr'><strong>in)?</strong></span> 
     </span>
    </p>
   </div>
   <div class='ocr_carea' id='block_1_43' title="bbox 347 2696 1929 2770">
    <p class='ocr_par' dir='ltr' id='par_1_43' title="bbox 347 2696 1929 2770">
     <span class='ocr_line' id='line_1_43' title="bbox 347 2696 1929 2770; baseline -0.006 -13"><span class='ocrx_word' id='word_1_311' title='bbox 347 2698 598 2770; x_wconf 77' lang='lat' dir='ltr'><strong>Nunquid</strong></span> <span class='ocrx_word' id='word_1_312' title='bbox 619 2697 850 2754; x_wconf 86' lang='lat' dir='ltr'><strong>Jacobus</strong></span> <span class='ocrx_word' id='word_1_313' title='bbox 879 2705 971 2751; x_wconf 89' lang='lat' dir='ltr'><strong>aut</strong></span> <span class='ocrx_word' id='word_1_314' title='bbox 997 2697 1178 2752; x_wconf 84' lang='lat' dir='ltr'><strong>caeteri</strong></span> <span class='ocrx_word' id='word_1_315' title='bbox 1227 2697 1456 2768; x_wconf 88' lang='lat' dir='ltr'><strong>apostoli</strong></span> <span class='ocrx_word' id='word_1_316' title='bbox 1505 2711 1611 2750; x_wconf 90' lang='lat' dir='ltr'><strong>non</strong></span> <span class='ocrx_word' id='word_1_317' title='bbox 1666 2696 1929 2750; x_wconf 86' lang='lat' dir='ltr'><strong>timebant</strong></span> 
     </span>
    </p>
   </div>
   <div class='ocr_carea' id='block_1_44' title="bbox 350 2786 1800 2859">
    <p class='ocr_par' dir='ltr' id='par_1_44' title="bbox 350 2786 1800 2859">
     <span class='ocr_line' id='line_1_44' title="bbox 350 2786 1800 2859; baseline -0.006 -12"><span class='ocrx_word' id='word_1_318' title='bbox 350 2790 538 2853; x_wconf 90' lang='lat' dir='ltr'><strong>Deum,</strong></span> <span class='ocrx_word' id='word_1_319' title='bbox 563 2791 654 2859; x_wconf 92' lang='lat' dir='ltr'><strong>qui</strong></span> <span class='ocrx_word' id='word_1_320' title='bbox 683 2804 740 2844; x_wconf 93' lang='lat' dir='ltr'><strong>se</strong></span> <span class='ocrx_word' id='word_1_321' title='bbox 768 2789 823 2841; x_wconf 91' lang='lat' dir='ltr'><strong>in</strong></span> <span class='ocrx_word' id='word_1_322' title='bbox 851 2788 1034 2844; x_wconf 88' lang='lat' dir='ltr'><strong>multis</strong></span> <span class='ocrx_word' id='word_1_323' title='bbox 1063 2787 1335 2842; x_wconf 73' lang='lat' dir='ltr'><strong>offendere</strong></span> <span class='ocrx_word' id='word_1_324' title='bbox 1364 2786 1800 2842; x_wconf 82' lang='lat' dir='ltr'><strong>conﬁtebantur?</strong></span> 
     </span>
    </p>
   </div>
   <div class='ocr_carea' id='block_1_45' title="bbox 420 2869 1926 2949">
    <p class='ocr_par' dir='ltr' id='par_1_45' title="bbox 420 2869 1926 2949">
     <span class='ocr_line' id='line_1_45' title="bbox 420 2869 1926 2949; baseline -0.004 -11"><span class='ocrx_word' id='word_1_325' title='bbox 420 2882 698 2938; x_wconf 79' lang='lat' dir='ltr'><strong>SALONIUS.</strong></span> <span class='ocrx_word' id='word_1_326' title='bbox 729 2873 1009 2936; x_wconf 86' lang='lat' dir='ltr'><strong>Timebant</strong></span> <span class='ocrx_word' id='word_1_327' title='bbox 1037 2871 1222 2949; x_wconf 87' lang='lat' dir='ltr'><strong>utique</strong></span> <span class='ocrx_word' id='word_1_328' title='bbox 1241 2921 1256 2948; x_wconf 93' lang='lat'><strong>,</strong></span> <span class='ocrx_word' id='word_1_329' title='bbox 1285 2869 1339 2934; x_wconf 88' lang='lat' dir='ltr'><strong>et</strong></span> <span class='ocrx_word' id='word_1_330' title='bbox 1365 2881 1418 2934; x_wconf 92' lang='lat' dir='ltr'><strong>in</strong></span> <span class='ocrx_word' id='word_1_331' title='bbox 1465 2879 1644 2934; x_wconf 88' lang='lat' dir='ltr'><strong>multis</strong></span> <span class='ocrx_word' id='word_1_332' title='bbox 1686 2877 1926 2933; x_wconf 76' lang='lat' dir='ltr'><strong>offende-</strong></span> 
     </span>
    </p>
   </div>
   <div class='ocr_carea' id='block_1_46' title="bbox 349 2958 1926 3043">
    <p class='ocr_par' dir='ltr' id='par_1_46' title="bbox 349 2958 1926 3043">
     <span class='ocr_line' id='line_1_46' title="bbox 349 2958 1926 3043; baseline -0.006 -13"><span class='ocrx_word' id='word_1_333' title='bbox 349 2974 500 3041; x_wconf 86' lang='lat' dir='ltr'><strong>bant,</strong></span> <span class='ocrx_word' id='word_1_334' title='bbox 531 2975 656 3043; x_wconf 87' lang='lat' dir='ltr'><strong>quia</strong></span> <span class='ocrx_word' id='word_1_335' title='bbox 685 2973 892 3028; x_wconf 87' lang='lat' dir='ltr'><strong>nonest</strong></span> <span class='ocrx_word' id='word_1_336' title='bbox 917 2971 1081 3026; x_wconf 91' lang='lat' dir='ltr'><strong>homo</strong></span> <span class='ocrx_word' id='word_1_337' title='bbox 1106 2959 1267 3040; x_wconf 78' lang='lat' dir='ltr'><strong>Super</strong></span> <span class='ocrx_word' id='word_1_338' title='bbox 1288 2958 1491 3023; x_wconf 78' lang='lat' dir='ltr'><strong>terram</strong></span> <span class='ocrx_word' id='word_1_339' title='bbox 1519 2968 1610 3037; x_wconf 93' lang='lat' dir='ltr'><strong>qui</strong></span> <span class='ocrx_word' id='word_1_340' title='bbox 1636 2967 1797 3023; x_wconf 81' lang='lat' dir='ltr'><strong>faciat</strong></span> <span class='ocrx_word' id='word_1_341' title='bbox 1829 2967 1926 3021; x_wconf 85' lang='lat' dir='ltr'><strong>bo-</strong></span> 
     </span>
    </p>
   </div>
   <div class='ocr_carea' id='block_1_47' title="bbox 355 3063 937 3134">
    <p class='ocr_par' dir='ltr' id='par_1_47' title="bbox 355 3063 937 3134">
     <span class='ocr_line' id='line_1_47' title="bbox 355 3063 937 3134; baseline -0.005 -16"><span class='ocrx_word' id='word_1_342' title='bbox 355 3063 498 3128; x_wconf 86' lang='lat' dir='ltr'><strong>num,</strong></span> <span class='ocrx_word' id='word_1_343' title='bbox 524 3072 578 3118; x_wconf 91' lang='lat' dir='ltr'><strong>et</strong></span> <span class='ocrx_word' id='word_1_344' title='bbox 605 3079 709 3118; x_wconf 89' lang='lat' dir='ltr'><strong>non</strong></span> <span class='ocrx_word' id='word_1_345' title='bbox 732 3069 937 3134; x_wconf 84' lang='lat' dir='ltr'><strong>peccet.</strong></span> 
     </span>
    </p>
   </div>
   <div class='ocr_carea' id='block_1_48' title="bbox 2027 1879 3604 1951">
    <p class='ocr_par' dir='ltr' id='par_1_48' title="bbox 2027 1879 3604 1951">
     <span class='ocr_line' id='line_1_48' title="bbox 2027 1879 3604 1951; baseline -0.002 -15"><span class='ocrx_word' id='word_1_346' title='bbox 2027 1883 2153 1951; x_wconf 86' lang='lat' dir='ltr'><strong>quia</strong></span> <span class='ocrx_word' id='word_1_347' title='bbox 2180 1895 2370 1936; x_wconf 87' lang='lat' dir='ltr'><strong>omnes</strong></span> <span class='ocrx_word' id='word_1_348' title='bbox 2395 1895 2517 1936; x_wconf 87' lang='lat' dir='ltr'><strong>eum</strong></span> <span class='ocrx_word' id='word_1_349' title='bbox 2543 1894 2655 1936; x_wconf 89' lang='lat' dir='ltr'><strong>non</strong></span> <span class='ocrx_word' id='word_1_350' title='bbox 2675 1879 2744 1935; x_wconf 90' lang='lat' dir='ltr'><strong>ad</strong></span> <span class='ocrx_word' id='word_1_351' title='bbox 2770 1880 3019 1935; x_wconf 82' lang='lat' dir='ltr'><strong>virtutem</strong></span> <span class='ocrx_word' id='word_1_352' title='bbox 3039 1921 3054 1947; x_wconf 95' lang='lat'><strong>,</strong></span> <span class='ocrx_word' id='word_1_353' title='bbox 3077 1879 3172 1935; x_wconf 87' lang='lat' dir='ltr'><strong>sed</strong></span> <span class='ocrx_word' id='word_1_354' title='bbox 3216 1880 3285 1934; x_wconf 86' lang='lat' dir='ltr'><strong>ad</strong></span> <span class='ocrx_word' id='word_1_355' title='bbox 3337 1879 3604 1934; x_wconf 80' lang='lat' dir='ltr'><strong>luxuriam</strong></span> 
     </span>
    </p>
   </div>
   <div class='ocr_carea' id='block_1_49' title="bbox 2026 1979 2328 2027">
    <p class='ocr_par' dir='ltr' id='par_1_49' title="bbox 2026 1979 2328 2027">
     <span class='ocr_line' id='line_1_49' title="bbox 2026 1979 2328 2027; baseline -0.007 0"><span class='ocrx_word' id='word_1_356' title='bbox 2026 1979 2328 2027; x_wconf 77' lang='lat' dir='ltr'><strong>traxerunt.</strong></span> 
     </span>
    </p>
   </div>
   <div class='ocr_carea' id='block_1_50' title="bbox 2097 2061 3604 2131">
    <p class='ocr_par' dir='ltr' id='par_1_50' title="bbox 2097 2061 3604 2131">
     <span class='ocr_line' id='line_1_50' title="bbox 2097 2061 3604 2131; baseline -0.007 -11"><span class='ocrx_word' id='word_1_357' title='bbox 2097 2061 2366 2120; x_wconf 71' lang='lat' dir='ltr'><strong>Vesanus.</strong></span> <span class='ocrx_word' id='word_1_358' title='bbox 2416 2061 2602 2120; x_wconf 86' lang='lat' dir='ltr'><strong>Potest</strong></span> <span class='ocrx_word' id='word_1_359' title='bbox 2642 2061 2760 2119; x_wconf 69' lang='lat' dir='ltr'><strong>hac</strong></span> <span class='ocrx_word' id='word_1_360' title='bbox 2795 2062 3062 2118; x_wconf 84' lang='lat' dir='ltr'><strong>sententia</strong></span> <span class='ocrx_word' id='word_1_361' title='bbox 3116 2061 3466 2131; x_wconf 85' lang='lat' dir='ltr'><strong>spiritualiter</strong></span> <span class='ocrx_word' id='word_1_362' title='bbox 3517 2062 3604 2116; x_wconf 80' lang='lat' dir='ltr'><strong>in.</strong></span> 
     </span>
    </p>
   </div>
   <div class='ocr_carea' id='block_1_51' title="bbox 2025 2156 2235 2224">
    <p class='ocr_par' dir='ltr' id='par_1_51' title="bbox 2025 2156 2235 2224">
     <span class='ocr_line' id='line_1_51' title="bbox 2025 2156 2235 2224; baseline -0.024 -12"><span class='ocrx_word' id='word_1_363' title='bbox 2025 2156 2193 2224; x_wconf 91' lang='lat' dir='ltr'><strong>telligi</strong></span> <span class='ocrx_word' id='word_1_364' title='bbox 2211 2157 2235 2208; x_wconf 88' lang='lat'><strong>?</strong></span> 
     </span>
    </p>
   </div>
   <div class='ocr_carea' id='block_1_52' title="bbox 2096 2235 3608 2320">
    <p class='ocr_par' dir='ltr' id='par_1_52' title="bbox 2096 2235 3608 2320">
     <span class='ocr_line' id='line_1_52' title="bbox 2096 2235 3608 2320; baseline -0.004 -15"><span class='ocrx_word' id='word_1_365' title='bbox 2096 2249 2378 2306; x_wconf 71' lang='lat' dir='ltr'><strong>Satoruus.</strong></span> <span class='ocrx_word' id='word_1_366' title='bbox 2402 2247 2544 2304; x_wconf 81' lang='lat' dir='ltr'><strong>Vere</strong></span> <span class='ocrx_word' id='word_1_367' title='bbox 2564 2245 2765 2317; x_wconf 82' lang='lat' dir='ltr'><strong>potest,</strong></span> <span class='ocrx_word' id='word_1_368' title='bbox 2795 2235 2921 2300; x_wconf 83' lang='lat' dir='ltr'><strong>nam</strong></span> <span class='ocrx_word' id='word_1_369' title='bbox 2947 2257 3048 2315; x_wconf 89' lang='lat' dir='ltr'><strong>per</strong></span> <span class='ocrx_word' id='word_1_370' title='bbox 3083 2245 3257 2300; x_wconf 75' lang='lat' dir='ltr'><strong>virum</strong></span> <span class='ocrx_word' id='word_1_371' title='bbox 3298 2243 3608 2320; x_wconf 79' lang='lat' dir='ltr'><strong>designatur</strong></span> 
     </span>
    </p>
   </div>
   <div class='ocr_carea' id='block_1_53' title="bbox 2027 2333 3607 2407">
    <p class='ocr_par' dir='ltr' id='par_1_53' title="bbox 2027 2333 3607 2407">
     <span class='ocr_line' id='line_1_53' title="bbox 2027 2333 3607 2407; baseline -0.004 -11"><span class='ocrx_word' id='word_1_372' title='bbox 2027 2341 2200 2396; x_wconf 90' lang='lat' dir='ltr'><strong>bonus</strong></span> <span class='ocrx_word' id='word_1_373' title='bbox 2222 2339 2385 2394; x_wconf 89' lang='lat' dir='ltr'><strong>animi</strong></span> <span class='ocrx_word' id='word_1_374' title='bbox 2411 2339 2705 2407; x_wconf 87' lang='lat' dir='ltr'><strong>cogitatus,</strong></span> <span class='ocrx_word' id='word_1_375' title='bbox 2729 2351 2830 2407; x_wconf 91' lang='lat' dir='ltr'><strong>per</strong></span> <span class='ocrx_word' id='word_1_376' title='bbox 2873 2335 3156 2392; x_wconf 87' lang='lat' dir='ltr'><strong>mulierem</strong></span> <span class='ocrx_word' id='word_1_377' title='bbox 3204 2349 3335 2391; x_wconf 86' lang='lat' dir='ltr'><strong>vero</strong></span> <span class='ocrx_word' id='word_1_378' title='bbox 3380 2333 3607 2390; x_wconf 79' lang='lat' dir='ltr'><strong>carnalia</strong></span> 
     </span>
    </p>
   </div>
   <div class='ocr_carea' id='block_1_54' title="bbox 2028 2424 3608 2499">
    <p class='ocr_par' dir='ltr' id='par_1_54' title="bbox 2028 2424 3608 2499">
     <span class='ocr_line' id='line_1_54' title="bbox 2028 2424 3608 2499; baseline -0.003 -12"><span class='ocrx_word' id='word_1_379' title='bbox 2028 2441 2084 2487; x_wconf 94' lang='lat' dir='ltr'><strong>et</strong></span> <span class='ocrx_word' id='word_1_380' title='bbox 2108 2431 2364 2487; x_wconf 85' lang='lat' dir='ltr'><strong>dissoluta</strong></span> <span class='ocrx_word' id='word_1_381' title='bbox 2393 2430 2667 2498; x_wconf 82' lang='lat' dir='ltr'><strong>cogitatio.</strong></span> <span class='ocrx_word' id='word_1_382' title='bbox 2701 2429 2776 2483; x_wconf 91' lang='lat' dir='ltr'><strong>De</strong></span> <span class='ocrx_word' id='word_1_383' title='bbox 2804 2429 2949 2484; x_wconf 89' lang='lat' dir='ltr'><strong>mille</strong></span> <span class='ocrx_word' id='word_1_384' title='bbox 2977 2444 3106 2499; x_wconf 90' lang='lat' dir='ltr'><strong>ergo</strong></span> <span class='ocrx_word' id='word_1_385' title='bbox 3133 2430 3215 2483; x_wconf 90' lang='lat' dir='ltr'><strong>vir</strong></span> <span class='ocrx_word' id='word_1_386' title='bbox 3242 2443 3380 2483; x_wconf 90' lang='lat' dir='ltr'><strong>unus</strong></span> <span class='ocrx_word' id='word_1_387' title='bbox 3399 2424 3608 2484; x_wconf 86' lang='lat' dir='ltr'><strong>inveni-</strong></span> 
     </span>
    </p>
   </div>
   <div class='ocr_carea' id='block_1_55' title="bbox 2030 2517 3607 2587">
    <p class='ocr_par' dir='ltr' id='par_1_55' title="bbox 2030 2517 3607 2587">
     <span class='ocr_line' id='line_1_55' title="bbox 2030 2517 3607 2587; baseline -0.002 -12"><span class='ocrx_word' id='word_1_388' title='bbox 2030 2529 2134 2586; x_wconf 92' lang='lat' dir='ltr'><strong>tur,</strong></span> <span class='ocrx_word' id='word_1_389' title='bbox 2158 2519 2213 2574; x_wconf 92' lang='lat' dir='ltr'><strong>id</strong></span> <span class='ocrx_word' id='word_1_390' title='bbox 2240 2528 2319 2575; x_wconf 89' lang='lat' dir='ltr'><strong>est</strong></span> <span class='ocrx_word' id='word_1_391' title='bbox 2346 2532 2483 2572; x_wconf 90' lang='lat' dir='ltr'><strong>unus</strong></span> <span class='ocrx_word' id='word_1_392' title='bbox 2510 2517 2773 2584; x_wconf 87' lang='lat' dir='ltr'><strong>cogitatus</strong></span> <span class='ocrx_word' id='word_1_393' title='bbox 2815 2517 3043 2572; x_wconf 91' lang='lat' dir='ltr'><strong>mundus</strong></span> <span class='ocrx_word' id='word_1_394' title='bbox 3071 2525 3126 2572; x_wconf 90' lang='lat' dir='ltr'><strong>et</strong></span> <span class='ocrx_word' id='word_1_395' title='bbox 3151 2533 3334 2587; x_wconf 90' lang='lat' dir='ltr'><strong>purus,</strong></span> <span class='ocrx_word' id='word_1_396' title='bbox 3360 2517 3451 2587; x_wconf 88' lang='lat' dir='ltr'><strong>qui</strong></span> <span class='ocrx_word' id='word_1_397' title='bbox 3479 2531 3607 2587; x_wconf 81' lang='lat' dir='ltr'><strong>per-</strong></span> 
     </span>
    </p>
   </div>
   <div class='ocr_carea' id='block_1_56' title="bbox 2027 2610 3607 2679">
    <p class='ocr_par' dir='ltr' id='par_1_56' title="bbox 2027 2610 3607 2679">
     <span class='ocr_line' id='line_1_56' title="bbox 2027 2610 3607 2679; baseline 0 -13"><span class='ocrx_word' id='word_1_398' title='bbox 2027 2627 2179 2667; x_wconf 87' lang='lat' dir='ltr'><strong>versa</strong></span> <span class='ocrx_word' id='word_1_399' title='bbox 2212 2611 2539 2679; x_wconf 81' lang='lat' dir='ltr'><strong>cogitatione</strong></span> <span class='ocrx_word' id='word_1_400' title='bbox 2567 2625 2674 2662; x_wconf 92' lang='lat' dir='ltr'><strong>non</strong></span> <span class='ocrx_word' id='word_1_401' title='bbox 2702 2611 2967 2674; x_wconf 89' lang='lat' dir='ltr'><strong>turbetur,</strong></span> <span class='ocrx_word' id='word_1_402' title='bbox 2998 2610 3052 2665; x_wconf 93' lang='lat' dir='ltr'><strong>id</strong></span> <span class='ocrx_word' id='word_1_403' title='bbox 3090 2618 3172 2664; x_wconf 92' lang='lat' dir='ltr'><strong>est</strong></span> <span class='ocrx_word' id='word_1_404' title='bbox 3215 2611 3487 2679; x_wconf 90' lang='lat' dir='ltr'><strong>polluatur</strong></span> <span class='ocrx_word' id='word_1_405' title='bbox 3513 2625 3607 2666; x_wconf 80' lang='lat' dir='ltr'><strong>ex-</strong></span> 
     </span>
    </p>
   </div>
   <div class='ocr_carea' id='block_1_57' title="bbox 2027 2698 3608 2771">
    <p class='ocr_par' dir='ltr' id='par_1_57' title="bbox 2027 2698 3608 2771">
     <span class='ocr_line' id='line_1_57' title="bbox 2027 2698 3608 2771; baseline -0.001 -15"><span class='ocrx_word' id='word_1_406' title='bbox 2027 2703 2328 2766; x_wconf 88' lang='lat' dir='ltr'><strong>trinsecus;</strong></span> <span class='ocrx_word' id='word_1_407' title='bbox 2355 2700 2422 2754; x_wconf 88' lang='lat' dir='ltr'><strong>de</strong></span> <span class='ocrx_word' id='word_1_408' title='bbox 2472 2698 2784 2754; x_wconf 87' lang='lat' dir='ltr'><strong>mulieribus</strong></span> <span class='ocrx_word' id='word_1_409' title='bbox 2819 2714 2950 2754; x_wconf 91' lang='lat' dir='ltr'><strong>vero</strong></span> <span class='ocrx_word' id='word_1_410' title='bbox 3004 2700 3149 2754; x_wconf 90' lang='lat' dir='ltr'><strong>nulla</strong></span> <span class='ocrx_word' id='word_1_411' title='bbox 3192 2698 3461 2755; x_wconf 90' lang='lat' dir='ltr'><strong>invenitur</strong></span> <span class='ocrx_word' id='word_1_412' title='bbox 3488 2714 3608 2771; x_wconf 65' lang='lat' dir='ltr'><strong>qua</strong></span> 
     </span>
    </p>
   </div>
   <div class='ocr_carea' id='block_1_58' title="bbox 2026 2788 3608 2863">
    <p class='ocr_par' dir='ltr' id='par_1_58' title="bbox 2026 2788 3608 2863">
     <span class='ocr_line' id='line_1_58' title="bbox 2026 2788 3608 2863; baseline 0 -16"><span class='ocrx_word' id='word_1_413' title='bbox 2026 2793 2243 2863; x_wconf 88' lang='lat' dir='ltr'><strong>placeat</strong></span> <span class='ocrx_word' id='word_1_414' title='bbox 2268 2792 2402 2858; x_wconf 92' lang='lat' dir='ltr'><strong>Deo,</strong></span> <span class='ocrx_word' id='word_1_415' title='bbox 2429 2790 2554 2859; x_wconf 89' lang='lat' dir='ltr'><strong>quia</strong></span> <span class='ocrx_word' id='word_1_416' title='bbox 2582 2788 2814 2844; x_wconf 87' lang='lat' dir='ltr'><strong>carnalis</strong></span> <span class='ocrx_word' id='word_1_417' title='bbox 2835 2797 2889 2844; x_wconf 91' lang='lat' dir='ltr'><strong>et</strong></span> <span class='ocrx_word' id='word_1_418' title='bbox 2917 2803 3183 2859; x_wconf 80' lang='lat' dir='ltr'><strong>perversa</strong></span> <span class='ocrx_word' id='word_1_419' title='bbox 3199 2789 3452 2858; x_wconf 77' lang='lat' dir='ltr'><strong>cogitatio</strong></span> <span class='ocrx_word' id='word_1_420' title='bbox 3498 2803 3608 2847; x_wconf 84' lang='lat' dir='ltr'><strong>non</strong></span> 
     </span>
    </p>
   </div>
   <div class='ocr_carea' id='block_1_59' title="bbox 2026 2872 3586 2952">
    <p class='ocr_par' dir='ltr' id='par_1_59' title="bbox 2026 2872 3586 2952">
     <span class='ocr_line' id='line_1_59' title="bbox 2026 2872 3586 2952; baseline -0.003 -14"><span class='ocrx_word' id='word_1_421' title='bbox 2026 2892 2110 2938; x_wconf 89' lang='lat' dir='ltr'><strong>est</strong></span> <span class='ocrx_word' id='word_1_422' title='bbox 2133 2890 2352 2952; x_wconf 87' lang='lat' dir='ltr'><strong>accepta</strong></span> <span class='ocrx_word' id='word_1_423' title='bbox 2379 2883 2510 2937; x_wconf 89' lang='lat' dir='ltr'><strong>Deo.</strong></span> <span class='ocrx_word' id='word_1_424' title='bbox 3582 2872 3586 2880; x_wconf 72' lang='grc'><em>“</em></span> 
     </span>
    </p>
   </div>
   <div class='ocr_carea' id='block_1_60' title="bbox 2098 2973 3606 3046">
    <p class='ocr_par' dir='ltr' id='par_1_60' title="bbox 2098 2973 3606 3046">
     <span class='ocr_line' id='line_1_60' title="bbox 2098 2973 3606 3046; baseline -0.003 -14"><span class='ocrx_word' id='word_1_425' title='bbox 2098 2977 2363 3032; x_wconf 66' lang='lat' dir='ltr'><strong>Vesanus.</strong></span> <span class='ocrx_word' id='word_1_426' title='bbox 2387 2977 2525 3043; x_wconf 89' lang='lat' dir='ltr'><strong>Quid</strong></span> <span class='ocrx_word' id='word_1_427' title='bbox 2546 2987 2628 3033; x_wconf 92' lang='lat' dir='ltr'><strong>est</strong></span> <span class='ocrx_word' id='word_1_428' title='bbox 2651 2978 2796 3046; x_wconf 91' lang='lat' dir='ltr'><strong>quod</strong></span> <span class='ocrx_word' id='word_1_429' title='bbox 2822 2977 2922 3031; x_wconf 87' lang='lat' dir='ltr'><strong>ait:</strong></span> <span class='ocrx_word' id='word_1_430' title='bbox 2945 2973 3047 3040; x_wconf 86' lang='lat' dir='ltr'><strong>Qui</strong></span> <span class='ocrx_word' id='word_1_431' title='bbox 3062 2973 3282 3029; x_wconf 76' lang='lat' dir='ltr'><strong>custodit</strong></span> <span class='ocrx_word' id='word_1_432' title='bbox 3299 2982 3606 3044; x_wconf 64' lang='lat' dir='ltr'><strong>praeceptum</strong></span> 
     </span>
    </p>
   </div>
   <div class='ocr_carea' id='block_1_61' title="bbox 2025 3058 3606 3152">
    <p class='ocr_par' dir='ltr' id='par_1_61' title="bbox 2025 3058 3606 3152">
     <span class='ocr_line' id='line_1_61' title="bbox 2025 3058 3606 3152; baseline -0.003 -28"><span class='ocrx_word' id='word_1_433' title='bbox 2025 3069 2146 3133; x_wconf 84' lang='lat' dir='ltr'><strong>Dei,</strong></span> <span class='ocrx_word' id='word_1_434' title='bbox 2162 3078 2265 3122; x_wconf 80' lang='lat' dir='ltr'><strong>nan</strong></span> <span class='ocrx_word' id='word_1_435' title='bbox 2285 3071 2576 3152; x_wconf 67' lang='lat' dir='ltr'><strong>experietur</strong></span> <span class='ocrx_word' id='word_1_436' title='bbox 2595 3058 2872 3141; x_wconf 81' lang='lat' dir='ltr'><strong>quidquam</strong></span> <span class='ocrx_word' id='word_1_437' title='bbox 2890 3065 3016 3123; x_wconf 81' lang='lat' dir='ltr'><strong>mali</strong></span> <span class='ocrx_word' id='word_1_438' title='bbox 3031 3068 3056 3139; x_wconf 77' lang='lat'><strong>‘(</strong></span> <span class='ocrx_word' id='word_1_439' title='bbox 3072 3065 3245 3121; x_wconf 86' lang='lat' dir='ltr'><strong>Eccle.</strong></span> <span class='ocrx_word' id='word_1_440' title='bbox 3278 3081 3372 3121; x_wconf 85' lang='lat' dir='ltr'><strong>vm</strong></span> <span class='ocrx_word' id='word_1_441' title='bbox 3386 3063 3447 3136; x_wconf 84' lang='lat'><strong>)?</strong></span> <span class='ocrx_word' id='word_1_442' title='bbox 3469 3061 3606 3130; x_wconf 85' lang='lat' dir='ltr'><strong>Quo-</strong></span> 
     </span>
    </p>
   </div>
   <div class='ocr_carea' id='block_1_62' title="bbox 427 3149 3607 3229">
    <p class='ocr_par' dir='ltr' id='par_1_62' title="bbox 427 3149 3607 3229">
     <span class='ocr_line' id='line_1_62' title="bbox 427 3149 3607 3229; baseline -0.003 -10"><span class='ocrx_word' id='word_1_443' title='bbox 427 3155 689 3209; x_wconf 75' lang='lat' dir='ltr'><strong>VERANUS-</strong></span> <span class='ocrx_word' id='word_1_444' title='bbox 723 3151 1004 3218; x_wconf 77' lang='lat' dir='ltr'><strong>QuomOdO</strong></span> <span class='ocrx_word' id='word_1_445' title='bbox 1035 3165 1162 3222; x_wconf 78' lang='grc' dir='ltr'><strong>θιέο</strong></span> <span class='ocrx_word' id='word_1_446' title='bbox 1189 3165 1377 3204; x_wconf 61' lang='lat' dir='ltr'><strong>verum</strong></span> <span class='ocrx_word' id='word_1_447' title='bbox 1426 3158 1508 3205; x_wconf 58' lang='lat' dir='ltr'><strong>est</strong></span> <span class='ocrx_word' id='word_1_448' title='bbox 1562 3149 1704 3218; x_wconf 74' lang='grc' dir='ltr'>(ιιιοά</span> <span class='ocrx_word' id='word_1_449' title='bbox 1752 3149 1880 3204; x_wconf 59' lang='lat' dir='ltr'><strong>die“</strong></span> <span class='ocrx_word' id='word_1_450' title='bbox 1910 3166 1922 3201; x_wconf 78' lang='grc' dir='ltr'>ε</span> <span class='ocrx_word' id='word_1_451' title='bbox 1955 3157 1999 3217; x_wconf 88' lang='lat' dir='ltr'>C</span> <span class='ocrx_word' id='word_1_452' title='bbox 2032 3157 2194 3214; x_wconf 92' lang='lat' dir='ltr'><strong>modo</strong></span> <span class='ocrx_word' id='word_1_453' title='bbox 2221 3158 2353 3214; x_wconf 88' lang='lat' dir='ltr'><strong>nihil</strong></span> <span class='ocrx_word' id='word_1_454' title='bbox 2379 3160 2507 3212; x_wconf 90' lang='lat' dir='ltr'><strong>mali</strong></span> <span class='ocrx_word' id='word_1_455' title='bbox 2531 3149 2838 3229; x_wconf 83' lang='lat' dir='ltr'><strong>experietur</strong></span> <span class='ocrx_word' id='word_1_456' title='bbox 2865 3159 2956 3228; x_wconf 90' lang='lat' dir='ltr'><strong>qui</strong></span> <span class='ocrx_word' id='word_1_457' title='bbox 2984 3165 3252 3228; x_wconf 82' lang='lat' dir='ltr'><strong>praecepta</strong></span> <span class='ocrx_word' id='word_1_458' title='bbox 3297 3152 3395 3210; x_wconf 90' lang='lat' dir='ltr'><strong>Dei</strong></span> <span class='ocrx_word' id='word_1_459' title='bbox 3429 3163 3607 3211; x_wconf 83' lang='lat' dir='ltr'><strong>custo-</strong></span> 
     </span>
    </p>
   </div>
   <div class='ocr_carea' id='block_1_63' title="bbox 356 3238 1722 3315">
    <p class='ocr_par' dir='ltr' id='par_1_63' title="bbox 356 3238 1722 3315">
     <span class='ocr_line' id='line_1_63' title="bbox 356 3238 1722 3315; baseline -0.004 -16"><span class='ocrx_word' id='word_1_460' title='bbox 356 3239 456 3308; x_wconf 75' lang='grc' dir='ltr'><strong>ριιὶ</strong></span> <span class='ocrx_word' id='word_1_461' title='bbox 486 3245 624 3298; x_wconf 81' lang='lat' dir='ltr'><strong>timet</strong></span> <span class='ocrx_word' id='word_1_462' title='bbox 645 3242 943 3315; x_wconf 74' lang='lat' dir='ltr'><strong>Dominum,</strong></span> <span class='ocrx_word' id='word_1_463' title='bbox 974 3239 1104 3294; x_wconf 80' lang='lat' dir='ltr'><strong>nihil</strong></span> <span class='ocrx_word' id='word_1_464' title='bbox 1126 3240 1338 3314; x_wconf 80' lang='lat' dir='ltr'><strong>negligit</strong></span> <span class='ocrx_word' id='word_1_465' title='bbox 1369 3238 1571 3310; x_wconf 81' lang='lat' dir='ltr'><strong>(Eccle.</strong></span> <span class='ocrx_word' id='word_1_466' title='bbox 1595 3239 1722 3309; x_wconf 85' lang='lat' dir='ltr'><strong>vn).</strong></span> 
     </span>
    </p>
   </div>
   <div class='ocr_carea' id='block_1_64' title="bbox 426 3331 1932 3407">
    <p class='ocr_par' dir='ltr' id='par_1_64' title="bbox 426 3331 1932 3407">
     <span class='ocr_line' id='line_1_64' title="bbox 426 3331 1932 3407; baseline -0.002 -18"><span class='ocrx_word' id='word_1_467' title='bbox 426 3333 702 3390; x_wconf 70' lang='lat' dir='ltr'><strong>Sanoruus.</strong></span> <span class='ocrx_word' id='word_1_468' title='bbox 737 3333 838 3399; x_wconf 90' lang='lat' dir='ltr'><strong>Qui</strong></span> <span class='ocrx_word' id='word_1_469' title='bbox 863 3333 1005 3386; x_wconf 91' lang='lat' dir='ltr'><strong>enim</strong></span> <span class='ocrx_word' id='word_1_470' title='bbox 1034 3339 1282 3386; x_wconf 87' lang='lat' dir='ltr'><strong>sanctum</strong></span> <span class='ocrx_word' id='word_1_471' title='bbox 1308 3340 1362 3386; x_wconf 91' lang='lat' dir='ltr'><strong>et</strong></span> <span class='ocrx_word' id='word_1_472' title='bbox 1389 3339 1596 3407; x_wconf 83' lang='lat' dir='ltr'><strong>castum</strong></span> <span class='ocrx_word' id='word_1_473' title='bbox 1648 3331 1745 3386; x_wconf 91' lang='lat' dir='ltr'><strong>Dei</strong></span> <span class='ocrx_word' id='word_1_474' title='bbox 1773 3331 1932 3386; x_wconf 87' lang='lat' dir='ltr'><strong>timo-</strong></span> 
     </span>
    </p>
   </div>
   <div class='ocr_carea' id='block_1_65' title="bbox 353 3419 1931 3492">
    <p class='ocr_par' dir='ltr' id='par_1_65' title="bbox 353 3419 1931 3492">
     <span class='ocr_line' id='line_1_65' title="bbox 353 3419 1931 3492; baseline -0.004 -10"><span class='ocrx_word' id='word_1_475' title='bbox 353 3431 469 3482; x_wconf 73' lang='lat' dir='ltr'><strong>rem</strong></span> <span class='ocrx_word' id='word_1_476' title='bbox 496 3425 677 3490; x_wconf 86' lang='lat' dir='ltr'><strong>habet,</strong></span> <span class='ocrx_word' id='word_1_477' title='bbox 710 3424 840 3478; x_wconf 87' lang='lat' dir='ltr'><strong>nihil</strong></span> <span class='ocrx_word' id='word_1_478' title='bbox 861 3419 1077 3477; x_wconf 79' lang='lat' dir='ltr'><strong>Omnino</strong></span> <span class='ocrx_word' id='word_1_479' title='bbox 1104 3423 1340 3490; x_wconf 84' lang='lat' dir='ltr'><strong>negligit,</strong></span> <span class='ocrx_word' id='word_1_480' title='bbox 1371 3423 1494 3488; x_wconf 86' lang='lat' dir='ltr'><strong>quia</strong></span> <span class='ocrx_word' id='word_1_481' title='bbox 1516 3436 1688 3489; x_wconf 90' lang='lat' dir='ltr'><strong>neque</strong></span> <span class='ocrx_word' id='word_1_482' title='bbox 1709 3436 1931 3492; x_wconf 87' lang='lat' dir='ltr'><strong>prospe-</strong></span> 
     </span>
    </p>
   </div>
   <div class='ocr_carea' id='block_1_66' title="bbox 359 3510 1930 3584">
    <p class='ocr_par' dir='ltr' id='par_1_66' title="bbox 359 3510 1930 3584">
     <span class='ocr_line' id='line_1_66' title="bbox 359 3510 1930 3584; baseline -0.003 -14"><span class='ocrx_word' id='word_1_483' title='bbox 359 3517 431 3571; x_wconf 88' lang='lat' dir='ltr'><strong>ris</strong></span> <span class='ocrx_word' id='word_1_484' title='bbox 459 3516 716 3580; x_wconf 86' lang='lat' dir='ltr'><strong>elevatur,</strong></span> <span class='ocrx_word' id='word_1_485' title='bbox 748 3528 923 3584; x_wconf 88' lang='lat' dir='ltr'><strong>neque</strong></span> <span class='ocrx_word' id='word_1_486' title='bbox 947 3513 1188 3566; x_wconf 88' lang='lat' dir='ltr'><strong>adversis</strong></span> <span class='ocrx_word' id='word_1_487' title='bbox 1207 3510 1468 3579; x_wconf 88' lang='lat' dir='ltr'><strong>dejicitur,</strong></span> <span class='ocrx_word' id='word_1_488' title='bbox 1497 3511 1749 3580; x_wconf 91' lang='lat' dir='ltr'><strong>quoniam</strong></span> <span class='ocrx_word' id='word_1_489' title='bbox 1777 3511 1930 3580; x_wconf 92' lang='lat' dir='ltr'><strong>quid-</strong></span> 
     </span>
    </p>
   </div>
   <div class='ocr_carea' id='block_1_67' title="bbox 359 3600 1430 3672">
    <p class='ocr_par' dir='ltr' id='par_1_67' title="bbox 359 3600 1430 3672">
     <span class='ocr_line' id='line_1_67' title="bbox 359 3600 1430 3672; baseline -0.005 -13"><span class='ocrx_word' id='word_1_490' title='bbox 359 3604 486 3672; x_wconf 85' lang='lat' dir='ltr'><strong>quid</strong></span> <span class='ocrx_word' id='word_1_491' title='bbox 516 3604 592 3657; x_wconf 90' lang='lat' dir='ltr'><strong>illi</strong></span> <span class='ocrx_word' id='word_1_492' title='bbox 621 3603 814 3657; x_wconf 86' lang='lat' dir='ltr'><strong>accidit</strong></span> <span class='ocrx_word' id='word_1_493' title='bbox 843 3618 949 3656; x_wconf 94' lang='lat' dir='ltr'><strong>non</strong></span> <span class='ocrx_word' id='word_1_494' title='bbox 976 3617 1100 3655; x_wconf 86' lang='lat' dir='ltr'><strong>eum</strong></span> <span class='ocrx_word' id='word_1_495' title='bbox 1128 3600 1430 3656; x_wconf 87' lang='lat' dir='ltr'><strong>contristat.</strong></span> 
     </span>
    </p>
   </div>
   <div class='ocr_carea' id='block_1_68' title="bbox 427 3694 1931 3764">
    <p class='ocr_par' dir='ltr' id='par_1_68' title="bbox 427 3694 1931 3764">
     <span class='ocr_line' id='line_1_68' title="bbox 427 3694 1931 3764; baseline 0.001 -16"><span class='ocrx_word' id='word_1_496' title='bbox 427 3695 697 3749; x_wconf 68' lang='lat' dir='ltr'><strong>Vesanus.</strong></span> <span class='ocrx_word' id='word_1_497' title='bbox 732 3694 860 3760; x_wconf 88' lang='lat' dir='ltr'><strong>Quis</strong></span> <span class='ocrx_word' id='word_1_498' title='bbox 889 3703 970 3748; x_wconf 90' lang='lat' dir='ltr'><strong>est</strong></span> <span class='ocrx_word' id='word_1_499' title='bbox 989 3707 1118 3763; x_wconf 84' lang='lat' dir='ltr'><strong>ergo</strong></span> <span class='ocrx_word' id='word_1_500' title='bbox 1147 3694 1234 3749; x_wconf 89' lang='lat' dir='ltr'><strong>ille</strong></span> <span class='ocrx_word' id='word_1_501' title='bbox 1257 3695 1347 3764; x_wconf 89' lang='lat' dir='ltr'><strong>qui</strong></span> <span class='ocrx_word' id='word_1_502' title='bbox 1375 3704 1618 3749; x_wconf 85' lang='lat' dir='ltr'><strong>sanctum</strong></span> <span class='ocrx_word' id='word_1_503' title='bbox 1647 3703 1703 3749; x_wconf 91' lang='lat' dir='ltr'><strong>et</strong></span> <span class='ocrx_word' id='word_1_504' title='bbox 1723 3703 1931 3749; x_wconf 87' lang='lat' dir='ltr'><strong>castum</strong></span> 
     </span>
    </p>
   </div>
   <div class='ocr_carea' id='block_1_69' title="bbox 362 3782 955 3842">
    <p class='ocr_par' dir='ltr' id='par_1_69' title="bbox 362 3782 955 3842">
     <span class='ocr_line' id='line_1_69' title="bbox 362 3782 955 3842; baseline 0 -3"><span class='ocrx_word' id='word_1_505' title='bbox 362 3782 455 3842; x_wconf 90' lang='lat' dir='ltr'><strong>Dei</strong></span> <span class='ocrx_word' id='word_1_506' title='bbox 476 3786 725 3840; x_wconf 89' lang='lat' dir='ltr'><strong>timorem</strong></span> <span class='ocrx_word' id='word_1_507' title='bbox 753 3785 955 3840; x_wconf 85' lang='lat' dir='ltr'><strong>habet?</strong></span> 
     </span>
    </p>
   </div>
   <div class='ocr_carea' id='block_1_70' title="bbox 429 3874 1930 3943">
    <p class='ocr_par' dir='ltr' id='par_1_70' title="bbox 429 3874 1930 3943">
     <span class='ocr_line' id='line_1_70' title="bbox 429 3874 1930 3943; baseline 0.003 -15"><span class='ocrx_word' id='word_1_508' title='bbox 429 3875 704 3929; x_wconf 77' lang='lat' dir='ltr'><strong>SALONIUS.</strong></span> <span class='ocrx_word' id='word_1_509' title='bbox 739 3874 840 3939; x_wconf 87' lang='lat' dir='ltr'><strong>Qui</strong></span> <span class='ocrx_word' id='word_1_510' title='bbox 870 3875 1153 3931; x_wconf 91' lang='lat' dir='ltr'><strong>Dominum</strong></span> <span class='ocrx_word' id='word_1_511' title='bbox 1182 3877 1236 3938; x_wconf 84' lang='lat' dir='ltr'><strong>in</strong></span> <span class='ocrx_word' id='word_1_512' title='bbox 1281 3876 1428 3931; x_wconf 92' lang='lat' dir='ltr'><strong>nullo</strong></span> <span class='ocrx_word' id='word_1_513' title='bbox 1481 3877 1594 3932; x_wconf 91' lang='lat' dir='ltr'><strong>vult</strong></span> <span class='ocrx_word' id='word_1_514' title='bbox 1640 3877 1930 3943; x_wconf 72' lang='lat' dir='ltr'><strong>offendere,</strong></span> 
     </span>
    </p>
   </div>
   <div class='ocr_carea' id='block_1_71' title="bbox 366 3961 1934 4040">
    <p class='ocr_par' dir='ltr' id='par_1_71' title="bbox 366 3961 1934 4040">
     <span class='ocr_line' id='line_1_71' title="bbox 366 3961 1934 4040; baseline 0.003 -22"><span class='ocrx_word' id='word_1_515' title='bbox 366 3971 417 4018; x_wconf 93' lang='lat' dir='ltr'><strong>et</strong></span> <span class='ocrx_word' id='word_1_516' title='bbox 444 3971 699 4031; x_wconf 89' lang='lat' dir='ltr'><strong>quantum</strong></span> <span class='ocrx_word' id='word_1_517' title='bbox 724 3964 837 4031; x_wconf 90' lang='lat' dir='ltr'><strong>ipse</strong></span> <span class='ocrx_word' id='word_1_518' title='bbox 866 3961 1122 4032; x_wconf 85' lang='lat' dir='ltr'><strong>adjuvare</strong></span> <span class='ocrx_word' id='word_1_519' title='bbox 1149 3965 1415 4040; x_wconf 81' lang='lat' dir='ltr'><strong>dignatur,</strong></span> <span class='ocrx_word' id='word_1_520' title='bbox 1447 3966 1562 4036; x_wconf 90' lang='lat' dir='ltr'><strong>ejus</strong></span> <span class='ocrx_word' id='word_1_521' title='bbox 1610 3968 1934 4023; x_wconf 87' lang='lat' dir='ltr'><strong>voluntatem</strong></span> 
     </span>
    </p>
   </div>
   <div class='ocr_carea' id='block_1_72' title="bbox 367 4050 1936 4119">
    <p class='ocr_par' dir='ltr' id='par_1_72' title="bbox 367 4050 1936 4119">
     <span class='ocr_line' id='line_1_72' title="bbox 367 4050 1936 4119; baseline 0.003 -10"><span class='ocrx_word' id='word_1_522' title='bbox 367 4059 421 4109; x_wconf 86' lang='lat' dir='ltr'><strong>et</strong></span> <span class='ocrx_word' id='word_1_523' title='bbox 448 4050 694 4105; x_wconf 85' lang='lat' dir='ltr'><strong>mandata</strong></span> <span class='ocrx_word' id='word_1_524' title='bbox 739 4051 903 4119; x_wconf 89' lang='lat' dir='ltr'><strong>ipsius</strong></span> <span class='ocrx_word' id='word_1_525' title='bbox 928 4052 980 4103; x_wconf 90' lang='lat' dir='ltr'><strong>in</strong></span> <span class='ocrx_word' id='word_1_526' title='bbox 1004 4056 1249 4108; x_wconf 89' lang='lat' dir='ltr'><strong>omnibus</strong></span> <span class='ocrx_word' id='word_1_527' title='bbox 1297 4058 1409 4113; x_wconf 90' lang='lat' dir='ltr'><strong>vult</strong></span> <span class='ocrx_word' id='word_1_528' title='bbox 1462 4067 1517 4112; x_wconf 92' lang='lat' dir='ltr'><strong>et</strong></span> <span class='ocrx_word' id='word_1_529' title='bbox 1559 4060 1736 4115; x_wconf 87' lang='lat' dir='ltr'><strong>studet</strong></span> <span class='ocrx_word' id='word_1_530' title='bbox 1765 4060 1936 4114; x_wconf 87' lang='lat' dir='ltr'><strong>adim-</strong></span> 
     </span>
    </p>
   </div>
   <div class='ocr_carea' id='block_1_73' title="bbox 367 4145 532 4217">
    <p class='ocr_par' dir='ltr' id='par_1_73' title="bbox 367 4145 532 4217">
     <span class='ocr_line' id='line_1_73' title="bbox 367 4145 532 4217; baseline -0.024 -17"><span class='ocrx_word' id='word_1_531' title='bbox 367 4145 532 4217; x_wconf 89' lang='lat' dir='ltr'><strong>plere.</strong></span> 
     </span>
    </p>
   </div>
   <div class='ocr_carea' id='block_1_74' title="bbox 437 4251 1940 4332">
    <p class='ocr_par' dir='ltr' id='par_1_74' title="bbox 437 4251 1940 4332">
     <span class='ocr_line' id='line_1_74' title="bbox 437 4251 1940 4332; baseline 0.005 -22"><span class='ocrx_word' id='word_1_532' title='bbox 437 4256 706 4310; x_wconf 72' lang='lat' dir='ltr'><strong>Vesanus.</strong></span> <span class='ocrx_word' id='word_1_533' title='bbox 739 4251 876 4318; x_wconf 89' lang='lat' dir='ltr'><strong>Quid</strong></span> <span class='ocrx_word' id='word_1_534' title='bbox 907 4260 988 4307; x_wconf 90' lang='lat' dir='ltr'><strong>est</strong></span> <span class='ocrx_word' id='word_1_535' title='bbox 1015 4253 1159 4320; x_wconf 92' lang='lat' dir='ltr'><strong>quod</strong></span> <span class='ocrx_word' id='word_1_536' title='bbox 1184 4254 1291 4308; x_wconf 90' lang='lat' dir='ltr'><strong>ait:</strong></span> <span class='ocrx_word' id='word_1_537' title='bbox 1314 4254 1586 4322; x_wconf 83' lang='lat' dir='ltr'><strong>Sapientia</strong></span> <span class='ocrx_word' id='word_1_538' title='bbox 1631 4264 1940 4332; x_wconf 72' lang='lat' dir='ltr'><strong>confortabit</strong></span> 
     </span>
    </p>
   </div>
   <div class='ocr_carea' id='block_1_75' title="bbox 317 4345 1941 4424">
    <p class='ocr_par' dir='ltr' id='par_1_75' title="bbox 317 4345 1941 4424">
     <span class='ocr_line' id='line_1_75' title="bbox 317 4345 1941 4424; baseline 0.003 -22"><span class='ocrx_word' id='word_1_539' title='bbox 317 4405 328 4420; x_wconf 79' lang='lat'><strong>_</strong></span> <span class='ocrx_word' id='word_1_540' title='bbox 371 4350 653 4417; x_wconf 72' lang='lat' dir='ltr'><strong>sapientem</strong></span> <span class='ocrx_word' id='word_1_541' title='bbox 708 4362 858 4415; x_wconf 80' lang='lat' dir='ltr'><strong>super</strong></span> <span class='ocrx_word' id='word_1_542' title='bbox 903 4345 1077 4400; x_wconf 79' lang='lat' dir='ltr'><strong>decem</strong></span> <span class='ocrx_word' id='word_1_543' title='bbox 1141 4347 1399 4416; x_wconf 78' lang='lat' dir='ltr'><strong>principes</strong></span> <span class='ocrx_word' id='word_1_544' title='bbox 1447 4349 1664 4402; x_wconf 77' lang='lat' dir='ltr'><strong>civitatis</strong></span> <span class='ocrx_word' id='word_1_545' title='bbox 1717 4353 1941 4424; x_wconf 83' lang='lat' dir='ltr'><strong>(Ibid.)?</strong></span> 
     </span>
    </p>
   </div>
   <div class='ocr_carea' id='block_1_76' title="bbox 373 4439 1873 4509">
    <p class='ocr_par' dir='ltr' id='par_1_76' title="bbox 373 4439 1873 4509">
     <span class='ocr_line' id='line_1_76' title="bbox 373 4439 1873 4509; baseline 0 -14"><span class='ocrx_word' id='word_1_546' title='bbox 373 4440 500 4507; x_wconf 83' lang='lat' dir='ltr'><strong>Quae</strong></span> <span class='ocrx_word' id='word_1_547' title='bbox 527 4448 608 4495; x_wconf 90' lang='lat' dir='ltr'><strong>est</strong></span> <span class='ocrx_word' id='word_1_548' title='bbox 626 4440 741 4493; x_wconf 57' lang='lat' dir='ltr'><strong>hac</strong></span> <span class='ocrx_word' id='word_1_549' title='bbox 769 4439 1046 4508; x_wconf 89' lang='lat' dir='ltr'><strong>sapientia,</strong></span> <span class='ocrx_word' id='word_1_550' title='bbox 1079 4446 1171 4492; x_wconf 88' lang='lat' dir='ltr'><strong>aut</strong></span> <span class='ocrx_word' id='word_1_551' title='bbox 1187 4439 1280 4507; x_wconf 85' lang='lat' dir='ltr'><strong>qui</strong></span> <span class='ocrx_word' id='word_1_552' title='bbox 1307 4447 1432 4493; x_wconf 88' lang='lat' dir='ltr'><strong>sunt</strong></span> <span class='ocrx_word' id='word_1_553' title='bbox 1459 4440 1544 4494; x_wconf 87' lang='lat' dir='ltr'><strong>isti</strong></span> <span class='ocrx_word' id='word_1_554' title='bbox 1570 4441 1873 4509; x_wconf 83' lang='lat' dir='ltr'><strong>principes?</strong></span> 
     </span>
    </p>
   </div>
   <div class='ocr_carea' id='block_1_77' title="bbox 441 4551 1942 4621">
    <p class='ocr_par' dir='ltr' id='par_1_77' title="bbox 441 4551 1942 4621">
     <span class='ocr_line' id='line_1_77' title="bbox 441 4551 1942 4621; baseline 0.003 -13"><span class='ocrx_word' id='word_1_555' title='bbox 441 4555 719 4609; x_wconf 73' lang='lat' dir='ltr'><strong>SALONIUS.</strong></span> <span class='ocrx_word' id='word_1_556' title='bbox 751 4551 1021 4621; x_wconf 84' lang='lat' dir='ltr'><strong>Sapientia</strong></span> <span class='ocrx_word' id='word_1_557' title='bbox 1044 4553 1096 4605; x_wconf 89' lang='lat' dir='ltr'><strong>in</strong></span> <span class='ocrx_word' id='word_1_558' title='bbox 1141 4553 1246 4607; x_wconf 90' lang='lat' dir='ltr'><strong>hoc</strong></span> <span class='ocrx_word' id='word_1_559' title='bbox 1276 4553 1396 4609; x_wconf 90' lang='lat' dir='ltr'><strong>loco</strong></span> <span class='ocrx_word' id='word_1_560' title='bbox 1441 4553 1722 4610; x_wconf 91' lang='lat' dir='ltr'><strong>Dominum</strong></span> <span class='ocrx_word' id='word_1_561' title='bbox 1761 4551 1942 4612; x_wconf 84' lang='lat' dir='ltr'><strong>Jesum</strong></span> 
     </span>
    </p>
   </div>
   <div class='ocr_carea' id='block_1_78' title="bbox 372 4638 1937 4715">
    <p class='ocr_par' dir='ltr' id='par_1_78' title="bbox 372 4638 1937 4715">
     <span class='ocr_line' id='line_1_78' title="bbox 372 4638 1937 4715; baseline 0.003 -16"><span class='ocrx_word' id='word_1_562' title='bbox 372 4644 643 4699; x_wconf 84' lang='lat' dir='ltr'><strong>Christum</strong></span> <span class='ocrx_word' id='word_1_563' title='bbox 664 4638 946 4709; x_wconf 83' lang='lat' dir='ltr'><strong>signiﬁcat,</strong></span> <span class='ocrx_word' id='word_1_564' title='bbox 977 4643 1068 4711; x_wconf 88' lang='lat' dir='ltr'><strong>qui</strong></span> <span class='ocrx_word' id='word_1_565' title='bbox 1096 4651 1178 4698; x_wconf 89' lang='lat' dir='ltr'><strong>est</strong></span> <span class='ocrx_word' id='word_1_566' title='bbox 1205 4643 1374 4699; x_wconf 87' lang='lat' dir='ltr'><strong>virtus</strong></span> <span class='ocrx_word' id='word_1_567' title='bbox 1402 4652 1455 4698; x_wconf 89' lang='lat' dir='ltr'><strong>et</strong></span> <span class='ocrx_word' id='word_1_568' title='bbox 1496 4645 1754 4715; x_wconf 83' lang='lat' dir='ltr'><strong>sapientia</strong></span> <span class='ocrx_word' id='word_1_569' title='bbox 1806 4649 1899 4703; x_wconf 93' lang='lat' dir='ltr'><strong>Dei</strong></span> <span class='ocrx_word' id='word_1_570' title='bbox 1926 4668 1937 4702; x_wconf 89' lang='lat'><strong>:</strong></span> 
     </span>
    </p>
   </div>
   <div class='ocr_carea' id='block_1_79' title="bbox 375 4731 1944 4808">
    <p class='ocr_par' dir='ltr' id='par_1_79' title="bbox 375 4731 1944 4808">
     <span class='ocr_line' id='line_1_79' title="bbox 375 4731 1944 4808; baseline 0.003 -21"><span class='ocrx_word' id='word_1_571' title='bbox 375 4734 642 4804; x_wconf 87' lang='lat' dir='ltr'><strong>principes</strong></span> <span class='ocrx_word' id='word_1_572' title='bbox 663 4731 913 4796; x_wconf 84' lang='lat' dir='ltr'><strong>civitatis,</strong></span> <span class='ocrx_word' id='word_1_573' title='bbox 945 4733 1116 4786; x_wconf 90' lang='lat' dir='ltr'><strong>sancti</strong></span> <span class='ocrx_word' id='word_1_574' title='bbox 1141 4732 1315 4800; x_wconf 86' lang='lat' dir='ltr'><strong>angeli</strong></span> <span class='ocrx_word' id='word_1_575' title='bbox 1342 4742 1463 4789; x_wconf 89' lang='lat' dir='ltr'><strong>sunt</strong></span> <span class='ocrx_word' id='word_1_576' title='bbox 1484 4734 1833 4804; x_wconf 88' lang='lat' dir='ltr'><strong>intelligendi,</strong></span> <span class='ocrx_word' id='word_1_577' title='bbox 1853 4739 1944 4808; x_wconf 89' lang='lat' dir='ltr'><strong>qui</strong></span> 
     </span>
    </p>
   </div>
   <div class='ocr_carea' id='block_1_80' title="bbox 376 4823 1938 4892">
    <p class='ocr_par' dir='ltr' id='par_1_80' title="bbox 376 4823 1938 4892">
     <span class='ocr_line' id='line_1_80' title="bbox 376 4823 1938 4892; baseline 0.001 -11"><span class='ocrx_word' id='word_1_578' title='bbox 376 4832 501 4881; x_wconf 69' lang='lat' dir='ltr'><strong>Sunt</strong></span> <span class='ocrx_word' id='word_1_579' title='bbox 526 4824 795 4892; x_wconf 83' lang='lat' dir='ltr'><strong>principes</strong></span> <span class='ocrx_word' id='word_1_580' title='bbox 837 4823 1100 4889; x_wconf 85' lang='lat' dir='ltr'><strong>civitatis,</strong></span> <span class='ocrx_word' id='word_1_581' title='bbox 1153 4823 1206 4878; x_wconf 91' lang='lat' dir='ltr'><strong>id</strong></span> <span class='ocrx_word' id='word_1_582' title='bbox 1234 4829 1318 4878; x_wconf 91' lang='lat' dir='ltr'><strong>est</strong></span> <span class='ocrx_word' id='word_1_583' title='bbox 1343 4825 1575 4880; x_wconf 75' lang='lat' dir='ltr'><strong>ctelestis</strong></span> <span class='ocrx_word' id='word_1_584' title='bbox 1626 4824 1938 4883; x_wconf 80' lang='lat' dir='ltr'><strong>Jerusalem.</strong></span> 
     </span>
    </p>
   </div>
   <div class='ocr_carea' id='block_1_81' title="bbox 375 4912 1944 4989">
    <p class='ocr_par' dir='ltr' id='par_1_81' title="bbox 375 4912 1944 4989">
     <span class='ocr_line' id='line_1_81' title="bbox 375 4912 1944 4989; baseline 0.004 -20"><span class='ocrx_word' id='word_1_585' title='bbox 375 4914 514 4969; x_wconf 91' lang='lat' dir='ltr'><strong>Sunt</strong></span> <span class='ocrx_word' id='word_1_586' title='bbox 539 4921 593 4967; x_wconf 92' lang='lat' dir='ltr'><strong>et</strong></span> <span class='ocrx_word' id='word_1_587' title='bbox 613 4912 879 4982; x_wconf 84' lang='lat' dir='ltr'><strong>principes</strong></span> <span class='ocrx_word' id='word_1_588' title='bbox 908 4913 1178 4981; x_wconf 67' lang='lat' dir='ltr'><strong>Ecclesiae,</strong></span> <span class='ocrx_word' id='word_1_589' title='bbox 1205 4915 1326 4984; x_wconf 88' lang='lat' dir='ltr'><strong>quia</strong></span> <span class='ocrx_word' id='word_1_590' title='bbox 1359 4915 1459 4985; x_wconf 89' lang='lat' dir='ltr'><strong>ipsi</strong></span> <span class='ocrx_word' id='word_1_591' title='bbox 1486 4917 1724 4986; x_wconf 90' lang='lat' dir='ltr'><strong>quotidie</strong></span> <span class='ocrx_word' id='word_1_592' title='bbox 1750 4928 1944 4989; x_wconf 88' lang='lat' dir='ltr'><strong>regunt</strong></span> 
     </span>
    </p>
   </div>
   <div class='ocr_carea' id='block_1_82' title="bbox 376 5006 927 5064">
    <p class='ocr_par' dir='ltr' id='par_1_82' title="bbox 376 5006 927 5064">
     <span class='ocr_line' id='line_1_82' title="bbox 376 5006 927 5064; baseline -0.005 0"><span class='ocrx_word' id='word_1_593' title='bbox 376 5023 497 5064; x_wconf 76' lang='lat' dir='ltr'><strong>eam</strong></span> <span class='ocrx_word' id='word_1_594' title='bbox 525 5015 582 5062; x_wconf 85' lang='lat' dir='ltr'><strong>et</strong></span> <span class='ocrx_word' id='word_1_595' title='bbox 603 5006 927 5061; x_wconf 88' lang='lat' dir='ltr'><strong>custodiunt.</strong></span> 
     </span>
    </p>
   </div>
   <div class='ocr_carea' id='block_1_83' title="bbox 448 5095 1527 5166">
    <p class='ocr_par' dir='ltr' id='par_1_83' title="bbox 448 5095 1527 5166">
     <span class='ocr_line' id='line_1_83' title="bbox 448 5095 1527 5166; baseline 0.002 -14"><span class='ocrx_word' id='word_1_596' title='bbox 448 5097 714 5152; x_wconf 68' lang='lat' dir='ltr'><strong>Vesanus.</strong></span> <span class='ocrx_word' id='word_1_597' title='bbox 744 5095 854 5151; x_wconf 85' lang='lat' dir='ltr'><strong>Cur</strong></span> <span class='ocrx_word' id='word_1_598' title='bbox 881 5111 1009 5166; x_wconf 86' lang='lat' dir='ltr'><strong>ergo</strong></span> <span class='ocrx_word' id='word_1_599' title='bbox 1025 5097 1213 5154; x_wconf 90' lang='lat' dir='ltr'><strong>decem</strong></span> <span class='ocrx_word' id='word_1_600' title='bbox 1241 5095 1527 5155; x_wconf 81' lang='lat' dir='ltr'><strong>dicuntur?</strong></span> 
     </span>
    </p>
   </div>
   <div class='ocr_carea' id='block_1_84' title="bbox 445 5205 1946 5286">
    <p class='ocr_par' dir='ltr' id='par_1_84' title="bbox 445 5205 1946 5286">
     <span class='ocr_line' id='line_1_84' title="bbox 445 5205 1946 5286; baseline 0.005 -23"><span class='ocrx_word' id='word_1_601' title='bbox 445 5205 725 5263; x_wconf 65' lang='lat' dir='ltr'><strong>Saaomus&#39;.</strong></span> <span class='ocrx_word' id='word_1_602' title='bbox 767 5205 900 5274; x_wconf 89' lang='lat' dir='ltr'><strong>Quia</strong></span> <span class='ocrx_word' id='word_1_603' title='bbox 939 5207 1126 5263; x_wconf 88' lang='lat' dir='ltr'><strong>decem</strong></span> <span class='ocrx_word' id='word_1_604' title='bbox 1151 5219 1176 5245; x_wconf 72' lang='grc' dir='ltr'><strong>ιι</strong></span> <span class='ocrx_word' id='word_1_605' title='bbox 1200 5208 1416 5265; x_wconf 88' lang='lat' dir='ltr'><strong>fuerunt</strong></span> <span class='ocrx_word' id='word_1_606' title='bbox 1463 5211 1679 5268; x_wconf 90' lang='lat' dir='ltr'><strong>ordines</strong></span> <span class='ocrx_word' id='word_1_607' title='bbox 1727 5216 1946 5286; x_wconf 87' lang='lat' dir='ltr'><strong>angelo-</strong></span> 
     </span>
    </p>
   </div>
   <div class='ocr_carea' id='block_1_85' title="bbox 379 5300 1946 5385">
    <p class='ocr_par' dir='ltr' id='par_1_85' title="bbox 379 5300 1946 5385">
     <span class='ocr_line' id='line_1_85' title="bbox 379 5300 1946 5385; baseline 0.005 -29"><span class='ocrx_word' id='word_1_608' title='bbox 379 5315 522 5370; x_wconf 87' lang='lat' dir='ltr'><strong>rum,</strong></span> <span class='ocrx_word' id='word_1_609' title='bbox 549 5301 644 5356; x_wconf 91' lang='lat' dir='ltr'><strong>sed</strong></span> <span class='ocrx_word' id='word_1_610' title='bbox 695 5316 832 5355; x_wconf 83' lang='lat' dir='ltr'><strong>unus</strong></span> <span class='ocrx_word' id='word_1_611' title='bbox 885 5300 1076 5356; x_wconf 90' lang='lat' dir='ltr'><strong>cecidit</strong></span> <span class='ocrx_word' id='word_1_612' title='bbox 1127 5316 1223 5371; x_wconf 89' lang='lat' dir='ltr'><strong>per</strong></span> <span class='ocrx_word' id='word_1_613' title='bbox 1270 5303 1616 5371; x_wconf 86' lang='lat' dir='ltr'><strong>superbiam?</strong></span> <span class='ocrx_word' id='word_1_614' title='bbox 1641 5315 1704 5385; x_wconf 86' lang='lat' dir='ltr'><strong>et</strong></span> <span class='ocrx_word' id='word_1_615' title='bbox 1748 5308 1946 5364; x_wconf 90' lang='lat' dir='ltr'><strong>idcirco</strong></span> 
     </span>
    </p>
   </div>
   <div class='ocr_carea' id='block_1_86' title="bbox 379 5389 1948 5462">
    <p class='ocr_par' dir='ltr' id='par_1_86' title="bbox 379 5389 1948 5462">
     <span class='ocr_line' id='line_1_86' title="bbox 379 5389 1948 5462; baseline 0.007 -15"><span class='ocrx_word' id='word_1_616' title='bbox 379 5390 510 5448; x_wconf 81' lang='lat' dir='ltr'><strong>boni</strong></span> <span class='ocrx_word' id='word_1_617' title='bbox 529 5389 703 5462; x_wconf 87' lang='lat' dir='ltr'><strong>angeli</strong></span> <span class='ocrx_word' id='word_1_618' title='bbox 725 5405 938 5461; x_wconf 89' lang='lat' dir='ltr'><strong>semper</strong></span> <span class='ocrx_word' id='word_1_619' title='bbox 959 5391 1024 5445; x_wconf 91' lang='lat' dir='ltr'><strong>ad</strong></span> <span class='ocrx_word' id='word_1_620' title='bbox 1051 5391 1155 5447; x_wconf 91' lang='lat' dir='ltr'><strong>hoc</strong></span> <span class='ocrx_word' id='word_1_621' title='bbox 1173 5390 1438 5462; x_wconf 89' lang='lat' dir='ltr'><strong>laborant,</strong></span> <span class='ocrx_word' id='word_1_622' title='bbox 1464 5403 1523 5449; x_wconf 92' lang='lat' dir='ltr'><strong>ut</strong></span> <span class='ocrx_word' id='word_1_623' title='bbox 1549 5395 1617 5451; x_wconf 93' lang='lat' dir='ltr'><strong>de</strong></span> <span class='ocrx_word' id='word_1_624' title='bbox 1639 5397 1948 5458; x_wconf 86' lang='lat' dir='ltr'><strong>hominibus</strong></span> 
     </span>
    </p>
   </div>
   <div class='ocr_carea' id='block_1_87' title="bbox 458 5569 1954 5638">
    <p class='ocr_par' dir='ltr' id='par_1_87' title="bbox 458 5569 1954 5638">
     <span class='ocr_line' id='line_1_87' title="bbox 458 5569 1954 5638; baseline 0.013 -21"><span class='ocrx_word' id='word_1_625' title='bbox 458 5579 483 5606; x_wconf 76' lang='grc' dir='ltr'><strong>ι</strong></span> <span class='ocrx_word' id='word_1_626' title='bbox 520 5569 815 5638; x_wconf 81' lang='lat' dir='ltr'><strong>Improprie</strong></span> <span class='ocrx_word' id='word_1_627' title='bbox 870 5573 1029 5624; x_wconf 82' lang='lat' dir='ltr'><strong>vocat</strong></span> <span class='ocrx_word' id='word_1_628' title='bbox 1071 5569 1333 5625; x_wconf 89' lang='lat' dir='ltr'><strong>decimum</strong></span> <span class='ocrx_word' id='word_1_629' title='bbox 1387 5571 1628 5635; x_wconf 85' lang='lat' dir='ltr'><strong>ordinem</strong></span> <span class='ocrx_word' id='word_1_630' title='bbox 1677 5592 1954 5634; x_wconf 89' lang='lat' dir='ltr'><strong>numerum</strong></span> 
     </span>
    </p>
   </div>
   <div class='ocr_carea' id='block_1_88' title="bbox 383 5638 1956 5717">
    <p class='ocr_par' dir='ltr' id='par_1_88' title="bbox 383 5638 1956 5717">
     <span class='ocr_line' id='line_1_88' title="bbox 383 5638 1956 5717; baseline 0.01 -28"><span class='ocrx_word' id='word_1_631' title='bbox 383 5638 535 5696; x_wconf 63' lang='lat' dir='ltr'><strong>ﬁmi</strong></span> <span class='ocrx_word' id='word_1_632' title='bbox 555 5638 864 5717; x_wconf 76' lang='lat' dir='ltr'><strong>angelorum</strong></span> <span class='ocrx_word' id='word_1_633' title='bbox 889 5639 982 5708; x_wconf 85' lang='lat' dir='ltr'><strong>qui</strong></span> <span class='ocrx_word' id='word_1_634' title='bbox 1009 5652 1076 5692; x_wconf 81' lang='lat' dir='ltr'><strong>ex</strong></span> <span class='ocrx_word' id='word_1_635' title='bbox 1111 5654 1305 5717; x_wconf 74' lang='lat' dir='ltr'><strong>novem</strong></span> <span class='ocrx_word' id='word_1_636' title='bbox 1321 5641 1596 5717; x_wconf 75' lang='lat' dir='ltr'><strong>ordinibus</strong></span> <span class='ocrx_word' id='word_1_637' title='bbox 1611 5644 1956 5717; x_wconf 77' lang='lat' dir='ltr'><strong>ce&#39;cidit,nam</strong></span> 
     </span>
    </p>
   </div>
   <div class='ocr_carea' id='block_1_89' title="bbox 386 5709 1959 5786">
    <p class='ocr_par' dir='ltr' id='par_1_89' title="bbox 386 5709 1959 5786">
     <span class='ocr_line' id='line_1_89' title="bbox 386 5709 1959 5786; baseline 0.008 -26"><span class='ocrx_word' id='word_1_638' title='bbox 386 5719 586 5766; x_wconf 71' lang='lat' dir='ltr'><strong>novem</strong></span> <span class='ocrx_word' id='word_1_639' title='bbox 602 5714 813 5763; x_wconf 82' lang='lat' dir='ltr'><strong>tantum</strong></span> <span class='ocrx_word' id='word_1_640' title='bbox 831 5722 954 5764; x_wconf 79' lang='lat' dir='ltr'><strong>esse</strong></span> <span class='ocrx_word' id='word_1_641' title='bbox 975 5709 1282 5780; x_wconf 78' lang='lat' dir='ltr'><strong>angelorum</strong></span> <span class='ocrx_word' id='word_1_642' title='bbox 1310 5710 1554 5779; x_wconf 86' lang='lat' dir='ltr'><strong>ordines,</strong></span> <span class='ocrx_word' id='word_1_643' title='bbox 1606 5723 1660 5768; x_wconf 91' lang='lat' dir='ltr'><strong>et</strong></span> <span class='ocrx_word' id='word_1_644' title='bbox 1705 5731 1769 5770; x_wconf 81' lang='lat' dir='ltr'><strong>ex</strong></span> <span class='ocrx_word' id='word_1_645' title='bbox 1791 5709 1959 5786; x_wconf 79' lang='lat' dir='ltr'><strong>quoli-</strong></span> 
     </span>
    </p>
   </div>
   <div class='ocr_carea' id='block_1_90' title="bbox 2031 3241 3608 3317">
    <p class='ocr_par' dir='ltr' id='par_1_90' title="bbox 2031 3241 3608 3317">
     <span class='ocr_line' id='line_1_90' title="bbox 2031 3241 3608 3317; baseline -0.004 -12"><span class='ocrx_word' id='word_1_646' title='bbox 2031 3248 2128 3312; x_wconf 85' lang='lat' dir='ltr'><strong>dit,</strong></span> <span class='ocrx_word' id='word_1_647' title='bbox 2159 3263 2281 3302; x_wconf 91' lang='lat' dir='ltr'><strong>cum</strong></span> <span class='ocrx_word' id='word_1_648' title='bbox 2305 3249 2473 3303; x_wconf 90' lang='lat' dir='ltr'><strong>sancti</strong></span> <span class='ocrx_word' id='word_1_649' title='bbox 2500 3247 2600 3303; x_wconf 89' lang='lat' dir='ltr'><strong>viri</strong></span> <span class='ocrx_word' id='word_1_650' title='bbox 2621 3249 2713 3317; x_wconf 92' lang='lat' dir='ltr'><strong>qui</strong></span> <span class='ocrx_word' id='word_1_651' title='bbox 2754 3255 3020 3317; x_wconf 79' lang='lat' dir='ltr'><strong>prtecepta</strong></span> <span class='ocrx_word' id='word_1_652' title='bbox 3076 3245 3172 3299; x_wconf 92' lang='lat' dir='ltr'><strong>Dei</strong></span> <span class='ocrx_word' id='word_1_653' title='bbox 3219 3241 3608 3311; x_wconf 89' lang='lat' dir='ltr'><strong>custodierunt,</strong></span> 
     </span>
    </p>
   </div>
   <div class='ocr_carea' id='block_1_91' title="bbox 2032 3337 3078 3407">
    <p class='ocr_par' dir='ltr' id='par_1_91' title="bbox 2032 3337 3078 3407">
     <span class='ocr_line' id='line_1_91' title="bbox 2032 3337 3078 3407; baseline -0.002 -16"><span class='ocrx_word' id='word_1_654' title='bbox 2032 3337 2199 3391; x_wconf 88' lang='lat' dir='ltr'><strong>multa</strong></span> <span class='ocrx_word' id='word_1_655' title='bbox 2227 3339 2468 3407; x_wconf 89' lang='lat' dir='ltr'><strong>perpessi</strong></span> <span class='ocrx_word' id='word_1_656' title='bbox 2497 3338 2602 3391; x_wconf 89' lang='lat' dir='ltr'><strong>sint</strong></span> <span class='ocrx_word' id='word_1_657' title='bbox 2630 3337 2683 3391; x_wconf 91' lang='lat' dir='ltr'><strong>in</strong></span> <span class='ocrx_word' id='word_1_658' title='bbox 2712 3338 2816 3391; x_wconf 90' lang='lat' dir='ltr'><strong>hoc</strong></span> <span class='ocrx_word' id='word_1_659' title='bbox 2843 3337 3078 3391; x_wconf 66' lang='lat' dir='ltr'><strong>saeculo?</strong></span> 
     </span>
    </p>
   </div>
   <div class='ocr_carea' id='block_1_92' title="bbox 2099 3408 3654 3494">
    <p class='ocr_par' dir='ltr' id='par_1_92' title="bbox 2099 3408 3654 3494">
     <span class='ocr_line' id='line_1_92' title="bbox 2099 3408 3654 3494; baseline -0.006 -12"><span class='ocrx_word' id='word_1_660' title='bbox 2099 3428 2380 3482; x_wconf 78' lang='lat' dir='ltr'><strong>SaLomus.</strong></span> <span class='ocrx_word' id='word_1_661' title='bbox 2411 3428 2609 3481; x_wconf 85' lang='lat' dir='ltr'><strong>Verum</strong></span> <span class='ocrx_word' id='word_1_662' title='bbox 2635 3435 2738 3492; x_wconf 90' lang='lat' dir='ltr'><strong>est,</strong></span> <span class='ocrx_word' id='word_1_663' title='bbox 2768 3427 2891 3494; x_wconf 87' lang='lat' dir='ltr'><strong>quia</strong></span> <span class='ocrx_word' id='word_1_664' title='bbox 2943 3425 3034 3494; x_wconf 83' lang='lat' dir='ltr'><strong>qui</strong></span> <span class='ocrx_word' id='word_1_665' title='bbox 3089 3429 3356 3493; x_wconf 78' lang='lat' dir='ltr'><strong>praecepta</strong></span> <span class='ocrx_word' id='word_1_666' title='bbox 3385 3419 3478 3475; x_wconf 90' lang='lat' dir='ltr'><strong>Dei</strong></span> <span class='ocrx_word' id='word_1_667' title='bbox 3511 3408 3610 3475; x_wconf 81' lang='lat' dir='ltr'><strong>eu-</strong></span> <span class='ocrx_word' id='word_1_668' title='bbox 3647 3415 3654 3420; x_wconf 72' lang='grc'>⁷</span> 
     </span>
    </p>
   </div>
   <div class='ocr_carea' id='block_1_93' title="bbox 2030 3499 3599 3580">
    <p class='ocr_par' dir='ltr' id='par_1_93' title="bbox 2030 3499 3599 3580">
     <span class='ocr_line' id='line_1_93' title="bbox 2030 3499 3599 3580; baseline -0.004 -11"><span class='ocrx_word' id='word_1_669' title='bbox 2030 3515 2216 3579; x_wconf 91' lang='lat' dir='ltr'><strong>stodit,</strong></span> <span class='ocrx_word' id='word_1_670' title='bbox 2249 3516 2299 3567; x_wconf 94' lang='lat' dir='ltr'><strong>id</strong></span> <span class='ocrx_word' id='word_1_671' title='bbox 2326 3522 2405 3567; x_wconf 89' lang='lat' dir='ltr'><strong>est</strong></span> <span class='ocrx_word' id='word_1_672' title='bbox 2427 3529 2584 3566; x_wconf 92' lang='lat' dir='ltr'><strong>omne</strong></span> <span class='ocrx_word' id='word_1_673' title='bbox 2625 3513 2768 3580; x_wconf 92' lang='lat' dir='ltr'><strong>quod</strong></span> <span class='ocrx_word' id='word_1_674' title='bbox 2814 3511 2972 3580; x_wconf 88' lang='lat' dir='ltr'><strong>jussit</strong></span> <span class='ocrx_word' id='word_1_675' title='bbox 3026 3519 3080 3566; x_wconf 89' lang='lat' dir='ltr'><strong>et</strong></span> <span class='ocrx_word' id='word_1_676' title='bbox 3125 3509 3380 3580; x_wconf 57' lang='lat' dir='ltr'><strong>praecepit</strong></span> <span class='ocrx_word' id='word_1_677' title='bbox 3434 3499 3599 3562; x_wconf 31' lang='lat' dir='ltr'><strong>Deus.</strong></span> 
     </span>
    </p>
   </div>
   <div class='ocr_carea' id='block_1_94' title="bbox 2031 3598 3610 3670">
    <p class='ocr_par' dir='ltr' id='par_1_94' title="bbox 2031 3598 3610 3670">
     <span class='ocr_line' id='line_1_94' title="bbox 2031 3598 3610 3670; baseline -0.004 -14"><span class='ocrx_word' id='word_1_678' title='bbox 2031 3617 2139 3656; x_wconf 88' lang='lat' dir='ltr'><strong>non</strong></span> <span class='ocrx_word' id='word_1_679' title='bbox 2168 3602 2475 3670; x_wconf 83' lang='lat' dir='ltr'><strong>experietur</strong></span> <span class='ocrx_word' id='word_1_680' title='bbox 2495 3600 2784 3668; x_wconf 89' lang='lat' dir='ltr'><strong>quidquam</strong></span> <span class='ocrx_word' id='word_1_681' title='bbox 2811 3600 2937 3654; x_wconf 87' lang='lat' dir='ltr'><strong>mali</strong></span> <span class='ocrx_word' id='word_1_682' title='bbox 2965 3601 3019 3654; x_wconf 92' lang='lat' dir='ltr'><strong>in</strong></span> <span class='ocrx_word' id='word_1_683' title='bbox 3049 3598 3248 3664; x_wconf 80' lang='lat' dir='ltr'><strong>futuro,</strong></span> <span class='ocrx_word' id='word_1_684' title='bbox 3273 3599 3374 3652; x_wconf 87' lang='lat' dir='ltr'><strong>hoc</strong></span> <span class='ocrx_word' id='word_1_685' title='bbox 3389 3605 3472 3652; x_wconf 92' lang='lat' dir='ltr'><strong>est</strong></span> <span class='ocrx_word' id='word_1_686' title='bbox 3487 3598 3610 3650; x_wconf 91' lang='lat' dir='ltr'><strong>nul-</strong></span> 
     </span>
    </p>
   </div>
   <div class='ocr_carea' id='block_1_95' title="bbox 2032 3685 3613 3759">
    <p class='ocr_par' dir='ltr' id='par_1_95' title="bbox 2032 3685 3613 3759">
     <span class='ocr_line' id='line_1_95' title="bbox 2032 3685 3613 3759; baseline -0.003 -14"><span class='ocrx_word' id='word_1_687' title='bbox 2032 3692 2141 3745; x_wconf 89' lang='lat' dir='ltr'><strong>lum</strong></span> <span class='ocrx_word' id='word_1_688' title='bbox 2172 3691 2367 3745; x_wconf 91' lang='lat' dir='ltr'><strong>malum</strong></span> <span class='ocrx_word' id='word_1_689' title='bbox 2387 3690 2640 3759; x_wconf 89' lang='lat' dir='ltr'><strong>patietur,</strong></span> <span class='ocrx_word' id='word_1_690' title='bbox 2671 3689 2874 3743; x_wconf 91' lang='lat' dir='ltr'><strong>nullum</strong></span> <span class='ocrx_word' id='word_1_691' title='bbox 2901 3690 3099 3743; x_wconf 90' lang='lat' dir='ltr'><strong>malum</strong></span> <span class='ocrx_word' id='word_1_692' title='bbox 3125 3687 3407 3742; x_wconf 90' lang='lat' dir='ltr'><strong>sustinebit</strong></span> <span class='ocrx_word' id='word_1_693' title='bbox 3439 3687 3494 3739; x_wconf 91' lang='lat' dir='ltr'><strong>in</strong></span> <span class='ocrx_word' id='word_1_694' title='bbox 3521 3685 3613 3741; x_wconf 89' lang='lat' dir='ltr'><strong>die</strong></span> 
     </span>
    </p>
   </div>
   <div class='ocr_carea' id='block_1_96' title="bbox 2028 3777 3613 3854">
    <p class='ocr_par' dir='ltr' id='par_1_96' title="bbox 2028 3777 3613 3854">
     <span class='ocr_line' id='line_1_96' title="bbox 2028 3777 3613 3854; baseline -0.005 -15"><span class='ocrx_word' id='word_1_695' title='bbox 2028 3781 2232 3854; x_wconf 91' lang='lat' dir='ltr'><strong>judicii.</strong></span> <span class='ocrx_word' id='word_1_696' title='bbox 2259 3780 2510 3848; x_wconf 85' lang='lat' dir='ltr'><strong>Quamvis</strong></span> <span class='ocrx_word' id='word_1_697' title='bbox 2537 3781 2680 3836; x_wconf 90' lang='lat' dir='ltr'><strong>enim</strong></span> <span class='ocrx_word' id='word_1_698' title='bbox 2709 3782 2885 3850; x_wconf 87' lang='lat' dir='ltr'><strong>aliqua</strong></span> <span class='ocrx_word' id='word_1_699' title='bbox 2914 3782 3058 3834; x_wconf 85' lang='lat' dir='ltr'><strong>mala</strong></span> <span class='ocrx_word' id='word_1_700' title='bbox 3079 3780 3312 3850; x_wconf 86' lang='lat' dir='ltr'><strong>patiatur</strong></span> <span class='ocrx_word' id='word_1_701' title='bbox 3331 3779 3385 3832; x_wconf 91' lang='lat' dir='ltr'><strong>in</strong></span> <span class='ocrx_word' id='word_1_702' title='bbox 3408 3778 3512 3832; x_wconf 81' lang='lat' dir='ltr'><strong>hae</strong></span> <span class='ocrx_word' id='word_1_703' title='bbox 3530 3777 3613 3831; x_wconf 49' lang='lat' dir='ltr'><strong>vi-</strong></span> 
     </span>
    </p>
   </div>
   <div class='ocr_carea' id='block_1_97' title="bbox 2035 3864 3612 3942">
    <p class='ocr_par' dir='ltr' id='par_1_97' title="bbox 2035 3864 3612 3942">
     <span class='ocr_line' id='line_1_97' title="bbox 2035 3864 3612 3942; baseline -0.003 -15"><span class='ocrx_word' id='word_1_704' title='bbox 2035 3881 2108 3938; x_wconf 89' lang='lat' dir='ltr'><strong>ta,</strong></span> <span class='ocrx_word' id='word_1_705' title='bbox 2137 3873 2275 3928; x_wconf 89' lang='lat' dir='ltr'><strong>levia</strong></span> <span class='ocrx_word' id='word_1_706' title='bbox 2303 3879 2424 3928; x_wconf 88' lang='lat' dir='ltr'><strong>sunt</strong></span> <span class='ocrx_word' id='word_1_707' title='bbox 2444 3879 2500 3927; x_wconf 90' lang='lat' dir='ltr'><strong>et</strong></span> <span class='ocrx_word' id='word_1_708' title='bbox 2520 3871 2846 3938; x_wconf 86' lang='lat' dir='ltr'><strong>transitoria;</strong></span> <span class='ocrx_word' id='word_1_709' title='bbox 2870 3872 2922 3925; x_wconf 92' lang='lat' dir='ltr'><strong>in</strong></span> <span class='ocrx_word' id='word_1_710' title='bbox 2947 3869 3123 3925; x_wconf 83' lang='lat' dir='ltr'><strong>futura</strong></span> <span class='ocrx_word' id='word_1_711' title='bbox 3149 3877 3328 3924; x_wconf 90' lang='lat' dir='ltr'><strong>autem</strong></span> <span class='ocrx_word' id='word_1_712' title='bbox 3349 3867 3461 3922; x_wconf 87' lang='lat' dir='ltr'><strong>vita</strong></span> <span class='ocrx_word' id='word_1_713' title='bbox 3479 3864 3612 3942; x_wconf 81' lang='lat' dir='ltr'><strong>nihil</strong></span> 
     </span>
    </p>
   </div>
   <div class='ocr_carea' id='block_1_98' title="bbox 2035 3950 3612 4032">
    <p class='ocr_par' dir='ltr' id='par_1_98' title="bbox 2035 3950 3612 4032">
     <span class='ocr_line' id='line_1_98' title="bbox 2035 3950 3612 4032; baseline -0.003 -15"><span class='ocrx_word' id='word_1_714' title='bbox 2035 3963 2161 4017; x_wconf 91' lang='lat' dir='ltr'><strong>mali</strong></span> <span class='ocrx_word' id='word_1_715' title='bbox 2187 3964 2418 4031; x_wconf 89' lang='lat' dir='ltr'><strong>patietur</strong></span> <span class='ocrx_word' id='word_1_716' title='bbox 2464 3962 2555 4032; x_wconf 89' lang='lat' dir='ltr'><strong>qui</strong></span> <span class='ocrx_word' id='word_1_717' title='bbox 2583 3962 2886 4031; x_wconf 88' lang='lat' dir='ltr'><strong>pervenerit</strong></span> <span class='ocrx_word' id='word_1_718' title='bbox 2938 3960 3005 4015; x_wconf 89' lang='lat' dir='ltr'><strong>ad</strong></span> <span class='ocrx_word' id='word_1_719' title='bbox 3028 3967 3244 4014; x_wconf 73' lang='lat' dir='ltr'><strong>aeterna:</strong></span> <span class='ocrx_word' id='word_1_720' title='bbox 3269 3950 3612 4013; x_wconf 76' lang='lat' dir='ltr'><strong>beatitudinis</strong></span> 
     </span>
    </p>
   </div>
   <div class='ocr_carea' id='block_1_99' title="bbox 2037 4052 2280 4122">
    <p class='ocr_par' dir='ltr' id='par_1_99' title="bbox 2037 4052 2280 4122">
     <span class='ocr_line' id='line_1_99' title="bbox 2037 4052 2280 4122; baseline 0 -16"><span class='ocrx_word' id='word_1_721' title='bbox 2037 4052 2280 4122; x_wconf 88' lang='lat' dir='ltr'><strong>gloriam.</strong></span> 
     </span>
    </p>
   </div>
   <div class='ocr_carea' id='block_1_100' title="bbox 2114 4141 3615 4211">
    <p class='ocr_par' dir='ltr' id='par_1_100' title="bbox 2114 4141 3615 4211">
     <span class='ocr_line' id='line_1_100' title="bbox 2114 4141 3615 4211; baseline -0.002 -14"><span class='ocrx_word' id='word_1_722' title='bbox 2114 4143 2378 4199; x_wconf 74' lang='lat' dir='ltr'><strong>Vesanus.</strong></span> <span class='ocrx_word' id='word_1_723' title='bbox 2411 4143 2548 4209; x_wconf 91' lang='lat' dir='ltr'><strong>Quid</strong></span> <span class='ocrx_word' id='word_1_724' title='bbox 2574 4151 2656 4198; x_wconf 90' lang='lat' dir='ltr'><strong>est</strong></span> <span class='ocrx_word' id='word_1_725' title='bbox 2681 4144 2825 4211; x_wconf 89' lang='lat' dir='ltr'><strong>quod</strong></span> <span class='ocrx_word' id='word_1_726' title='bbox 2848 4145 2951 4196; x_wconf 88' lang='lat' dir='ltr'><strong>ait:</strong></span> <span class='ocrx_word' id='word_1_727' title='bbox 2971 4143 3158 4197; x_wconf 82' lang='lat' dir='ltr'><strong>Melior</strong></span> <span class='ocrx_word' id='word_1_728' title='bbox 3177 4151 3253 4196; x_wconf 81' lang='lat' dir='ltr'><strong>est</strong></span> <span class='ocrx_word' id='word_1_729' title='bbox 3281 4141 3422 4195; x_wconf 75' lang='lat' dir='ltr'><strong>canis</strong></span> <span class='ocrx_word' id='word_1_730' title='bbox 3474 4141 3615 4194; x_wconf 70' lang='lat' dir='ltr'><strong>uiuus</strong></span> 
     </span>
    </p>
   </div>
   <div class='ocr_carea' id='block_1_101' title="bbox 2041 4225 3618 4304">
    <p class='ocr_par' dir='ltr' id='par_1_101' title="bbox 2041 4225 3618 4304">
     <span class='ocr_line' id='line_1_101' title="bbox 2041 4225 3618 4304; baseline -0.001 -17"><span class='ocrx_word' id='word_1_731' title='bbox 2041 4235 2184 4289; x_wconf 87' lang='lat' dir='ltr'><strong>leone</strong></span> <span class='ocrx_word' id='word_1_732' title='bbox 2205 4242 2402 4288; x_wconf 84' lang='lat' dir='ltr'><strong>mortuo</strong></span> <span class='ocrx_word' id='word_1_733' title='bbox 2433 4233 2644 4304; x_wconf 84' lang='lat' dir='ltr'><strong>(Eccle.</strong></span> <span class='ocrx_word' id='word_1_734' title='bbox 2672 4234 2796 4301; x_wconf 81' lang='lat' dir='ltr'><strong>rx)?</strong></span> <span class='ocrx_word' id='word_1_735' title='bbox 2820 4233 2960 4299; x_wconf 88' lang='lat' dir='ltr'><strong>Quid</strong></span> <span class='ocrx_word' id='word_1_736' title='bbox 2986 4247 3084 4303; x_wconf 88' lang='lat' dir='ltr'><strong>per</strong></span> <span class='ocrx_word' id='word_1_737' title='bbox 3105 4245 3292 4287; x_wconf 90' lang='lat' dir='ltr'><strong>canem</strong></span> <span class='ocrx_word' id='word_1_738' title='bbox 3323 4232 3503 4287; x_wconf 85' lang='lat' dir='ltr'><strong>vivum</strong></span> <span class='ocrx_word' id='word_1_739' title='bbox 3523 4225 3618 4286; x_wconf 85' lang='lat' dir='ltr'><strong>aut</strong></span> 
     </span>
    </p>
   </div>
   <div class='ocr_carea' id='block_1_102' title="bbox 2039 4323 3264 4392">
    <p class='ocr_par' dir='ltr' id='par_1_102' title="bbox 2039 4323 3264 4392">
     <span class='ocr_line' id='line_1_102' title="bbox 2039 4323 3264 4392; baseline -0.002 -13"><span class='ocrx_word' id='word_1_740' title='bbox 2039 4323 2253 4380; x_wconf 87' lang='lat' dir='ltr'><strong>leonem</strong></span> <span class='ocrx_word' id='word_1_741' title='bbox 2283 4333 2550 4380; x_wconf 83' lang='lat' dir='ltr'><strong>mortuum</strong></span> <span class='ocrx_word' id='word_1_742' title='bbox 2580 4323 2834 4380; x_wconf 88' lang='lat' dir='ltr'><strong>Salomon</strong></span> <span class='ocrx_word' id='word_1_743' title='bbox 2862 4325 2978 4379; x_wconf 92' lang='lat' dir='ltr'><strong>vult</strong></span> <span class='ocrx_word' id='word_1_744' title='bbox 3006 4324 3264 4392; x_wconf 82' lang='lat' dir='ltr'><strong>intelligi?</strong></span> 
     </span>
    </p>
   </div>
   <div class='ocr_carea' id='block_1_103' title="bbox 2113 4409 3622 4490">
    <p class='ocr_par' dir='ltr' id='par_1_103' title="bbox 2113 4409 3622 4490">
     <span class='ocr_line' id='line_1_103' title="bbox 2113 4409 3622 4490; baseline 0.002 -22"><span class='ocrx_word' id='word_1_745' title='bbox 2113 4415 2390 4471; x_wconf 80' lang='lat' dir='ltr'><strong>SALONIUS.</strong></span> <span class='ocrx_word' id='word_1_746' title='bbox 2418 4416 2577 4472; x_wconf 80' lang='lat' dir='ltr'><strong>Canis</strong></span> <span class='ocrx_word' id='word_1_747' title='bbox 2604 4417 2754 4471; x_wconf 90' lang='lat' dir='ltr'><strong>vivus</strong></span> <span class='ocrx_word' id='word_1_748' title='bbox 2775 4413 3036 4485; x_wconf 77' lang='lat' dir='ltr'><strong>signiﬁcat</strong></span> <span class='ocrx_word' id='word_1_749' title='bbox 3063 4417 3318 4490; x_wconf 88' lang='lat' dir='ltr'><strong>populum</strong></span> <span class='ocrx_word' id='word_1_750' title='bbox 3356 4409 3622 4486; x_wconf 74' lang='lat' dir='ltr'><strong>gentium,</strong></span> 
     </span>
    </p>
   </div>
   <div class='ocr_carea' id='block_1_104' title="bbox 1926 4499 3625 4574">
    <p class='ocr_par' dir='ltr' id='par_1_104' title="bbox 1926 4499 3625 4574">
     <span class='ocr_line' id='line_1_104' title="bbox 1926 4499 3625 4574; baseline 0 -16"><span class='ocrx_word' id='word_1_751' title='bbox 1926 4551 1935 4558; x_wconf 92' lang='lat'><strong>.</strong></span> <span class='ocrx_word' id='word_1_752' title='bbox 1976 4502 2132 4565; x_wconf 88' lang='lat' dir='ltr'><strong>Dleo</strong></span> <span class='ocrx_word' id='word_1_753' title='bbox 2162 4516 2402 4559; x_wconf 87' lang='lat' dir='ltr'><strong>mortuus</strong></span> <span class='ocrx_word' id='word_1_754' title='bbox 2439 4509 2691 4574; x_wconf 89' lang='lat' dir='ltr'><strong>populum</strong></span> <span class='ocrx_word' id='word_1_755' title='bbox 2740 4507 3042 4562; x_wconf 75' lang='lat' dir='ltr'><strong>Judaeorum</strong></span> <span class='ocrx_word' id='word_1_756' title='bbox 3071 4524 3102 4561; x_wconf 90' lang='lat' dir='ltr'><strong>a</strong></span> <span class='ocrx_word' id='word_1_757' title='bbox 3124 4505 3238 4562; x_wconf 92' lang='lat' dir='ltr'><strong>Deo</strong></span> <span class='ocrx_word' id='word_1_758' title='bbox 3283 4499 3625 4563; x_wconf 70' lang='lat' dir='ltr'><strong>derelictum.</strong></span> 
     </span>
    </p>
   </div>
   <div class='ocr_carea' id='block_1_105' title="bbox 2051 4590 3626 4666">
    <p class='ocr_par' dir='ltr' id='par_1_105' title="bbox 2051 4590 3626 4666">
     <span class='ocr_line' id='line_1_105' title="bbox 2051 4590 3626 4666; baseline 0.003 -20"><span class='ocrx_word' id='word_1_759' title='bbox 2051 4591 2239 4646; x_wconf 81' lang='lat' dir='ltr'><strong>Melior</strong></span> <span class='ocrx_word' id='word_1_760' title='bbox 2259 4599 2342 4645; x_wconf 88' lang='lat' dir='ltr'><strong>est</strong></span> <span class='ocrx_word' id='word_1_761' title='bbox 2368 4607 2496 4658; x_wconf 88' lang='lat' dir='ltr'><strong>ergo</strong></span> <span class='ocrx_word' id='word_1_762' title='bbox 2524 4596 2665 4661; x_wconf 85' lang='lat' dir='ltr'><strong>apud</strong></span> <span class='ocrx_word' id='word_1_763' title='bbox 2692 4590 2856 4649; x_wconf 83' lang='lat' dir='ltr'><strong>Deum</strong></span> <span class='ocrx_word' id='word_1_764' title='bbox 2886 4599 3034 4651; x_wconf 89' lang='lat' dir='ltr'><strong>canis</strong></span> <span class='ocrx_word' id='word_1_765' title='bbox 3059 4599 3160 4652; x_wconf 89' lang='lat' dir='ltr'><strong>iste</strong></span> <span class='ocrx_word' id='word_1_766' title='bbox 3184 4599 3334 4652; x_wconf 88' lang='lat' dir='ltr'><strong>vivus</strong></span> <span class='ocrx_word' id='word_1_767' title='bbox 3352 4611 3510 4666; x_wconf 91' lang='lat' dir='ltr'><strong>quam</strong></span> <span class='ocrx_word' id='word_1_768' title='bbox 3533 4593 3626 4650; x_wconf 79' lang='lat' dir='ltr'><strong>leo</strong></span> 
     </span>
    </p>
   </div>
   <div class='ocr_carea' id='block_1_106' title="bbox 2049 4683 3622 4753">
    <p class='ocr_par' dir='ltr' id='par_1_106' title="bbox 2049 4683 3622 4753">
     <span class='ocr_line' id='line_1_106' title="bbox 2049 4683 3622 4753; baseline 0.003 -16"><span class='ocrx_word' id='word_1_769' title='bbox 2049 4683 2138 4739; x_wconf 91' lang='lat' dir='ltr'><strong>ille</strong></span> <span class='ocrx_word' id='word_1_770' title='bbox 2160 4691 2427 4747; x_wconf 89' lang='lat' dir='ltr'><strong>mortuus;</strong></span> <span class='ocrx_word' id='word_1_771' title='bbox 2459 4683 2584 4751; x_wconf 88' lang='lat' dir='ltr'><strong>quia</strong></span> <span class='ocrx_word' id='word_1_772' title='bbox 2613 4701 2709 4739; x_wconf 91' lang='lat' dir='ltr'><strong>nos</strong></span> <span class='ocrx_word' id='word_1_773' title='bbox 2732 4687 2824 4752; x_wconf 91' lang='lat' dir='ltr'><strong>qui</strong></span> <span class='ocrx_word' id='word_1_774' title='bbox 2855 4687 2922 4739; x_wconf 86' lang='lat' dir='ltr'><strong>de</strong></span> <span class='ocrx_word' id='word_1_775' title='bbox 2951 4694 3108 4753; x_wconf 85' lang='lat' dir='ltr'><strong>gente</strong></span> <span class='ocrx_word' id='word_1_776' title='bbox 3138 4687 3406 4741; x_wconf 89' lang='lat' dir='ltr'><strong>credimus</strong></span> <span class='ocrx_word' id='word_1_777' title='bbox 3433 4688 3622 4751; x_wconf 77' lang='lat' dir='ltr'><strong>viven-</strong></span> 
     </span>
    </p>
   </div>
   <div class='ocr_carea' id='block_1_107' title="bbox 2053 4773 3625 4844">
    <p class='ocr_par' dir='ltr' id='par_1_107' title="bbox 2053 4773 3625 4844">
     <span class='ocr_line' id='line_1_107' title="bbox 2053 4773 3625 4844; baseline -0.002 -13"><span class='ocrx_word' id='word_1_778' title='bbox 2053 4783 2150 4840; x_wconf 87' lang='lat' dir='ltr'><strong>tes,</strong></span> <span class='ocrx_word' id='word_1_779' title='bbox 2174 4790 2270 4844; x_wconf 91' lang='lat' dir='ltr'><strong>per</strong></span> <span class='ocrx_word' id='word_1_780' title='bbox 2297 4773 2453 4828; x_wconf 76' lang='lat' dir='ltr'><strong>ﬁdem</strong></span> <span class='ocrx_word' id='word_1_781' title='bbox 2483 4776 2857 4842; x_wconf 87' lang='lat' dir='ltr'><strong>cognoscimus</strong></span> <span class='ocrx_word' id='word_1_782' title='bbox 2881 4775 3050 4831; x_wconf 91' lang='lat' dir='ltr'><strong>Deum</strong></span> <span class='ocrx_word' id='word_1_783' title='bbox 3078 4775 3314 4840; x_wconf 88' lang='lat' dir='ltr'><strong>Patrem,</strong></span> <span class='ocrx_word' id='word_1_784' title='bbox 3347 4783 3401 4829; x_wconf 92' lang='lat' dir='ltr'><strong>et</strong></span> <span class='ocrx_word' id='word_1_785' title='bbox 3427 4774 3625 4829; x_wconf 84' lang='lat' dir='ltr'><strong>Filium</strong></span> 
     </span>
    </p>
   </div>
   <div class='ocr_carea' id='block_1_108' title="bbox 2049 4865 3632 4942">
    <p class='ocr_par' dir='ltr' id='par_1_108' title="bbox 2049 4865 3632 4942">
     <span class='ocr_line' id='line_1_108' title="bbox 2049 4865 3632 4942; baseline -0.001 -21"><span class='ocrx_word' id='word_1_786' title='bbox 2049 4873 2106 4921; x_wconf 90' lang='lat' dir='ltr'><strong>et</strong></span> <span class='ocrx_word' id='word_1_787' title='bbox 2130 4865 2386 4936; x_wconf 89' lang='lat' dir='ltr'><strong>Spiritum</strong></span> <span class='ocrx_word' id='word_1_788' title='bbox 2407 4867 2666 4921; x_wconf 87' lang='lat' dir='ltr'><strong>sanctum.</strong></span> <span class='ocrx_word' id='word_1_789' title='bbox 2701 4865 2869 4921; x_wconf 84' lang='lat' dir='ltr'><strong>Aliter</strong></span> <span class='ocrx_word' id='word_1_790' title='bbox 2892 4867 3039 4921; x_wconf 88' lang='lat' dir='ltr'><strong>canis</strong></span> <span class='ocrx_word' id='word_1_791' title='bbox 3067 4866 3216 4921; x_wconf 86' lang='lat' dir='ltr'><strong>vivus</strong></span> <span class='ocrx_word' id='word_1_792' title='bbox 3254 4874 3343 4922; x_wconf 86' lang='lat' dir='ltr'><strong>est</strong></span> <span class='ocrx_word' id='word_1_793' title='bbox 3364 4874 3632 4942; x_wconf 79' lang='lat' dir='ltr'><strong>peccator</strong></span> 
     </span>
    </p>
   </div>
   <div class='ocr_carea' id='block_1_109' title="bbox 2051 4955 3621 5027">
    <p class='ocr_par' dir='ltr' id='par_1_109' title="bbox 2051 4955 3621 5027">
     <span class='ocr_line' id='line_1_109' title="bbox 2051 4955 3621 5027; baseline 0 -17"><span class='ocrx_word' id='word_1_794' title='bbox 2051 4955 2142 5025; x_wconf 89' lang='lat' dir='ltr'><strong>qui</strong></span> <span class='ocrx_word' id='word_1_795' title='bbox 2169 4971 2228 5011; x_wconf 87' lang='lat' dir='ltr'><strong>se</strong></span> <span class='ocrx_word' id='word_1_796' title='bbox 2255 4956 2489 5024; x_wconf 88' lang='lat' dir='ltr'><strong>peccatis</strong></span> <span class='ocrx_word' id='word_1_797' title='bbox 2513 4962 2783 5011; x_wconf 88' lang='lat' dir='ltr'><strong>mortuum</strong></span> <span class='ocrx_word' id='word_1_798' title='bbox 2805 4956 3118 5022; x_wconf 78' lang='lat' dir='ltr'><strong>conﬁtetur;</strong></span> <span class='ocrx_word' id='word_1_799' title='bbox 3151 4964 3204 5011; x_wconf 91' lang='lat' dir='ltr'><strong>et</strong></span> <span class='ocrx_word' id='word_1_800' title='bbox 3230 4971 3328 5026; x_wconf 90' lang='lat' dir='ltr'><strong>per</strong></span> <span class='ocrx_word' id='word_1_801' title='bbox 3347 4957 3621 5027; x_wconf 73' lang='lat' dir='ltr'><strong>poeniten-</strong></span> 
     </span>
    </p>
   </div>
   <div class='ocr_carea' id='block_1_110' title="bbox 2051 5037 3654 5118">
    <p class='ocr_par' dir='ltr' id='par_1_110' title="bbox 2051 5037 3654 5118">
     <span class='ocr_line' id='line_1_110' title="bbox 2051 5037 3654 5118; baseline 0.001 -18"><span class='ocrx_word' id='word_1_802' title='bbox 2051 5047 2181 5100; x_wconf 91' lang='lat' dir='ltr'><strong>tiam</strong></span> <span class='ocrx_word' id='word_1_803' title='bbox 2228 5060 2539 5115; x_wconf 90' lang='lat' dir='ltr'><strong>resurgens,</strong></span> <span class='ocrx_word' id='word_1_804' title='bbox 2595 5047 2780 5117; x_wconf 87' lang='lat' dir='ltr'><strong>incipit</strong></span> <span class='ocrx_word' id='word_1_805' title='bbox 2827 5061 2924 5118; x_wconf 89' lang='lat' dir='ltr'><strong>per</strong></span> <span class='ocrx_word' id='word_1_806' title='bbox 2957 5046 3217 5116; x_wconf 88' lang='lat' dir='ltr'><strong>justitiam</strong></span> <span class='ocrx_word' id='word_1_807' title='bbox 3280 5048 3501 5104; x_wconf 89' lang='lat' dir='ltr'><strong>vivere:</strong></span> <span class='ocrx_word' id='word_1_808' title='bbox 3533 5037 3654 5103; x_wconf 28' lang='lat' dir='ltr'><strong>leo-</strong></span> 
     </span>
    </p>
   </div>
   <div class='ocr_carea' id='block_1_111' title="bbox 2051 5125 3625 5207">
    <p class='ocr_par' dir='ltr' id='par_1_111' title="bbox 2051 5125 3625 5207">
     <span class='ocr_line' id='line_1_111' title="bbox 2051 5125 3625 5207; baseline 0.001 -17"><span class='ocrx_word' id='word_1_809' title='bbox 2051 5143 2293 5191; x_wconf 88' lang='lat' dir='ltr'><strong>mortuus</strong></span> <span class='ocrx_word' id='word_1_810' title='bbox 2337 5141 2422 5190; x_wconf 85' lang='lat' dir='ltr'><strong>est</strong></span> <span class='ocrx_word' id='word_1_811' title='bbox 2443 5135 2636 5205; x_wconf 85' lang='lat' dir='ltr'><strong>justus,</strong></span> <span class='ocrx_word' id='word_1_812' title='bbox 2665 5139 2788 5207; x_wconf 87' lang='lat' dir='ltr'><strong>quia</strong></span> <span class='ocrx_word' id='word_1_813' title='bbox 2817 5138 2870 5191; x_wconf 93' lang='lat' dir='ltr'><strong>in</strong></span> <span class='ocrx_word' id='word_1_814' title='bbox 2899 5141 2996 5192; x_wconf 86' lang='lat' dir='ltr'><strong>sua</strong></span> <span class='ocrx_word' id='word_1_815' title='bbox 3036 5135 3240 5206; x_wconf 89' lang='lat' dir='ltr'><strong>justitia</strong></span> <span class='ocrx_word' id='word_1_816' title='bbox 3289 5125 3506 5192; x_wconf 81' lang='lat' dir='ltr'><strong>conﬁdit</strong></span> <span class='ocrx_word' id='word_1_817' title='bbox 3524 5179 3541 5206; x_wconf 92' lang='lat'><strong>,</strong></span> <span class='ocrx_word' id='word_1_818' title='bbox 3567 5145 3625 5192; x_wconf 94' lang='lat' dir='ltr'><strong>et</strong></span> 
     </span>
    </p>
   </div>
   <div class='ocr_carea' id='block_1_112' title="bbox 2052 5224 3620 5297">
    <p class='ocr_par' dir='ltr' id='par_1_112' title="bbox 2052 5224 3620 5297">
     <span class='ocr_line' id='line_1_112' title="bbox 2052 5224 3620 5297; baseline 0.002 -19"><span class='ocrx_word' id='word_1_819' title='bbox 2052 5224 2121 5279; x_wconf 92' lang='lat' dir='ltr'><strong>de</strong></span> <span class='ocrx_word' id='word_1_820' title='bbox 2148 5224 2354 5280; x_wconf 90' lang='lat' dir='ltr'><strong>meritis</strong></span> <span class='ocrx_word' id='word_1_821' title='bbox 2381 5225 2492 5280; x_wconf 90' lang='lat' dir='ltr'><strong>suis</strong></span> <span class='ocrx_word' id='word_1_822' title='bbox 2515 5226 2806 5294; x_wconf 90' lang='lat' dir='ltr'><strong>gloriatur;</strong></span> <span class='ocrx_word' id='word_1_823' title='bbox 2835 5235 2892 5282; x_wconf 85' lang='lat' dir='ltr'><strong>et</strong></span> <span class='ocrx_word' id='word_1_824' title='bbox 2913 5226 3114 5283; x_wconf 88' lang='lat' dir='ltr'><strong>idcirco</strong></span> <span class='ocrx_word' id='word_1_825' title='bbox 3158 5226 3404 5297; x_wconf 87' lang='lat' dir='ltr'><strong>superbia</strong></span> <span class='ocrx_word' id='word_1_826' title='bbox 3426 5227 3620 5290; x_wconf 82' lang='lat' dir='ltr'><strong>elatus,</strong></span> 
     </span>
    </p>
   </div>
   <div class='ocr_carea' id='block_1_113' title="bbox 2054 5315 3626 5388">
    <p class='ocr_par' dir='ltr' id='par_1_113' title="bbox 2054 5315 3626 5388">
     <span class='ocr_line' id='line_1_113' title="bbox 2054 5315 3626 5388; baseline 0.001 -18"><span class='ocrx_word' id='word_1_827' title='bbox 2054 5323 2295 5371; x_wconf 88' lang='lat' dir='ltr'><strong>mortuus</strong></span> <span class='ocrx_word' id='word_1_828' title='bbox 2321 5324 2405 5372; x_wconf 89' lang='lat' dir='ltr'><strong>est</strong></span> <span class='ocrx_word' id='word_1_829' title='bbox 2430 5315 2570 5386; x_wconf 88' lang='lat' dir='ltr'><strong>apud</strong></span> <span class='ocrx_word' id='word_1_830' title='bbox 2616 5317 2803 5372; x_wconf 90' lang='lat' dir='ltr'><strong>Deum.</strong></span> <span class='ocrx_word' id='word_1_831' title='bbox 2856 5317 3045 5374; x_wconf 84' lang='lat' dir='ltr'><strong>Melior</strong></span> <span class='ocrx_word' id='word_1_832' title='bbox 3089 5325 3172 5374; x_wconf 86' lang='lat' dir='ltr'><strong>est</strong></span> <span class='ocrx_word' id='word_1_833' title='bbox 3193 5331 3323 5388; x_wconf 87' lang='lat' dir='ltr'><strong>ergo</strong></span> <span class='ocrx_word' id='word_1_834' title='bbox 3367 5324 3626 5388; x_wconf 81' lang='lat' dir='ltr'><strong>peccator</strong></span> 
     </span>
    </p>
   </div>
   <div class='ocr_carea' id='block_1_114' title="bbox 2055 5406 3625 5483">
    <p class='ocr_par' dir='ltr' id='par_1_114' title="bbox 2055 5406 3625 5483">
     <span class='ocr_line' id='line_1_114' title="bbox 2055 5406 3625 5483; baseline 0.003 -23"><span class='ocrx_word' id='word_1_835' title='bbox 2055 5406 2268 5462; x_wconf 91' lang='lat' dir='ltr'><strong>humilis</strong></span> <span class='ocrx_word' id='word_1_836' title='bbox 2293 5417 2348 5463; x_wconf 90' lang='lat' dir='ltr'><strong>et</strong></span> <span class='ocrx_word' id='word_1_837' title='bbox 2387 5423 2485 5478; x_wconf 90' lang='lat' dir='ltr'><strong>per</strong></span> <span class='ocrx_word' id='word_1_838' title='bbox 2527 5409 2896 5478; x_wconf 83' lang='lat' dir='ltr'><strong>paenitentiam</strong></span> <span class='ocrx_word' id='word_1_839' title='bbox 2937 5418 3243 5480; x_wconf 88' lang='lat' dir='ltr'><strong>correptus,</strong></span> <span class='ocrx_word' id='word_1_840' title='bbox 3267 5424 3430 5483; x_wconf 87' lang='lat' dir='ltr'><strong>quam</strong></span> <span class='ocrx_word' id='word_1_841' title='bbox 3445 5410 3625 5480; x_wconf 82' lang='lat' dir='ltr'><strong>justus</strong></span> 
     </span>
    </p>
   </div>
   <div class='ocr_carea' id='block_1_115' title="bbox 2059 5581 3629 5661">
    <p class='ocr_par' dir='ltr' id='par_1_115' title="bbox 2059 5581 3629 5661">
     <span class='ocr_line' id='line_1_115' title="bbox 2059 5581 3629 5661; baseline 0.006 -25"><span class='ocrx_word' id='word_1_842' title='bbox 2059 5581 2154 5661; x_wconf 68' lang='lat' dir='ltr'><strong>bet</strong></span> <span class='ocrx_word' id='word_1_843' title='bbox 2170 5581 2385 5661; x_wconf 77' lang='lat' dir='ltr'><strong>__ordine</strong></span> <span class='ocrx_word' id='word_1_844' title='bbox 2430 5584 2639 5654; x_wconf 89' lang='lat' dir='ltr'><strong>aliquos</strong></span> <span class='ocrx_word' id='word_1_845' title='bbox 2683 5587 2940 5661; x_wconf 78' lang='lat' dir='ltr'><strong>cecidisse</strong></span> <span class='ocrx_word' id='word_1_846' title='bbox 2975 5589 3172 5661; x_wconf 69' lang='lat' dir='ltr'><strong>docent</strong></span> <span class='ocrx_word' id='word_1_847' title='bbox 3205 5589 3460 5661; x_wconf 79' lang='lat' dir='ltr'><strong>theologi.</strong></span> <span class='ocrx_word' id='word_1_848' title='bbox 3491 5589 3629 5661; x_wconf 73' lang='lat' dir='ltr'><strong>Vide</strong></span> 
     </span>
    </p>
   </div>
   <div class='ocr_carea' id='block_1_116' title="bbox 2057 5648 3628 5787">
    <p class='ocr_par' dir='ltr' id='par_1_116' title="bbox 2057 5648 3628 5787">
     <span class='ocr_line' id='line_1_116' title="bbox 2059 5648 3628 5728; baseline 0.006 -24"><span class='ocrx_word' id='word_1_849' title='bbox 2059 5648 2124 5704; x_wconf 70' lang='lat' dir='ltr'><strong>S.</strong></span> <span class='ocrx_word' id='word_1_850' title='bbox 2170 5650 2446 5723; x_wconf 84' lang='lat' dir='ltr'><strong>Thomam,</strong></span> <span class='ocrx_word' id='word_1_851' title='bbox 2491 5648 2633 5725; x_wconf 71' lang='lat' dir='ltr'><strong>part.</strong></span> <span class='ocrx_word' id='word_1_852' title='bbox 2683 5655 2739 5724; x_wconf 81' lang='grc'><strong>1,</strong></span> <span class='ocrx_word' id='word_1_853' title='bbox 2782 5667 2972 5728; x_wconf 68' lang='lat' dir='ltr'><strong>quaest.</strong></span> <span class='ocrx_word' id='word_1_854' title='bbox 3017 5659 3110 5726; x_wconf 79' lang='grc'><strong>65,</strong></span> <span class='ocrx_word' id='word_1_855' title='bbox 3154 5667 3259 5717; x_wconf 79' lang='lat' dir='ltr'><strong>art.</strong></span> <span class='ocrx_word' id='word_1_856' title='bbox 3297 5659 3354 5726; x_wconf 76' lang='lat'><strong>9,</strong></span> <span class='ocrx_word' id='word_1_857' title='bbox 3388 5648 3461 5717; x_wconf 60' lang='lat' dir='ltr'><strong>ad</strong></span> <span class='ocrx_word' id='word_1_858' title='bbox 3489 5660 3546 5728; x_wconf 76' lang='lat'><strong>5,</strong></span> <span class='ocrx_word' id='word_1_859' title='bbox 3573 5669 3628 5715; x_wconf 75' lang='lat' dir='ltr'><strong>et</strong></span> 
     </span>
     <span class='ocr_line' id='line_1_117' title="bbox 2057 5720 2395 5787; baseline 0.009 -13"><span class='ocrx_word' id='word_1_860' title='bbox 2057 5729 2242 5787; x_wconf 79' lang='lat' dir='ltr'><strong>quaest.</strong></span> <span class='ocrx_word' id='word_1_861' title='bbox 2270 5720 2395 5777; x_wconf 85' lang='lat' dir='ltr'><strong>l08.</strong></span> 
     </span>
    </p>
   </div>
  </div>
