4192 6258
633 381 769 444 1007

1895 371 2160 429 SALONII
2213 364 2606 429 VIENNENSIS

3738 364 3870 432 £008

631 501 926 570 superbus;
971 495 1094 564 quia
1149 490 1238 548 ille
1287 489 1676 555 abominabilis,
1732 487 1834 544 iste
1887 487 1998 542 Deo
2051 502 2203 542 acce-
2228 491 2282 550 Α
2307 486 2400 540 sed
2427 495 2613 540 contra
2637 487 2804 556 ipsam
2859 483 3072 540 fortiter
3112 489 3351 554 pugnare
3403 498 3472 538 ne
3519 477 3659 540 forte
3713 500 3872 555 opere

670 601 756 646 tus
783 597 883 644 est.
1426 618 1430 622 ι

631 609 970 733 marcidus.
998 675 1136 741 Quid
1175 683 1257 729 est
1279 673 1422 743 quod
1447 673 1611 728 dicit:
1646 653 2061 740 Omni-tempore
2097 669 2201 722 sint

632 770 930 824 vestimenta
950 773 1038 817 tua
1059 763 1303 829 candida,
1326 773 1374 816 et
1401 764 1568 816 oleum
1595 762 1658 815 de
1685 761 1850 830 capite
1874 769 1956 814 tuo
1978 775 2080 814 non
2108 759 2201 812 de-

635 859 791 929 ﬁciat,
807 853 1001 927 (Eccle.
1028 853 1144 924 Ix)?
1175 851 1415 920 Nunquid
1438 858 1616 921 potest
1635 850 1833 920 aliquis
1855 848 2077 904 candida
2104 863 2201 902 ve-

633 949 886 1006 stimenta
905 959 1116 1013 semper
1144 943 1374 996 habere?
1426 939 1492 994 Et
1515 941 1561 994 si
1590 939 1809 994 forsitan
1839 938 1910 992 ita
1941 944 2024 992 est
2055 936 2204 990 dives

634 1048 695 1094 ιιι
731 1050 945 1106 semper
985 1034 1303 1089 vestimenta
1347 1032 1572 1087 candida
1612 1031 1781 1101 possit
1810 1030 2028 1094 habere,
2061 1028 2203 1097 quod

637 1130 855 1185 omnino
870 1126 1085 1182 diﬂioile
1099 1135 1182 1181 est
1195 1143 1208 1191 ;
1234 1125 1501 1194 quomodo
1523 1122 1634 1178 ﬁeri
1655 1129 1834 1192 potest
1849 1129 1906 1174 ut
1945 1121 2013 1174 de
2028 1120 2204 1189 capite

634 1219 800 1288 ipsius
825 1230 1094 1285 nunquam
1122 1214 1334 1269 deliciat
1379 1213 1591 1268 oleum?
1614 1210 1743 1276 Quis
1789 1223 2019 1278 namque
2067 1207 2205 1262 ferre

633 1316 815 1379 potest
835 1316 895 1362 ut
921 1322 1132 1377 semper
1159 1307 1356 1360 habeat
1381 1312 1541 1374 caput
1561 1303 1683 1358 oleo
1709 1300 2060 1371 perunctum?

705 1399 982 1454 SALONIUS.
1006 1397 1130 1452 Haec
1155 1397 1440 1461 sententia,
1474 1411 1581 1449 non
1609 1392 1972 1456 historialiter,
1990 1389 2084 1445 sed
2105 1389 2206 1459 spi-

634 1490 920 1554 ritualiter,
975 1487 1137 1542 debet
1164 1486 1406 1554 intelligi.
1439 1485 1574 1538 Nam
1601 1499 1698 1553 per
1729 1483 2046 1538 vestimenta
2100 1481 2207 1533 vir-

636 1590 782 1634 tutes
801 1580 1148 1644 designantur
1171 1577 1364 1642 quibus
1391 1577 1567 1626 anima
1595 1576 1824 1626 vestitur
1869 1582 1924 1624 et
1945 1578 2166 1624 ornatur
2190 1587 2201 1622 :

635 1684 736 1740 per
761 1668 941 1722 oleum
973 1680 1103 1720 vero
1129 1664 1439 1731 designatur
1463 1677 1598 1731 opus
1621 1660 2019 1724 misericordiae,
2046 1660 2097 1714 id
2125 1669 2208 1715 est

637 1760 980 1828 eleemosyna
1002 1756 1086 1810 vel
1108 1763 1255 1810 certe
1275 1753 1564 1824 spiritualis
1589 1753 1790 1818 laetitia,
1813 1762 1869 1807 et
1887 1760 1970 1807 est
1988 1767 2202 1806 sensus:

2303 577 2670 645 compleamus
2697 576 2890 630 malam
2920 575 3320 644 cogitationem.
3353 573 3539 630 Potest
3584 583 3641 629 et
3669 575 3750 630 sic
3795 577 3873 630 in-

2299 669 2466 736 telligi
2491 685 2503 721 :
2528 668 2571 722 si
2598 667 2763 722 habes
2810 668 2862 721 in
2909 674 2973 720 te.
3002 665 3377 728 humilitatem,
3410 664 3754 733 munditiam,
3785 681 3875 720 ca-

2299 760 2556 822 stitatem,
2581 757 2914 828 patientiam,
2933 751 3269 819 charitatem,
3295 763 3352 808 et
3373 753 3618 808 diabolus
3645 755 3875 822 suggerit

2302 851 2397 905 tibi
2412 848 2734 918 superbiam,
2759 845 3050 910 libidinem,
3067 844 3477 910 immunditiam,
3499 844 3655 909 iram,
3673 843 3868 909 odium,

2302 958 2366 994 ne
2394 917 2645 994 dimiseris
2699 917 2865 992 locum
2917 945 3077 999 tuum,
3110 934 3161 988 id
3186 942 3290 1002 est,
3321 950 3392 989 ne
3418 934 3658 988 dimittas
3701 933 3870 988 humi-

2303 1032 2504 1086 litatem
2534 1040 2588 1086 et
2614 1030 2859 1085 efliciaris
2887 1028 3164 1099 superbus.
3195 1025 3284 1082 Sic
3329 1035 3384 1082 et
3424 1027 3495 1082 de
3529 1026 3749 1082 ‘czcteris
3793 1035 3872 1082 est

2299 1122 2722 1190 intelligendum.

2373 1214 2642 1268 Vsnmns.
2668 1212 2843 1278 Quare
2871 1210 2997 1265 dicit
3018 1208 3277 1276 Salomon
3310 1226 3322 1260 :
3359 1209 3448 1264 Vw
3466 1208 3590 1276 tibi,
3619 1220 3755 1264 terra
3784 1227 3869 1263 cu-

2298 1306 2385 1375 jus
2414 1323 2506 1359 rex
2519 1307 2721 1378 juvenis
2740 1313 2834 1366 est,
2864 1310 2912 1356 et
2940 1303 3085 1372 cujus
3113 1300 3369 1372 principes
3396 1316 3547 1353 mane
3571 1300 3876 1354 comedunt?

2305 1394 2550 1463 Nunquid
2579 1411 2686 1450 non
2713 1395 2870 1449 beata
2919 1392 3017 1446 fuit
3054 1401 3198 1447 terra
3245 1391 3442 1457 Israel,
3472 1405 3590 1460 quae
3626 1391 3876 1461 juvenem

2305 1485 2492 1539 habuit
2516 1499 2713 1553 regem,
2747 1483 2914 1538 David
2953 1483 3174 1546 scilicet,
3199 1481 3292 1550 qui
3337 1481 3436 1536 fuit
3465 1483 3676 1551 triginta
3703 1499 3874 1538 anno-

2307 1589 2425 1628 rum
2451 1574 2662 1643 quando
2690 1573 2924 1642 suscepit
2971 1572 3230 1640 regnum?
3256 1570 3504 1640 Nunquid
3556 1587 3664 1628 non
3705 1574 3874 1628 bonus

2304 1677 2403 1718 rex
2423 1662 2614 1727 Josias,
2640 1664 2728 1732 qui
2751 1677 2976 1731 regnare
2994 1662 3156 1731 ccepit
3181 1662 3236 1716 in
3264 1661 3667 1717 adolescentia?

2379 1753 2656 1806 SALONIUS.
2693 1753 2834 1808 Vere
2861 1755 3036 1808 bonus
3063 1768 3161 1807 rex
3188 1753 3374 1818 David,
3404 1755 3576 1810 bonus
3603 1764 3660 1811 et
3685 1755 3878 1811 Josias.

640 1848 798 1904 Omni
853 1859 1075 1917 tempore
1127 1849 1229 1899 sint
1281 1845 1579 1899 uestimenta
1628 1853 1716 1896 tua
1767 1843 2014 1905 candida;
2047 1842 2099 1895 id
2127 1852 2210 1896 est
2237 1840 2285 1898 Β
2311 1842 2418 1898 Sed
2447 1860 2525 1898 vae
2561 1852 2716 1898 terra“,
2752 1845 2904 1913 cujus
2930 1860 3028 1899 rex
3049 1843 3263 1913 juvenis
3287 1853 3366 1899 est
3384 1886 3399 1912 ,
3429 1848 3532 1900 hoc
3553 1857 3657 1912 est,
3690 1851 3746 1902 in
3774 1863 3884 1915 quo

637 1952 969 2008 quaecunque
995 1938 1136 1990 bona
1162 1936 1356 2003 egeris,
1386 1936 1493 1992 sint
1518 1935 1715 1989 munda
1744 1941 1798 1987 et
1825 1949 1976 2003 pura,
2011 1942 2068 1986 ut
2085 1948 2210 2002 pos-

637 2030 748 2085 sint
774 2028 886 2081 Deo
914 2039 1033 2080 esse
1053 2035 1302 2094 accepta;
1332 2033 1386 2080 et
1415 2040 1686 2092 nunquam
1712 2025 1931 2079 deﬁcias
1985 2026 2052 2080 ab
2077 2042 2208 2095 ope-

631 2117 788 2175 .ribus
807 2115 1210 2182 misericordiae,
1239 2125 1294 2170 et
1319 2129 1532 2184 semper
1559 2115 1758 2169 habere
1784 2115 1939 2169 stude
1958 2098 2210 2185 spiritua-

640 2205 748 2261 lem
774 2205 1032 2259 laetitiam.

709 2295 978 2351 Vnnmus.
1009 2295 1138 2361 Quae
1161 2303 1282 2349 sunt
1310 2290 1507 2351 musca:
1531 2295 1821 2365 dequibus
1847 2297 2104 2352 Salomon
2129 2299 2211 2352 di-

642 2390 732 2455 cit,
764 2389 963 2442 Muscte
1003 2389 1278 2442 morientes
1323 2391 1667 2443 exterminant
1720 2391 2022 2443 suavitatem
2072 2389 2210 2443 illius

645 2478 853 2548 (Eccle.
883 2477 991 2543 x)?

712 2570 989 2624 SsLomus.
1014 2568 1153 2623 Vere
1173 2577 1320 2624 certe
1351 2566 1605 2624 Salomon
1651 2569 1952 2640 spirituales
2004 2585 2212 2626 muscas

641 2660 908 2729 intelligit.

713 2748 981 2803 VERANUS.
1005 2747 1132 2813 Qua:
1161 2756 1286 2803 sunt
1315 2749 1415 2803 illa:
1442 2750 1743 2819 spirituales
1771 2752 2002 2806 muscae?

715 2837 993 2894 SALONIUS.
1027 2837 1322 2905 Daemones,
1352 2840 1474 2894 vitia
1518 2849 1573 2894 et
1617 2850 1838 2910 peccata
1871 2860 1882 2893 :
1913 2843 2025 2897 haec
2071 2843 2212 2900 enim

641 2933 820 2985 omnia
847 2921 1204 2986 exterminant
1239 2931 1326 2985 hic
1372 2932 1688 2988 suavitatem
1729 2935 2004 3002 unguenti,
2053 2935 2102 2988 id
2132 2944 2213 2990 est

641 3021 865 3088 gratiam
893 3021 1062 3075 sancti
1090 3019 1338 3090 Spiritus.

714 3109 980 3164 VERANUS.
1012 3109 1150 3174 Quid
1179 3119 1261 3164 est
1287 3112 1430 3178 quod
1453 3113 1528 3168 ait
1557 3131 1568 3164 :
1599 3111 1699 3166 Cor
1727 3115 1971 3184 sapientis
2003 3115 2055 3168 in
2085 3115 2211 3169 dex-

2314 1950 2477 2005 parva
2507 1943 2562 1990 et
2592 1935 2800 1990 infirma
2825 1945 2908 1991 est
2933 1937 3217 2006 sapientia,
3246 1943 3301 1991 et
3326 1937 3550 1992 carnalis
3576 1937 3882 2006 prudentia,

2314 2040 2433 2094 qua:
2451 2024 2705 2093 juvenilia
2735 2025 2996 2080 desideria
3024 2026 3283 2095 sequitur,
3332 2025 3444 2080 odit
3478 2026 3764 2097 justitiam,
3793 2044 3880 2083 ve-

2314 2114 2526 2167 ritatem
2555 2122 2610 2168 et
2633 2113 2910 2182 judicium.

2385 2204 2653 2259 VERANUS.
2687 2205 2968 2270 Quomodo
2999 2207 3268 2278 principes
3295 2223 3455 2263 mane
3480 2208 3801 2263 comedunt?

2384 2292 2658 2349 SALONIUS.
2694 2293 2966 2365 Principes
2995 2305 3150 2352 m‘ane
3178 2297 3468 2352 comedunt
3494 2297 3707 2368 quando
3736 2297 3882 2353 luxu-

2314 2383 2511 2439 riosam
2557 2384 2721 2438 vitam
2762 2385 2961 2440 ducunt
3006 2405 3018 2438 :
3066 2396 3120 2441 et
3165 2386 3363 2442 idcirco
3412 2402 3492 2440 vae
3538 2395 3689 2442 terra:
3737 2387 3886 2456 cujus

2315 2475 2580 2544 principes
2625 2490 2782 2529 mane
2830 2473 3132 2543 comedunt,
3163 2475 3287 2546 quia
3329 2479 3498 2546 magis
3526 2486 3706 2533 amant
3733 2479 3886 2548 hujus

2315 2564 2492 2619 saeculi
2537 2565 2842 2635 voluptates
2888 2575 2943 2621 et
2983 2569 3159 2622 carnis
3188 2568 3574 2625 delectationes
3600 2586 3759 2639 quam
3788 2587 3886 2640 po-

2315 2656 2427 2727 puli
2472 2656 2718 2720 salutem,
2744 2655 2970 2727 ideoque
3015 2657 3288 2712 luxnriose
3326 2659 3554 2714 Vivendo
3580 2667 3889 2730 pervertunt

2311 2748 2586 2818 judicium.

2387 2839 2656 2893 Vsumns.
2689 2839 2969 2906 Quomodo
3018 2840 3176 2895 beata
3224 2851 3306 2896 est
3341 2848 3486 2896 terra
3511 2841 3662 2910 cujus
3688 2857 3780 2896 rex
3807 2849 3890 2896 est

2318 2929 2530 2992 nobilis,
2563 2937 2616 2983 et
2639 2931 2788 2999 cujus
2813 2931 3082 3001 principes
3110 2933 3397 2988 comedunt
3417 2933 3469 2986 in
3494 2942 3734 3002 tempore
3761 2934 3891 2987 suo?

2389 3023 2663 3078 SALONIUS.
2696 3022 2751 3077 Si
2796 3039 2890 3078 rex
2936 3023 3129 3079 nobilia
3175 3034 3283 3088 est,
3317 3025 3417 3080 hoc
3444 3034 3526 3079 est
3549 3025 3775 3079 decorus
3802 3040 3892 3079 sa-

2320 3112 2517 3182 pientia
2547 3154 2560 3179 ,
2612 3111 2917 3182 splendidus
2939 3111 3145 3181 justitia
3171 3153 3186 3176 ,
3216 3122 3437 3168 ornatus
3472 3113 3629 3168 bonis
3655 3111 3894 3167 moribus

645 3205 754 3248 tera
776 3200 911 3266 ejus,
931 3209 979 3251 et
1009 3215 1096 3252 cor
1138 3200 1280 3252 stulti
1309 3201 1362 3253 in
1402 3202 1616 3256 sinistra
1660 3202 1800 3256 illius
1825 3202 2066 3274 (Ibid)?
2089 3203 2218 3270 Quis
2244 3204 2289 3266 C
2323 3212 2378 3260 et
2405 3204 2628 3269 actibus,
2663 3219 2788 3257 vere
2814 3204 2971 3258 beata
3009 3212 3091 3258 est
3120 3213 3260 3258 terra
3287 3205 3375 3259 cui
3403 3212 3622 3275 praeest,
3653 3204 3779 3272 quia
3808 3217 3894 3257 re-

645 3285 787 3338 enim
821 3286 984 3340 habet
1004 3302 1098 3340 cor
1125 3304 1280 3341 suum
1303 3291 1515 3344 carnale
1545 3292 1599 3344 in
1623 3291 1843 3346 dextera
1880 3295 1964 3348 vel
2003 3295 2056 3346 in
2083 3295 2214 3347 sini-

645 3381 759 3427 stra
781 3375 978 3426 manu?

713 3464 991 3519 SALONIUS.
1025 3463 1163 3519 Vere
1192 3463 1390 3545 nullus,
1411 3474 1467 3520 et
1493 3466 1615 3522 ideo
1643 3467 1757 3523 haec
1810 3471 2073 3524 sententia
2106 3471 2216 3541 spi-

643 3557 907 3613 ritualiter
927 3555 1087 3612 debet
1115 3555 1354 3625 intelligi.

713 3648 980 3703 VERANUS.
1012 3648 1294 3714 Quomodo
1322 3651 1671 3720 spiritualiter
1688 3652 1849 3708 debet
1869 3653 2128 3724 intelligi?

711 3740 992 3796 SALONIUS.
1023 3739 1126 3796 Per
1150 3758 1244 3797 cor
1261 3742 1568 3811 designatur
1589 3745 1814 3800 intentio
1829 3760 1922 3801 seu
1943 3747 2215 3814 cogitatio;

649 3848 748 3902 per
769 3831 1046 3887 dexteram
1093 3847 1330 3897 manum,
1363 3850 1498 3905 opus
1537 3835 1768 3902 bonum;
1799 3851 1898 3906 per
1949 3837 2218 3892 sinistram

645 3938 796 3990 vero,
826 3923 1044 3976 malum.
1075 3922 1182 3977 Cor
1225 3924 1386 3991 igitur
1415 3924 1673 3995 sapientis
1720 3925 1773 3979 in
1826 3925 2047 3980 dextera
2079 3927 2214 3995 ejus,

644 4013 770 4080 quia
799 4011 1027 4066 intentio
1048 4019 1103 4065 et
1129 4012 1385 4080 cogitatio
1415 4014 1513 4068 viri
1541 4014 1801 4083 sapientis
1824 4015 1876 4067 in
1916 4015 2019 4068 hoc
2046 4015 2218 4070 tendit

643 4111 701 4157 et
728 4103 794 4156 ad
815 4105 920 4158 hoc
942 4103 1152 4158 laborat
1172 4111 1228 4158 ut
1247 4119 1460 4173 semper
1478 4105 1619 4159 bona
1647 4114 1929 4174 operetur;
1954 4115 2216 4174 quatenus

641 4192 699 4246 in
727 4193 813 4246 die
837 4193 1043 4260 judicii,
1074 4193 1140 4247 ad
1194 4193 1469 4249 dexteram
1497 4194 1736 4264 Domini,
1761 4196 1815 4250 id
1863 4203 1944 4251 est
1989 4196 2042 4249 in
2069 4205 2216 4272 sorte

641 4280 904 4350 iustorum
929 4291 1075 4338 stare
1103 4294 1389 4348 mereatur,
1416 4294 1612 4341 etcum
1638 4286 1766 4356 ipsis
1791 4286 1843 4339 in
1871 4292 2072 4339 satana
2091 4286 2216 4340 bea-

643 4367 870 4424 titudine
897 4370 1130 4438 gloriari.
1156 4371 1264 4427 Cor
1281 4389 1412 4428 vero
1433 4375 1580 4426 stulti
1603 4376 1657 4427 in
1683 4375 1896 4427 sinistra
1919 4373 2076 4439 illius,
2092 4376 2215 4444 quia

640 4467 698 4513 et
724 4460 863 4513 mala
891 4476 1008 4530 quae
1028 4463 1231 4529 cogitat
1250 4471 1304 4516 et
1329 4461 1482 4513 malis
1503 4461 1753 4529 operibus
1773 4464 2086 4529 accumulat,
2116 4479 2214 4533 pro

2320 3297 2396 3364 git
2425 3311 2541 3349 eam
2573 3296 2623 3348 in
2649 3295 2851 3364 judicio
2880 3304 2934 3349 et
2959 3296 3228 3364 aequitate,
3259 3304 3315 3350 et
3343 3296 3546 3351 exaltat
3569 3295 3791 3366 justitia.

2390 3384 2656 3439 VERANUS.
2690 3385 2789 3450 Qui
2837 3394 2970 3440 sunt’
3000 3384 3072 3439 illi
3118 3385 3387 3455 principes
3435 3386 3527 3456 qui
3573 3386 3627 3440 in
3655 3393 3894 3455 tempore

2320 3490 2419 3530 suo
2445 3475 2765 3530 comedunt?

2391 3565 2666 3620 SALONIUS.
2697 3565 2776 3619 llli
2817 3566 3068 3623 nimirum
3113 3566 3204 3636 qui
3253 3581 3358 3621 non
3405 3566 3761 3631 luxuriantur,
3796 3563 3887 3634 qui

2319 3672 2427 3711 non
2455 3665 2635 3710 amant
2664 3656 2821 3724 hujus
2849 3658 3029 3712 saeculi
3057 3658 3359 3728 voluptates
3381 3698 3395 3723 ,
3442 3660 3532 3728 qui
3573 3674 3681 3714 non
3709 3658 3891 3712 vivunt

2319 3746 2374 3800 in
2401 3745 2616 3815 crapula
2645 3754 2699 3800 et
2741 3745 3033 3812 ebrietate;
3065 3747 3158 3801 sed
3200 3747 3347 3802 cibos
3393 3757 3638 3817 quaerunt
3683 3754 3886 3800 tantum

2319 3835 2386 3888 ad
2437 3835 2678 3903 corporis
2735 3837 3177 3891 sustentationem
3215 3857 3228 3890 :
3271 3837 3492 3906 ideoque
3547 3839 3698 3890 beata
3745 3844 3890 3888 terra

2321 3937 2439 3990 quae
2486 3923 2622 3977 tales
2668 3923 2829 3978 habet
2879 3925 3188 3995 principes,
3236 3926 3349 3992 quia
3387 3926 3510 3975 dum
3535 3921 3799 3990 justitiam
3829 3930 3888 3976 et

2319 4013 2626 4082 aquitatem
2657 4014 2899 4081 diligunt,
2929 4015 3117 4081 utique
3139 4027 3243 4069 non
3268 4017 3580 4082 pervertunt
3602 4009 3892 4078 judicium.

2391 4104 2653 4156 VERANUS.
2687 4102 2823 4167 Quid
2852 4110 2933 4157 est
2953 4103 3099 4171 quod
3129 4105 3203 4158 ait
3229 4122 3243 4157 ε
3277 4103 3357 4156 Da
3383 4111 3551 4174 partes
3578 4110 3772 4171 septem
3800 4117 3898 4154 nec

2319 4207 2420 4243 non
2439 4198 2488 4242 et
2514 4199 2625 4243 octo
2658 4189 2854 4260 (Eccle.
2888 4193 2998 4261 xl)?
3038 4193 3168 4259 Quae
3187 4199 3313 4248 sunt
3341 4192 3442 4247 illa:
3477 4199 3681 4262 septem
3712 4199 3896 4262 partes

2320 4279 2407 4333 vel
2423 4287 2554 4342 octo
2581 4294 2714 4348 quas
2742 4281 2871 4335 dare
2900 4297 3000 4337 nos
3019 4283 3206 4354 jubet?

2389 4370 2671 4426 SALONIUS.
2705 4372 2809 4427 Per
2855 4374 3217 4442 septenarium
3250 4388 3550 4439 numerum,
3597 4373 3755 4428 Vetus
3782 4371 3895 4427 Te-
3951 4409 3960 4414 -

2317 4469 2656 4528 stamentum,
2687 4472 2909 4534 propter
2933 4465 3232 4529 sabbatum,
3277 4465 3368 4534 qui
3392 4474 3474 4519 est
3500 4464 3753 4534 septimus
3777 4462 3901 4518 dies

641 4548 838 4614 quibus
867 4549 921 4599 in
946 4549 1032 4600 die
1047 4548 1253 4614 judicii,
1281 4564 1312 4600 a
1340 4548 1587 4611 sinistris,
1621 4549 1672 4604 id
1726 4558 1808 4605 est
1857 4552 1908 4606 in
1957 4562 2100 4608 sorte
2128 4569 2216 4608 re-
2245 4564 2296 4625 D
2323 4552 2680 4608 sanctiiicatus
2708 4553 2763 4605 in
2790 4553 2937 4621 lege;
2965 4568 3062 4623 per
3083 4554 3420 4610 octonarium
3443 4570 3572 4609 vero
3593 4553 3903 4622 designatur

642 4634 934 4702 proborum
963 4641 1214 4703 ponetur,
1247 4644 1441 4692 etcum
1463 4638 1541 4693 eis
1568 4639 1622 4693 in
1660 4647 1918 4695 aeternum
1946 4643 2212 4712 punietur.

713 4721 979 4780 νεωυε.
1012 4725 1141 4791 Quis
1165 4735 1248 4782 est
1267 4721 1356 4782 ille
1379 4728 1596 4797 spiritus
1613 4731 1680 4785 de
1703 4745 1810 4799 quo
1829 4732 1959 4786 dicit
1983 4750 1994 4786 :
2022 4731 2082 4786 Si
2107 4735 2216 4802 spi-

578 4812 580 4814 ’
641 4816 774 4870 ritus
799 4823 1102 4884 potestatem
1146 4816 1380 4872 habentis
1421 4821 1711 4874 ascenderit
1750 4837 1904 4891 super
1940 4830 2017 4886 te,
2049 4822 2216 4876 locum

544 4929 548 4933 ”
644 4917 787 4962 tuum
811 4923 875 4960 ne
921 4908 1216 4962 dimiseris?
1235 4907 1363 4975 Quis
1383 4918 1464 4964 est
1491 4911 1592 4966 iste
1619 4912 1710 4980 qui
1771 4912 1933 4966 habet
1976 4921 2215 4982 potesta-

642 5007 777 5067 tem,
804 5001 956 5068 cujus
985 5001 1222 5069 spiritus,
1253 5001 1298 5056 si
1334 5001 1651 5058 ascenderit
1699 5017 1859 5071 super
1891 5018 2009 5070 nos,
2037 5005 2215 5061 locum

641 5097 885 5144 nostrum
911 5089 1178 5145 dimittere
1203 5105 1310 5145 non
1338 5089 1630 5145 debemus?

710 5178 990 5234 SALONIUS.
1016 5179 1290 5247 Diabolus,
1317 5181 1568 5252 princeps
1587 5181 1747 5251 hujus
1772 5183 1976 5252 mundi,
2000 5185 2216 5255 spiritus

638 5269 788 5347 ejus,
806 5279 888 5324 est
913 5271 1144 5339 maligna
1173 5273 1464 5341 suggestio.

720 5358 988 5415 Vnmnns.
1013 5360 1244 5430 Spiritus
1271 5362 1469 5420 diaboli
1491 5364 1762 5432 quomodo
1791 5366 2034 5421 ascendit
2052 5383 2216 5439 super

641 5450 782 5503 nos?
1993 5516 1995 5519 .

713 5535 991 5594 SALONIUS.
1022 5537 1156 5606 Quia
1176 5543 1550 5610 persuadendo
1576 5546 1704 5602 facit
1727 5555 1785 5602 ut
1832 5547 1971 5602 mala
2015 5549 2217 5616 cogite-

641 5641 764 5680 mus
790 5647 802 5678 :
835 5629 879 5682 si
906 5644 1036 5696 ergo
1066 5640 1385 5699 suggerente
1411 5633 1659 5700 diabolo,
1690 5638 1829 5691 mala
1855 5638 2108 5706 cogitatio
2131 5654 2218 5694 as-

643 5713 889 5770 cenderit
909 5718 963 5774 in
979 5733 1074 5778 cor
1099 5726 1362 5787 nostrum,
1377 5737 1488 5778 non
1509 5724 1558 5779 ei
1587 5725 1762 5781 locum
1787 5727 1917 5783 dare
1937 5729 2218 5796 debemus,

1742 5865 1916 5877 »σα-³,-

2324 4643 2533 4698 Novum
2563 4630 2983 4711 Testamentum,
3008 4653 3228 4715 propter
3249 4644 3393 4700 diem
3421 4644 3738 4700 dominicam
3757 4687 3773 4713 ,
3803 4644 3902 4713 qui

2320 4741 2403 4788 est
2431 4741 2671 4802 octavus,
2704 4733 2918 4789 Domini
2941 4733 3138 4792 Christi
3159 4735 3554 4789 resurrectione
3581 4744 3817 4790 sanctus.

2397 4823 2659 4879 VERANUS.
2705 4824 2984 4891 Quomodo
3026 4839 3155 4895 ergo
3195 4825 3596 4896 intelligendum
3643 4833 3726 4880 est
3750 4825 3904 4894 quod

2319 4914 2393 4969 ait
2416 4933 2426 4968 :
2460 4914 2544 4968 Da
2572 4925 2742 4986 partes
2769 4926 2976 4988 septem,
2999 4933 3093 4970 nec
3112 4933 3215 4971 non
3237 4924 3288 4970 et
3315 4925 3427 4971 octo
3457 4914 3693 4988 (Ibid.)?

2391 5006 2673 5063 SALONIUS.
2703 5006 2818 5062 Hoc
2846 5007 3008 5062 modo
3033 5023 3046 5059 ε
3075 5005 3128 5060 id
3157 5015 3239 5062 est
3266 5015 3550 5076 utrumque
3579 5004 3909 5062 Testamen-

2319 5105 2430 5150 tum
2458 5097 2646 5167 (Vetus
2674 5097 2878 5153 scilicet
2907 5105 2962 5152 et
2989 5095 3219 5164 Novum)
3248 5095 3366 5164 pari
3394 5095 3744 5150 veneratione
3772 5107 3904 5148 cre-

2318 5187 2492 5243 dendo
2521 5188 2748 5258 suspice,
2781 5195 2838 5242 et
2855 5194 3121 5258 praecepta
3147 5200 3335 5241 eorum
3363 5184 3648 5254 diligenter
3673 5183 3911 5254 implere

2318 5278 2491 5333 stude.
3921 5320 3923 5322 .

2389 5367 2654 5422 Vsusnns.
2687 5367 2822 5434 Quid
2867 5375 2949 5423 est
2977 5368 3122 5437 quod
3149 5367 3260 5420 ait:
3311 5363 3372 5420 Si
3419 5364 3663 5418 ceciderit
3702 5363 3912 5436 tignum

2320 5459 2388 5512 ad
2415 5465 2665 5520 austrum,
2695 5467 2784 5510 aut
2807 5457 2878 5511 ad
2902 5458 3223 5529 aquilonem,
3262 5455 3317 5510 in
3354 5470 3649 5526 quocunque
3675 5453 3790 5507 loco
3825 5468 3916 5504 ce-

2319 5547 2500 5602 ciderit
2524 5585 2537 5609 ,
2569 5545 2637 5598 ibi
2685 5549 2780 5601 erit
2813 5546 3039 5618 (Ibid.)?
3065 5546 3314 5616 Nunquid
3355 5543 3499 5614 quod
3525 5542 3669 5599 cadit
3695 5543 3913 5612 lignum

2323 5637 2391 5693 ad
2418 5637 2720 5707 aquilonem
2737 5677 2752 5703 ,
2785 5646 2877 5692 aut
2900 5637 2968 5692 ad
2995 5639 3273 5695 meridiem
3290 5681 3305 5703 ,
3347 5653 3453 5693 non
3482 5651 3625 5705 saepe
3653 5642 3918 5692 movetur

2321 5729 2377 5785 in
2401 5727 2531 5783 alias
2559 5729 2740 5784 mundi
2770 5731 2984 5800 partes?
