4244 6254
411 352 544 412 1009

1295 349 1364 404 IN
1398 345 1895 403 ECCLESIASTEN
1931 343 2283 400 EXPOSITIO
2320 341 2636 399 MYSTIGA.

3534 347 3666 405 1010

430 450 436 457 ’
476 467 757 521 SALONIUS.
788 464 927 518 Nulli
974 463 1078 516 hoc
1107 460 1326 515 dubium
1357 467 1476 521 est,
1521 457 1612 511 sed
1643 457 1754 510 hac
1777 464 1990 510 senten-
2017 461 2065 518 Α
2102 455 2323 518 nucleo,
2368 454 2439 507 ita
2465 452 2706 508 Christus
2735 466 2799 507 ex
2828 467 3019 518 carne,
3051 455 3253 518 anima,
3286 463 3338 509 et
3366 454 3661 515 divinitate.

404 559 480 612 tia
508 555 856 626 spiritualiter
904 551 1124 618 intelligi
1151 551 1328 604 debet.
1372 548 1502 600 Nam
1533 562 1629 616 per
1657 546 1855 614 lignum
1882 545 1981 599 Ιιο-

404 661 496 702 mo
524 645 834 712 designatur
861 662 874 696 :
923 641 1177 711 quoniam
1224 636 1588 706 unusquisque
1627 644 1708 690 est
1735 635 1887 704 quasi
1916 634 1982 687 li-

403 751 566 807 gnum
612 736 758 790 silvae
793 734 1004 803 generis
1032 730 1267 786 humani.
1321 727 1424 782 Per
1470 735 1709 781 austrum
1735 766 1749 790 ,
1779 725 1870 792 qui
1903 731 1986 777 est

400 827 611 883 calidus
632 834 842 886 ventus,
869 823 1175 890 designatur
1194 819 1408 888 requies
1427 817 1681 887 paradisi.
1708 814 1812 870 Per
1840 815 1985 883 aqui-

403 918 585 972 Ionem
612 960 628 984 ,
676 918 767 986 qui
813 923 895 969 est
937 913 1173 980 frigidus,
1218 910 1524 978 designatur
1551 907 1747 961 inferni
1776 905 1982 975 suppli-

397 1011 573 1074 cium;
623 1017 679 1063 et
729 1015 810 1062 est
856 1021 1080 1060 sensus:
1115 1001 1428 1071 Ubicunque
1468 999 1569 1054 sibi
1605 999 1768 1052 homo
1806 997 1984 1050 locum

324 1105 328 1108 ⁴
402 1102 471 1156 ad
517 1101 748 1154 futuram
795 1097 973 1151 sedem
1023 1092 1440 1164 pneparaverit,
1484 1090 1599 1144 sive
1628 1087 1695 1141 a‘d
1719 1095 1978 1149 austrum,

404 1207 524 1246 eum
550 1187 802 1244 ceciderit
825 1185 900 1257 (id
929 1192 1012 1239 est
1039 1189 1282 1236 mortuus
1307 1179 1508 1248 fuerit),
1533 1178 1587 1230 in
1618 1175 1804 1244 requie
1833 1188 1984 1244 para-

398 1280 504 1334 disi
526 1285 584 1333 et
614 1277 788 1347 gloria
813 1275 963 1343 regni
991 1272 1224 1328 ctelestis
1251 1268 1585 1340 permanebit
1625 1268 1680 1320 in
1700 1273 1977 1320 aeternum.

397 1369 459 1423 Si
487 1383 616 1422 vero
664 1367 804 1420 male
854 1362 1084 1418 vivendo
1139 1361 1238 1415 sibi
1287 1361 1464 1414 locum
1506 1355 1886 1428 prmparaverit
1913 1353 1982 1408 ad

398 1459 642 1523 boream,
669 1455 858 1510 inferni
887 1469 1072 1523 pmnas
1102 1454 1212 1507 luet
1241 1453 1293 1505 in
1320 1450 1514 1506 saecula
1544 1449 1881 1503 saeculorum.

475 1549 746 1603 VEBANUS.
781 1545 918 1612 Quid
946 1553 1028 1599 est
1057 1542 1201 1613 quod
1228 1543 1339 1604 ait,
1394 1539 1492 1605 Qui
1522 1539 1752 1595 observat
1781 1545 1980 1590 ventum

403 1659 511 1696 non
542 1642 797 1704 seminat,
847 1646 896 1692 et
934 1638 1018 1708 qui
1048 1635 1338 1690 considerat
1361 1633 1515 1687 nubes
1545 1647 1806 1701 nunquam
1835 1629 1979 1681 metit

396 1730 601 1801 (Eccle.
633 1730 709 1798 χι)
741 1730 764 1782 ?
812 1728 938 1794 Quis
967 1727 1108 1781 enim
1153 1733 1236 1779 est
1267 1732 1374 1777 tam
1402 1723 1596 1777 stultus
1625 1720 1716 1786 qui
1768 1732 1981 1785 semper

2088 543 2350 609 Quoniam
2365 557 2475 612 oper
2503 557 2564 596 os
2592 541 2854 612 amygdali
2892 542 3140 597 divinitas
3167 543 3491 611 designatur.

2158 635 2424 688 Vsnxavs.
2459 632 2562 687 Per
2590 633 2848 687 locustam
2891 641 2946 687 et
2984 634 3256 704 capparim
3303 636 3431 704 quid
3467 637 3663 704 signiti~

2087 728 2282 779 catur?
2570 737 2578 745 ·

2155 813 2433 870 δησιηιυε.
2469 814 2572 870 Per
2601 817 2862 872 locustam
2891 817 3119 887 populus
3145 817 3376 886 gentilis,
3407 833 3504 888 per
3531 832 3662 888 cap-
3686 810 3707 818 ’

2085 905 2255 974 parim
2283 906 2511 975 populus
2539 905 2807 962 Judaicus.

2158 995 2427 1050 VEBANUS.
2461 995 2739 1062 Quomodo
2767 1011 2895 1067 ergo
2924 999 3265 1068 intelligenda
3293 1007 3374 1054 est
3403 1000 3517 1055 haec
3537 1015 3663 1056 sen-

2089 1086 2253 1140 tentia
2271 1087 2294 1138 ἲ

2155 1176 2434 1232 SAL’ONIUS.
2484 1177 2721 1232 Florebit
2771 1179 3080 1250 amygdalus
3104 1219 3118 1245 ,
3178 1180 3230 1233 id
3287 1189 3370 1235 est
3412 1187 3663 1234 nascetur

2085 1266 2328 1323 Christus
2353 1277 2409 1323 et
2435 1271 2769 1325 corruscabit
2795 1270 3066 1326 miraculis
3091 1289 3102 1323 :
3138 1270 3555 1342 Impinguabitur
3583 1270 3662 1323 lo-

2085 1368 2228 1412 custa
2252 1398 2266 1422 ,
2319 1359 2370 1413 id
2414 1367 2498 1414 est
2537 1361 2723 1415 credet
2759 1361 2974 1428 gentilis
2996 1362 3254 1432 populus,
3291 1370 3346 1416 et
3373 1360 3663 1430 replebitur

2083 1448 2238 1504 donis
2284 1451 2677 1519 spiritualibus;
2727 1452 3072 1522 dissipabitur
3117 1454 3395 1523 capparis,
3438 1454 3543 1508 hoc
3568 1458 3654 1506 est

2084 1543 2282 1610 peribit
2309 1552 2531 1610 propter
2561 1544 2930 1596 infidelitatem
2957 1545 3183 1611 populus
3209 1543 3478 1597 Judaicus.

2158 1631 2421 1686 Vesanus.
2455 1632 2629 1698 Quare
2657 1633 2820 1687 verba
2849 1633 3149 1700 sapientum
3199 1633 3425 1687 stimulis
3461 1640 3514 1687 et
3550 1633 3663 1688 cla-

2081 1724 2162 1777 vis
2190 1723 2584 1780 assimilantur?
2612 1723 2700 1777 Sic
2725 1723 2870 1777 enim
2897 1723 3026 1777 dicit
3052 1722 3307 1778 Salomon
3327 1763 3341 1787 ,
3380 1722 3548 1776 Verba
3568 1740 3661 1777 sa-

401 1822 652 1875 observet
678 1827 914 1878 ventum,
934 1825 992 1867 ut
1021 1830 1124 1866 non
1147 1815 1403 1876 seminet;
1427 1817 1482 1864 et
1500 1823 1714 1878 semper
1734 1806 1979 1863 conside-
2005 1818 2054 1878 Β
2083 1815 2308 1883 pientum
2332 1815 2462 1866 sicut
2487 1814 2712 1876 stimuli,
2752 1820 2801 1866 et
2839 1815 2989 1883 quasi
3035 1813 3163 1866 clavi
3205 1815 3260 1866 in
3299 1813 3458 1866 altum
3497 1813 3662 1882 deﬁxi

401 1917 485 1964 ret
513 1909 702 1970 nubes,
735 1913 793 1959 ut
821 1919 1093 1973 nunquam
1115 1903 1322 1956 metat?

471 1996 748 2052 SALONIUS.
781 1994 906 2048 Hzec
950 1992 1216 2048 sententia
1253 1988 1598 2059 spiritualiter
1637 1984 1980 2054 intelligenda

2112 1901 2297 1955 Ibid)

2112 1904 2248 1955 Ibid.
2284 1942 2297 1954 .

2085 1904 2104 1972 (
2152 1904 2430 2050 SAL)0NIUS.
2506 1995 2793 2064 Aptissime
2840 1995 3002 2048 verba
3049 1993 3360 2063 sapientum:
3400 1993 3564 2048 clavis
3609 2001 3666 2049 et

402 2097 520 2144 est:
553 2103 677 2142 nam
706 2094 766 2140 ut
811 2100 908 2155 per
947 2091 1164 2153 ventum
1211 2088 1266 2136 et
1306 2081 1476 2135 nubes
1513 2092 1652 2146 saepe
1692 2085 1983 2146 tempestas

2081 2087 2310 2140 stimulis
2353 2095 2754 2156 comparantur,
2806 2087 2929 2155 quia
2968 2092 3311 2154 peccatorum
3349 2086 3534 2154 culpas
3569 2101 3664 2140 ne-

401 2177 643 2247 generari
689 2176 854 2240 solet;
904 2175 981 2229 sic
1039 2188 1135 2243 per
1194 2179 1414 2225 ventum
1477 2170 1638 2222 etiam
1678 2167 1983 2234 designatur

401 2269 645 2330 diabolus
671 2307 686 2331 ,
729 2283 823 2337 per
859 2266 1028 2320 nubes
1064 2261 1342 2333 praesentis
1389 2259 1568 2315 saeculi
1613 2258 1978 2312 adversitates.

2083 2178 2256 2231 sciunt
2283 2178 2520 2247 palpare,
2547 2177 2640 2232 sed
2668 2192 2905 2247 pungere
2930 2196 2944 2242 ;
2975 2177 3065 2245 qui
3095 2176 3236 2230 enim
3261 2176 3522 2231 veraciter
3540 2185 3664 2232 Sunt

2084 2269 2390 2338 sapientes,
2443 2284 2628 2324 eorum
2674 2268 2860 2338 procul
2907 2267 3068 2322 dubio
3104 2267 3266 2321 verba
3293 2266 3430 2321 clavi
3457 2275 3581 2320 sunt
3609 2275 3666 2320 et

405 2329 746 2427 Quicunque-
782 2356 944 2424 igitur
990 2329 1141 2407 tiniet
1183 2350 1377 2406 diaboli
1438 2349 1863 2419 persecutionem
1891 2353 1984 2400 aut

2042 2329 2302 2426 .stimuli,
2331 2360 2453 2428 quia
2475 2329 2786 2429 peccatores
2805 2373 2912 2412 non
2934 2356 3309 2411 blandimentis
3336 2356 3537 2419 fovent,
3569 2355 3667 2410 sed
3768 2431 3772 2434 _

297 2480 305 2488 -
401 2449 584 2505 mundi
613 2449 772 2516 hujus
808 2446 1189 2507 adversitates,
1235 2457 1343 2496 non
1375 2441 1640 2505 seminat,
1673 2440 1725 2493 id
1751 2450 1831 2494 est
1858 2453 1980 2493 ver-

401 2541 529 2596 bum
559 2539 652 2594 Dei
683 2555 788 2593 non
817 2535 1104 2608 prmdicat,
1151 2549 1250 2589 nec
1279 2542 1533 2603 Operatur
1572 2533 1713 2587 bona
1750 2547 1866 2602 qua:
1891 2547 1985 2586 va-

404 2631 520 2694 let,
573 2629 734 2684 etiam
775 2641 1047 2695 nunquam
1086 2633 1288 2689 metet;
1328 2624 1454 2693 quia
1495 2623 1597 2677 etsi
1638 2623 1818 2691 aliqua
1843 2623 1983 2678 bona

403 2720 641 2784 inchoat,
674 2717 740 2772 ad
771 2715 1154 2787 perfectionem
1184 2730 1291 2768 non
1319 2729 1382 2768 ea
1410 2711 1672 2782 perducit.

425 2869 430 2873 ,
473 2809 743 2864 νεηληυδ.
782 2805 918 2872 Quid
939 2817 1068 2872 ergo
1090 2803 1351 2870 agendum
1382 2804 1497 2858 est?

472 2899 753 2956 SALONIUS.
785 2897 912 2952 Sine
961 2895 1389 2952 consideratione
1434 2893 1653 2949 nubium
1700 2901 1756 2949 et
1796 2895 1987 2950 timore

403 3000 688 3048 ventorum
713 3028 728 3053 ,
771 2990 824 3043 in
860 2987 1050 3043 mediis
1091 2987 1499 3056 tempestatibus
1526 2985 1791 3039 seminare
1819 2984 1984 3040 debe-

404 3098 554 3147 mus;
594 3080 650 3136 id
683 3088 767 3135 est
807 3080 861 3133 in
902 3077 1149 3134 omnibus
1185 3075 1595 3130 adversitatibus
1633 3075 1855 3129 verbum
1891 3075 1986 3129 Dei

2086 2464 2275 2519 aspera
2305 2449 2672 2518 increpatione
2711 2448 3064 2515 redarguunt,
3113 2455 3168 2501 et
3204 2462 3391 2501 eorum
3429 2454 3664 2502 secretas

2085 2539 2442 2594 conscientias
2469 2539 2620 2607 quasi
2645 2538 2950 2608 pungendo,
2983 2537 3048 2592 ad
3077 2536 3319 2592 dolorem
3348 2545 3396 2592 et
3430 2538 3664 2593 lamenta

2086 2635 2341 2683 exercent
2369 2635 2427 2681 ut
2453 2629 2807 2694 corrigantur.

2155 2718 2425 2775 VERANUS.
2459 2718 2597 2785 Quid
2625 2727 2705 2772 est
2731 2719 2874 2786 quod
2899 2718 3004 2771 ait:
3026 2717 3153 2781 Quae
3180 2735 3270 2788 per
3301 2720 3666 2789 niagistrorum

2085 2810 2354 2863 consilium
2392 2810 2516 2862 data
2564 2819 2684 2863 sunt
2721 2827 2753 2862 α
2789 2818 2993 2880 pastore
3017 2827 3118 2864 uno
3143 2809 3371 2879 (Ibid.)?
3413 2809 3514 2876 Qui
3540 2819 3668 2865 sunt

2087 2900 2162 2953 illi
2187 2899 2424 2969 magistri
2452 2914 2550 2968 per
2575 2914 2802 2968 quorum
2831 2899 3111 2953 consilium
3140 2898 3264 2954 data
3303 2907 3426 2952 sunt
3452 2899 3668 2968 sapien-

2087 2997 2200 3044 tum
2231 2990 2420 3054 verba,
2464 2997 2555 3042 aut
2583 2989 2702 3058 quis
2731 2998 2814 3044 est
2852 3005 2988 3045 unus
3016 2990 3104 3044 ille
3132 2997 3315 3060 pastor
3349 3005 3380 3044 a
3407 3005 3514 3059 quo
3540 2990 3669 3047 data

2087 3081 2250 3136 sunt?

404 3171 716 3243 praedicare,
745 3176 799 3224 et
825 3168 968 3223 bona
996 3179 1161 3236 opera
1186 3179 1305 3233 qua:
1322 3164 1562 3218 valemus
1586 3164 1748 3232 agere
1774 3178 1988 3233 semper
2015 3175 2061 3238 ο
2165 3169 2444 3225 SALONIUS.
2476 3169 2715 3238 Magistri
2741 3179 2866 3226 sunt
2891 3171 3166 3242 propheta:
3193 3180 3247 3226 et
3275 3171 3532 3242 apostoli;
3569 3186 3669 3241 pa-

402 3268 640 3331 oportet.

475 3349 745 3404 Vsnsavs.
806 3347 945 3412 Quid
973 3353 1069 3402 est
1092 3365 1104 3399 :
1131 3346 1288 3400 Mane
1326 3347 1521 3400 semina
1554 3361 1725 3400 semen
1753 3353 1912 3408 tuum,
1939 3352 1989 3396 et

405 3441 605 3511 vesperi
626 3455 691 3492 ne
723 3446 883 3492 cesset
921 3452 1106 3489 manus
1141 3446 1229 3488 tua
1258 3435 1483 3504 (Ibid.)?
1512 3435 1647 3499 Quis
1673 3435 1816 3489 enim
1845 3447 1987 3488 sem-

407 3545 508 3600 per
553 3535 609 3584 et
652 3543 811 3582 mane
855 3534 910 3580 et
955 3525 1166 3594 vesperi
1213 3524 1479 3578 seminare
1517 3529 1726 3589 potest,
1758 3521 1991 3576 maxime

407 3635 533 3675 cum
561 3617 769 3687 glaciali
797 3624 1040 3684 tempore
1063 3613 1240 3666 nullus
1267 3611 1460 3666 audeat
1483 3613 1788 3666 seminare?

481 3707 761 3762 SsLomus.
793 3704 989 3759 Semen
1037 3704 1142 3758 hoc
1181 3703 1302 3756 loco
1341 3717 1448 3756 non
1489 3702 1888 3769 intelligendum
1911 3709 1993 3756 est

412 3801 666 3857 frumenti
707 3798 793 3853 vel
839 3799 1058 3853 alterius
1096 3797 1381 3867 cujuslibet
1425 3797 1609 3864 grani,
1669 3795 1762 3851 sed
1809 3809 1993 3850 semen

413 3894 543 3951 boni
570 3893 768 3962 Operis,
799 3906 865 3944 ex
894 3906 1000 3960 quo
1031 3891 1267 3947 nascitur
1294 3889 1495 3946 fructus
1519 3888 1754 3958 iustitiae,
1786 3896 1840 3943 et
1859 3901 1995 3941 mer-

419 4000 509 4041 ces
535 3990 749 4037 aeternae
777 3982 1243 4036 remunerationis.
1440 3969 1443 3974 ’

487 4076 754 4128 Vesanus.
787 4070 925 4137 Quid
954 4085 1082 4138 ergo
1111 4071 1270 4124 docet
1296 4089 1418 4126 cum
1437 4073 1599 4128 dicit:
1621 4072 1778 4126 Mane
1798 4074 1995 4126 semina

415 4181 586 4220 semen
616 4172 776 4228 tuum,
808 4171 856 4215 et
876 4161 1069 4230 vesperi
1100 4175 1163 4213 ne
1193 4170 1351 4212 cesset
1384 4176 1567 4213 manus
1591 4163 1714 4213 tua?

489 4255 771 4308 SALONIUS.
805 4251 876 4305 Ut
917 4251 1063 4304 nullo
1093 4258 1334 4318 tempore
1353 4291 1368 4314 ,
1397 4249 1540 4303 nulla
1569 4257 1755 4313 aetate,
1786 4268 1815 4304 a
1844 4253 1998 4306 bonis

417 4347 672 4416 operibus
700 4357 1000 4398 cessemus.
1037 4349 1093 4401 et
1134 4347 1371 4394 nostram
1401 4339 1714 4393 matutinam
1738 4339 1999 4408 justitiam

419 4451 610 4506 vesper
649 4435 914 4497 inveniat,
965 4441 1020 4487 et
1053 4432 1411 4502 vespertinam
1447 4429 1863 4484 misericordiam
1894 4432 1997 4487 ite-

2090 3272 2205 3316 stor
2249 3278 2386 3315 unus
2430 3272 2512 3316 est
2555 3262 2697 3318 Deus
2721 3304 2735 3326 ,
2791 3279 2822 3317 a
2864 3278 2970 3332 quo
3000 3263 3122 3317 data
3153 3272 3277 3318 sunt
3304 3264 3484 3318 omnia
3506 3263 3671 3318 verba

2091 3353 2389 3422 sapientum
2414 3393 2428 3417 ,
2479 3353 2604 3422 quia
2635 3354 2758 3422 'ipse
2796 3353 2975 3408 docuit
3016 3355 3298 3420 magistros
3329 3354 3404 3422 (id
3433 3361 3514 3406 est
3540 3368 3670 3421 pro-

2091 3443 2280 3512 phetas
2330 3451 2386 3495 et
2431 3441 2741 3510 apostolos)
2787 3449 2842 3494 et
2868 3441 3125 3494 restruxit
3151 3456 3337 3494 eorum
3365 3441 3668 3504 eonSilium,

2092 3532 2344 3598 quoniam
2377 3531 2488 3597 ipse
2515 3529 2657 3582 dedit
2686 3529 2850 3581 verba
2878 3530 2931 3582 in
2961 3529 3121 3582 corde
3151 3537 3205 3582 et
3233 3545 3326 3584 ore
3348 3531 3605 3598 ipsorum.

2167 3620 2435 3673 VERANUS.
2470 3618 2606 3684 Quid
2649 3627 2732 3672 est
2765 3619 2908 3688 quod
2947 3618 3301 3674 Ecclesiastes
3337 3620 3389 3673 in
3418 3620 3523 3675 line
3551 3620 3672 3676 libri

2095 3709 2178 3763 sui
2205 3708 2332 3763 dicit
2364 3727 2375 3760 :
2409 3709 2570 3762 Deum
2606 3710 2726 3762 time
2755 3718 2803 3762 et
2829 3709 3077 3762 mandata
3104 3710 3214 3778 ejus
3236 3709 3450 3774 custodi,
3483 3710 3578 3763 hoc
3597 3720 3675 3764 est

2042 3855 2057 3880 υ
2096 3801 2232 3853 enim
2254 3801 2421 3853 annuis
2445 3800 2628 3854 homo?
2680 3798 2960 3865 Quomodo
2985 3798 3097 3852 ﬁeri
3119 3806 3315 3867 potest,
3337 3806 3397 3852 ut
3424 3800 3527 3853 hoc
3555 3807 3675 3852 tan-

2098 3897 2211 3944 tum
2254 3891 2323 3945 sit
2351 3890 2513 3944 homo
2536 3931 2550 3954 ,
2574 3889 2646 3943 id
2677 3897 2759 3942 est
2788 3889 2975 3943 timere
3005 3889 3170 3942 Deum
3201 3896 3255 3942 et
3279 3887 3528 3941 mandata
3558 3887 3676 3956 ejus

2099 3966 2425 4035 observare?
2455 3977 2620 4032 Multo
2661 3977 2859 4047 quippe
2887 3976 3059 4045 major
3094 3985 3176 4031 est
3203 3991 3329 4046 pars
3353 3992 3541 4031 eorum
3571 3977 3673 4031 hoc

2098 4070 2301 4123 minum
2330 4070 2421 4136 qui
2446 4084 2548 4123 nec
2577 4069 2767 4123 timent
2796 4083 2896 4123 nec
2922 4065 3246 4123 custodiunt.

2169 4158 2444 4213 SsLomus.
2484 4158 2623 4212 Vere
2651 4157 2822 4226 major
2847 4173 2970 4226 pars
2994 4165 3078 4213 est
3102 4158 3365 4212 malorum
3391 4171 3551 4226 quam
3578 4158 3676 4213 bo-

2100 4267 2312 4314 norum,
2344 4249 2467 4318 quia
2497 4250 2634 4304 sicut
2662 4249 2918 4304 Dominus
2945 4249 3074 4305 dicit
3111 4267 3122 4302 :
3155 4247 3313 4302 Multi
3337 4257 3455 4303 sunt
3490 4249 3673 4313 vocati,

2103 4347 2253 4414 pauci
2275 4362 2390 4399 vero
2411 4345 2555 4399 electi
2587 4343 2800 4414 (Matth.
2835 4343 2950 4414 xx),
2984 4351 3039 4398 et
3065 4338 3553 4412 incomparabiliter
3571 4355 3678 4398 ma-

2108 4435 2190 4502 jor
2220 4434 2510 4489 inﬁdelium
2537 4424 2819 4489 multitudo
2846 4448 3006 4502 quam
3034 4432 3285 4487 fidelium.

419 4542 539 4581 rum
567 4526 650 4581 sol
677 4533 828 4580 ortus
855 4523 1155 4577 accumulet
1180 4540 1192 4572 :
1226 4522 1278 4574 in
1326 4518 1686 4574 adolescentia
1719 4519 1920 4600 pariter
1946 4527 2002 4573 et
2028 4531 2076 4589 ι)
2174 4522 2446 4578 νεκληυε.
2474 4525 2610 4590 Quid
2639 4539 2766 4593 ergo
2791 4524 2906 4579 vult
2935 4525 2990 4579 in
3017 4524 3122 4579 hoc
3148 4523 3268 4578 loco
3296 4521 3550 4578 Salomon
3585 4521 3678 4578 de-

419 4623 698 4670 senectute
728 4615 982 4668 virtutum
1023 4611 1176 4680 copia
1213 4625 1311 4664 nos
1347 4625 1559 4679 semper
1585 4610 1696 4664 Deo
1725 4624 1999 4664 commen-

417 4707 528 4762 det.
560 4705 718 4762 Mane
736 4719 864 4773 ergo
884 4705 1082 4758 semina
1101 4718 1270 4758 semen
1289 4711 1450 4768 tuum,
1473 4710 1522 4755 et
1541 4702 1733 4772 vesperi
1753 4717 1816 4755 ne
1839 4709 1998 4755 cesset

417 4814 609 4853 manus
639 4807 722 4850 tua
745 4796 934 4868 (Mitt)
959 4814 972 4848 :
1004 4795 1108 4849 hoc
1136 4801 1247 4858 est,
1275 4805 1486 4862 semper
1516 4801 1568 4847 te
1605 4794 1658 4846 in
1684 4793 1841 4850 bonis
1867 4808 1996 4863 ope-

419 4891 570 4944 ribus
597 4903 806 4942 exerce.
1191 4939 1194 4942 Α

497 4978 766 5033 νειυιιηυε.
801 4975 934 5042 Quid
962 4985 1046 5031 est
1070 4975 1214 5044 quod
1242 4975 1337 5039 ait,
1363 4973 1432 5049 Et
1453 4973 1656 5043 ﬂorebit
1677 4975 1998 5046 amygdalus,

421 5066 830 5139 impinguabitur
850 5065 1066 5130 locusta,
1095 5073 1142 5118 et
1171 5064 1506 5135 dissipabitur
1534 5065 1773 5135 capparis
1804 5064 1998 5132 (Eccle.

425 5158 562 5224 xu)?
589 5155 723 5222 Quid
755 5156 896 5210 enim
925 5153 1125 5224 profuit
1152 5156 1256 5209 hoc
1276 5154 1471 5218 dicere,
1503 5169 1624 5208 cum
1652 5154 1826 5210 nullus
1855 5156 2005 5224 igno-

423 5256 510 5303 ret
546 5247 669 5316 quia
709 5254 765 5302 et
809 5245 1120 5317 amygdalus
1156 5245 1349 5300 ﬂorere
1375 5247 1542 5312 solet,
1579 5247 1893 5316 impinguari
1921 5248 2003 5301 lo-

426 5345 598 5401 custa,
628 5345 684 5391 et
710 5336 960 5406 dissipari
988 5334 1274 5405 capparis?
1601 5345 1604 5348 '
1854 5383 1856 5386 ,

499 5427 779 5484 Summus.
812 5421 937 5484 Haec
981 5425 1248 5483 sententia
1297 5426 1642 5495 spiritualiter
1687 5436 1768 5483 est
1808 5428 2003 5484 intelli-

429 5519 630 5588 genda,
673 5527 729 5573 et
772 5532 1024 5586 magnum
1054 5518 1106 5571 in
1137 5531 1195 5572 se
1223 5517 1462 5571 continet
1489 5518 1818 5588 mysterium.
1872 5519 2005 5574 Nam

428 5625 527 5680 per
554 5608 888 5685 amygdalum
916 5607 1225 5674 designatur
1249 5606 1503 5665 Dominus
1541 5606 1695 5664 Jesus
1721 5608 1962 5664 Christus
1989 5627 2000 5666 :
2029 5590 2043 5608 ’

428 5699 552 5782 quia
599 5701 736 5765 sicut
783 5715 892 5779 nux
937 5697 1198 5788 amygdali
1247 5704 1456 5772 constat
1503 5713 1569 5772 ex
1596 5698 1773 5780 corio,
1803 5714 1924 5777 osse
1952 5708 2009 5768 ot

2106 4614 2442 4668 monstrare?
2847 4675 2854 4681 _

2175 4703 2459 4759 SALONIUS.
2491 4702 2607 4758 Hoc
2655 4721 2882 4772 namque
2917 4704 3250 4759 demonstrat
3289 4706 3342 4757 in
3371 4705 3455 4759 his
3481 4703 3680 4767 verbis,

2108 4796 2232 4866 quia
2251 4811 2372 4861 non
2406 4802 2488 4848 est
2512 4795 2696 4859 homo,
2727 4795 2815 4864 qui
2829 4795 3008 4851 .Deum
3039 4808 3147 4848 non
3174 4793 3327 4846 timet
3348 4799 3404 4846 et
3431 4793 3681 4845 mandata

2105 4885 2220 4955 ejus
2251 4901 2356 4939 non
2387 4884 2632 4939 custodit.

2177 4978 2443 5031 VERANUS.
2477 4977 2652 5041 Quare
2683 4989 2787 5030 non
2816 4981 2898 5028 est
2920 4973 3126 5027 homo?

2177 5071 2462 5124 SALONIUS.
2496 5067 2629 5137 Quia
2659 5082 2765 5122 non
2803 5064 3034 5120 custodit
3061 5062 3278 5120 modum
3316 5063 3686 5134 rationemque

2106 5177 2216 5217 sua:
2248 5169 2468 5215 natum.
2811 5155 2818 5160 ’
3606 5142 3609 5145 ’

2179 5250 2447 5304 Vnmvs.
2479 5248 2610 5315 Quae
2630 5255 2710 5302 est
2730 5249 2867 5303 ratio
2887 5255 2941 5303 et
2967 5248 3158 5303 modus
3180 5254 3381 5301 naturae
3408 5247 3686 5320 humanae?

2179 5342 2458 5398 SALD‘NIUS.
2492 5340 2899 5395 Rationabiliter
2942 5335 3122 5395 vivere
3146 5381 3160 5406 ,
3192 5339 3341 5409 quia
3389 5339 3526 5394 inter
3570 5336 3687 5404 anis

2113 5432 2312 5487 mantia
2341 5431 2519 5484 omnia
2559 5431 2704 5484 solus
2730 5430 2891 5484 homo
2920 5437 3136 5484 creatus
3163 5437 3244 5483 est
3273 5427 3534 5502 rationale
3562 5427 3683 5495 anis

2109 5522 2251 5588 mal,
2292 5530 2346 5575 et
2373 5521 2517 5574 solus
2547 5521 2755 5589 accepit
2783 5536 2813 5574 a
2844 5520 2954 5576 Deo
2983 5521 3244 5575 rationem
3273 5529 3326 5576 et
3353 5520 3697 5594 intellectum,

2113 5616 2184 5674 ita
2218 5617 2617 5680 ntagnosceret
2658 5626 2811 5668 suum
2851 5611 3158 5670 Creatorem
3199 5617 3255 5668 et
3295 5611 3700 5694 diligemteuqi'

2111 5717 2176 5767 ac
2203 5678 2433 5766 timeret,
2465 5707 2520 5759 et
2547 5699 2707 5760 corde
2733 5711 2786 5762 et
2814 5716 2909 5764 ore
2935 5702 3088 5764 simul
3116 5700 3373 5774 laudaret.
3395 5678 3412 5682 ⁷
3603 5678 3645 5704 Ἀ

2127 5919 2154 5935 ,δ
