4192 6258
582 337 715 396 ίθιί

609 499 612 502 λ
654 449 920 506 νειωωδ.
951 447 1090 514 Quid
1116 451 1202 501 est
1226 444 1397 501 Deum
1422 445 1646 501 timere?

650 535 928 593 SALONIUS.
964 535 1301 591 Voluntatem
1341 532 1456 602 ejus
1495 532 1748 603 implere,
1790 541 1847 588 et
1870 534 2010 590 bona
2036 548 2157 602 quae

583 631 822 686 facienda
847 635 970 684 sunt
997 627 1212 698 facere.|

658 723 926 776 Vesanus.
957 721 1014 774 Si
1038 733 1165 788 ergo
1191 720 1284 788 qui
1313 735 1421 774 non
1451 717 1798 773 timetCDeum
1821 725 1876 770 et
1903 715 2151 771 mandata

585 813 702 880 ejus
726 827 832 866 non
857 811 1108 876 custodit,
1138 827 1246 865 non
1275 818 1357 866 est
1385 811 1564 876 homo,
1594 809 1722 879 quid
1749 822 1877 876 ergo
1905 810 2027 863 est?

654 902 930 956 SALONIUS.
964 902 1140 955 Bestia
1167 910 1268 956 est.
1785 903 1789 908 ’

611 1032 613 1034 -
651 994 918 1049 Vesanus.
945 992 1225 1058 Quomodo
1248 992 1416 1053 bestia
1442 999 1551 1058 est,
1583 1008 1704 1047 eum
1733 993 1787 1048 in
1809 1007 1875 1048 eo
1903 991 2149 1048 videatur

536 1096 538 1098 '
583 1083 816 1140 humana
841 1084 1135 1140 substantia
1162 1093 1216 1138 et
1244 1086 1505 1153 persona?

611 1195 614 1199 λ
653 1173 929 1229 Sumus.
970 1172 1222 1237 Quamvis
1273 1173 1416 1228 enim
1469 1173 1675 1227 videtur
1721 1173 1917 1228 habere
1959 1173 2150 1227 huma-

583 1278 708 1318 nam
728 1263 1078 1318 substantiam
1098 1269 1153 1317 et
1173 1278 1473 1332 personam,
1505 1271 1684 1319 tamen
1707 1265 1830 1333 quia
1859 1279 1964 1318 non
1994 1264 2158 1319 ratio—

583 1354 833 1409 nabiliter
871 1354 969 1410 sed
1003 1354 1298 1422 bestialiter
1332 1355 1488 1421 vivit,
1529 1370 1638 1411 non
1671 1355 1834 1411 homo
1861 1355 1955 1410 sed
1983 1355 2153 1410 bestia

584 1445 836 1502 dicendus
857 1453 958 1506 est.

1791 330 2146 393 PHILIPPUS
2181 333 2601 392 PRESBYTER.

2180 455 2236 510 Α
2331 445 2594 503 νειιληυε.
2629 447 2909 514 Quomodo
2936 447 3107 504 bestia
3135 446 3390 504 vocatur?

3698 336 3836 402 10!!

2329 537 2607 594 SALONIUS.
2639 537 2696 592 Si
2734 545 2815 593 est
2843 539 3076 594 crudelis
3122 539 3232 594 suis
3270 537 3577 593 domesticis
3603 545 3661 594 et
3706 541 3830 597 sub-~
3891 611 3895 618 ι

2251 629 2409 697 jectis
2437 638 2529 684 aut
2547 629 2752 696 vicinis,
2776 630 2861 684 leo
2886 638 2987 694 est,
3010 645 3117 684 non
3146 630 3342 694 homo;
3373 629 3419 682 si
3449 636 3632 682 autem
3652 638 3830 699 raptor

2257 729 2372 784 est,
2404 720 2553 788 tigris
2576 719 2662 775 vel
2690 720 2874 788 lupus;
2905 720 2950 773 si
2977 734 3105 775 vero
3139 727 3220 774 est
3247 718 3454 773 adulter
3481 724 3574 774 aut
3605 717 3829 776 fornica-

2257 819 2343 866 tor
2368 819 2462 865 aut
2491 809 2825 876 immundus,
2858 811 3005 866 canis
3031 821 3113 864 est
3139 816 3233 864 aut
3257 823 3472 879 porcus,
3505 816 3598 862 aut
3625 811 3673 863 si
3699 812 3827 866 stul-

2255 909 2362 968 tus,
2386 901 2538 956 asino
2563 906 2942 970 comparatur:
2975 898 3337 952 fraudulentus
3355 899 3537 966 itaque
3561 905 3652 954 aut
3671 899 3828 955 simu-

2255 992 2412 1059 lator,
2464 1007 2698 1062 congrue
2737 989 3028 1061 vulpecula:
3071 989 3409 1054 assimilatur,
3435 997 3491 1043 et
3519 990 3599 1044 sic
3625 989 3692 1045 de
3718 1005 3817 1046 caa-

2259 1085 2388 1140 teris
2414 1083 2813 1152 intelligendum
2842 1090 2943 1138 est.

2331 1175 2599 1230 VBBANUS.
2630 1172 2760 1239 Quis
2785 1181 2867 1228 est
2894 1185 3021 1241 ergo
3053 1171 3311 1228 veraciter
3346 1169 3549 1232 homo?

2329 1265 2606 1320 Suculas.
2637 1263 2732 1318 Ille
2775 1263 2867 1332 qui
2918 1263 3088 1319 Deum
3117 1262 3298 1326 timet,
3347 1268 3403 1316 et
3441 1257 3697 1316 mandata
3716 1257 3827 1328 ejus

2257 1357 2503 1412 custodit.

1258 1749 1808 1884 CERETII,
1867 1743 2372 1851 SALONII
2443 1752 2605 1852 ET
2665 1746 3155 1854 VERANI
3216 1881 3229 1892 σ

1863 1975 2541 2088 EPISTOLA

1625 2209 1748 2301 AD
1804 2211 1882 2290 S.
1945 2210 2356 2289 LEONEM
2415 2212 2776 2289 PAPAM.

1957 2329 2444 2397 ...ι-η

601 2479 604 2484 ’
650 2508 840 2584 (Hanc
883 2506 1164 2579 epistolam
1209 2506 1384 2574 legere
1428 2513 1510 2562 est
1555 2465 1700 2562 temo
1740 2500 1874 2570 LIV,
1925 2501 2030 2557 col.
2088 2499 2213 2566 887,
2257 2507 2455 2558 nostrae
2496 2499 2841 2568 Patrologiaz,
2891 2500 2980 2555 ubi
3027 2501 3166 2558 inter
3206 2504 3376 2560 sancti
3409 2502 3603 2560 Leonis
3648 2503 3819 2574 Magni

575 2603 835 2676 epistolas
858 2601 968 2671 jam
995 2599 1198 2670 pridem
1225 2612 1412 2654 recusa
1442 2596 1569 2666 est.)

1813 2962 1977 3009 ANNO
2019 2963 2252 3012 DOMINI
2297 2964 2550 3016 GCCCLV.

727 3174 2041 3384 PHILIPPUS
2133 3179 3664 3461 PRESBYTER.

1965 3536 2437 3556 Ἦ

1659 3698 2124 3773 ΝΟΤΙΤΙΑ
2182 3703 2330 3776 EX
2382 3705 2713 3780 CAVE.

517 3883 525 3906 "'
634 3885 986 3942 PHILIPPUS
1023 3888 1319 3979 presbyter,
1350 3889 1660 3979 Hieronymi
1688 3894 1994 3963 discipulus,
2026 3897 2137 3952 cla-
2165 3857 2215 3962 li
2243 3901 2610 3955 mentariorum
2642 3902 2701 3957 in
2736 3901 2840 3958 Job
2877 3905 2948 3958 ad
2981 3904 3283 3964 Net-torium
3320 3915 3601 3979 episcopum-
3625 3915 3745 3970 libri
3773 3920 3812 3973 5

563 3979 668 4032 ruit
695 3979 960 4047 praecipue
986 3978 1127 4033 circa
1158 3994 1248 4035 an.
1278 3978 1400 4033 440.
1433 3978 1576 4036 Obiit
1599 3981 1867 4037 Marciano
1893 3992 1949 4038 et
1975 3986 2131 4042 Avito

563 4068 924 4136 regnantibus,
950 4069 1002 4123 id
1023 4079 1106 4124 est
1128 4087 1268 4124 anno
1289 4070 1395 4122 455
1412 4072 1496 4126 vel
1518 4073 1586 4126 ad
1604 4074 1880 4130 minimum
1902 4079 2132 4147 proximi

560 4159 730 4215 initio.
764 4160 950 4215 Avitus
975 4161 1134 4228 enim,
1173 4162 1264 4231 qui
1298 4178 1439 4218 anno
1468 4161 1570 4218 455
1603 4164 1726 4220 Julii
1755 4166 2020 4223 lO‘l‘actus
2049 4178 2131 4223 est

560 4251 869 4320 imperator,
900 4251 1042 4305 circa
1070 4254 1340 4321 sequentis
1365 4269 1600 4310 mensem
1622 4256 1816 4310 Maium
1845 4271 2131 4325 purpuram

557 4341 836 4411 deposuit,
869 4343 990 4396 cum
1033 4343 1312 4413 imperium
1358 4344 1544 4398 decem
1593 4360 1805 4400 menses
1851 4347 2126 4401 tenuisset.

556 4432 758 4488 Praeter
785 4435 1070 4504 familiares
1098 4435 1381 4503 Epistolas,
1412 4433 1566 4488 valde
1593 4435 1782 4502 salsas,
1818 4443 1873 4489 et
1898 4437 2130 4493 maxime

558 4521 626 4575 ad
647 4523 975 4590 paupertatis
1003 4531 1057 4574 et
1079 4521 1323 4574 dolorum
1352 4522 1688 4578 tolerantiam
1700 4525 2120 4596 exhortatorias,

557 4621 677 4674 quae
699 4606 809 4674 jam
853 4606 978 4660 olim
1018 4606 1348 4674 interierunt,
1383 4611 1656 4680 scripsisse
1695 4595 1994 4685 Philippum
2019 4595 2119 4672 no?

553 4703 728 4750 atrum
769 4693 1201 4752 Camnwntarium
1245 4699 1301 4752 in
1340 4699 1458 4764 Job,
1501 4704 1652 4757 testis
1693 4713 1775 4759 est
1817 4705 2120 4762 Gennadius

553 4785 658 4858 (De
685 4785 877 4857 Sci-ips.
904 4804 1016 4857 cap.
1041 4786 1159 4858 62);
1183 4797 1237 4843 et
1257 4790 1470 4858 quidem
1488 4790 1716 4864 Philippi
1737 4796 1950 4852 nomine
1970 4795 2120 4867 Cont-

2239 3991 2554 4060 prodierunt
2581 3992 2799 4048 Basileae
2820 4011 2960 4050 anno
2979 3990 3145 4065 1527,
3167 4007 3276 4054 tum
3301 4001 3447 4065 iit-4°,
3473 4011 3584 4057 tum
3609 4007 3806 4076 in—fol.,

2238 4094 2374 4147 quos
2393 4097 2580 4136 revera
2598 4083 2823 4153 Philippi
2844 4084 2962 4142 esse
2985 4086 3142 4144 ﬁdem
3161 4090 3285 4145 facit
3304 4092 3450 4147 locns
3462 4107 3623 4161 quem
3645 4096 3810 4165 Beda,

2239 4169 2374 4224 libro
2413 4171 2480 4226 de
2529 4172 2759 4230 Ratione
2787 4178 3080 4244 unciarum,
3115 4195 3181 4235 ex
3210 4181 3434 4252 Philippi
3464 4183 3809 4256 Expositione

2237 4259 2292 4311 in
2319 4257 2440 4325 Job,
2468 4261 2623 4328 citat;
2655 4265 2744 4332 qui
2773 4266 2825 4319 in
2855 4268 3002 4323 hisce
3027 4267 3436 4328 Commentariis
3461 4275 3619 4331 hodie
3645 4293 3802 4347 repe-

2233 4349 2387 4439 ritur,
2413 4361 2470 4405 ut
2495 4353 2696 4408 dudum
2719 4358 2924 4412 notavit
2948 4359 3130 4415 Sixtus
3151 4361 3402 4418 Senensis
3420 4365 3556 4434 (Lib.
3587 4384 3655 4431 iv,
3679 4386 3797 4439 pag.

2230 4436 2376 4508 295).
2410 4439 2651 4497 Afﬂrmat
2678 4445 2838 4499 etiam
2865 4445 3156 4504 Casimirus
3183 4452 3353 4507 Oudin
3379 4469 3437 4508 se
3465 4455 3514 4507 in
3545 4436 3802 4524 antiquis-

2229 4526 2369 4612 simo
2386 4529 2570 4588 codice
2594 4533 2927 4590 bibliothecae
2947 4536 3270 4605 lgniacensis
3288 4542 3340 4595 in
3365 4550 3537 4598 tractu
3555 4545 3804 4603 Remensi

2228 4618 2328 4672 hos
2374 4619 2798 4681 Commentarios
2843 4642 2970 4683 mss.
3021 4630 3234 4695 vidisse,
3285 4635 3377 4702 qui
3430 4637 3802 4691 auctoritatem

2227 4707 2488 4765 Gennadii
2511 4714 2780 4781 praiiixam
2803 4718 3119 4774 habuerunt.
3147 4721 3212 4775 Hi
3239 4722 3624 4792 Commentarii
3643 4726 3803 4781 etiam

2227 4800 2369 4864 inter
2394 4816 2560 4872 opera
2585 4803 2739 4860 Bedaz
2766 4814 2821 4862 et
2847 4807 3156 4883 Hieronymi
3185 4811 3370 4867 haberi
3394 4814 3587 4871 solent.

1123 5130 1958 5246 PHILIPPI
2045 5050 3217 5262 PBESBY'PERI

1308 5371 2410 5490 COMMENTARIUS
2500 5381 2646 5492 ΙΝ
2729 5384 3014 5497 JOB.

612 5721 786 5819 {Hunc
805 5726 1252 5785 Commentarium
1278 5732 1534 5790 edidimus
1565 5734 1876 5806 Patrologiae
1905 5746 2098 5793 nostrm
2123 5746 2271 5794 tomo
2302 5737 2486 5805 XXIII,
2519 5741 2622 5796 col.
2651 5739 2802 5806 1401,
2829 5740 2917 5794 ubi
2947 5739 3184 5809 videsis.)
