4088 6360
307 310 383 364 17

1656 278 2183 361 enomcou'nNA.
2554 286 2559 289 ‘
3022 322 3029 327 -
3491 305 3559 359 ts

328 390 335 403 ο
378 423 531 479 1591.
566 421 806 489 Parisiis,
848 422 1003 494 apud
1029 423 1401 495 Hieronymum
1456 421 1518 475 de
1564 419 1793 492 Μαγνησί,
1835 429 1886 474 et
1910 426 1959 484 Α
1987 420 2185 491 scripta
2214 420 2542 492 exemplaria
2572 435 2678 476 non
2703 420 2909 483 habuit,
2938 418 3033 476 sed
3063 419 3257 488 ingenii
3286 418 3579 486 felicitate,

310 517 535 574 Viduam
575 512 831 569 Cuilielmi
858 513 1103 579 Cawllat,
1152 514 1244 568 sub
1275 512 1540 577 Palicano,
1591 510 1768 565 Monte
1813 509 1881 564 D.

302 609 537 672 Hilarii;
579 605 750 660 ἔπι-12.
782 605 841 667 D.
875 604 1111 660 Salviani
1158 591 1516 677 Massyliensis
1542 602 1777 674 episcopi
1820 601 1886 657 de

301 691 436 755 uero
472 695 683 751 Iudicio
712 704 766 751 et
795 695 1137 752 Providentia
1165 696 1260 751 Dei
1290 696 1355 750 ad
1384 693 1439 749 S.
1472 692 1744 749 Salonium
1773 694 1887 763 epi-

303 774 528 857 scopum
550 785 909 841 Viennensem
956 786 1079 841 libri
1122 785 1253 843 VIII.
1300 784 1440 840 Cura
1469 782 1553 839 ιο.
1600 782 1888 838 Alexandri

304 870 607 933 Brassicani
654 874 702 929 ι
734 874 796 929 C.
826 874 954 929 editi
996 889 1060 929 ac
1087 874 1310 929 eruditis
1357 873 1573 928 scholiis
1617 872 1885 927 illustrati.

305 969 551 1025 Accessit
595 967 833 1037 ejusdem
881 965 1240 1037 Epistolarum
1290 965 1386 1020 lib.
1415 963 1457 1029 I,
1488 980 1632 1020 nunc
1658 963 1888 1035 primum

306 1060 501 1116 editus.
534 1057 897 1128 Ejusdemque
924 1057 991 1112 ad
1019 1056 1311 1112 Ecclesiam
1340 1055 1659 1111 catholicam
1682 1054 1780 1109 sub
1799 1051 1889 1106 Ti-

306 1150 512 1205 mothei
536 1149 753 1205 nomine
783 1148 875 1202 lib.
907 1146 1011 1202 llll.
1055 1146 1186 1202 Cum
1214 1146 1387 1203 indice
1411 1159 1589 1200 rerum
1612 1159 1675 1199 ac
1700 1143 1894 1207 verbo:

308 1239 427 1296 rum
463 1239 904 1310 locupletissimo.

336 1330 345 1336 '
381 1331 683 1387 Brassicani
705 1330 869 1385 editio
898 1337 1009 1383 tota
1037 1336 1118 1384 est
1158 1342 1365 1393 recusa,
1391 1327 1548 1396 eique
1576 1325 1787 1380 additus
1808 1323 1891 1379 in-

313 1419 417 1475 dex
444 1434 635 1475 recens
662 1417 961 1482 coniectus,
988 1418 1190 1487 reliqua
1220 1415 1444 1471 alterum
1465 1406 1895 1485 quasi'volumen

313 1504 664 1574 constituunt,
697 1526 805 1566 non
834 1509 990 1565 titulo
1016 1510 1231 1580 quidem
1262 1524 1422 1573 novo,
1454 1507 1547 1563 sed
1588 1523 1725 1563 nova
1754 1507 1899 1577 pagi-

315 1586 507 1657 narum
526 1603 666 1658 serie
683 1618 713 1656 a
734 1601 900 1672 priori
918 1608 1144 1658 secreta.
1174 1601 1347 1669 Atque
1359 1601 1473 1655 haec
1496 1599 1668 1655 indice
1689 1606 1893 1655 carent.

316 1692 490 1748 Verba
516 1710 653 1748 nunc
680 1695 900 1764 primum
937 1692 1100 1746 editus
1140 1692 1205 1746 ad
1234 1691 1592 1761 Epistolarum
1622 1690 1813 1746 librum
1843 1691 1899 1747 in

1986 508 2360 580 sermonisrjue
2402 508 2601 576 Latini,
2631 511 2807 580 qualis
2833 510 3029 566 saeculo
3072 526 3104 565 ν
3142 509 3259 574 fuit,
3289 511 3479 581 peritia
3508 520 3582 566 et.

1986 603 2232 659 lectionis
2259 602 2413 672 copia
2457 618 2563 657 non
2600 618 2723 658 raro
2764 602 2903 659 hanc
2939 602 3215 672 penuriam
3256 618 3566 674 compensa—

1986 694 2083 749 vit.
2111 694 2274 750 Certe
2295 693 2485 764 Steph.
2510 694 2757 749 Baluzius
2779 694 2829 749 in
2846 682 3158 765 prmlatione
3184 694 3431 750 editionis
3455 711 3566 750 suae

1987 783 2237 849 allirmat,
2284 783 2698 839 Rittershusium
2750 784 2956 853 aliquot
2998 785 3050 839 in
3081 784 3213 840 locis
3255 784 3564 840 Salvianum

1988 874 2120 931 satis
2140 873 2372 929 feliciter
2394 872 2726 938 emendasse,
2772 880 2829 928 et
2865 873 2919 927 in
2964 873 3108 930 notis
3143 875 3336 945 sacpius
3378 874 3563 943 conje—

1989 974 2169 1022 cturas
2206 964 2325 1035 ejus
2364 965 2612 1021 codicum
2652 972 2985 1021 vetustorum
3020 967 3338 1023 auctoritate
3368 966 3563 1021 ﬁrmari

1991 1064 2196 1123 monet,
2228 1041 2453 1128 ejusque
2499 1056 2967 1127 interpretationes
2989 1057 3131 1112 haud
3173 1073 3298 1113 raro
3326 1056 3564 1129 adoptat.

1991 1147 2279 1202 Videamus
2306 1162 2464 1216 ergo,
2494 1147 2587 1217 qui
2614 1146 2866 1202 editionis
2894 1146 3060 1216 ipsius
3099 1146 3232 1203 ordo
3271 1149 3340 1203 sit
3368 1163 3431 1205 ac
3456 1148 3567 1205 dis-

1993 1239 2231 1294 tributio.

2064 1327 2245 1385 Primo
2270 1338 2416 1384 tomo
2447 1329 2626 1384 insunt
2653 1328 2715 1383 de
2736 1327 3066 1403 Providentia
3088 1328 3207 1383 libri
3226 1337 3282 1383 et
3305 1326 3569 1400 Epistola‘,
3659 1326 3670 1368 ῖ

1994 1412 2187 1490 quibus
2225 1420 2472 1490 proximo
2500 1420 2621 1474 loco
2648 1417 2927 1489 subjicitur
2948 1419 3103 1473 index
3136 1435 3304 1473 rerum
3324 1428 3371 1472 et
3401 1419 3577 1472 verba.

1997 1526 2130 1576 rum,
2161 1526 2287 1564 mox
2321 1509 2541 1563 Joannis
2584 1508 2848 1563 Tritltemii
2893 1517 3139 1561 tractatus
3161 1506 3223 1561 de
3246 1505 3576 1560 Providentia

1997 1598 2093 1654 Dei
2117 1599 2185 1653 ad
2212 1598 2397 1654 Divum
2421 1600 2840 1657 Maximilianum
2858 1596 2887 1652 ι
2906 1590 3280 1669 imperatorem,
3305 1606 3577 1668 postremo

1996 1679 2295 1748 Admonitio
2337 1690 2501 1747 Conr.
2545 1690 2885 1746 Rittershusii
2940 1691 3001 1744 de
3040 1691 3340 1761 confusione
3367 1689 3502 1760 foeda
3528 1697 3578 1743 et

316 1785 473 1840 titulo
502 1785 731 1855 adjecta,
771 1785 973 1856 absque
1010 1784 1134 1840 dole
1179 1801 1207 1839 a
1252 1783 1443 1841 Pithtei
1474 1785 1707 1841 editione
1754 1793 1900 1839 trax-
1932 1780 2383 1854 Bperturba.’ione
2440 1783 2634 1852 aliquot
2681 1783 2908 1837 locorum
2954 1780 3187 1835 Salviani
3230 1780 3319 1833 lib.
3378 1778 3489 1833 VII
3531 1789 3580 1833 et

318 1876 516 1949 scripta
546 1875 809 1933 videntur.

912 1984 1127 2024 S£CCLO
1169 1984 1291 2022 XVII.
1314 2024 1322 2030 ,

338 2062 341 2069 ’
391 2058 837 2124 f608..1’arisiis;
868 2045 1032 2113 iri-l2.
1063 2059 1299 2115 Saiviani
1330 2059 1565 2131 episcopi
1608 2060 1901 2117 Massilien-

315 2151 393 2205 sis
421 2149 490 2205 de
516 2148 917 2204 Gubernatione
948 2150 1041 2204 Dei
1085 2150 1176 2204 lib.
1211 2149 1343 2215 VIII,
1374 2158 1429 2204 et
1456 2149 1732 2220 Epistulae;
1781 2162 1902 2207 cum

319 2238 764 2293 annotationibus
791 2237 1014 2291 Joannis
1038 2238 1345 2306 Brassicani
1368 2253 1434 2291 ex
1463 2238 1792 2293 Bibliotheca
1822 2239 1907 2291 Pi-

319 2328 475 2385 thtni.
511 2326 643 2382 Bibl.
680 2325 973 2390 Barberin.,
1004 2338 1042 2379 t.
1076 2326 1141 2391 ll,
1172 2342 1226 2395 p.
1258 2325 1380 2380 559.
1414 2327 1468 2380 Si
1500 2324 1775 2380 Pitbmana
1792 2327 1907 2407 edi-

208 2424 217 2431 ‘
321 2418 401 2472 tio
427 2418 515 2472 hic
539 2423 973 2486 reprmsentatur,
1000 2433 1102 2470 non
1126 2415 1313 2473 deesse
1342 2422 1519 2486 potest
1538 2432 1673 2486 opus
1696 2417 1907 2472 tertium

324 2514 515 2562 contra
543 2505 858 2559 Avaritiam.
1288 2564 1295 2571 _

372 2591 554 2647 1609.
591 2592 845 2659 Treviris;
889 2594 1022 2648 in-i.
1072 2594 1371 2648 Salviani...
1424 2592 1751 2663 Epistolares
1786 2594 1907 2650 libri

326 2683 421 2767 IV,
465 2682 530 2737 ad
569 2682 861 2739 Ecclesiam
891 2684 1229 2748 catholicam,
1286 2683 1543 2739 adversus
1592 2683 1903 2749 Avaritiam,

323 2791 446 2830 cum
474 2775 672 2830 Annot.
700 2773 755 2828 Ι.
789 2774 1144 2829 Maclterentii.
1176 2774 1302 2831 Sbc.
1335 2774 1383 2833 ³.

392 2865 635 2922 Contulit
682 2865 927 2920 Baluzius
955 2865 1020 2920 ad
1060 2866 1350 2923 editionem
1396 2865 1755 2928 tertiam,sed
1800 2881 1905 2920 non

324 2956 612 3011 admodum
644 2970 893 3025 magnum
921 2956 1114 3011 exinde
1142 2956 1373 3011 lruetum
1404 2958 1709 3026 percepisse
1737 2971 1797 3012 se
1823 2964 1906 3010 te-

324 3038 520 3102 statur.
568 3044 781 3099 Nullum
817 3047 958 3100 enim
990 3053 1255 3101 vetustum
1285 3046 1522 3101 codicem
1550 3046 1755 3110 habuit,
1786 3060 1907 3100 cum

2011 1873 2086 1927 Vl
2094 1873 2121 1927 Ι
2129 1872 2176 1940 1,
2195 1892 2226 1928 α
2243 1872 2471 1929 librariis
2485 1874 2759 1928 commissa
2774 1887 2893 1927 cum
2915 1869 3163 1943 Catalogo
3182 1870 3468 1944 aliquorum
3488 1888 3580 1923 au-

2002 1975 2217 2029 ctorum,
2250 1966 2337 2035 qui
2366 1964 2431 2018 de
2466 1962 2799 2018 Providentia
2828 1963 3161 2032 scripserunt.
3188 1959 3445 2015 Praecedit
3471 1960 3575 2016 dis-

2002 2056 2228 2111 sertatio
2249 2055 2312 2111 de
2334 2054 2453 2108 Vita
2470 2053 2732 2118 Salviani,
2750 2054 3003 2125 simulque
3029 2053 3255 2125 generali
3283 2062 3581 2123 argumento

2006 2144 2254 2199 librorum
2292 2142 2473 2208 VIII;
2514 2145 2577 2197 de
2606 2142 2959 2205 Providentia,
2991 2140 3370 2195 Gubernatione
3396 2159 3457 2194 ac
3482 2140 3581 2193 Ju-

2009 2237 2142 2289 dicio
2194 2235 2318 2299 Dei;
2367 2243 2423 2288 et
2455 2233 2860 2298 Demonstratio,
2900 2231 3042 2301 quod
3082 2232 3197 2285 libri
3240 2232 3343 2295 ιγ,
3373 2232 3463 2286 sub
3493 2250 3583 2286 ua-

2009 2326 2146 2379 mine
2186 2323 2435 2378 Timothei
2483 2324 2635 2385 editi,
2672 2324 2833 2394 ipsius
2869 2324 2974 2376 sint
3002 2321 3255 2376 Salviaui.
3298 2320 3401 2376 Per
3427 2337 3585 2377 occa-

2007 2415 2212 2468 sionem
2236 2414 2397 2467 ctiam
2422 2413 2489 2466 de
2528 2412 2896 2485 superioribus
2912 2412 3207 2467 editoribus
3237 2408 3293 2465 lit
3308 2410 3581 2480 judicium.

2008 2503 2316 2572 Sequuntur
2346 2502 2659 2557 Testimonia
2677 2514 2727 2557 et
2754 2500 2942 2575 Elegia
2963 2502 3026 2557 de
3046 2502 3314 2569 Salviano,
3340 2504 3588 2558 nimirum

2009 2594 2264 2649 Gennadii
2296 2595 2448 2665 (cum
2494 2594 2843 2649 aunotatione
2884 2593 3278 2664 Rittershusii),
3308 2592 3586 2648 Chronolo-

2009 2687 2110 2758 gite
2131 2685 2624 2749 Antissiodorensis,
2650 2684 2882 2739 Addonis
2913 2682 3232 2749 Viennensis,
3261 2684 3451 2738 Hilarii
3473 2685 3587 2737 Aro-

2008 2779 2239 2836 latensis,
2283 2774 2370 2831 Jo.
2426 2775 2540 2830 lor.
2592 2775 2839 2841 Pontani,
2881 2768 3102 2830 Joannis
3152 2774 3446 2839 Tritltemii,
3498 2775 3589 2830 lo.

2010 2868 2157 2922 Alex.
2195 2866 2511 2929 Brassicani,
2534 2865 2648 2920 Jos.
2687 2864 2960 2937 Scaligeri,
2984 2864 3128 2918 Petri
3153 2863 3339 2918 ΡίιΙοωὶ
3358 2904 3372 2925 ,
3401 2864 3590 2932 quibus

2011 2957 2312 3013 Brassicani
2349 2971 2537 3011 versus
2576 2965 2631 3010 et
2679 2954 2943 3026 praefatio,
2975 2953 3100 3008 item
3128 2953 3369 3024 prmiatio
3399 2952 3589 3008 Pithmi

2013 3050 2421 3105 interseruntur.
2466 3047 2770 3103 Succedunt
2814 3045 3199 3115 gratulationes
3236 3045 3287 3099 in
3345 3060 3501 3116 prosa
3530 3060 3591 3101 ac

327 3151 436 3205 quo
462 3134 625 3190 libros
663 3135 793 3199 istos
821 3133 1089 3190 conferret
1132 3135 1543 3199 Macherentius,
1574 3144 1629 3191 ct
1659 3136 1915 3207 pleraque
1943 3134 1989 3198 C
2019 3140 2279 3206 versibus,
2328 3155 2426 3210 pro
2472 3154 2622 3193 more
2659 3137 2869 3191 illorum
2909 3143 3207 3206 temporum
3236 3133 3302 3189 ad
3330 3134 3591 3197 editorcnt

328 3226 562 3281 correxit
584 3226 800 3296 propria
824 3227 1159 3281 auctoritate.

404 3315 559 3369 1610.
594 3315 848 3380 Parisiis;
884 3310 1066 3389 in-fol.
1100 3316 1335 3372 Salviani
1365 3317 1604 3387 episcopi
1657 3315 1815 3371 Mass.
1846 3316 1913 3372 de

331 3425 461 3465 vero
479 3408 710 3474 Judicio,
744 3419 848 3465 etc.
879 3409 936 3463 In
970 3408 1102 3463 Bibl.
1132 3408 1249 3464 PP.
1284 3408 1433 3482 Bign.
1470 3410 1695 3480 repetin
1737 3408 1914 3463 editio-

208 3526 219 3535 κ
268 3500 279 3508 ’
331 3500 433 3552 nis.
460 3498 629 3553 Temo
657 3498 722 3565 ν,
749 3512 871 3570 pag.
906 3498 1008 3553 125
1034 3514 1148 3568 seq.

405 3587 559 3654 1611.
591 3589 819 3661 Alter/ii,
866 3590 919 3642 in
957 3588 1235 3643 Academia
1276 3587 1424 3659 Reip.
1465 3586 1912 3659 Norimbergensis

333 3676 473 3746 apud
491 3677 788 3733 Cunradum
816 3677 1326 3750 Agricolam;in-8°.
1359 3678 1595 3733 Salv'umi
1618 3676 1915 3733 Massilien-

333 3768 409 3821 sis
460 3783 624 3838 opera
675 3788 686 3821 :
720 3768 788 3823 ad
831 3767 1161 3824 Ludovicum
1216 3765 1349 3834 XIII,
1380 3767 1571 3822 Franc.
1605 3777 1660 3823 et
1688 3766 1908 3824 Navarr.

333 3871 515 3925 regem
541 3858 1060 3913 christianissinmm.
1088 3859 1323 3913 Curantc
1345 3857 1592 3913 Cunrado
1627 3858 1914 3913 Rittershu-

333 3940 415 3999 sio
440 3943 492 3998 J.
519 3944 578 4000 C.
619 3947 710 4015 qui
740 3955 796 4001 et
824 3945 1043 4000 Librum
1065 3946 1523 4001 Commentarium
1553 3947 1767 4017 adjecit.

406 4035 642 4090 Salviaui
693 4036 928 4106 Operum
979 4044 1159 4090 tomus
1197 4038 1351 4101 alter,
1383 4038 1436 4091 in
1482 4053 1590 4105 quo
1617 4045 1743 4092 sunt
1797 4038 1918 4091 libri

290 4160 293 4163 -
340 4133 573 4190 quatuor
600 4114 855 4178 adversus
884 4123 1194 4178 Avaritiam.
1228 4125 1308 4178 Ad
1331 4125 1598 4180 illustriss.
1624 4127 1918 4197 principem

345 4213 649 4284 Philippum
671 4213 736 4279 II,
766 4214 960 4269 Stetini
984 4213 1315 4271 Pomeranize
1341 4215 1551 4281 ducem,
1576 4225 1678 4271 etc.
1714 4216 1920 4272 Recen-

339 4311 495 4358 sente
549 4312 604 4360 et
644 4304 1046 4375 impressionem
1095 4312 1415 4374 procurante
1443 4304 1682 4360 Cunrado
1728 4306 1918 4361 Ritter-

336 4393 531 4447 shnsio.
573 4400 578 4405 '

2014 3232 2241 3301 scriptm.
2276 3230 2426 3283 Alter
2456 3222 2630 3283 tomus
2659 3226 3030 3298 complectitur
3043 3234 3164 3298 post
3189 3236 3406 3299 quatuor
3438 3226 3594 3281 libros

2015 3321 2077 3376 de
2104 3321 2355 3385 Avaritia,
2381 3317 2661 3372 Elencltum
2694 3319 2937 3389 capitum,
2976 3316 3027 3370 in
3056 3332 3169 3387 qua:
3198 3316 3351 3369 hosce
3375 3303 3593 3387 quatuor

2015 3413 2171 3468 libros
2212 3412 2342 3466 satis
2382 3409 2644 3465 commode
2687 3408 2926 3463 distinxit
2957 3418 3137 3462 auctor
3155 3406 3393 3461 editionis
3418 3404 3593 3458 Trevi-

2014 3504 2199 3567 rensis,
2230 3501 2315 3558 cui
2346 3500 2677 3571 complenda:
2715 3498 2920 3569 pagina:
2961 3512 3120 3555 eausa
3153 3495 3366 3551 Plia'dri
3401 3494 3593 3566 aliquot

2014 3595 2247 3651 versiculi
2286 3594 2347 3648 de
2375 3594 2558 3647 Araris
2598 3591 2822 3661 subjecti
2851 3597 2976 3645 sunt
2997 3631 3011 3655 ,
3057 3588 3275 3643 iudicem
3303 3603 3464 3655 porro
3488 3602 3594 3638 non

2015 3689 2192 3744 minus
2221 3703 2285 3741 ac
2314 3686 2366 3740 in
2397 3684 2560 3756 priori
2594 3692 2741 3738 tomo
2772 3682 3080 3753 copiosum,
3110 3697 3336 3736 necnon
3382 3676 3588 3733 Catala-

2014 3797 2133 3853 gum
2155 3781 2462 3850 scriptorum
2486 3768 2676 3848 quiret
2714 3774 2776 3829 de
2822 3774 3053 3828 Avaritia
3083 3772 3157 3827 vel
3186 3770 3505 3853 elccinosyna
3522 3771 3595 3822 vel

2015 3870 2207 3923 divitiis
2227 3877 2276 3921 et
2290 3874 2593 3938 paupertate
2604 3862 2932 3917 commentati
2942 3870 3059 3917 sunt
3081 3878 3193 3914 cum
3214 3858 3597 3929 epigrammati-

2017 3961 2111 4014 bus
2127 3961 2240 4030 ejus
2262 3958 2546 4028 argumenti
2569 3953 2954 4022 exAntltologia
2973 3950 3174 4015 (ἔνατα,
3194 3949 3373 4006 itidem
3391 3949 3597 4023 pagina!

2017 4040 2350 4119 complenda:
2376 4060 2537 4098 causa
2566 4041 2829 4111 ascriptis.
2870 4039 3107 4110 Denique
3154 4032 3517 4093 commentario
3544 4038 3596 4095 in

2020 4136 2180 4192 tertio
2210 4142 2357 4189 tonio
2392 4132 2780 4202 comprehenso
2808 4129 3000 4185 addita:
3045 4139 3169 4186 sunt
3208 4131 3364 4184 varia:
3392 4129 3595 4198 aliquot

1994 4268 1998 4273 λ
2021 4224 2289 4279 Lectiones
2316 4232 2371 4277 et
2394 4220 2795 4276 Emendationes
2817 4238 2881 4275 ex
2901 4219 3087 4275 I’itlttei
3114 4221 3290 4274 codice
3315 4230 3363 4273 et
3392 4218 3598 4272 Brassi—

2016 4316 2136 4370 cani
2157 4314 2381 4369 editione
2426 4328 2546 4367 cum
2598 4311 2780 4381 paucis
2819 4309 3157 4366 Rittersltusii
3182 4309 3505 4378 cor-jccturis
3544 4316 3598 4363 et

2016 4406 2173 4461 index
2202 4406 2253 4459 in
2278 4403 2525 4459 eumdem
2549 4402 2925 4472 amplissimus.
2959 4402 3134 4465 Taceo
3161 4401 3408 4473 epistolas
3455 4400 3600 4455 dedi-

342 4490 347 4494 ’
410 4481 640 4537 Cunradi
671 4480 1001 4537 Rittersltusii
1028 4482 1081 4537 1.
1109 4481 1166 4539 C.
1199 4483 1358 4540 Liber
1392 4483 1820 4542 Commentarius
1861 4487 1913 4542 in
1946 4488 1992 4549 Ι)
2018 4498 2266 4561 catorias,
2292 4510 2426 4564 quas
2450 4494 2537 4547 vix
2573 4508 2813 4547 summus
2843 4492 3106 4563 quispiam
3137 4489 3475 4546 Rittershusii
3500 4487 3600 4543 ιὰ.

337 4572 647 4627 Salvianum
692 4566 1077 4641 Massiliensem
1131 4575 1260 4630 :Ad
1326 4573 1710 4632 Universitates
1758 4586 1918 4656 atque

341 4658 654 4719 Academias
680 4662 999 4719 Germaniae.

278 4748 287 4757 ’
354 4820 381 4827 ,ν
410 4754 627 4810 Clarum
673 4769 834 4823 quam
891 4754 1122 4808 maxime
1150 4755 1218 4809 ab
1246 4753 1547 4811 eruditione
1589 4758 1784 4812 saeculo
1832 4776 1919 4814 xu

339 4845 438 4900 fuit
467 4860 661 4899 nomen
691 4843 1053 4905 Rittershusii,
1085 4850 1245 4912 atque
1275 4861 1415 4900 nunc
1441 4847 1600 4900 etiam
1626 4848 1800 4918 pretio
1822 4864 1921 4903 suo

341 4940 448 4992 non
477 4944 664 4993 carent
698 4937 869 4992 docta:
896 4924 1032 5006 ejus,
1063 4952 1198 5007 quas
1244 4936 1503 4994 in'varios
1547 4947 1653 4994 tam
1702 4939 1918 4997 Grmcos

336 5043 501 5096 quam
550 5027 770 5083 Latinos
814 5036 1063 5082 auctores
1098 5028 1338 5097 scripsit,
1379 5031 1770 5086 annotationes.
1813 5030 1919 5086 Sed

341 5118 577 5188 aptiores
628 5118 717 5171 vix
771 5118 928 5183 ullas,
980 5133 1143 5187 quam
1192 5119 1244 5173 in
1300 5119 1607 5175 Salvianum
1656 5121 1916 5188 condidit,

341 5208 540 5277 quippe
585 5207 675 5276 qui
706 5207 953 5277 scriptor,
1002 5207 1128 5261 dum
1160 5224 1338 5264 mores
1383 5218 1438 5264 et
1462 5211 1671 5279 ingenia
1700 5228 1916 5267 suorum

344 5309 642 5367 temporum
666 5297 937 5363 describit,
981 5313 1048 5353 ex
1086 5288 1151 5355 iis
1176 5301 1407 5355 maxime
1451 5303 1773 5369 auctoribus,
1802 5305 1920 5372 qui—

341 5390 441 5444 bus
463 5390 700 5459 legendis
724 5405 783 5445 se
809 5402 929 5445 cum
954 5390 1072 5444 aliis
1100 5392 1277 5446 seculi
1308 5392 1387 5446 sui
1417 5392 1589 5448 doctis
1613 5393 1919 5449 hominibus

344 5495 440 5549 per
480 5480 653 5548 legum
693 5478 926 5533 studium
974 5481 1206 5549 penitius
1247 5472 1469 5541 dederat
1512 5480 1915 5547 Rittershusius,

343 5581 502 5641 atque
524 5587 590 5625 ex
625 5571 754 5639 ipsis
783 5569 918 5646 adeo
946 5571 1150 5639 legibus
1178 5588 1274 5642 per
1302 5572 1440 5625 illam
1468 5581 1678 5627 :etatem
1706 5575 1919 5644 scriptis

344 5659 649 5730 frequenter
678 5661 848 5714 lucem
890 5648 1064 5714 nau'rit
1112 5670 1165 5715 ct
1211 5662 1399 5716 eodem
1442 5660 1690 5716 refundit.
1736 5662 1910 5718 Matut-

2020 4588 2246 4643 mirator
2275 4587 2482 4655 legerit,
2502 4583 2694 4639 nedum
2710 4584 2985 4653 principes
3013 4591 3104 4637 aut
3123 4582 3281 4637 amici
3300 4582 3598 4651 principum
3635 4598 3645 4645 ί

2023 4678 2256 4741 illorum,
2285 4675 2351 4729 ad
2373 4691 2510 4745 quos
2538 4682 2799 4745 spectant.
2834 4674 3012 4728 Tertia
3042 4688 3109 4727 ex
3133 4673 3216 4727 bis
3260 4681 3342 4727 est
3378 4672 3448 4726 ad
3484 4688 3597 4726 om-
3634 4694 3645 4713 ι

2021 4782 2110 4820 nes
2132 4764 2522 4819 Academiarum
2547 4763 2841 4820 Germania:
2886 4765 3200 4835 professores
3222 4762 3378 4831 eique
3406 4761 3597 4831 adjun—
3628 4796 3635 4801 ι

2019 4856 2164 4925 gitur
2208 4857 2484 4927 catalogus
2512 4855 2820 4911 earumdem
2863 4854 3267 4909 Academiarum
3309 4852 3598 4907 secundum

2022 4944 2349 5000 lundationis
2376 4954 2431 5000 et
2460 4946 2716 5016 temporis
2751 4937 3009 4999 ordinem'
3032 4944 3321 4999 in’stitntus.
3360 4944 3599 5012 Denique

2021 5035 2087 5089 ad
2115 5032 2328 5090 Calcem
2354 5035 2520 5090 totius
2548 5035 2727 5104 operis
2755 5035 3074 5104 (extremum
3106 5041 3283 5088 tamen
3308 5032 3484 5088 locum
3513 5048 3602 5085 oc-

2021 5133 2181 5193 cupat
2210 5123 2464 5178 Odarium
2488 5124 2558 5176 ad
2583 5122 2841 5179 Christum
2864 5122 2928 5175 0.
2960 5121 3062 5195 Μ.)
3095 5121 3355 5190 signiﬁcat
3392 5121 3595 5185 editor,

2024 5215 2076 5268 in
2104 5214 2284 5268 animo
2306 5214 2405 5268 sibi
2436 5213 2598 5269 fuisse
2626 5212 2889 5281 subjicere
2913 5212 3135 5267 Joannis
3157 5211 3384 5275 “’eitzii,
3418 5209 3599 5265 Tobizn

2024 5303 2214 5359 Adami
2238 5313 2294 5358 et
2343 5303 2612 5358 Theodori
2668 5303 2962 5359 Sitzmaini
3020 5303 3071 5358 in
3114 5302 3416 5356 Salvianum
3444 5306 3595 5353 notas

2025 5392 2122 5466 ipsi
2152 5392 2437 5462 inscriptas
2465 5391 2827 5460 donatasque,
2859 5408 2959 5446 nec
3000 5408 3105 5446 non
3131 5388 3428 5443 Brassieani
3465 5387 3596 5442 alio-

2024 5498 2250 5550 rumque
2271 5482 2668 5536 annotationes.
2714 5481 2819 5535 Sed
2847 5482 2971 5551 quia
3006 5481 3210 5552 prelum
3235 5478 3596 5547 imprimendis

2022 5588 2214 5627 vacare
2256 5588 2362 5626 non
2410 5571 2691 5641 potuisset,
2726 5587 2821 5640 per
2860 5571 3016 5624 aliam
3046 5568 3380 5624 occasionem
3412 5570 3510 5626 itte
3537 5582 3596 5629 se

2021 5657 2266 5717 daturum
2299 5661 2580 5733 promittit.
2898 5656 2905 5665 ’
3096 5680 3117 5694 .
3466 5646 3476 5657 '
