4088 6360
482 333 551 390 19
916 382 925 387 -
1134 358 1137 359 ν
1392 331 1446 386 S.
1487 330 1869 388 SALVIANUS
1904 326 2370 391 MASSILIENSIS
2401 334 2822 393 PRESBYTER.
3568 395 3574 403 ,
3678 328 3753 395 ω’

552 448 711 505 Circa
736 447 916 504 cnmd.
949 456 1176 518 tempus.
1208 418 1579 519 rancofurti,
1611 446 1750 518 apud
1798 442 1919 499 Nic.
1970 444 2067 499 Ro-
2092 446 2140 514 Α
2169 450 2324 505 theca
2349 447 2677 517 Coloniensi,
2703 459 2908 522 septem
2927 451 3010 521 pia
3026 450 3280 521 opuscula
3295 448 3429 508 exS.
3448 450 3751 519 Bcrnardo,

484 541 675 604 tilium;
713 537 877 593 itu-8".
933 537 1129 592 Eadem
1171 535 1338 591 editio
1385 542 1595 591 recusa.
1639 536 1973 613 'Benedictini
2007 538 2063 590 in

482 628 624 687 Hist.
650 629 839 703 Galliis
867 628 991 684 Litt.
1042 642 1304 700 sponsore
1360 627 1612 683 Boldiano
1651 629 1707 681 in
1744 627 1877 682 Bibl.
1904 626 2058 700 Hisp.

481 741 544 795 ρ.
562 718 648 789 52,
682 722 835 792 cuius
862 722 1040 777 tamen
1070 721 1437 778 testimonium
1468 734 1656 791 parum
1685 718 1847 774 lidutn
1887 719 2068 788 arguit

483 808 758 870 Fabricius
810 819 868 867 et
901 811 1129 882 proinde
1178 809 1319 865 inter
1365 806 1572 864 tabulas
1596 807 1735 864 hanc
1771 807 2061 863 editionem

486 901 721 972 reponit.
749 899 854 957 Sed
884 898 1113 956 fortasse
1141 914 1248 955 non
1272 907 1381 953 tam
1413 897 1839 952 Bittershnsiana
1862 938 1877 962 ,
1900 909 2061 965 quam

482 993 764 1050 Pithmana
788 994 954 1051 editio
974 994 1061 1050 hic
1080 978 1268 1051 recusa
1295 1001 1396 1049 est.
2070 988 2081 1071 τ’

552 1083 709 1140 1618.
764 1084 997 1140 Colonia
1034 1085 1273 1158 Agripp.1
1318 1084 1463 1156 apud
1490 1084 1617 1161 Ant.
1649 1082 1866 1150 ﬂicrat;
1889 1082 2066 1154 iit-fol.

481 1173 717 1229 Salviani
756 1175 1081 1246 presbyteri,
1133 1183 1191 1230 et
1242 1183 1429 1245 postea
1461 1174 1703 1245 episcopi
1722 1171 2065 1233 Massiliensis

481 1264 602 1320 libri
626 1264 766 1335 Vili;
787 1265 856 1321 de
875 1263 1283 1335 Gubernatione
1294 1266 1421 1332 Dei;
1452 1265 1584 1322 item
1605 1265 1859 1337 Epistolas
1882 1264 1951 1320 ad
1977 1264 2062 1323 di-

482 1358 698 1423 rers‘os;
729 1354 803 1412 Et
843 1355 1160 1412 Timotheus
1191 1357 1309 1413 sive
1354 1355 1476 1412 libri
1522 1354 1589 1412 iV
1631 1354 1698 1411 ad
1741 1352 2064 1412 Ecciesiam.

482 1447 559 1502 in.
587 1436 720 1502 Bibl.
753 1444 871 1502 PP.
898 1450 1029 1504 tomi
1051 1448 1095 1503 V
1116 1456 1253 1520 part.
1286 1463 1362 1516 tn,
1394 1463 1519 1519 pag.
1548 1447 1653 1505 525
1670 1463 1825 1521 seqq.

554 1539 713 1615 i623.
755 1538 1137 1615 Norimbergw,
1175 1542 1316 1614 apud
1340 1538 1605 1599 Simonem
1640 1541 2063 1613 Halbmeyerum,

483 1624 658 1699 iit-8‘;
698 1616 933 1686 Suiriani
954 1618 1298 1687 Hassiliensis
1326 1648 1489 1704 Opera
1511 1648 1578 1688 ex
1600 1632 1837 1689 editione
1862 1639 2064 1695 etcum

484 1721 883 1780 Commentario
912 1722 1140 1781 Canradi
1180 1722 1537 1790 Rittersliusii;
1578 1725 1746 1799 editio
1792 1724 2059 1791 secunda,

2162 539 2457 609 Gregorio,
2504 539 2572 595 Μ.
2616 540 3033 613 Cbrysostmno,
3069 530 3333 611 Prospero
3356 580 3373 607 ,
3421 536 3583 597 Petro
3636 540 3741 596 Da—

2162 634 2361 698 miani,
2399 632 2636 688 Blesensi
2663 672 2683 697 ,
2705 632 2987 699 Salviano,
3017 632 3171 689 novis
3188 633 3533 699 sectionibus,

2162 725 2283 780 mi's
2328 733 2399 779 et.
2436 721 2875 780 annotationibus
2910 720 3204 790 illustrata,
3264 737 3387 778 cum
3449 721 3745 794 appendice

2163 815 2517 885 quiestionum
2573 814 2867 871 variarum.
2909 808 3186 870 Fabricius
3232 812 3387 883 quasi
3423 820 3601 868 totum
3623 811 3748 871 εει.

2162 907 2377 961 vianum
2423 905 2476 961 in
2520 921 2589 962 eo
2626 920 2875 963 recusum
2919 904 3205 975 significat.
3233 903 3344 961 Sed
3368 902 3421 959 in
3450 900 3569 961 Cat.
3606 899 3750 959 Bibl.

2167 993 2431 1053 Barbarin.
2457 996 2494 1051 l.
2526 994 2570 1050 l.
2597 1004 2806 1052 tantum
2825 994 2948 1051 ﬁbri
2967 992 3079 1050 Vill
3109 994 3174 1050 de
3193 992 3573 1050 Gubernatim
3589 1009 3657 1050 ex
3677 1008 3754 1050 eo

2163 1088 2465 1145 landantur.

2235 1176 2389 1234 1644.
2423 1179 2672 1246 Parisiis;
2729 1183 2905 1253 ire-fol.
2948 1182 3201 1237 Salviani
3242 1180 3585 1238 Massiliensis
3626 1182 3750 1253 epi-

2171 1272 2324 1341 scopi
2348 1270 2417 1326 de
2442 1268 2844 1329 Gubernatione
2873 1270 2973 1327 Dei
2990 1260 3257 1327 libriViii.
3276 1268 3531 1341 Ejusdem
3558 1270 3625 1327 ad
3644 1264 3749 1328 Ee-

2166 1364 2384 1419 clesiam
2438 1363 2756 1419 catholicam
2811 1370 2927 1421 toto
2964 1362 3096 1421 orbe
3140 1360 3387 1419 diﬂusam
3426 1362 3552 1419 libri
3574 1352 3756 1419 iV.in

2162 1446 2297 1509 Bibl.
2336 1450 2449 1507 PP.
2481 1461 2629 1509 torno
2652 1452 2716 1519 V,
2738 1468 2858 1524 qua:
2878 1453 3045 1511 editio
3066 1460 3196 1524 post
3210 1468 3352 1510 novo
3374 1452 3532 1511 titulo
3553 1460 3753 1512 ornata

2162 1554 2245 1602 est
2269 1562 2321 1602 a.
2346 1544 2507 1612 1654,
2527 1544 2670 1618 apud
2694 1555 2799 1600 tres
2816 1543 3142 1616 bibliopolas.

2234 1636 2388 1693 ists.
2430 1624 2674 1703 Parisiis,
2717 1637 2859 1710 apud
2904 1636 3169 1693 Edmund.
3213 1635 3512 1709 Pcpiugue;
3559 1634 3749 1692 εις-8ο.

2164 1728 2397 1784 Salviani
2422 1728 2767 1785 Massiliensis
2788 1728 3085 1800 presbyteri
3107 1726 3175 1783 de
3198 1724 3537 1784 Providentia
3550 1736 3622 1789 ,οι
3637 1726 3759 1782 (ἰοί

485 1811 571 1866 cui
623 1814 838 1882 prtellxa
883 1821 965 1869 est
992 1814 1231 1887 ejusdem
1254 1814 1594 1870 Rittershusii
1626 1816 1730 1872 vita
1752 1854 1768 1879 ,
1799 1815 2068 1886 descripta
2094 1805 2143 1870 Β
2169 1820 2486 1877 bernatione
2514 1818 2632 1884 Dei,
2662 1826 2717 1873 et
2742 1819 2810 1873 de
2834 1819 2981 1888 justo
3008 1817 3368 1889 prtesentique
3391 1816 3509 1887 ejus
3541 1815 3748 1886 judicio

486 1916 582 1972 per
601 1899 875 1976 Georgium
907 1900 966 1979 Ε.
1014 1902 1077 1960 C.
1111 1902 1175 1959 li.
1220 1902 1585 1971 Rittershusii,
1612 1901 1726 1959 Cat.
1759 1903 1893 1959 Bibl.
1930 1904 2061 1977 Reg.

485 1992 662 2048 Paris.

556 2086 614 2143 in
637 2086 755 2142 Cat.
783 2088 913 2143 Bibl.
944 2088 1144 2155 Bodlei,
1190 2090 1351 2147 sicuti
1392 2091 1445 2145 in
1497 2088 1634 2145 Bibl.
1692 2088 2068 2145 Barberinianc

486 2175 732 2231 laudatur
766 2178 926 2247 hujus
971 2179 1075 2235 loci
1113 2185 1168 2234 et
1194 2180 1319 2233 anni
1348 2179 1513 2235 editio
1536 2194 1659 2235 cum
1688 2177 2067 2241 Commentario

488 2264 817 2323 Rittershusii
836 2278 886 2324 et
914 2270 1157 2325 aliorum.
1188 2269 1340 2327 [inde
1353 2270 1570 2341 colligo,
1598 2270 1810 2327 duobus
1838 2271 2064 2326 volumi-

490 2359 643 2413 nibus
683 2366 932 2416 constare
976 2361 1117 2418 bane
1156 2361 1465 2425 editionem,
1508 2378 1735 2431 quorum
1775 2364 1920 2433 prius
1950 2362 2068 2418 Sal-

490 2449 634 2503 viani
656 2455 862 2503 textum
904 2465 1026 2505 cum
1077 2450 1421 2509 Rittershusii
1450 2451 1858 2516 commentario,
1883 2459 2067 2521 poste-

2169 1912 2288 1967 libri
2315 1910 2451 1966 Vill.
2480 1910 2617 1965 item
2663 1908 3025 1980 Epistolarum
3075 1907 3214 1963 liber
3237 1922 3374 1962 unus
3398 1915 3455 1963 et
3480 1905 3755 1964 Timothei

2168 2000 2238 2055 ad
2263 1998 2559 2056 Ecclesiam
2580 1998 2900 2054 catholicam
2948 1996 3069 2052 libri
3095 1995 3184 2064 IV,
3214 2012 3338 2053 eum
3359 1996 3500 2053 not's
3525 1993 3751 2053 Joannis

2170 2090 2481 2155 Alexandri.
2505 2090 2597 2146 Sic
2613 2088 2731 2144 Cat.
2756 2087 2889 2144 Bibl.
2923 2087 3068 2160 Cliig.

2241 2180 2444 2238 Textus
2470 2197 2538 2236 es
2565 2179 2798 2236 editione
2819 2174 3097 2235 Pitbmana
3118 2186 3201 2233 est
3223 2194 3459 2244 recusus,
3489 2177 3583 2233 sed
3612 2177 3749 2234 adeo

2169 2272 2366 2331 infelici
2395 2281 2611 2335 eventu,
2642 2269 2859 2325 Baluzio
2883 2269 3087 2340 judice,
3115 2277 3174 2324 ut
3220 2269 3513 2324 innumeris
3553 2283 3750 2341 prope-

2173 2363 2393 2420 modum
2421 2361 2631 2418 me'ndis
2657 2361 2769 2416 hzec
2798 2360 2964 2416 editio
2987 2366 3213 2416 scateat.
3414 2352 3423 2355 “

2249 2452 2404 2507 1647.
2432 2450 2699 2524 Lugduni;
2723 2448 2890 2506 iit-4'.
2909 2448 3256 2505 Salviani.....
3272 2447 3340 2505 de
3353 2446 3748 2507 Gubernatinne

494 2538 602 2594 riis
630 2537 944 2609 Variorum,
976 2548 1108 2611 puto
1142 2538 1356 2595 Weitzii
1380 2578 1395 2606 ,
1438 2539 1655 2606 ‘Adami,
1699 2540 1991 2596 Sitzmanni
2016 2548 2073 2597 et
2174 2544 2269 2599 Dei
2293 2543 2415 2599 libri
2435 2541 2569 2608 Vill,
2590 2541 2691 2597 sub
2709 2542 2814 2597 hoc
2832 2541 2989 2596 titulo
3015 2558 3027 2593 :
3058 2539 3303 2595 Censorio
3331 2539 3395 2593 de
3416 2536 3753 2610 praesentibus

495 2624 791 2687 Brassicani
831 2638 1027 2698 notas,
1073 2632 1151 2686 uti
1194 2631 1246 2687 in
1298 2630 1575 2687 Bremensi
1613 2647 1738 2687 mox
1792 2628 2072 2687 indicanda
2174 2628 2399 2704 Europa
2418 2631 2816 2693 calamitatibus,
2843 2647 3117 2702 eorumque
3146 2630 3317 2684 causis
3345 2627 3643 2699 Prwloqttia
3683 2626 3753 2681 ab

500 2722 1261 2791 repraesentanturmxhibent.
1286 2721 1750 2793 indequeenatum
1766 2731 1948 2793 putem
1970 2720 2073 2778 Fa-
2178 2723 2440 2780 Osiandro
2461 2722 2733 2779 Stuanoin
2758 2723 2921 2779 lucem
2944 2722 3105 2777 edita.

496 2811 647 2867 brieii
668 2824 928 2881 errorem,
958 2813 1293 2873 conﬁdenter
1320 2812 1656 2879 aflirmantis,
1681 2811 2077 2885 Norimbergen-
2251 2814 2413 2870 Certe
2449 2816 2679 2881 refertur
2723 2814 2810 2870 hic
2850 2806 3036 2868 titulus
3078 2814 3218 2868 inter
3246 2810 3485 2867 Saiviani
3505 2825 3669 2883 opera
3696 2811 3751 2866 in

497 2919 600 2957 sem
628 2900 863 2959 Salviani
904 2903 1114 2958 milii?»
1151 2904 1442 2961 editionem
1466 2921 1584 2961 esse
1613 2904 1830 2959 nullam.
1862 2902 2077 2963 Scilicet
2182 2904 2296 2961 Cat.
2333 2903 2466 2960 Bibl.
2509 2900 2778 2958 Barberin.
2808 2910 2851 2958 t.
2878 2900 2943 2968 il,
2973 2919 3027 2973 p.
3071 2900 3197 2967 3-40;
3241 2894 3472 2973 indeque
3508 2902 3753 2959 eumdem

498 2994 723 3049 seorsim
751 2994 825 3048 illi
857 2994 1119 3064 (fortasse
1156 2997 1318 3051 etiam
1368 2995 1764 3067 Bremensibus)
1811 2994 2076 3065 obtigerat
2178 2997 2405 3053 recitant
2434 2994 2620 3050 Gallia:
2645 2993 2912 3050 litterario:
2938 2994 3201 3059 Auctores.
3249 2990 3355 3049 Sed
3376 2992 3509 3048 mihi
3545 3006 3612 3047 ex
3641 2991 3753 3063 ipsa

499 3082 747 3138 volumen
775 3084 1058 3153 posterius,
1084 3085 1241 3143 sicuti
1268 3085 1323 3140 in
1354 3084 1488 3141 Bibl.
1520 3084 1645 3157 Reg.
1668 3085 1954 3140 Parisiensi
1965 3102 2072 3142 non
2180 3086 2421 3157 Catalogi
2444 3080 2594 3141 istius
2622 3085 2954 3156 inspectione
2982 3100 3087 3139 non
3111 3084 3287 3153 magis
3331 3083 3536 3154 liquere
3562 3071 3757 3149 lateor.

500 3172 600 3228 nisi
624 3172 775 3243 prius
801 3174 1052 3229 occurrit.
1083 3171 1348 3231 Caeterum
1379 3173 1526 3246 piget
1552 3190 1639 3231 me
1666 3190 1849 3246 operae-
1870 3175 2082 3247 impen—
2101 3168 2148 3233 C
2180 3184 2356 3232 utrum
2396 3175 2562 3230 libros
2604 3174 2668 3228 de
2711 3171 3092 3228 Cubernatione
3136 3170 3257 3237 Dei,
3307 3188 3375 3227 an
3423 3172 3545 3229 illos
3576 3182 3755 3229 contra

499 3276 595 3321 sua,
619 3262 688 3318 ad
740 3262 1164 3335 investigandum
1198 3265 1523 3339 peculiarem
1559 3274 1807 3321 notarum
1845 3262 2072 3332 illarum,

500 3369 659 3424 quam
679 3354 780 3409 sibi
796 3353 1105 3426 inscriptam
1123 3355 1483 3425 donatamque
1497 3353 1665 3411 fassus
1685 3363 1765 3410 est
1779 3355 2077 3412 Rittershu-

501 3447 609 3502 sius
627 3433 917 3503 editionem
950 3465 963 3500 :
996 3445 1292 3518 praesertim
1321 3462 1442 3503 cum
1471 3462 1568 3517 per
1607 3461 1667 3501 se
1710 3445 1926 3500 levioris
1964 3461 2080 3517 mo-_

504 3536 671 3591 menti
722 3536 829 3591 sint
873 3542 929 3591 et
981 3551 1013 3590 a
1062 3536 1276 3592 nemine
1306 3534 1463 3592 facile
1504 3534 1893 3591 desiderentur.
1920 3533 2081 3591 Certe

504 3624 717 3685 Weitzii
744 3629 941 3685 notuiae
965 3643 1168 3684 meram
1197 3628 1439 3684 iocorum
1462 3627 1821 3696 similiumque
1849 3624 2082 3697 undique

506 3718 879 3790 decerptorum
908 3717 1229 3788 farraginem
1258 3717 1516 3789 prtebent.

575 3807 737 3887 16:24.
779 3804 1007 3864 Parisiis
1050 3810 1233 3882 iit—fol.
1289 3806 1525 3863 Salviani
1579 3806 1646 3863 de
1685 3804 2082 3862 Gubernatione

505 3896 601 3958 Dei
624 3894 675 3955 1.,
697 3894 832 3964 Vill,
856 3908 969 3957 etc.
992 3894 1049 3954 in
1071 3897 1207 3955 Bibl.
1232 3894 1349 3953 PP.
1395 3904 1544 3954 tomo
1567 3896 1630 3952 V.

575 3984 730 4045 1627.
785 3989 1093 4064 Rothomagi
1137 3990 1280 4063 apud
1320 3988 1578 4045 Joannem
1617 3991 1863 4054 Usmont;
1910 3986 2079 4043 iit-l3.

504 4079 738 4136 Salviani
760 4081 1002 4152 episc0pi
1020 4078 1366 4136 Massiliensis
1393 4079 1459 4133 de
1489 4094 1616 4133 vero
1641 4077 1850 4134 iudicio
1870 4085 1925 4132 et
1944 4076 2080 4133 Pro-

508 4171 738 4226 Videntia
769 4168 865 4225 Dei
894 4168 960 4223 ad
988 4168 1263 4224 Salonium
1302 4169 1610 4238 episcopum
1657 4167 1778 4223 libri
1810 4166 1937 4232 νηι,
1962 4180 2084 4222 cum

508 4258 728 4316 scboliis
756 4258 1085 4324 Brassicani;
1117 4256 1364 4327 Epistolae
1388 4266 1443 4312 et
1463 4256 1661 4312 librilV
1695 4257 1761 4311 ad
1790 4254 2085 4313 Ecclesiam

509 4349 848 4406 catholicam.

578 4438 821 4494 Laudant
874 4439 1014 4495 hanc
1040 4437 1358 4496 ‘editionem
1404 4438 1649 4493 Auctores
1691 4434 1938 4495 Historia,-
1959 4435 2081 4491 Litt.

2179 3268 2482 3330 Avaritiam,
2512 3281 2741 3336 quorum
2770 3262 2935 3319 editio
2948 3262 3203 3335 proximo
3223 3263 3343 3318 loco
3365 3270 3493 3320 ante
3510 3262 3755 3334 proponi-

2178 3364 2289 3423 tur,
2318 3358 2371 3420 in
2399 3372 2467 3412 eo
2495 3355 2759 3411 contineri
2779 3352 3080 3422 signiﬁcare
3101 3353 3348 3409 voluerit.

2252 3439 2408 3500 1648.
2451 3442 2693 3510 Parisiis,
2722 3444 2861 3515 apud
2889 3440 3045 3499 Etim.
3071 3441 3368 3515 Pepingue;
3397 3443 3563 3500 iit-8°.
3589 3440 3755 3498 ltera-
3812 3476 3824 3487 -

2180 3538 2256 3593 tio
2279 3535 2588 3592 Pitbmanze.
2623 3534 2848 3590 Benedd.
2874 3537 2929 3589 in
2953 3533 3091 3590 Hist.
3124 3534 3225 3589 litt.
3248 3533 3453 3590 Gallice.

2252 3624 2408 3681 1665.
2459 3624 2699 3691 Parisiis,
2751 3625 2891 3696 apud
2941 3622 3280 3679 Franciscmn
3308 3618 3548 3695 Πειραιέα
3583 3624 3753 3683 iit-8°.

2183 3716 2503 3772 Sanctorum
2549 3716 2984 3788 presbyterorum
3037 3712 3272 3770 Salviani
3324 3708 3665 3769 Massiliensis
3703 3721 3757 3770 et

2185 3801 2451 3868 Vincentii
2472 3809 2760 3867 Lirinensis
2778 3809 2974 3880 Opera.
2994 3808 3305 3865 Srerusucs
3323 3805 3583 3860 Duunth
3607 3804 3754 3861 Tute-
3806 3868 3809 3869 ν

2183 3902 2338 3957 (ensis
2386 3900 2454 3957 ad
2495 3899 2653 3960 ﬁdem
2692 3900 2934 3958 codicum
2975 3915 3101 3954 mss.
3142 3894 3461 3960 emendavit,
3511 3895 3758 3963 notisque

2183 3993 2482 4051 illustravit.

2255 4076 2591 4137 Pithoeanam
2617 4078 2926 4144 editionem,
2955 4090 3260 4148 quanquam
3288 4076 3342 4130 in
3368 4073 3545 4130 multis
3572 4072 3662 4128 illa
3678 4071 3760 4128 la—

2184 4174 2697 4245 boraret,optimam
2718 4181 2899 4229 ulmea
2919 4187 2986 4225 ex
3006 4168 3373 4239 superioribus
3390 4180 3610 4222 censere
3629 4165 3761 4221 sole-

2186 4263 2279 4317 bat
2306 4260 2550 4317 Baluzius
2570 4274 2796 4330 eamque
2824 4275 2975 4317 nova:
3021 4257 3176 4327 hujus
3203 4255 3531 4313 recensionis
3574 4253 3762 4310 funda-

2188 4358 2426 4405 mentum
2471 4364 2589 4404 esse
2639 4347 2826 4412 voluit,
2875 4347 2948 4402 ita
2978 4355 3037 4402 ut
3064 4346 3385 4415 ubicumque
3436 4346 3551 4402 hzec
3674 4344 3762 4401 illa

2187 4441 2473 4510 diserepet,
2520 4440 2571 4496 id
2605 4448 2775 4496 totum
2824 4440 2967 4510 quod
3003 4447 3265 4495 mutatum
3289 4438 3381 4503 sit,
3408 4453 3475 4493 ex
3497 4436 3599 4492 ilde
3619 4436 3763 4492 codi-

511 4529 716 4584 Galliae.
747 4528 970 4586 Videtur
995 4528 1062 4583 ad
1090 4528 1173 4584 ed.
1206 4527 1558 4584 Parisiensem
1589 4544 1645 4582 a.
1671 4524 1806 4581 l59l
1833 4544 1952 4584 esse
1992 4527 2087 4583 de-
2113 4526 2161 4590 Ι)
2189 4548 2308 4589 cum
2353 4531 2854 4601 manuscriptornm,
2887 4545 3112 4601 quorum
3143 4530 3348 4598 aliquot
3375 4528 3766 4583 vetustissimos

507 4620 723 4689 scripta.
1922 4676 1937 4686 ο

582 4708 738 4764 1655.
772 4709 1024 4774 Oxoniw;
1045 4709 1217 4764 in—8“.
1249 4708 1595 4764 Salviani.....
1629 4709 1697 4765 de
1725 4725 1853 4764 vero
1880 4704 2088 4765 Iudicio

512 4808 566 4855 et
604 4797 941 4878 Providentia
971 4798 1064 4857 Dei
1091 4798 1209 4855 libri
1244 4794 1383 4864 Vill;
1415 4796 1665 4868 Epistolze
1698 4806 1752 4855 et
1777 4799 1896 4855 libri
1925 4796 1991 4853 IV
2020 4796 2087 4853 ad

512 4889 804 4969 Ecclesiam
834 4890 1170 4955 catholicam.
1205 4888 1315 4943 Cat.
1341 4887 1474 4943 Bibl.
1502 4884 1698 4941 Bodlei.

584 4978 741 5034 1655.
773 4979 1002 5035 Colonia
1029 4982 1276 5052 Δῃὼ)ρά
1310 4980 1474 5034 θυι-4ο.
1506 4978 1739 5034 Salviaui
1771 4979 1837 5034 de
1878 4978 2079 5034 Guber-

515 5075 733 5128 natione
755 5070 848 5126 Dei
872 5070 907 5126 l.
940 5068 1164 5124 Vlli.....
1193 5069 1252 5124 in
1287 5070 1467 5124 Jacobi
1508 5066 1752 5126 Merlonis
1792 5067 1990 5127 liorstii
2023 5070 2081 5141 (i.

512 5184 562 5221 e.
594 5180 664 5220 ex
691 5162 853 5219 Horst
894 5160 1145 5232 oriundi)
1184 5173 1372 5233 septem
1420 5160 1575 5216 Tubis
1621 5162 1755 5217 orbis
1806 5160 2088 5217 Christiani

513 5257 633 5311 loco
652 5254 909 5326 septimo.

580 5344 793 5415 Integer
820 5343 939 5399 libri
969 5340 1153 5398 titulus
1172 5348 1254 5398 est
1279 5362 1291 5396 :
1325 5343 1530 5411 Septem
1558 5341 1711 5396 Tuba;
1751 5342 1903 5396 Orbis
1933 5340 2087 5419 Chri-

512 5437 668 5489 stiuni
696 5434 763 5489 ad
792 5436 1206 5506 reformationem
1237 5432 1614 5511 Ecclesiastica:
1655 5432 1940 5502 disciplima
1980 5443 2092 5488 toto.

454 5518 457 5521 ’
511 5526 633 5580 orbe
657 5530 937 5595 prwsertim
960 5528 1014 5579 in
1045 5516 1319 5580 Germania
1349 5524 1416 5577 ad
1443 5526 1768 5595 prementium
1796 5534 1843 5577 et
1881 5527 2080 5595 gravio-

514 5617 896 5670 "umanalorum
944 5619 1219 5694 remedium
1251 5615 1536 5670 necessario
1559 5614 1922 5667 instituendam
1941 5616 2079 5668 exci-

492 5717 696 5766 Διιιητεε.
730 5705 979 5763 Continet
1008 5718 1203 5775 autem,
1244 5718 1380 5763 tcste
1421 5703 1736 5761 iiarzhemio
1784 5705 1834 5758 in
1868 5704 2082 5762 «Biblio-

2188 4622 2443 4679 librorum
2492 4622 2554 4676 de
2593 4620 2927 4676 Providentia
2956 4629 3011 4675 et
3037 4620 3107 4673 ad
3126 4618 3416 4675 Ecclesium
3456 4618 3762 4672 catholicam

2187 4722 2484 4782 acceperat,
2510 4710 2706 4767 factum
2727 4726 2845 4767 esse
2864 4710 3157 4765 existimari
3174 4709 3377 4778 jnbeat.
3407 4708 3613 4781 Quippe
3633 4706 3765 4762 nihil
3816 4726 3825 4735 ο

2187 4801 2507 4870 coniecturis
2533 4803 2715 4857 datum
2745 4816 2863 4857 esse
2891 4797 3140 4866 aliirmat,
3158 4800 3259 4856 nisi
3288 4799 3342 4855 in
3371 4797 3611 4870 epistolis
3651 4813 3765 4854 uno

2186 4901 2242 4945 et
2263 4892 2433 4946 altero
2456 4890 2593 4946 loco.
2628 4890 2833 4945 Nullius
2852 4890 2995 4945 enim
3018 4890 3261 4959 epistola:
3287 4896 3556 4944 vetustum
3575 4902 3763 4944 exem-

2188 4987 2305 5056 plar
2331 4992 2520 5039 nactus
2544 4992 2679 5040 erat.
2709 4992 3064 5053 prtclerqnam
3092 4983 3319 5038 duarum
3348 4989 3773 5052 postremarum,

2187 5074 2241 5128 in
2292 5074 2487 5143 quibus
2536 5073 2882 5127 emendandis
2918 5072 3138 5127 omnino
3191 5078 3405 5126 secutus
3444 5077 3528 5127 est
3554 5067 3770 5125 codices

2187 5162 2595 5232 manuscriptos.
2640 5158 2898 5216 Natarum
2949 5176 3165 5216 suarum
3196 5160 3519 5231 pnecipuum
3543 5170 3766 5227 scopum

2185 5271 2302 5311 esse
2332 5251 2628 5324 proﬁtetur,
2660 5252 2896 5308 indicare
2917 5251 3185 5306 variantes
3207 5248 3486 5307 lectiones.
3516 5244 3695 5314 cQuod
3717 5245 3766 5301 si

2185 5345 2421 5415 quando,
2453 5342 2644 5415 inquit,
2674 5344 2775 5401 hos
2815 5343 3012 5399 limites
3051 5342 3317 5412 egredior,
3346 5340 3613 5395 allii-mare
3640 5352 3764 5408 pos-

2189 5452 2327 5501 sum,
2359 5436 2411 5491 id
2442 5452 2547 5495 non
2570 5436 2789 5491 omnino
2818 5434 3017 5490 frustra
3041 5434 3349 5501 (ontigisse.
3373 5433 3686 5500 Quanquam
3711 5429 3772 5488 id

2188 5542 2310 5580 raro
2339 5526 2546 5581 accidit.
2581 5524 2858 5581 liasenim
2889 5524 3071 5589 Notas,
3104 5533 3162 5579 ut
3191 5525 3295 5580 hoc
3319 5537 3533 5593 quoque
3567 5521 3765 5599 dicam.

2187 5614 2500 5670 festinanter
2547 5614 2754 5683 scripsi,
2816 5624 2866 5668 et
2897 5613 3047 5681 quasi
3071 5613 3211 5667 aliud
3240 5628 3421 5681 agens.
3465 5609 3615 5683 Quod
3644 5606 3768 5663 ideo

2188 5707 2358 5762 visum
2405 5716 2485 5763 est
2534 5705 2839 5767 admonere,
2895 5720 2958 5759 nc
2987 5705 3105 5772 quis
3131 5705 3216 5759 hic
3238 5704 3467 5770 syllabas
3490 5702 3553 5755 ad
3584 5701 3765 5753 vivum
