4088 6360
304 327 366 387 21
1641 321 2163 386 PROLEGOMENA.
3467 328 3541 384 22

301 437 557 502 excutiat,
580 444 672 495 aut
692 436 854 497 Notas
880 435 995 495 illas
1014 436 1079 491 ad
1105 435 1358 507 Polycleti
1381 450 1618 495 normam
1643 436 1875 491 directas
1901 436 1949 494 Δ
1974 449 2060 489 me
2087 434 2224 491 hanc
2244 405 2426 497 curam
2448 434 2842 503 elegantissimo
2870 434 2991 493 huic
3017 435 3282 507 scriptori,
3307 447 3366 494 ut
3392 439 3539 498 lucu-

303 544 413 582 nou
459 541 579 581 esse
626 525 947 599 pronuntiet.
991 546 1010 577 ι
1046 524 1263 580 Accedit
1308 525 1431 579 hnic
1477 523 1695 581 editioni
1735 523 1870 577 miro

290 601 675 669 ‘eharaelerum
699 614 1109 682 chartarumque
1156 614 1331 675 nitore
1358 629 1421 668 ac
1447 612 1707 682 elegantia
1731 628 1868 682 prte-

300 704 473 761 stanti,
491 702 743 773 Stephani
764 702 964 757 Balusii
995 703 1299 758 Dissertatio
1327 704 1390 756 de
1413 704 1703 773 episwpatu
1730 700 1870 771 Ego-

303 796 443 848 rensi
479 795 550 848 ad
586 792 883 865 Philippum
936 791 1190 847 Labbcum
1239 794 1292 848 ib
1356 792 1578 847 formam
1633 792 1870 862 epistolae

300 885 382 955 (ά.
409 882 622 937 Lutetia:
650 899 736 937 stv
763 882 866 935 kal.
910 882 1124 957 Augusti
1152 899 1169 936 :
1198 881 1266 936 Μ.
1293 880 1394 939 DC.
1425 879 1606 949 LXIII)
1648 880 1866 951 scripta.

240 1000 275 1021 ο
374 972 528 1026 I669.
572 969 815 1039 Parisiis,
864 973 1002 1044 apud
1029 971 1223 1026 Franc.
1275 970 1697 1044 Muguet;in-8‘.
1728 970 1868 1026 Sau-

297 1074 508 1122 etorum
557 1063 988 1135 presbyterorum
1014 1064 1251 1121 Salviani
1278 1063 1617 1120 Massiliensis
1644 1070 1700 1117 et
1737 1061 1866 1117 Viu-

300 1154 460 1212 eentii
482 1151 774 1207 Lirinensis
791 1152 982 1223 Opera.
1006 1151 1191 1223 Steph.
1213 1151 1462 1207 Baluzius
1483 1150 1782 1207 Tuteleusis
1801 1150 1869 1206 ad

300 1242 458 1297 iidem
486 1250 724 1313 veterum
752 1239 992 1297 codicum
1035 1256 1162 1301 mss.
1210 1240 1513 1296 emendavit
1530 1239 1784 1313 Notisque
1805 1238 1869 1294 il-

297 1331 564 1390 hstravlt.
588 1331 767 1388 Editio
794 1332 1042 1388 secunda.
1470 1378 1484 1393 .

370 1423 485 1479 Non
527 1420 702 1477 solum
742 1430 921 1478 textus
972 1422 1130 1492 hujus
1172 1420 1426 1476 editionis
1453 1436 1482 1474 a
1509 1421 1785 1491 superiore
1813 1421 1868 1476 in

296 1514 568 1571 nonnullis
592 1512 879 1585 discrepat,
900 1514 995 1570 sed
1015 1513 1240 1577 accessit
1265 1513 1316 1569 ei
1335 1513 1495 1568 etiam
1519 1528 1623 1568 non
1645 1511 1867 1587 exiguus

297 1612 545 1661 notarum
595 1602 1018 1660 doctissimarum
1054 1603 1317 1659 cumulus.
1347 1601 1477 1657 Nam
1496 1602 1728 1673 primum
1753 1600 1866 1657 edi-

295 1704 385 1749 tor
421 1693 686 1749 variantes
724 1690 1003 1755 lectiones,
1049 1676 1194 1761 quas.
1228 1692 1283 1747 iu
1332 1691 1572 1760 margine
1611 1690 1864 1749 editionis

1973 523 2245 578 brationes
2265 522 2381 592 ejus
2400 523 2695 579 conferrem
2736 542 2858 585 cum
2887 526 3071 583 iisdem
3097 527 3370 584 codicibus
3396 532 3536 585 anti-

1971 612 2091 683 quis
2122 614 2300 687 :qnod
2347 622 2478 684 puto
2520 626 2606 673 me
2630 614 2819 676 fecisse
2838 634 2959 672 cum
2980 618 3154 687 aliqua
3183 617 3408 677 utilitate
3438 621 3536 675 ho-

1971 719 2089 758 rum
2132 704 2447 759 studiorum.
2481 724 2498 756 ι
2532 703 2612 759 Es
2658 706 2786 760 actis
2813 721 2910 775 per
2942 707 3269 777 appendicem
3294 708 3347 762 in
3376 723 3536 779 supe-
3652 742 3661 747 -

1971 791 2115 848 riore
2134 791 2355 867 adjectis
2375 800 2580 854 resecta
2608 803 2734 849 sunt
2760 795 2813 851 in
2839 795 2943 851 hac
2965 796 3119 851 tertia
3149 812 3291 851 num.
3324 795 3351 869 I_
3390 805 3444 852 et
3470 796 3532 853 Il.

1920 898 1925 903 '
1969 880 2233 938 Caeterum
2251 884 2494 953 quamvis
2515 890 2571 939 et
2589 883 2703 953 ipsa
2728 870 2863 938 satis
2889 882 2959 939 sit
2985 884 3149 939 nitida
3178 884 3289 943 haec
3318 886 3534 956 impres-
3654 960 3659 963 Ι

1969 972 2070 1037 sio,
2094 972 2280 1042 prima:
2301 980 2478 1028 tamen
2500 971 2761 1047 elegantia
2782 973 3088 1042 longissime
3106 974 3265 1029 cedit.
3281 974 3534 1046 Inscripta

1969 1070 2053 1119 est
2097 1060 2298 1119 Iacobo
2343 1062 2565 1119 Nieolao
2588 1061 2844 1119 Colherto
2872 1063 3108 1133 arehiep.
3132 1062 3533 1134 Carthagiueusi

1967 1158 2025 1207 et
2048 1152 2346 1222 coadjutori
2377 1152 2790 1221 Rothomagensi
2811 1151 2951 1224 (Litt.
2996 1151 3194 1218 Paris.,
3232 1153 3334 1208 kal.
3366 1153 3530 1224 April.

1967 1242 2022 1296 h.
2048 1241 2148 1307 a.).
2172 1241 2338 1297 Abest
2365 1241 2673 1297 dissertatio
2691 1239 2759 1296 de
2778 1238 3089 1315 episcopatu
3116 1240 3391 1310 Egarensi.

2041 1330 2196 1385 I688.
2229 1330 2447 1397 Bromie,
2472 1330 2753 1401 sumptibus
2783 1330 3072 1386 Hcrmmmi
3096 1328 3338 1395 Brut-eri;
3365 1328 3531 1384 ἱνα-4⁸.

1965 1422 2024 1478 S.
2043 1421 2482 1495 Presbyterorum
2494 1420 2729 1478 Salviani
2742 1421 3100 1477 Massiliensis.
3112 1461 3124 1473 .
3134 1461 3170 1474 ..
3190 1419 3384 1495 Opera.
3400 1418 3534 1475 Cum

1963 1510 2101 1567 libro
2125 1511 2527 1568 Commentario
2552 1510 2784 1567 Couradi
2813 1510 3172 1577 Rittershusii,
3193 1526 3257 1566 ae
3283 1510 3424 1566 notis
3449 1508 3531 1566 in-

1966 1602 2150 1671 tegris,
2197 1599 2422 1658 Joannis
2467 1600 2678 1658 Weitzii
2700 1642 2716 1669 ,
2774 1599 2957 1657 Tobiae
3009 1600 3213 1667 Adami,
3268 1598 3533 1656 Theodori

1964 1689 2278 1759 Sitzmauni,
2319 1688 2543 1747 Joannis
2589 1690 2873 1747 Alexandri
2911 1688 3229 1752 Brussicanl,
3276 1688 3533 1759 Stephani

295 1783 585 1840 Pitbceante
624 1783 999 1853 descripserat,
1053 1798 1237 1839 rursus
1282 1782 1562 1852 diligenter
1605 1782 1856 1837 excussit.
1889 1787 1939 1850 Β
1966 1779 2184 1846 Baluiii,
2215 1789 2271 1836 et
2296 1779 2565 1836 Vincentii
2608 1779 2903 1835 Lirinensis
2935 1777 3413 1835 Commitnrium
3467 1779 3533 1832 ab

294 1874 430 1929 Tum
479 1874 644 1930 libros
669 1874 739 1929 de
764 1872 1165 1929 Gubernatioue
1194 1873 1290 1928 Dei
1333 1873 1559 1929 contulit
1597 1888 1718 1930 cum
1741 1872 1859 1929 edi-

295 1966 443 2021 tione
470 1963 766 2021 Brassicani
795 1981 845 2018 a.
872 1964 1009 2019 I530
1027 1974 1081 2019 et
1097 1962 1352 2019 Galesinii
1381 1962 1534 2030 I564,
1566 1973 1622 2019 et
1664 1963 1709 2020 si
1734 1963 1862 2033 quid

293 2056 484 2113 melius
506 2057 558 2111 iu
588 2050 693 2111 illis
715 2065 875 2123 esset,
897 2071 1057 2127 quam
1085 2054 1138 2112 in
1169 2055 1464 2123 Pithutana,
1494 2064 1584 2112 aut
1605 2056 1656 2111 in
1679 2056 1863 2112 codice

292 2147 626 2212 Corbeiensi,
669 2160 900 2218 quocum
945 2144 1279 2204 Pithmanam
1308 2157 1466 2203 antea
1492 2147 1861 2209 contenderat,

293 2239 348 2291 in
372 2245 578 2292 textum
606 2238 895 2293 transtulit.
924 2236 982 2291 Si
1009 2237 1136 2306 quid
1156 2253 1288 2291 vero
1314 2236 1533 2291 dubium
1560 2244 1722 2299 esset,
1775 2243 1868 2290 aut

290 2331 439 2407 quod
461 2331 823 2389 admonitione
850 2330 1129 2398 indigeret,
1163 2330 1212 2383 id
1242 2329 1474 2405 allirmat
1517 2344 1577 2382 se
1615 2329 1668 2382 in
1717 2327 1869 2383 Notis

294 2424 619 2495 reposuisse,
670 2438 772 2477 nec
815 2420 1103 2492 quidquam
1133 2419 1513 2484 dissimulasse,
1537 2427 1628 2472 aut
1652 2417 1866 2489 propria

297 2513 620 2567 auctoritate
644 2522 899 2577 mutasse,
930 2512 997 2566 de
1016 2527 1123 2580 quo
1145 2526 1250 2565 non
1275 2504 1629 2563 admonuerit.
1652 2506 1866 2560 Addidit

296 2615 547 2675 pratterea
599 2604 939 2675 Appendicem
990 2611 1218 2656 actorum
1273 2609 1509 2663 veterum,
1564 2615 1777 2671 quorum
1807 2600 1863 2651 in

296 2694 454 2751 Notis
492 2697 631 2767 facta
683 2703 761 2748 est
788 2694 995 2755 mentio,
1027 2708 1135 2766 quo
1161 2691 1540 2746 continentur:
1571 2684 1610 2743 I.
1632 2688 1861 2743 Castoris

293 2784 532 2855 Aptensis
576 2783 797 2859 episcopi
825 2782 1042 2853 epistola
1090 2780 1161 2834 ad
1184 2780 1453 2835 Joannem
1469 2779 1769 2835 Cassianum
1794 2792 1861 2834 ex

293 2872 461 2929 veteri
488 2871 672 2929 codice
700 2888 797 2926 tus.
820 2871 1154 2927 bibliotheca:
1182 2871 1381 2941 Regius.
1406 2870 1466 2947 ll.
1492 2871 1620 2924 Acta
1638 2872 1861 2943 impera-

296 2975 459 3019 torum
481 2963 719 3018 adversus
742 2961 1009 3033 Pelagium
1036 2972 1086 3015 et
1111 2960 1394 3017 Cmicstiam
1416 2960 1595 3016 itidem
1615 2976 1682 3015 ex
1700 2959 1858 3015 codd.

295 3071 445 3121 mss,
486 3070 677 3127 nempe
727 3057 786 3111 ιο
842 3054 1161 3127 licscriptum
1210 3053 1431 3109 Honorii
1484 3064 1533 3106 et
1592 3051 1863 3106 Theodosii

1962 1872 2151 1928 eodem
2182 1872 2398 1928 Baluzio
2436 1871 2711 1930 Tuteleusi
2741 1871 2809 1927 ad
2838 1870 2996 1927 fidem
3024 1879 3264 1926 veterum
3291 1870 3532 1926 codicum

1961 1977 2090 2017 mss.
2122 1961 2462 2016 emendatum
2508 1969 2563 2016 et
2609 1961 2948 2021 illustratum.
2977 1958 3252 2020 Prmmissa
3269 1958 3531 2013 Disserta-

1962 2050 2111 2106 tioue
2146 2049 2213 2105 (ἶ.
2243 2049 2441 2106 Calistl
2483 2051 2538 2106 in
2566 2050 2814 2107 Vinceut.
2844 2050 2953 2106 Lir.
2982 2048 3117 2106 Cum
3150 2049 3414 2105 iudicibus
3437 2063 3529 2104 co-

1963 2140 2299 2210 piosissimis,
2329 2150 2437 2195 tam
2467 2141 2533 2195 ad
2554 2153 2827 2206 auctores,
2851 2157 3010 2210 quam
3047 2140 3115 2194 ad
3160 2149 3334 2195 notas.
3377 2138 3531 2193 Juxta

1966 2228 2428 2298 Noribergensium
2452 2231 2648 2300 partim
2674 2247 2800 2286 anu.
2831 2230 3134 2285 MDCXXIII
3180 2238 3235 2286 et
3264 2230 3529 2295 Parisien-

1967 2315 2103 2370 sium
2125 2331 2251 2371 ann.
2276 2316 2579 2372 MDCLXIX
2597 2318 2940 2389 exemplaria.

2034 2406 2164 2473 Qua:
2177 2422 2242 2461 es
2258 2407 2695 2476 Norimbergeusi
2703 2409 2939 2465 editione
2961 2411 3013 2464 iu
3032 2412 3173 2467 hanc
3201 2418 3529 2484 trausurnpta

1964 2495 2162 2549 iuerint
2182 2510 2251 2550 ex
2276 2496 2639 2567 superioribus
2660 2498 2989 2569 intelligitur.
3014 2499 3091 2555 De
3116 2499 3397 2555 Vincentio
3420 2499 3527 2555 Lir.

1962 2598 2060 2638 suo
2083 2584 2205 2640 loco
2232 2582 2431 2639 dictum
2456 2594 2559 2641 est.
2587 2583 2763 2642 Series
2783 2588 3021 2643 virorum
3060 2587 3361 2653 doctorum,
3394 2604 3529 2659 quo-

1961 2690 2079 2732 rum
2103 2683 2247 2734 notae
2264 2675 2353 2732 hic
2381 2676 2719 2743 exhibentur,
2744 2679 2847 2733 alia
2893 2687 2977 2733 est
3005 2679 3057 2734 In
3084 2680 3202 2749 ipso
3241 2681 3527 2745 volumine,

1961 2767 2063 2821 alia
2093 2767 2144 2820 iu
2177 2767 2353 2831 titulo,
2382 2774 2571 2821 neutra
2599 2769 2810 2823 curiose
2839 2769 3099 2823 instituta.
3125 2769 3379 2824 Nimirum
3426 2770 3529 2824 Ba-

1961 2856 2167 2913 luziaua
2188 2855 2354 2911 editio
2379 2862 2489 2910 tota
2510 2864 2593 2911 est
2612 2872 2823 2920 recusa,
2856 2857 3097 2928 adeoque
3127 2858 3383 2927 proxima:
3410 2868 3529 2927 post

1961 2954 2165 3002 textum
2210 2947 2491 3015 utriusque
2515 2948 2749 3003 auctoris
2781 2938 2921 3004 no'tu:
2941 2957 3066 3003 sunt
3087 2948 3385 3005 Baluziaua:
3409 2965 3529 3005 cum

1961 3035 2132 3089 iudice
2153 3035 2391 3103 ejusdem
2416 3034 2685 3092 editionis.
2703 3036 2835 3092 Dein
2863 3038 3171 3104 succedunt,
3204 3038 3529 3096 Rittershusii

294 3144 462 3216 Impp.
526 3124 939 3200 adPolladium
977 3124 1142 3215 Praef.
1192 3143 1463 3198 Prw:orio.
1526 3140 1590 3195 2°
1621 3140 1858 3195 Edictum

1962 3128 2372 3192 commentarius,
2395 3124 2623 3193 Weitsii,
2654 3129 2858 3196 Adami,
2874 3130 3166 3186 Sitzmanni
3179 3140 3234 3185 et
3256 3139 3528 3202 postremo

294 3236 540 3294 Palladii.
571 3238 634 3291 5ο
660 3236 977 3307 Rescriptum
1024 3234 1245 3290 Honorii
1283 3235 1354 3288 ad
1394 3234 1653 3288 Aurelium
1698 3234 1852 3304 episc.

290 3327 535 3398 Carthag.
567 3326 622 3379 4⁸
651 3328 845 3382 Aurelii
874 3326 1108 3398 Epistola
1124 3326 1194 3380 ad
1210 3327 1471 3398 episcopos
1494 3325 1774 3397 Bysarena:
1808 3335 1858 3377 et

291 3418 605 3487 Argizitance
646 3416 768 3488 (sic)
816 3418 1107 3487 provinciis.
1151 3414 1205 3468 5‘
1246 3417 1416 3471 Sacra
1463 3415 1677 3486 epistola
1721 3414 1854 3470 Cou-

289 3509 465 3561 stantii
484 3508 808 3578 imperatoris
846 3508 1010 3577 patris
1046 3505 1395 3561 Valentiniani
1440 3507 1651 3579 Augusti
1673 3506 1853 3576 junio-

290 3600 383 3666 ris,
431 3599 502 3656 ad
557 3598 889 3656 Volusianum
916 3601 1214 3671 prwfectutu
1246 3597 1393 3662 Urbi,
1421 3598 1663 3652 adversus
1692 3596 1852 3652 διεισ-

288 3689 460 3747 stium.
476 3688 538 3747 6"
555 3688 795 3743 Edictum
824 3688 1094 3743 Volusiani
1113 3705 1206 3757 pro
1219 3687 1560 3758 publicatione
1576 3686 1856 3756 superioris

291 3778 561 3851 Rescripti.
587 3779 671 3835 IIl.
722 3779 955 3835 Tradilio
983 3777 1126 3833 Petri
1154 3778 1217 3832 de
1245 3778 1439 3833 Sancto
1470 3776 1583 3849 (qui
1605 3775 1852 3847 traditur)

288 3872 358 3926 ad
376 3869 687 3927 Canonicatn
706 3872 1094 3926 Cadurcensem.
1133 3870 1219 3925 IV.
1254 3871 1485 3926 Traditio
1508 3869 1767 3924 Guillelmi
1793 3869 1857 3923 de

285 3960 629 4015 Carbouarias
672 3960 742 4015 ad
769 3962 1132 4017 monasterium
1174 3959 1457 4014 Tuteiense.
1506 3959 1570 4013 V.
1623 3956 1855 4013 Traditio

287 4045 425 4102 Elia:
452 4051 514 4102 de
545 4047 707 4103 Naris
729 4050 794 4103 ad
816 4049 953 4103 idem
974 4049 1357 4103 monasterium
1394 4064 1461 4103 ex
1505 4046 1858 4102 Chartulariis

291 4138 511 4192 istarum
531 4140 874 4193 ecclesiarum
894 4146 949 4191 et
969 4138 1430 4191 monasteriorum.

364 4225 516 4286 I677.
562 4225 814 4298 Lugduni,
864 4226 1002 4298 apud
1036 4225 1366 4292 Anissonios;
1397 4227 1573 4298 in-fol.
1620 4225 1854 4283 Salviani

286 4315 632 4370 Massiliensis
661 4316 779 4370 libri
811 4314 919 4369 VIII
944 4316 1010 4371 de
1031 4314 1427 4371 Gubernatione
1453 4309 1579 4383 Dei;
1612 4315 1852 4387 ejusdem

1958 3217 2079 3272 loco
2111 3216 2405 3272 Brassicani
2433 3229 2593 3284 note,
2617 3236 2737 3276 eum
2768 3221 2940 3278 indice
2969 3222 3023 3277 in
3051 3223 3267 3278 eosdem
3290 3224 3526 3294 peculia-

1957 3306 2088 3361 riter
2103 3307 2447 3363 concinnato.
2469 3307 2660 3363 litum
2676 3325 2807 3365 vero
2826 3325 2923 3365 cur
2941 3310 3230 3367 editionem
3251 3313 3527 3367 secuan

1958 3393 2157 3449 Baluzii
2185 3398 2380 3466 potius,
2408 3413 2571 3467 quam
2592 3401 2815 3464 tertiam,
2846 3400 3250 3456 exseribendsm
3277 3401 3415 3472 typis
3440 3401 3529 3456 de-

1953 3484 2095 3541 derit
2139 3486 2449 3557 bibliopola,
2498 3488 2590 3557 qui
2643 3487 2860 3543 minime
2899 3489 3065 3544 solius
3101 3498 3335 3559 quaastus
3357 3489 3525 3559 gratia

1954 3575 2092 3631 haue
2117 3591 2298 3633 curam
2322 3579 2620 3649 sweepisse
2640 3578 2807 3633 videri
2838 3578 3023 3634 voluit.

2546 3705 2756 3744 SJ-ICULO
2786 3706 2926 3744 XVIII.

2028 3797 2182 3855 I728.
2231 3798 2676 3865 Venetiis;in-8‘.
2706 3800 2941 3859 Salviani
2985 3800 3327 3859 hlassiliensis
3372 3814 3522 3875 νεεδ-

1955 3887 2125 3967 byteri
2161 3888 2332 3959 Opera
2366 3889 2645 3947 emendata
2670 3904 2791 3943 cum
2822 3889 2964 3944 notis
2998 3903 3028 3943 a
3070 3890 3249 3963 Staph.
3292 3890 3518 3947 Baluzio.

1956 3976 2070 4030 Cat.
2106 3975 2238 4033 Bibl.
2266 3974 2432 4031 Firm.
2466 3986 2503 4029 t.
2530 3977 2571 4041 l,
2602 3993 2655 4047 ρ.
2686 3975 2777 4030 55.

2030 4064 2183 4118 I729.
2219 4065 2449 4132 Pisauri,
2470 4083 2498 4119 c
2537 4064 2875 4139 typographia
2906 4062 3165 4134 Corellia;
3211 4068 3354 4123 iit-4'
3393 4073 3520 4142 uta}.

1956 4153 2190 4209 Salviaui
2220 4152 2561 4215 Massiliensis
2578 4155 2802 4228 episcopi
2821 4155 3227 4215 Concordautim
3264 4158 3524 4233 Operibus

1954 4242 2070 4312 ejus
2096 4259 2317 4298 annexa:
2342 4242 2413 4315 [i.
2442 4259 2494 4299 e.
2519 4242 2691 4315 Opera
2713 4244 2947 4299 Salviani
2966 4262 3078 4300 cum
3098 4246 3522 4321 Concordantiis]

1953 4335 2290 4407 alphabetiee
2317 4335 2589 4404 disposita:
2611 4335 2790 4390 studio
2818 4352 2880 4393 ac
2907 4337 3089 4393 labore
3114 4338 3292 4395 Patris
3339 4337 3525 4396 Deme-

286 4408 537 4478 Ενίειοιω
557 4408 622 4462 ad
643 4407 911 4471 diversos;
937 4408 1061 4462 item
1085 4406 1539 4479 Timotheussive
1558 4408 1676 4462 Ῐίίπί
1697 4406 1762 4461 ιν
1784 4407 1851 4462 ad
1882 4477 1927 4493 λ
1956 4428 2039 4479 trii
2090 4425 2320 4480 Barbulii
2367 4426 2491 4482 Sac.
2520 4426 2668 4493 Iesu,
2697 4436 2752 4482 et
2790 4427 3128 4484 Eminentiss.
3158 4446 3222 4486 ac
3252 4431 3522 4488 Revereu~

208 4506 218 4561 ά
285 4477 599 4565 Ecclesium,
621 4498 799 4552 omnia
826 4499 893 4553 ad
940 4477 1367 4554 emendationem
1395 4500 1577 4571 Steph.
1626 4499 1845 4554 Balusii.

1962 4477 2118 4571 at...”
2130 4477 2353 4587 suum
2369 4477 2668 4572 cardini—ii,
2686 4477 3522 4595 sibi;'ié'iiig'uigaiig};

285 4586 345 4645 In
368 4588 499 4642 Bibl.
532 4588 676 4643 Max.
715 4585 930 4642 Patruus
950 4596 988 4642 t.
1014 4588 1144 4654 VIII,
1173 4603 1326 4658 pagg.
1360 4589 1617 4647 559401.

360 4679 512 4733 I684.
554 4679 794 4742 Parisiis,
832 4680 970 4751 apud
1007 4679 1344 4735 Franciscum
1386 4682 1627 4753 Muguet;
1683 4682 1846 4737 ὅθι-δ’.

284 4768 601 4827 Sanctorum
628 4768 1066 4840 Presbyterorum
1092 4769 1326 4824 Salviani
1372 4770 1569 4826 Massii.
1619 4778 1674 4826 et
1722 4772 1849 4826 Vin-

283 4860 449 4913 centii
479 4859 585 4913 Lir.
624 4858 816 4929 Opera.
848 4859 1150 4930 Stephanus
1171 4861 1416 4917 Baluzius
1440 4861 1739 4921 Tutelensis
1783 4862 1851 4919 ad

200 4946 207 4957 '
283 4948 443 5003 iidem
473 4957 713 5003 veterum
731 4950 976 5005 codicum
998 4965 1124 5006 mss.
1156 4951 1458 5006 emendavit
1485 4959 1540 5007 et
1559 4952 1709 5007 Notis
1733 4952 1853 5007 iliu-

282 5038 492 5091 stravit.
527 5037 703 5093 Editio
727 5038 902 5093 tertia.
941 5058 959 5090 ι
994 5040 1125 5094 Cum
1156 5047 1209 5095 et
1237 5040 1467 5096 secunda
1497 5057 1711 5113 quoque
1735 5043 1850 5098 edi-

281 5127 385 5191 tio,
424 5125 593 5194 inquit
637 5126 902 5194 Baluzius,
943 5128 1196 5184 distracta
1244 5130 1447 5196 fuisset,
1490 5136 1852 5203 typographus

283 5223 464 5269 autem
492 5216 706 5271 eosdem
731 5217 895 5273 libros
931 5218 1029 5273 sub
1052 5219 1314 5284 incudem,
1347 5227 1405 5275 ut
1426 5220 1501 5275 ita
1528 5222 1721 5287 dicam,
1766 5237 1851 5277 re-

282 5319 480 5358 vocare
517 5305 695 5366 vellet.
719 5314 774 5361 et
800 5307 1009 5363 interim
1032 5316 1217 5364 nactus
1243 5324 1416 5364 essem
1443 5312 1713 5381 exemplar
1733 5327 1852 5367 ma-

276 5399 634 5468 nuscriptnm,
661 5417 767 5469 quo
791 5403 1028 5459 Pitltmus
1048 5420 1173 5459 usus
1199 5415 1282 5461 est
1308 5407 1362 5461 in
1409 5407 1757 5463 emendandis
1790 5410 1854 5464 li-

279 5487 397 5541 bris
419 5487 485 5541 de
505 5487 902 5546 aneruatione
931 5492 1046 5558 Dei,
1086 5502 1198 5548 tum
1228 5496 1388 5549 etiam
1417 5494 1564 5559 illud,
1595 5513 1715 5552 cum
1744 5515 1851 5568 quo

280 5575 427 5631 idem
441 5578 664 5631 contulit
692 5579 855 5632 libros
874 5589 1105 5648 quatuor
1125 5584 1379 5638 adversus
1401 5585 1710 5649 Avaritiam,
1731 5602 1851 5657 qua:

279 5682 427 5723 nunc
447 5675 652 5725 exstant
676 5669 726 5723 in
752 5670 1071 5735 bibliotheca
1093 5674 1419 5739 Colberlina,
1442 5681 1623 5746 putavi
1653 5679 1847 5736 debere

1952 4609 2245 4663 humillime
2291 4609 2503 4666 dicata.
2565 4608 2713 4679 Opus
2764 4611 3011 4665 omnibus
3056 4627 3327 4667 sacrarum
3363 4612 3520 4669 disci.
3602 4626 3610 4641 “

1952 4700 2218 4769 piiuarum
2266 4701 2538 4765 studiosis,
2570 4700 2667 4757 sed
2693 4701 3025 4771 potissimum
3074 4704 3319 4759 aseetieis
3355 4707 3523 4775 magi-

1951 4792 2097 4857 stris,
2155 4801 2315 4860 atque
2363 4791 2833 4849 conciouatoribus
2878 4793 3022 4848 verbi
3066 4794 3159 4848 Dei
3185 4810 3523 4867 summopere

1952 4880 2269 4954 proﬁcuum.
2996 4944 2999 4945 ν

2026 4970 2197 5025 Immo
2222 4985 2361 5039 opus
2390 4972 2625 5040 ineptum
2640 4972 2768 5026 etin
2789 4972 3115 5039 chartarum,
3129 4975 3329 5029 utinam
3350 4976 3525 5031 minus

1954 5058 2260 5124 nitidarum,
2272 5058 2535 5127 iacturam
2556 5059 2888 5130 impressum.
2911 5061 3029 5118 Unu
3052 5081 3083 5117 n
3108 5063 3244 5119 forte
3264 5072 3366 5129 est,
3382 5064 3524 5133 quod

1955 5150 2009 5202 in
2040 5149 2179 5203 hunc
2198 5165 2417 5204 censum
2446 5166 2554 5205 non
2581 5152 2783 5217 veniat,
2818 5152 2933 5207 Vita
2959 5171 3046 5208 seu
3090 5157 3256 5224 potius
3285 5154 3524 5227 Elogium

1956 5238 2190 5293 Sal'viani
2206 5257 2239 5292 a
2265 5238 2461 5294 Larino
2489 5242 2691 5297 Amulio
2710 5245 2979 5298 novissime
3005 5246 3163 5310 edita,
3194 5247 3261 5301 ab
3286 5246 3523 5315 ejusdem

1962 5328 2195 5381 Salviaui
2224 5327 2474 5397 Epistolis
2494 5330 2825 5399 potissimum
2854 5334 3148 5388 enucleata.

2032 5415 2186 5469 I774.
2226 5416 2469 5482 Venetiis,
2491 5436 2556 5472 ea:
2584 5418 2806 5490 Typogr.
2828 5419 2914 5475 Jo.
2948 5422 3098 5493 Bapt.
3141 5422 3366 5488 Albritii,
3403 5423 3524 5480 Hie-
3600 5487 3613 5496 ,

1960 5521 2072 5557 ron.
2094 5506 2171 5574 ﬁl.
2193 5523 2210 5569 ;
2230 5506 2398 5577 ἔνι-[οι.
2426 5506 2660 5562 Salviaui
2682 5511 2976 5579 presbyteri
3000 5510 3337 5568 Massiliensis
3350 5515 3524 5584 Opera

1957 5609 2078 5662 qua:
2130 5602 2343 5649 exstant
2395 5596 2593 5665 omnia.
2646 5595 2883 5650 Accessit
2927 5597 3191 5653 Viueentii
3238 5599 3526 5659 Lirinensis

1957 5683 2454 5741 Commonitorium.
2488 5685 2565 5740 Ex
2589 5686 2744 5740 tertia
2773 5686 3005 5743 editione
3035 5688 3287 5762 Stephani
3326 5694 3523 5750 Baluzii
