4088 6360
551 365 618 420 25
1167 368 1222 421 s.
1259 345 1637 420 SALVIANUS
1679 361 2144 421 MASSILIENSIS'
2175 321 2597 421 rueset'reu;
2621 401 2690 408 _
2723 363 3235 424 PROLEGOMENA.
3731 329 3798 419 et

546 481 610 535 ν.
643 481 701 534 C.
735 479 791 534 lu
823 479 952 534 Bibl.
981 477 1095 532 PP.
1128 489 1176 532 et
1205 479 1310 534 SS.
1349 479 1462 532 νει.
1488 478 1633 532 Eccl.
1687 479 1918 534 Asnam:
1969 477 2082 532 Gn.
2101 511 2112 518 -
2143 485 2194 538 Λ·
2222 445 2461 534 Trattato
2490 481 2541 534 di
2571 481 2820 536 Salviano
2849 481 3175 536 Marsiliensc
3199 480 3333 534 delia
3361 459 3709 544 Providenza,
3744 481 3796 534 iu
3849 479 3854 486 ”

547 587 716 624 ιΑκυιι
743 579 886 624 tonio
909 567 974 632 Χ,
1001 584 1159 639 pagg.
1178 567 1403 622 1—1021

615 661 763 715 Nola:
793 661 1106 722 Balutiante,
1139 675 1245 714 non
1267 667 1325 712 ut
1352 657 1484 714 alias
1503 657 1642 714 solet
1669 657 1756 722 hic
1781 657 1972 722 editor,
1999 667 2118 712 tex-

543 759 618 810 tui
648 756 848 826 statim,
877 755 968 809 sed
999 754 1065 808 ad
1094 753 1300 808 calcem
1346 753 1599 820 subjecta:
1640 762 1784 816 sunt,
1814 751 1949 806 adeo
1978 760 2036 804 ut
2065 752 2118 806 in

544 846 792 900 munibus
835 845 1008 900 tertiae
1049 843 1300 898 editionis
1329 841 1626 896 Baluziana:
1678 841 1846 896 forma
1885 849 2116 902 constet,
2183 888 2194 898 ,

451 951 458 956 ·
543 939 639 1012 nisi
669 937 810 1006 quod
839 938 905 992 de
925 937 1032 990 suo
1061 935 1398 990 loca-Biblica
1430 935 1480 990 in
1511 933 1748 990 inferiori
1771 934 2012 1004 margine
2035 933 2122 988 ad-

539 1027 758 1094 jocerit-
778 1027 852 1082 De
883 1025 1374 1080 Salviano-disserit
1413 1027 1468 1080 in
1495 1023 1752 1096 Prolegg..
1771 1041 1883 1094 cap.
1915 1023 1964 1088 1,
1993 1041 2114 1094 pag.

541 1131 630 1180 ur,
668 1133 740 1170 ιν.

1195 1205 1488 1262 Versiones.
1563 1277 1566 1280 λ

607 1297 797 1352 Omnia
829 1297 1064 1352 Salviani
1095 1315 1258 1368 opera
1287 1299 1426 1354 haud
1453 1299 1619 1354 semel
1653 1298 1704 1352 in
1735 1297 1964 1366 linguam
1994 1295 2120 1352 Gal—

540 1389 690 1442 licam
722 1389 962 1444 traducta
985 1399 1110 1444 sunt
1139 1405 1167 1443 a
1197 1386 1410 1453 Coraca,
1433 1389 1660 1443 Bonneto
1685 1397 1736 1443 et
1759 1390 1894 1442 aliis.
1921 1387 2119 1442 Pneter

540 1493 596 1530 ea
629 1479 691 1531 de
720 1477 1048 1532 Providentia
1082 1479 1198 1534 libri
1229 1496 1338 1536 non
1375 1481 1546 1534 solum
1577 1495 1606 1533 a
1637 1477 1801 1534 Gallis
1837 1481 1930 1536 sed
1969 1481 2122 1536 Italia

543 1569 706 1622 etiam
733 1570 980 1624 conversi
1009 1579 1242 1634 exstant,
1275 1579 1334 1626 ut
1360 1573 1636 1640 sequentia
1669 1581 1949 1628 testantur.

608 1658 925 1714 ϐαιιὶεω.-
951 1658 1104 1712 1575.
1137 1660 1284 1732 Lyon
1306 1703 1320 1726 ,
1364 1662 1486 1716 chez
1505 1661 1646 1716 Guil.
1687 1662 1922 1728 Rouille;
1955 1665 2116 1718 iit-8".

493 1763 496 1768 ·
541 1749 591 1802 S.
627 1749 1072 1820 Salvianevequc
1103 1751 1170 1806 de
1195 1751 1576 1806 Marseille-du.
1614 1769 1738 1824 vray
1765 1754 2040 1822 jugement
2066 1763 2122 1808 et

2225 569 2435 636 Latino,
2469 572 2521 626 in
2565 572 2818 638 ltuliano,
2851 573 2916 628 ed
2965 572 3016 626 in
3057 571 3336 626 Franccse.
3389 571 3616 640 Argelati
3667 572 3700 624 Ι.
3759 573 3794 626 ι.

2221 659 2407 715 Ver-sio
2435 661 2636 716 Gallica
2665 669 2748 716 est
2775 661 3226 732 Malpermisiana,
3257 660 3468 734 Italicin-
3488 669 3674 714 auctor
3701 659 3797 715 fuit

2223 751 2387 812 Guido
2419 751 2703 806 Ronsartus
2725 752 2994 816 sacw‘dos.

2891 845 3120 900 Codices.

2291 933 2329 988 l.
2371 935 2642 990 Librorum
2671 935 2734 990 de
2760 937 2990 990 Avaritia
3017 952 3032 990 :
3067 935 3126 987 ιο
3155 933 3349 997 Codex,
3387 933 3528 988 unde
3567 931 3798 1002 primum
3831 993 3860 1010 _

2221 1026 2360 1080 editi.
2394 1023 2654 1091 fuerunt,
2692 1027 2778 1080 Jo.
2825 1025 3099 1090 δίαιται·Δί,
3149 1025 3216 1080 de
3260 1039 3368 1093 quo
3415 1039 3520 1078 non
3565 1031 3796 1078 constat.

2221 1116 2282 1168 ἑο
2313 1116 2618 1186 Exemplar,
2650 1133 2726 1172 ωι-
2751 1133 2868 1186 quo
2887 1133 2981 1172 eos
3001 1116 3280 1185 castigavit
3321 1115 3568 1180 Pillueus,
3600 1114 3798 1182 migra-

2223 1217 2372 1263 verat
2383 1209 2438 1262 in
2459 1209 2836 1264 bibliothecam
2852 1207 3234 1272 Colbcrtinam,
3257 1205 3344 1260 ubi
3365 1204 3493 1260 illud
3513 1213 3702 1278 metus
3716 1213 3802 1260 est

2223 1295 2470 1356 Baluzius
2497 1307 2550 1354 et
2581 1301 2632 1353 in
2675 1299 2847 1354 tertiis
2875 1299 3016 1353 curis
3055 1298 3310 1353 adhibuit.
3351 1296 3458 1352 Sed
3492 1291 3801 1352 describere

2224 1408 2332 1448 non
2361 1393 2632 1447 sustinuit.
2665 1392 2728 1444 5°
2755 1391 2968 1446 Codices
2999 1390 3234 1454 ΒαιιιχὶἱΓ
3251 1405 3387 1458 quos
3417 1389 3470 1442 in
3499 1389 3669 1458 prima
3689 1395 3799 1441 sta—
3867 1391 3876 1396 ’

2223 1484 2318 1536 tim
2343 1482 2580 1538 editione
2609 1482 2848 1536 adhibuit
2883 1489 3080 1536 etcum
3111 1479 3402 1534 Pithmana.
3426 1478 3668 1540 contulit,
3697 1476 3798 1530 duo

2229 1573 2394 1644 Regii,
2417 1589 2448 1626 a
2471 1573 2586 1626 Nic.
2609 1571 2881 1636 Colberto,
2917 1570 3233 1625 Lucionensi
3277 1584 3341 1624 ac
3379 1568 3503 1623 dein
3535 1567 3798 1622 Autissio-

2221 1663 2438 1718 dorensi
2458 1663 2712 1732 episcopo
2731 1678 2795 1716 ac
2815 1661 3150 1734 bibliotheca:
3173 1659 3352 1728 Regia:
3371 1657 3644 1728 praelecto,
3671 1673 3800 1711 ann.

2228 1753 2380 1818 1660,
2405 1753 2504 1822 ipsi
2525 1752 2924 1816 communicati,
2955 1751 3082 1804 alter
3103 1733 3462 1820 pervetustus,
3489 1747 3648 1802 modo
3667 1746 3802 1800 Cor—
3829 1733 3838 1742 ’

541 1839 860 1906 providcnce
910 1841 976 1896 de
1024 1841 1198 1908 Dieu,
1237 1842 1433 1897 traduit
1473 1858 1552 1898 cn.
1583 1843 1814 1910 traneois
1841 1861 1938 1915 par
1961 1846 2018 1898 Β.
2053 1845 2114 1899 Β.
2155 1835 2192 1891 Β
2223 1844 2424 1898 heiensi
2455 1844 2712 1897 librorum
2751 1843 2814 1896 de
2843 1840 3222 1896 Gubernatioue
3251 1839 3377 1902 Dei,
3424 1854 3582 1908 quem
3619 1838 3810 1891 statim

543 1926 603 1978 Ι).
635 1927 690 1982 S.

611 2016 632 2067 -l
644 2015 776 2069 655..
793 2017 967 2084 Paris,
986 2018 1320 2092 cliez'Caspar
1333 2019 1592 2090 Metui-as;
1613 2023 1782 2076 ῐηοιιο.
1799 2022 2122 2092 Lesmuvres

541 2107 605 2162 de
633 2107 878 2172 Salviau,
911 2109 1116 2179 rivoque
1140 2111 1207 2166 de
1233 2111 1517 2176 Marseille,
1550 2122 1839 2168 contenant
1885 2115 1962 2170 les
2007 2115 2123 2169 ltuit

541 2198 696 2256 livres
739 2198 806 2254 de
847 2199 896 2253 la
942 2198 1302 2268 Provideuce,
1361 2204 1438 2256 les
1487 2213 1676 2272 quatrc
1725 2205 1890 2267 livres
1932 2207 2122 2261 co‘ntre

540 2289 798 2345 I’Avariee
828 2307 958 2345 avce
997 2293 1260 2361 plusieurs
1303 2295 1530 2364 epistres
1559 2297 1816 2354 traduites
1859 2313 1987 2354 aveo
2027 2299 2120 2354 des

541 2388 693 2434 notes
721 2395 820 2448 par
847 2380 1028 2435 Pierre
1049 2381 1240 2436 Corae-
1889 2435 1894 2440 .

605 2467 976 2532 ‘1700..Paris,
1007 2471 1128 2524 cliez
1157 2469 1316 2524 συξη.
1359 2472 1622 2544 l’alleyre;
1653 2476 1824 2528 iit-l2.
1854 2476 1916 2528 Η
1947 2479 2116 2532 tomis.

543 2557 640 2612 Les
667 2573 880 2630 muvres
925 2559 992 2614 de
1039 2559 1252 2615 Salvicn
1301 2572 1356 2616 et
1405 2563 1454 2616 le
1501 2565 1658 2620 traité
1703 2565 1770 2620 de
1801 2564 2026 2620 Viueent
2054 2567 2122 2622 de

543 2647 726 2702 Lerins
753 2657 940 2704 contre
969 2649 1044 2705 les
1065 2651 1332 2714 Hérésies,
1359 2653 1582 2709 traduits
1599 2670 1666 2710 en
1691 2655 1920 2722 l'raucois
1948 2673 2044 2727 par
2071 2659 2120 2712 le

543 2736 604 2788 Ρ.
633 2736 844 2804 Boimet,
870 2749 1076 2808 prcstre
1095 2741 1162 2796 de
1191 2740 1502 2798 l'Oratoire..

613 2826 764 2880 1701.
797 2828 972 2894 Paris,
998 2831 1120 2884 cher.
1143 2831 1301 2886 Louis
1331 2831 1554 2898 Gueriu;
1583 2835 1746 2888 iit-8°.
1767 2817 2015 2902 Salvien,
2053 2839 2124 2894 de

543 2917 588 2970 Ia
613 2917 960 2984 Providence,
985 2921 1184 2976 tratluit
1213 2938 1278 2978 cu
1309 2923 1542 2990 ft'aneois
1563 2941 1660 2994 par
1677 2927 1810 2980 Jean
1841 2926 2034 2982 Dronct
2057 2930 2120 2982 de

545 3008 882 3080 Jlaupcrtuis.

612 3100 768 3156 1754.
798 3101 976 3168 Paris,
1002 3105 1124 3158 die:
1141 3105 1456 3178 Joan-Bapt.
1485 3109 1784 3178 Delespine;
1825 3110 1994 3164 iit-19..
2019 3112 2119 3168 Les

2223 1933 2779 1996 continemur-abimus,
2811 1931 3108 2000 posterior;
3137 1930 3270 1982 alter
3289 1927 3804 1998 quadringentorum

2226 2025 2390 2078 [crine
2417 2038 2701 2078 annorum.
2745 2022 2820 2076 Ac
2863 2021 2915 2074 in
2949 2021 3114 2089 priori
3161 2019 3252 2073 illo
3281 2026 3396 2072 erat
3423 2017 3648 2087 epistola
3679 2017 3802 2072 Sal«

2224 2115 2370 2168 viani
2394 2115 2458 2169 ad
2491 2115 2790 2178 Salonium,
2818 2127 2936 2182 quae
2963 2108 3163 2180 przeligi
3197 2110 3336 2164 solet
3371 2109 3520 2164 libris
3548 2107 3802 2161 adversus

2224 2206 2530 2270 avaritiam,
2553 2205 2714 2272 q‘uam
2742 2211 2917 2257 tamen
2943 2202 2994 2256 in
3025 2208 3236 2255 vetusto
3261 2215 3357 2254 suo
3382 2197 3675 2268 exemplari
3701 2197 3800 2252 de-

2223 2297 2412 2351 fecisse
2441 2303 2720 2350 monuerat
2773 2293 3031 2346 Pithmus.
3083 2289 3337 2342 Eamdcm
3385 2303 3512 2342 vero
3541 2287 3701 2340 etiam
3749 2286 3802 2340 iu

2223 2389 2508 2444 recentiori
2551 2387 2726 2453 Regio
2769 2384 3198 2453 deprehensurus
3245 2378 3426 2434 fuisset
3474 2377 3720 2430 Baltujus
3749 2375 3803 2428 ni

2225 2481 2404 2548 priora
2429 2480 2544 2546 ejus
2573 2476 2696 2532 folia
2725 2476 3028 2544 periissem.
3295 2487 3300 2490 ·

2293 2571 2358 2624 ll.
2382 2569 2650 2622 Librorum
2665 2568 2728 2620 de
2743 2565 3118 2619 Gubernutione
3133 2563 3228 2616 De:
3247 2580 3264 2615 :
3283 2562 3340 2613 1ο
3361 2559 3532 2615 Codex
3547 2561 3800 2629 princeps,

2225 2662 2275 2717 id
2303 2669 2388 2715 est
2411 2675 2477 2714 ex
2499 2675 2606 2728 quo
2627 2658 2792 2712 libros
2815 2655 2932 2710 illos
2951 2653 3140 2708 extulit
3159 2652 3245 2706 lo.
3272 2653 3417 2705 Alex.
3446 2649 3804 2715 Brassicmms,

2225 2753 2320 2807 fuit
2349 2752 2476 2807 olim
2506 2748 2842 2804 bibliotheca:
2871 2745 3047 2812 ltcgiae
3077 2741 3333 2797 liudensis
3363 2741 3414 2794 in
3447 2737 3708 2807 llungaria
3750 2747 3804 2792 et

2224 2853 2350 2900 ante
2388 2843 2506 2912 ejus
2544 2840 2807 2896 excidium
2857 2836 3114 2892 Ludovici
3152 2833 3292 2902 regis
3337 2831 3697 2886 tnuniliccntia
3738 2830 3805 2896 ad

2223 2934 2594 2988 Brassieanutn
2635 2928 2897 2999 pervenit.
2940 2926 3081 2980 Satis
3121 2922 3402 2980 emendate
3430 2921 3658 2990 scriptus
3687 2919 3804 2980 fuit,

2225 3035 2284 3078 ut
2309 3041 2372 3078 ex
2415 3021 2702 3077 collatione
2743 3027 2922 3072 textus
2951 3031 3071 3071 cum
3102 3013 3445 3082 sequentibus
3485 3009 3805 3065 editionibus

2223 3123 2518 3185 comparet.
2551 3093 2616 3165 “2°
2648 3111 2834 3164 ΡὶιΙιωί
2863 3110 3127 3178 exemplar
3171 3105 3586 3160 vetustissimum
3606 3142 3620 3165 ,
3663 3101 3807 3172 quod

541 3209 752 3252 tnuﬂ‘es
773 3194 840 3249 de
861 3195 1312 3267 Sal\'ien,prestre
1339 3201 1406 3256 de
1423 3200 1705 3267 Marseille,
1725 3211 2016 3258 eontenaut
2037 3220 2122 3258 ses
2145 3199 2194 3258 C
2227 3185 2316 3262 ille
2343 3203 2740 3260 accuratissime
2787 3197 3017 3256 exseribi
3065 3195 3290 3252 curavit.
3340 3194 3484 3248 Idem
3535 3199 3722 3262 postea
3753 3191 3818 3244 in.

543 3285 728 3340 lettres
755 3294 812 3340 et
836 3301 924 3342 ses
963 3288 1150 3342 traitez
1177 3305 1270 3343 sur
1291 3291 1492 3360 l’esprit
1529 3292 1838 3355 d‘interest,
1871 3304 1926 3348 et
1953 3309 2044 3346 sur
2073 3293 2130 3348 la-

543 3374 892 3444 Provideuce,
919 3380 1176 3434 traduites
1202 3397 1268 3436 en
1290 3382 1522 3450 francois
1549 3399 1648 3453 par
1677 3401 1744 3438 un
1769 3383 1825 3438 P.
1860 3375 2098 3440 Jésuitef

615 3464 832 3520 ltalicw.
853 3499 921 3508 —-
950 3466 1100 3521 1579.
1138 3468 1204 3524 lu
1235 3470 1455 3536 .llilano,
1488 3483 1731 3542 oppresso
1759 3472 1950 3527 Nic/rel
1974 3473 2088 3528 Tmi
2104 3477 2118 3534 ζ

540 3551 714 3605 iit—l2.
774 3552 937 3608 Libro
957 3555 1008 3608 di
1039 3555 1289 3620 Salviano
1317 3573 1548 3614 vescovo
1575 3561 1628 3614 di
1651 3560 1916 3630 Marsiglia
1943 3571 2122 3616 contra

541 3642 610 3710 gli
653 3642 938 3712 Speltacoli
967 3660 998 3698 e
1023 3647 1162 3700 altre
1189 3648 1368 3702 vanita
1410 3649 1496 3704 del
1526 3651 1722 3704 mendo
1741 3693 1754 3716 ,
1788 3651 2024 3706 tratlotto
2054 3655 2120 3707 da

452 3763 458 3798 ε
543 3730 602 3782 S.
629 3727 782 3784 σαι-ιο
805 3731 1102 3802 Borromeo,
1137 3752 1240 3790 una
1272 3752 1388 3791 cum
1415 3739 1716 3794 Memoriale
1746 3742 1797 3794 di
1827 3745 2124 3813 "consignat-

539 3817 890 3876 illustrissimo
919 3839 946 3876 e
981 3826 1400 3882 rererendissimo
1429 3829 1693 3884 Cardinale
1725 3831 1776 3884 di
1809 3830 1866 3886 S.
1894 3831 2144 3888 Prasede'

449 3907 456 3918 ⁸
540 3914 876 3979 arcirescoro',
902 3918 970 3970 αι’
993 3935 1086 3972 tuo
1119 3919 1293 3974 diletto
1326 3922 1512 3992 popolo
1538 3923 1671 3976 delle
1693 3923 1846 3988 Citlr‘z,
1877 3943 1906 3977 e
1925 3925 2124 3980 diocese

543 4005 594 4056 di
626 4005 845 4061 Milone.
890 4010 1117 4080 Argelati
1145 4011 1276 4066 Bibl.
1311 4013 1445 4084 degli
1483 4014 1770 4087 Volgarizz.
1801 4015 1861 4070 T.
1889 4017 1951 4071 Ill
1977 4019 1994 4088 (
2011 4019 2118 4072 Mi-
2143 4011 2146 4018 ’

545 4095 663 4148 lano
699 4096 1069 4168 1767,in--i°),
1101 4115 1218 4169 pag.
1249 4101 1384 4156 59.9..
1415 4103 1604 4159 Nescio
1629 4117 1826 4170 tamen,
1870 4125 2022 4171 unus,
2057 4125 2122 4161 an

547 4199 736 4238 mnnes
766 4185 828 4239 de
857 4187 1234 4242 Gubernatione
1275 4191 1370 4244 Dei
1404 4193 1518 4246 libri
1563 4196 1662 4248 hoc
1693 4197 1848 4248 titulo
1878 4213 2122 4266 compres

551 4276 868 4331 hcudantur.
1259 4307 1266 4312 -
2147 4271 2152 4278 ’

625 4367 773 4420 1705.
815 4369 873 4422 In
925 4357 1202 4442 τὶίνὶθηοηε,
1235 4377 1491 4444 ‘apprcsso
1543 4375 1654 4428 Cio.
1707 4375 1906 4444 Iiobby;
1956 4377 2142 4436 iit--i“._

2223 3297 2545 3352 bibliotheca
2573 3292 2880 3348 Colbertina
2927 3288 3125 3358 reperit
3162 3287 3407 3340 Baluzius
3445 3293 3502 3338 et
3541 3283 3606 3336 ad
3653 3298 3806 3337 curas

2227 3387 2414 3441 tertias
2441 3385 2701 3438 adhibuit.
2734 3383 2794 3436 5°
2828 3381 3036 3434 Baluzii.
3077 3379 3272 3444 codex,
3325 3375 3636 3431 monasterii
3675 3373 3809 3427 Cor-

2225 3475 2459 3530 beiensis
2501 3473 2598 3528 fuit
2618 3513 2642 3536 ,.
2667 3470 3058 3526 vetustissimus
3086 3475 3140 3522 et
3168 3467 3382 3538 optima:
3411 3475 3570 3520 notae.
3597 3463 3811 3532 Quippe

2226 3581 2255 3619 a
2284 3565 2552 3620 sexcentis
2575 3562 2696 3618 inde
2722 3561 2874 3616 annis
2901 3560 3154 3628 scriptum
3175 3557 3514 3612 existimabat
3537 3561 3590 3606 et
3618 3567 3810 3604 exara-

2231 3665 2341 3710 tum
2370 3655 2498 3709 dicit
2523 3654 2590 3707 ab
2631 3652 2836 3707 erudita
2858 3665 3048 3716 manu,
3071 3665 3192 3718 qua:
3217 3644 3542 3715 diligentiam
3565 3649 3620 3695 et
3649 3639 3800 3693 indu-

2229 3747 2412 3802 striam
2431 3746 2569 3800 inter
2587 3746 2691 3800 alia
2713 3761 2779 3799 eo
2801 3749 3115 3812 argumento
3137 3738 3460 3811 probaverit,
3483 3735 3626 3805 quod
3647 3735 3810 3788 inter-

2229 3836 2544 3906 ptmctioncs
2565 3834 2674 3890 fere
2693 3835 2890 3902 ubique
2911 3848 3130 3902 prorsus
3150 3831 3284 3885 bene.
3305 3826 3577 3881 collocatae
3603 3831 3811 3878 essent.

2231 3927 2344 3983 Non
2387 3926 2622 3994 integros
2649 3933 2825 3978 tamen
2864 3933 2986 3978 octo
3033 3922 3198 3976 libros
3238 3917 3561 3973 continebat.
3592 3911 3809 3968 Submi~

2231 3999 2550 4073 nistraverat
2575 3999 2699 4070 eum
2722 4031 2786 4069 ex
2815 4013 2942 4068 bibl.
2977 4011 3032 4066 S.
3065 4007 3402 4066 Germanidc
3430 4004 3604 4060 Pratis
3635 4001 3814 4056 Lucas

2229 4093 2520 4164 Dacherius
2549 4107 2803 4161 Maurina:
2831 4103 3259 4172 congregationis
3287 4101 3485 4156 socius.

2297 4199 2382 4252 Ill.
2415 4185 2766 4266 Epistolarimi
2789 4213 2807 4249 :
2851 4197 2910 4246 lo
2933 4196 2999 4248 de
3031 4193 3216 4246 Pitlimi
3246 4191 3418 4246 codice
3447 4207 3554 4245 non
3575 4181 3816 4263 constat.

2228 4288 2290 4338 2°
2327 4269 2872 4352 Belusiiea'emplaria
2927 4298 3031 4336 non
3064 4281 3164 4334 nisi
3193 4281 3325 4334 duas
3352 4281 3559 4347 priores
3601 4285 3654 4330 et
3675 4277 3810 4331 duas

2235 4359 2558 4444 posteriores
2588 4371 2950 4426 continebant.

2093 5012 2302 5118 ξὲξεδ

2143 5116 2196 5168 ,ἐ
