4088 6360
640 313 703 369 3i
1592 316 1647 372 S.
1689 316 2001 373 SALVIANI
2039 316 2490 377 MASSILIENSIS
2528 319 2948 375 PRESBYTERI
3817 323 3889 379 3!

639 430 814 495 mitti,
863 432 988 501 quia
1033 447 1134 488 nec
1170 429 1418 489 eoei‘tiat
1452 433 1625 488 malos
1651 448 1752 489 nec
1779 441 1993 488 tueatur
2010 430 2209 497 lamas,
2239 436 2289 494 Α
2319 435 2497 503 lugere
2523 435 2793 503 gestiunt:
2839 434 3031 490 inﬁrmi
3075 442 3227 501 sunt,
3269 434 3574 493 inﬁrmitate
3616 436 3882 495 betantur.

639 530 696 575 et
739 522 860 587 ideo
897 524 951 579 in
997 525 1102 579 hoc
1128 524 1324 580 saeculo
1350 524 1675 580 deteriorem
1707 524 1991 579 admodum
2015 532 2210 579 statum
2314 524 2443 579 Cum
2488 528 2623 579 enim
2643 564 2661 592 ,
2689 527 2860 596 inquit
2889 526 3208 595 Apostolus,
3256 528 3510 597 iuﬁrmor,
3538 537 3672 582 .tunc
3708 539 3887 599 potens

552 610 557 619 '
639 627 760 668 esse
803 615 1118 681 meliorum;
1159 615 1335 671 bonos
1378 616 1578 686 quippe
1626 630 1747 671 esse
1794 616 1846 669 in
1875 622 2210 685 paupertate,

637 703 810 758 malos
839 704 891 758 in
917 704 1275 773 abundantia;
1303 702 1479 762 bonos
1517 707 1570 760 in
1599 706 1931 773 inﬁrmitate,
1962 707 2133 761 malos
2159 707 2219 787 in

637 792 974 860 fortitudine;
1002 797 1175 852 bonos
1202 812 1416 866 semper
1442 796 1496 851 in
1518 796 1685 861 luctu,
1726 797 1897 853 malos
1923 811 2136 866 semper
2158 797 2212 851 in

635 881 858 948 gaudio;
908 884 1080 939 bonos
1129 884 1182 938 in
1228 883 1444 939 miseria
1490 893 1546 965 et
1589 884 1918 955 abjectione,
1961 885 2133 945 malos
2160 886 2213 939 in

636 974 994 1042 prosperitate
1037 982 1093 1029 et
1127 974 1406 1042 dignitate.
1456 973 1693 1029 Primum
1732 974 1891 1043 igitur
1924 974 1993 1029 ab
2032 974 2097 1029 iis
2122 973 2215 1043 qui

635 1063 739 1118 hoc
770 1063 845 1118 ita
873 1079 995 1119 esse
1035 1065 1115 1119 vel
1162 1064 1349 1119 dolent
1386 1064 1472 1120 vel
1511 1058 1794 1130 accusant,
1825 1063 1951 1120 illud
1978 1064 2215 1133 requiro,

634 1155 702 1209 de
728 1152 930 1211 sanctis
957 1155 1081 1217 hoc,
1116 1155 1166 1209 id
1194 1162 1304 1222 est,
1334 1155 1402 1210 de
1428 1155 1569 1233 veris
1596 1170 1659 1210 ac
1687 1153 1928 1209 ﬁdelibus
1954 1154 2212 1209 Christia—

635 1246 737 1311 nis,
769 1262 836 1301 an
866 1246 933 1301 de
962 1245 1108 1313 falsis
1151 1253 1206 1301 et
1246 1246 1627 1317 impostoribus
1653 1244 1890 1303 doleant.
1931 1242 1987 1299 Si
2016 1244 2083 1299 de
2112 1243 2213 1298 fal-

634 1336 738 1401 sis;
791 1335 1090 1406 superﬁuus
1118 1335 1298 1401 dolor,
1340 1336 1431 1405 qui
1460 1336 1643 1400 ,malos
1677 1335 1856 1390 doleat
1892 1350 1998 1389 non
2027 1334 2216 1390 beatos

636 1439 785 1491 esse;
832 1438 953 1480 cum
999 1426 1185 1501 utique
1231 1426 1555 1495 quicumque
1601 1424 1727 1480 mali
1774 1434 1933 1488 sunt,
1964 1440 2211 1483 successu

636 1528 814 1568 rerum
855 1504 1151 1571 deteriores
1199 1514 1359 1580 liant,
1406 1515 1697 1583 gaudentes
1742 1516 1843 1571 sibi
1882 1519 1937 1587 6
1965 1517 2213 1585 nequitia:

637 1603 869 1658 studium
906 1604 1043 1659 bene
1070 1604 1295 1671 cedere;
1335 1612 1390 1659 et
1430 1604 1551 1659 ideo
1582 1605 1662 1659 vel
1691 1606 1761 1660 ob
1786 1605 1894 1674 hoc,
1919 1605 2090 1675 ipsum
2114 1604 2209 1658 mi-

636 1693 845 1748 serrimi
876 1708 993 1747 esse
1018 1694 1215 1747 debent
1244 1702 1303 1747 ut
1329 1693 1455 1747 mali
1484 1708 1603 1748 esse
1630 1677 1907 1757 desistant,
1938 1693 2210 1748 vindican-

2311 632 2424 668 sum
2450 614 2514 683 (ll
2546 615 2665 670 Cor.
2693 615 2925 687 xn,10).
2985 615 3096 671 Nec
3142 617 3409 672 immerito
3453 618 3531 674 sic
3572 619 3882 685 arbitratur,

2313 704 2378 758 ad
2405 720 2564 781 quem
2602 704 2743 760 Deus
2776 705 2891 775 ipse
2927 706 3003 761 sic
3033 707 3300 776 loquitur:
3351 707 3552 778 Sufﬁcit
3593 709 3682 763 tibi
3717 714 3884 781 gratia

2314 809 2467 849 mea:
2498 810 2620 848 nam
2648 796 2805 849 virtus
2850 796 2905 850 in
2948 796 3254 866 inﬁmitate
3297 798 3562 867 perficitur
3588 796 3773 868 (Ibid.,
3803 799 3880 870 9).

2314 881 2661 952 Nequaquam
2689 898 2816 952 ergo
2840 884 2996 940 nobis
3031 883 3256 939 dolenda
3285 893 3367 939 est
3413 885 3525 941 haec
3553 885 3772 941 afﬂictio
3798 887 3882 941 in—

2314 968 2649 1038 ﬁrmitatum,
2671 988 2829 1043 quam
2851 956 3189 1042 inteHigimus
3212 981 3436 1029 matrem
3464 989 3581 1029 esse
3607 975 3880 1030 virtutum.

2312 1059 2498 1130 Itaque
2541 1060 2795 1130 quidquid
2837 1046 2971 1115 illud
3008 1060 3203 1128 fuerit,
3248 1063 3567 1132 quicumque
3608 1079 3733 1119 vere
3760 1064 3884 1119 reli—

2311 1148 2445 1216 giosi
2472 1157 2615 1212 sunt,
2647 1149 2790 1204 beati
2818 1165 2940 1205 esse
2968 1150 3175 1205 dicendi
3202 1159 3327 1205 sunt
3351 1169 3364 1204 :
3394 1152 3519 1221 quia
3547 1152 3685 1205 inter
3701 1167 3884 1222 qnam-

2314 1236 2443 1292 libet
2488 1230 2660 1303 dura,
2711 1239 3005 1307 quamlibet
3046 1254 3267 1310 aspera,
3308 1240 3438 1294 nulli
3466 1240 3734 1296 beatiores
3761 1252 3882 1295 sunt

2311 1342 2470 1395 quam
2500 1330 2591 1398 qui
2642 1322 2745 1384 hee
2785 1338 2909 1384 sunt
2953 1330 3098 1401 quod
3137 1331 3340 1386 volunt.
3392 1330 3612 1386 Soleant
3638 1334 3881 1400 quamvis

2310 1412 2430 1477 esse
2474 1424 2713 1478 nonnulli
2761 1424 2851 1492 qui
2900 1423 3075 1493 turpia
3119 1432 3278 1493 atque
3319 1424 3546 1479 obscena
3590 1431 3878 1487 sectantes,

2312 1514 2413 1568 etsi
2435 1513 2587 1583 juxta
2616 1516 2665 1586 7
2694 1514 3003 1585 opinionem
3030 1530 3180 1569 suam
3209 1515 3351 1569 beati
3388 1522 3537 1579 sunt,
3567 1515 3690 1584 quia
3720 1516 3879 1586 adipi-

2312 1614 2533 1661 scuntur
2558 1606 2700 1674 quod
2739 1606 2953 1671 volunt;
2992 1622 3051 1661 re
3078 1615 3256 1660 tamen
3286 1607 3398 1675 ipsa
3428 1605 3571 1659 beati
3598 1621 3703 1659 non
3732 1614 3887 1669 sunt,

2312 1697 2436 1767 quia
2465 1697 2607 1767 quod
2636 1698 2853 1764 volunt,
2885 1698 3027 1753 nolle
3053 1698 3367 1752 debuerant.
3423 1696 3675 1765 Religiosi
3706 1705 3880 1751 autem

636 1792 718 1838 tes
761 1784 1165 1854 improbissimis
1195 1793 1219 1821 ο
1250 1784 1630 1855 qumstionibus
1680 1800 1874 1839 nomen
1919 1784 2210 1857 religionis,
2245 1776 2287 1835 Β
2316 1787 2419 1842 hoc
2442 1787 2651 1842 cunctis
2677 1788 2946 1842 beatiores
2973 1795 3133 1850 sunt,
3184 1786 3308 1856 quia
3337 1794 3392 1840 et
3419 1785 3616 1840 habent
3642 1800 3762 1854 qua:
3789 1801 3879 1841 vo-

636 1883 690 1929 et
716 1874 1056 1944 praeferentes
1084 1873 1149 1929 ad
1186 1873 1576 1929 sordidissimas
1605 1858 1994 1943 negotiationes
2022 1873 2048 1912 δ
2085 1874 2209 1928 titu-

638 1964 747 2018 lum
775 1964 1074 2019 sanctitatis
1099 1980 1111 2016 :
1143 1978 1371 2032 quorum
1403 1964 1607 2018 scilicet
1635 1964 1885 2032 nequitiis
1913 1963 1957 2017 si
1987 1963 2211 2018 miseriae

636 2033 1034 2122 comparentur,
1083 2051 1257 2105 minus
1297 2036 1645 2106 sunt'miseri
1693 2064 1851 2119 quam
1900 2058 2207 2105 merentur:

636 2141 759 2211 quia
810 2143 861 2194 in
906 2141 1230 2210 quibuslibet
1263 2141 1492 2196 miseriis
1520 2141 1814 2206 constituti,
1845 2157 1950 2196 non
1979 2150 2104 2197 sunt
2134 2151 2213 2197 ta-

641 2222 764 2287 men
791 2239 899 2284 tam
944 2231 1124 2286 miseri
1170 2247 1330 2302 quam
1376 2238 1500 2286 sunt
1532 2231 1678 2286 mali.
1718 2231 2061 2302 Nequaquam
2086 2247 2213 2302 ergo

639 2338 739 2393 pro
767 2323 851 2377 his
896 2308 1182 2377 dolendum
1230 2323 1373 2392 quod
1417 2339 1525 2377 non
1569 2324 1695 2377 su‘nt
1722 2322 1914 2379 divites
1942 2340 2005 2379 ac
2033 2326 2212 2390 beati;

638 2411 808 2465 multo
835 2419 1012 2464 autem
1041 2400 1140 2481 pro
1180 2411 1379 2466 sanctis
1416 2412 1592 2466 minus
1618 2430 1631 2465 :
1662 2413 1787 2481 quia
1818 2413 2111 2483 quamlibet
2140 2415 2214 2469 vi-

640 2499 870 2555 dcantur
897 2500 1271 2568 ignorantibus
1299 2516 1417 2555 esse
1441 2501 1642 2567 miseri,
1666 2517 1771 2555 non
1787 2510 2010 2571 possunt
2038 2512 2215 2557 tamen

642 2606 760 2646 esse
789 2590 947 2654 aliud,
969 2607 1128 2661 quam
1155 2592 1316 2646 beati.
1357 2590 1694 2661 Superﬁuum
1724 2600 1899 2646 autem
1930 2601 2011 2646 est
2041 2599 2097 2645 ut
2124 2608 2219 2648 eos

642 2681 906 2752 quispiam
927 2682 1011 2735 vel
1031 2680 1341 2737 inﬁrmitate
1366 2682 1448 2736 vel
1468 2689 1780 2752 paupertate
1800 2682 1885 2736 vel
1906 2683 2022 2737 aliis
2042 2682 2219 2738 istius-

645 2771 789 2825 modi
839 2773 1000 2827 rebus
1048 2773 1316 2828 existimet
1364 2786 1481 2827 esse
1519 2772 1795 2836 miseros,
1819 2772 2012 2847 quibus
2036 2766 2115 2828 se
2144 2773 2219 2827 illi

644 2860 918 2916 conﬁdunt
967 2877 1087 2917 esse
1127 2861 1328 2918 felices.
1382 2861 1550 2917 Nemo
1598 2861 1741 2917 enim
1787 2862 2011 2917 aliorum
2058 2878 2219 2918 sensu

642 2953 808 3009 miser
837 2962 938 3019 est,
972 2954 1067 3009 sed
1102 2970 1221 3011 suo.
1280 2953 1348 3008 Et
1377 2953 1494 3010 ideo
1524 2968 1631 3009 non
1658 2961 1881 3024 possunt
1907 2954 2219 3023 cujusquam

647 3042 782 3099 falso
805 3042 1009 3111 judicio
1037 3059 1155 3099 esse
1184 3044 1382 3109 miseri,
1414 3045 1503 3113 qui
1525 3055 1649 3100 sunt
1670 3059 1796 3100 vere
1822 3060 1916 3101 sua
1941 3046 2221 3101 eonsciena

2314 1877 2463 1940 lunt,
2513 1884 2568 1931 et
2608 1876 2828 1930 meliora
2870 1891 3027 1945 quam
3067 1890 3186 1947 qua:
3213 1876 3413 1929 habent
3440 1874 3656 1929 omnino
3685 1875 3880 1931 habere

2312 1981 2418 2021 non
2438 1972 2680 2035 possunt.
2706 1964 2880 2021 Labor
2899 1966 3078 2034 itaque
3094 2005 3109 2029 ,
3132 1973 3186 2020 et
3200 1963 3478 2033 jejunium,
3501 1972 3565 2018 et
3575 1968 3878 2034 paupertas,

2312 2062 2367 2110 et
2384 2055 2657 2109 humilitas
2674 2095 2689 2119 ,
2712 2063 2769 2108 et
2798 2053 3074 2108 inﬁrmitas
3098 2068 3205 2108 non
3231 2053 3478 2108 omnibus
3504 2060 3627 2108 sunt
3654 2068 3899 2110 onerosa'

2315 2148 2684 2208 tolerantibus,
2701 2145 2795 2201 sed
2819 2146 3046 2202 tolerare
3067 2146 3386 2201 nolentibus.
3411 2154 3434 2182 ο
3447 2144 3568 2200 Sive
3590 2146 3727 2199 enim
3750 2159 3880 2214 gra-

2315 2240 2400 2294 via
2429 2239 2563 2304 hscc,
2588 2238 2701 2293 sive
2720 2238 2878 2302 levia,
2904 2238 3114 2293 animus
3136 2237 3409 2292 tolerantis
3426 2236 3567 2291 facit.
3589 2236 3721 2291 Nam
3742 2237 3883 2291 sicut

2312 2330 2443 2385 nihil
2472 2338 2555 2385 est
2600 2339 2709 2384 tam
2746 2321 2862 2384 leve
2896 2329 3039 2399 quod
3074 2329 3123 2383 ei
3152 2343 3258 2382 non
3287 2341 3447 2395 grave
3474 2328 3543 2382 sit
3576 2327 3592 2365 ί
3627 2327 3718 2397 qui
3747 2328 3880 2381 invi.

2316 2430 2402 2477 tus
2430 2422 2581 2486 facit,
2630 2423 2708 2477 sic
2735 2421 2865 2475 nihil
2894 2428 2975 2475 est
3004 2427 3111 2475 tam
3141 2433 3301 2487 grave
3327 2418 3471 2487 quod
3499 2434 3606 2473 non
3634 2417 3685 2472 ei
3712 2418 3801 2486 qui
3831 2418 3881 2474 id
3892 2430 3901 2435 '

2316 2514 2546 2569 libenter
2594 2512 2921 2580 exsequitur,
2974 2511 3088 2565 leve
3133 2525 3249 2565 esse
3294 2508 3552 2563 videatur.
3611 2508 3720 2563 Nisi
3750 2508 3881 2565 forte

2319 2602 2550 2672 antiquis
2587 2602 2691 2656 illis
2734 2601 2922 2671 prisca:
2962 2601 3173 2654 virtutis
3201 2600 3344 2663 viris,
3376 2598 3572 2662 Fabiis,
3606 2598 3880 2660 Fabriciis,

2321 2691 2682 2756 Cincinnatis,
2734 2705 2895 2759 grave
2936 2688 3098 2744 fuisse
3123 2690 3486 2744 existimamus
3512 2688 3651 2758 quod
3680 2703 3881 2758 paupe~

2320 2799 2407 2837 res
2453 2790 2644 2848 erant,
2695 2781 2785 2850 qui
2833 2780 3023 2835 divites
3070 2794 3188 2834 esse
3235 2780 3518 2842 nolebant;
3556 2793 3675 2833 cum
3702 2778 3884 2833 omnia

2320 2873 2523 2930 scilicet
2566 2870 2737 2925 studia
2763 2911 2778 2935 ,
2828 2884 3014 2924 onmes
3060 2876 3281 2924 conatus
3324 2882 3450 2921 suos
3489 2865 3555 2919 ad
3582 2866 3897 2923 communia-

2320 2962 2680 3019 emolumenta
2726 2958 3068 3021 conferrent,
3135 2964 3190 3012 et
3234 2967 3536 3013 crescentes
3580 2954 3882 3025 reipublica

2320 3053 2461 3107 vires
2488 3052 2693 3122 privata
2722 3056 3035 3119 paupertate
3071 3048 3319 3103 ditarenr.
3380 3047 3642 3116 Numquid
3666 3061 3882 3117 pareant

646 3120 717 3186 tia
745 3134 906 3188 beati.
946 3134 1082 3189 Nulli
1104 3133 1265 3202 enim,
1288 3144 1346 3191 ut
1372 3137 1583 3206 opinor,
1613 3137 1880 3193 beatiores
1907 3147 2025 3193 sunt
2055 3155 2214 3210 quam
2244 3123 2288 3185 C
2322 3144 2464 3199 illam
2491 3120 2622 3197 tunc
2650 3150 3020 3210 agrestemque
3058 3140 3218 3194 vitam
3245 3155 3365 3194 cum
3393 3140 3591 3209 gemitu
3618 3147 3673 3195 et
3698 3137 3893 3195 dolore

645 3225 735 3294 qui
764 3239 831 3278 ex
875 3227 1140 3280 sententia
1187 3242 1280 3281 sua
1318 3212 1478 3297 atque
1512 3242 1576 3282 ex
1602 3236 1730 3283 voto
1755 3236 1937 3297 agunt.
1977 3227 2215 3285 Humiles

644 3308 769 3368 sunt
789 3316 1047 3383 religiosi,
1072 3308 1195 3373 hoc
1221 3316 1441 3373 volunt:
1479 3327 1503 3357 ε
1534 3332 1795 3389 pauperes
1830 3326 1983 3382 sunt,
2014 3333 2217 3389 paupe-

646 3406 724 3459 rie
754 3404 1086 3485 delectantur
1111 3424 1122 3459 :
1172 3406 1288 3462 sine
1334 3407 1625 3463 ambitione
1652 3413 1811 3472 sunt,
1844 3408 2101 3463 ambitum
2129 3424 2217 3465 re—

644 3505 878 3566 spuunt:
922 3497 1168 3553 inhonori
1208 3506 1359 3566 sunt,
1390 3494 1418 3535 ά
1448 3498 1710 3554 honorem
1738 3496 1944 3567 fugiunt
1970 3516 1982 3550 :
2014 3499 2213 3567 lugent,

2323 3233 2623 3289 tolerabant
2646 3273 2661 3298 ,
2709 3244 2830 3284 cum
2857 3228 2989 3282 viles
3016 3242 3081 3283 ae
3107 3238 3132 3276 ε
3164 3230 3388 3283 rusticos
3415 3228 3565 3283 cibos
3590 3235 3714 3281 ante
3738 3227 3882 3296 ipsos

2319 3323 2511 3392 quibus
2538 3325 2795 3376 coxerant
2823 3319 2972 3373 focos
2992 3327 3282 3385 sumerent,
3314 3332 3513 3386 eosque
3532 3318 3674 3387 ipsos
3691 3332 3895 3386 capere

2320 3413 2421 3468 nisi
2450 3411 2517 3466 ad
2553 3423 2829 3480 vesperam
2865 3422 2972 3463 non
3013 3406 3233 3462 liceret?
3260 3406 3542 3475 Numquid
3580 3420 3720 3479 aegre
3746 3404 3879 3460 fere

2319 3502 2448 3558 bant
2474 3498 2617 3569 quod
2646 3496 2672 3534 ι
2702 3512 2862 3551 avara
2909 3510 2971 3551 ac
2998 3494 3159 3549 divite
3187 3495 3510 3551 conscientia
3539 3493 3653 3547 auri
3682 3493 3897 3549 talenta-

1809 3584 2144 3643 STEPHANI
2181 3588 2449 3647 BALUZII
2485 3586 2713 3643 NOTAE.

719 3684 744 3712 ι
778 3674 1164 3751 Rittershnsius
1210 3694 1276 3734 ex
1333 3679 1546 3749 ingenio
1582 3678 1884 3735 emendavit
1920 3680 2213 3751 quaestibus,

648 3760 904 3820 suamque
943 3748 1305 3820 conjecturam
1340 3748 1574 3820 probare
1613 3757 1838 3820 conatus
1874 3748 1956 3804 est
1981 3753 2216 3806 auctori-

646 3815 1059 3887 tate;C‘_vpriani
1089 3816 1150 3887 in_
1180 3817 1317 3887 libro
1342 3815 1430 3873 'de
1467 3817 1673 3887 Lapsis.
1722 3817 1790 3872 Et
1826 3826 2004 3874 tamen
2043 3821 2214 3876 codex

643 3883 988 3941 Corbeiensis
1011 3894 1067 3939 et
1089 3885 1253 3941 editio
1281 3885 1479 3943 Pithmi
1504 3883 1702 3942 habent
1729 3886 2112 3943 auwstionibus.

715 3952 740 3990 δ
769 3952 907 4027 intra
951 3962 1193 4027 extremo
1239 3957 1374 4011 libro
1418 3974 1505 4021 ιιι,
1551 3972 1673 4027 pag.
1703 3952 1833 4027 759:
1877 3954 2029 4011 Nihil
2074 3962 2211 4015 enim

641 4022 852 4077 omnino
883 4024 1090 4092 prodest
1136 4041 1315 4079 nomen
1350 4022 1584 4081 sanctum
1622 4022 1806 4081 babere
1827 4028 1945 4081 sine
1962 4028 2205 4093 moribus,

673 4095 760 4145 uia
789 4093 889 4145 rita
906 4109 938 4144 ιι
962 4095 1277 4166 professione
1295 4095 1595 4149 discordans
1613 4094 1826 4166 abrogat
1845 4096 2058 4166 illustris
2075 4100 2209 4154 tituli

657 4162 891 4235 latiorem
911 4178 1001 4235 per
1022 4162 1345 4235 indignorum
1354 4173 1569 4235 actuum
1591 4162 1851 4235 vilitatem.
1893 4164 2000 4235 Sic.
2031 4166 2121 4220 lib.
2151 4185 2203 4235 ν,

643 4243 765 4298 pag.
796 4227 919 4301 l_08,
947 4231 999 4283 in
1029 4227 1156 4301 illos"
1187 4231 1457 4287 invehitur
1483 4233 1573 4301 qui
1611 4234 1924 4301 religionem
1954 4227 2205 4291 simulani

643 4297 1015 4372 tes,_adeoque
1045 4298 1189 4353 titulo
1217 4301 1417 4372 sibimet
1443 4297 1738 4356 sanctitatis
1762 4304 2006 4372 inscripto
2027 4343 2042 4366 ,
2074 4319 2203 4372 pro-

642 4366 871 4438 fessione
916 4366 1005 4422 illa
1048 4384 1242 4424 nomen
1289 4369 1504 4438 quidem
1557 4366 1928 4437 mutaverant,
1953 4366 2203 4429 ueterum

642 4437 896 4510 pristinos
939 4452 1258 4510 moresnon
1289 4437 1612 4510 abjecerant.
1652 4439 1732 4494 Ex
1758 4439 1841 4496 bis
1865 4440 2043 4510 itaque
2070 4442 2202 4500 locis

2318 3682 2512 3745 solent,
2544 3695 2641 3751 per
2662 3688 2884 3751 questus
2911 3688 2965 3735 et
2990 3677 3408 3751 deplorationem
3434 3674 3595 3751 sortis
3621 3689 3748 3751 sum.
3781 3676 3886 3733 Se.

2355 3743 2601 3806 uentibus
2644 3743 2836 3805 deinde
2872 3743 3074 3803 sectilis
3119 3745 3370 3813 expedire
3411 3743 3587 3797 visum
3619 3752 3702 3799 est
3735 3747 3885 3804 bono

2355 3768 2601 3806 uentmus
2644 3768 2836 3805 (lemne
2872 3768 3074 3803 szccuns
3119 3768 3370 3813 expuunt:
3414 3768 3587 3797 "sum
3619 3768 3702 3799 cat
3735 3768 3883 3804 Dono

2316 3768 2607 3891 disciplina:
2636 3820 2712 3873 uti
2735 3818 2991 3891 religiosis
3018 3832 3124 3871 non
3153 3814 3335 3891 liceret
3363 3813 3562 3882 aliquid
3580 3816 3883 3891 proprium

2315 3881 2541 3963 habere,
2590 3890 2662 3943 ita
2706 3897 2765 3943 ut
2807 3881 2873 3941 ne
2908 3886 3148 3963 Romano
3187 3881 3401 3952 quidem
3443 3881 3679 3963 pontifici
3706 3881 3883 3963 licere

2293 3953 2579 4013 'volucrint
2605 3973 2726 4014 cum
2767 3956 3032 4010 monacho
3072 3954 3382 4021 dispensare
3410 3953 3548 4005 circa
3579 3953 3883 4021 proprieta-

2314 4036 2455 4090 tem,
2499 4024 2941 4097 quemadmodum
2972 4038 3143 4097 nuper
3160 4020 3508 4097 observatum
3547 4028 3630 4074 est
3657 4020 3708 4072 in
3735 4023 3889 4078 notis

2315 4098 2382 4153 ad
2399 4088 2859 4170 _Cgrfcilia_Galli:e
2889 4088 3247 4170 Narbonensis
3269 4104 3389 4159 pag.
3405 4088 3553 4170 _28.J
3722 4157 3756 4170 υ

2387 4165 2413 4204 ἀ
2455 4166 2628 4220 Editio
2657 4165 2847 4220 Pitbmi
2872 4172 3131 4229 respuunt.
3163 4157 3457 4229 Quo—[nodo
3480 4158 3645 4229 etiam
3673 4157 3889 4216 editum,

2312 4245 2395 4291 est
2441 4252 2471 4290 a
2519 4234 2834 4289 Brassicano
2874 4241 2928 4286 et
2957 4227 3251 4285 Calcsinio.
3295 4227 3641 4281 Emendatum
3667 4235 3761 4285 ,cst
3808 4244 3877 4283 ex

2310 4305 2493 4360 codice
2542 4302 2869 4357 Corbeiensi.
2910 4299 3019 4354 Cur
3062 4300 3202 4353 enim
3231 4299 3312 4351 bis
3339 4297 3524 4349 eadem
3560 4311 3690 4350 voce
3734 4297 3877 4351 intra

2309 4389 2472 4428 unam
2509 4373 2704 4427 lineam
2737 4377 2976 4424 uteretur
3015 4367 3295 4420 Salvianus
3331 4380 3438 4420 non
3487 4366 3735 4420 coactus?
3780 4364 3877 4420 1ιὶ-

2308 4442 2469 4497 brarii
2498 4440 2642 4496 haud
2669 4438 2829 4493 dubie
2856 4436 3103 4490 mendum
3132 4434 3249 4487 fuit.

624 4499 910 4586 colligitur
935 4521 1030 4586 eos
1053 4499 1428 4586 qui_severi6ri
1453 4525 1512 4564 se
1540 4510 1661 4563 vita:
1688 4499 2048 4586 applicabant,
2079 4499 2205 4586 san}
2235 4526 2283 4586 ο
2382 4521 2405 4548 θ
2445 4511 2658 4586 Tacitus
2798 4523 2865 4586 r\'l
2904 4503 3189 4586 Annalium
3215 4520 3241 4554 :.
3262 4499 3441 4586 Neque
3477 4502 3616 4586 nmlq
3644 4502 3877 4586 νει-ὁσίῳ

640 4583 897 4649 ctps‘lnm
934 4575 1096 4631 fuisse
1133 4578 1323 4649 dictos.
1356 4577 1493 4649 Alios
1524 4588 1704 4633 autem
1722 4575 1905 4649 'paulo
1930 4589 2055 4648 post
2080 4583 2205 4636 reli-

638 4641 818 4728 gibsos
844 4652 1030 4728 vocati
1056 4653 1112 4728 et
1137 4661 1259 4728 pag.
1290 4646 1323 4701 8
1353 4647 1457 4702 hoc
1483 4647 1654 4728 ipsum
1690 4641 2062 4728 argumentum
2104 4660 2207 4728 tra:

640 4715 949 4788 ctans,_ait__:
974 4715 1230 4788 Religiosi
1258 4733 1318 4770 ac
1338 4715 1519 4771 sancti
1532 4718 1627 4788 viri
1657 4719 1829 4772 miseri
1858 4734 1961 4772 non
1990 4720 2203 4788 putandi

640 4791 783 4856 sunt.
819 4782 1206 4856 Religiosorum
1227 4855 1232 4856 ί
1253 4793 1431 4856 autch
1467 4785 1721 4856 nomine,
1754 4796 1813 4841 ut
1847 4788 1913 4841 ad
1956 4782 2203 4856 paginam

639 4849 709 4904 80
735 4849 959 4918 dicetur,
1000 4854 1263 4910 intellexit
1295 4853 1574 4910 Salvianus
1601 4849 1849 4920 clericos,
1892 4849 2202 4921 monachos,

638 4928 695 4973 et
722 4922 939 4992 omnino
965 4938 1062 4979 eos
1087 4924 1179 4992 qui
1208 4940 1238 4978 a
1261 4924 1366 4978 vita
1393 4924 1633 4981 saeculari
1661 4926 2109 4981 convertebantur
2136 4926 2206 4981 ad

638 4989 1023 5065 professionem
1050 4989 1171 5047 viia:
1195 4993 1493 5065 severioris.
1636 5019 1665 5065 *-
1703 5063 1713 5065 _
2020 5063 2027 5065 A
2106 5055 2114 5065 ,

713 5070 735 5097 ε
759 5059 892 5132 Sive
929 5062 996 5117 de
1033 5063 1307 5117 monachis
1346 5063 1595 5132 loquatur
1630 5062 1940 5126 Salvianus,
1987 5059 2114 5119 sive'
2134 5064 2203 5119 de

640 5129 881 5202 clericis,
924 5138 1128 5202 eertum
1165 5140 1247 5202 est
1286 5148 1394 5186 non
1420 5129 1581 5202 posse
1608 5132 1732 5188 hinc
1759 5134 1936 5201 colligi
1963 5148 2203 5188 necessa-

637 5201 771 5273 riam
802 5210 913 5253 tum
951 5199 1113 5273 fuisse
1150 5201 1400 5270 religioso
1426 5199 1691 5273 publicam
1728 5199 2056 5273 paupertatis
2082 5218 2204 5273 pro-

636 5265 921 5340 fessionem
939 5310 953 5334 ,
996 5270 1111 5325 sive
1137 5265 1321 5325 votum
1349 5265 1711 5340 paupertatis,
1729 5265 1810 5325 "ut
1836 5265 1995 5327 hodie
2024 5265 2198 5340 loqui-

635 5354 771 5410 mur.
812 5339 944 5393 Nam
985 5340 1263 5394 Salvianus
1302 5339 1414 5410 ipse
1448 5339 1661 5396 docebit
1699 5340 1832 5394 infra
1870 5341 1922 5395 in
1965 5339 2107 5394 libro
2145 5356 2199 5394 ιιι

635 5408 888 5464 adversus
916 5410 1193 5480 avaritiam
1210 5408 1343 5480 pag}
1374 5409 1497 5475 256,
1521 5410 1902 5480 proprietatem
1922 5411 2193 5480 bonorum

638 5489 699 5544 ac
725 5479 1123 5543 possessionum
1147 5477 1249 5534 illis
1287 5477 1882 5535 interdictam’nondum
1913 5477 2072 5532 fuisse
2102 5493 2197 5544 per

638 5539 754 5611 illas
780 5555 1137 5617 tempestates.
1170 5547 1338 5617 Hujus
1363 5564 1490 5617 ergo
1515 5549 1614 5602 loci
1641 5564 1828 5603 sensus
1855 5557 1956 5609 est,
1980 5539 2192 5612 religio-

637 5626 727 5679 sos
750 5615 840 5681 qui
869 5632 1129 5687 pauperes
1157 5615 1310 5672 erant
1336 5615 1466 5672 sive-
1495 5618 1796 5680 voluntate,
1828 5624 2193 5687 pauper-uitem

600 5688 790 5749 ‘tquo
819 5684 994 5742 animo
1023 5703 1083 5741 ac
1111 5687 1361 5756 gaudenti
1389 5688 1644 5741 tolerasse
1662 5726 1676 5750 ,
1709 5684 1837 5747 non,
1866 5694 1921 5737 ut
1955 5684 2193 5752 plerique

2309 4597 2423 4651 qua:
2457 4583 2631 4651 vulgus
2668 4585 2806 4649 putet
2844 4592 2861 4629 :
2891 4574 3074 4651 multos
3105 4573 3190 4643 qui
3206 4570 3502 4639 conﬂictari
3536 4570 3764 4626 adversis
3801 4573 3880 4625 vi-

2310 4641 2562 4710 deantur,"
2577 4641 2766 4708 beatos,
2798 4662 2860 4697 ac
2885 4641 3147 4713 plerosque
3163 4681 3178 4705 ,
3212 4656 3501 4713 quanquam
3528 4656 3744 4709 magnas
3762 4668 3765 4671 -
3782 4658 3876 4711 per

2309 4736 2449 4787 opes,
2479 4718 2791 4772 miserrimos
2810 4751 2824 4776 ,
2863 4711 2923 4787 s'i_
2948 4711 3024 4764 illi
3052 4711 3252 4787 gravem
3294 4711 3561 4787 fortunam
3578 4717 3876 4787 constanter

2308 4775 2542 4857 tolerent,
2565 4786 2615 4839 hi
2643 4800 2887 4857 prospera
2907 4775 3189 4857 inconsulte
3214 4775 3440 4857 utantur.
3468 4775 3599 4831 Vide
3619 4785 3778 4833 notas
3806 4778 3888 4833 ad.

2309 4847 2584 4926 epistolam
2611 4847 3054 4926 secundam__l._upi
3077 4847 3448 4926 Ferrariensis.
3721 4915 3733 4926 _

2385 4923 2403 4963 ί
2436 4924 2574 4978 infra
2622 4929 2862 4976 extremo
2888 4914 3026 4974 libro
3065 4924 3254 4985 quarto
3300 4914 3553 4970 adversus
3591 4915 3873 4970 avaritiam

2307 5007 2425 5064 pag.
2442 4991 2593 5064 Sili):
2617 4991 2795 5045 Totum
2817 4989 2999 5042 dumut
3018 4984 3095 5040 est
3116 4984 3364 5064 quidquid
3381 4985 3662 5064 imperatur
3672 4986 3868 5039 invitis.

2377 5051 2405 5108 ἔ
2440 5062 2494 5116 ld
2524 5069 2623 5124 cst,
2648 5075 2796 5129 rapa,
2828 5066 2886 5129 ut
2920 5051 3141 5129 constat
3156 5070 3234 5129 es
3250 5051 3706 5129 Aureliohvictore
3746 5070 3868 5129 cap:

2310 5132 2379 5185 35
2415 5132 2483 5185 de
2504 5121 2643 5184 Viris
2670 5121 2979 5183 illustribus.
3028 5123 3261 5192 Respicit
3286 5122 3427 5192 enim
3467 5121 3749 5192 Salvianus
3804 5121 3873 5192 ad

2303 5199 2587 5254 Historiam
2612 5197 2758 5252 Curii
2798 5194 3008 5249 Dentati
3037 5190 3169 5248 civis
3211 5191 3457 5269 Romani,
3500 5206 3658 5269 quem
3687 5190 3883 5269 legati.

2302 5268 2978 5340 Samnitiumurcpercrnnt
3010 5278 3138 5340 rapa
3175 5267 3464 5340 torrentem
3501 5259 3871 5340 atque_ligneo

2301 5339 2482 5393 catillo
2504 5337 2521 5404 (
2547 5346 2604 5390 ut
2624 5328 2866 5404 Valerius
2894 5328 3160 5404 Maximus
3186 5329 3262 5383 ait
3403 5345 3472 5393 Iv,
3504 5328 3729 5404 (παρτ-5)
3752 5342 3868 5384 cm-

2301 5397 2533 5462 nanlcm.
2568 5406 2616 5467 Is
2644 5419 2771 5469 ergo
2802 5403 2980 5456 lietilia
3005 5415 3101 5469 sua
3128 5397 3676 5469 Samniticopnetnlit
3705 5413 3863 5458 auro,

2300 5485 2358 5531 ut
2385 5466 2573 5529 Florus
2608 5466 2811 5527 scribit.
2848 5470 2976 5524 Vide
3002 5468 3317 5522 Ciceronem
3347 5466 3398 5518 in
3430 5467 3518 5519 lib.
3552 5466 3617 5520 de
3646 5466 3865 5520 Senect.

2372 5543 2397 5580 ιι
2427 5542 2637 5624 Optime
2684 5541 2853 5597 codex
2890 5536 3228 5624 Corheiensis
3273 5551 3370 5604 pro
3410 5551 3475 5617 eo
3513 5536 3657 5616 quod
3673 5535 3868 5624 'editio

2301 5604 2491 5667 Pitluci
2515 5613 2673 5665 habet
2702 5626 2909 5663 arm-am
2933 5625 2993 5660 ac
3023 5607 3224 5659 divitem
3262 5606 3637 5658 conscientiam.
3673 5604 3867 5657 Enum—

2297 5683 2563 5736 dalionem
2593 5696 2754 5749 porro
2793 5679 2945 5731 istam
2985 5692 3100 5731 esse
3131 5674 3418 5742 legitimam
3448 5674 3674 5741 probant
3701 5673 3866 5728 etiam
