4088 6360
236 370 311 429 35
1333 367 1420 423 DE
1456 366 1976 426 GUBEIINATIONE
2016 368 2121 423 DEI
2163 368 2285 423 LIII.
2327 366 2367 425 i.

3404 360 3486 425 ει

242 497 350 538 non
400 487 736 551 premerent,
782 495 902 534 cum
951 481 1111 535 etiam
1162 482 1364 548 argenti
1415 497 1565 536 usum
1609 481 1811 550 legibus
1840 490 1881 543 Α
1912 489 2176 535 etamenta
2230 478 2483 551 rapiunt,
2529 490 2581 535 et
2631 478 2972 538 beatitudinis
3027 480 3212 536 futura:
3258 483 3476 552 prmmia

238 572 587 629 coemerent?
613 569 873 640 Numquid
895 570 1159 625 illecebrae
1186 579 1240 624 et
1260 570 1564 639 cupiditatis
1591 584 1804 639 pinnam

238 662 500 735 putabant
526 660 669 730 quod
696 660 923 715 distenta
951 661 1129 715 aureis
1158 661 1385 715 nummis
1411 661 1676 729 marsupia
1699 675 1805 714 non

239 755 502 810 haberent
522 793 538 819 ,
586 767 706 806 cum
736 759 764 790 ⁸
790 751 1070 821 patricium
1100 751 1365 806 hominem
1388 791 1402 815 ,
1450 749 1590 819 quod
1641 764 1806 818 usque

236 842 307 897 ad
354 842 539 896 decem
586 840 789 909 argenti
834 840 997 895 libras
1043 839 1194 894 dives
1220 854 1337 894 esse
1364 839 1635 904 voluisset,
1668 837 1806 891 indi-

236 947 403 1003 gnum
430 931 579 986 curia
601 930 936 999 iudicarent?
963 930 1078 983 Non
1096 927 1456 997 despiciebant
1477 935 1621 990 tunc,
1653 934 1802 997 puto,

236 1036 504 1095 pauperes
530 1021 703 1077 cultus
725 1061 740 1086 ,
782 1034 901 1075 cum
931 1027 1132 1077 vestem
1160 1019 1353 1084 hirtam
1382 1033 1446 1073 ac
1472 1018 1690 1075 brevem
1718 1032 1806 1073 su-

208 1146 211 1149 ‹
235 1118 488 1175 merent,
537 1124 659 1165 eum
699 1110 766 1163 ab
811 1114 989 1162 aratro
1017 1113 1412 1162 arcesserentur
1437 1105 1504 1159 ad
1533 1105 1721 1170 fasces,
1750 1113 1807 1159 et

236 1200 539 1258 illustrandi
578 1200 762 1254 habitu
800 1198 1095 1262 consulari,
1139 1197 1239 1252 illis
1266 1196 1492 1251 fortasse
1521 1196 1646 1267 ipsis
1671 1210 1805 1265 quas

234 1291 561 1362 assunpturi
625 1298 778 1345 erant
826 1289 1188 1360 imperialibus
1236 1289 1372 1356 togis
1416 1287 1686 1343 madidum
1723 1303 1805 1343 suo

235 1382 373 1436 dore
401 1380 674 1451 pulverem
697 1378 1052 1446 detergerent.
1108 1376 1293 1447 Itaque
1332 1384 1459 1430 tunc
1491 1375 1567 1429 illi
1604 1390 1805 1445 paupe-

234 1485 327 1525 res
371 1468 708 1536 magistratus
750 1466 1057 1535 opulentam
1095 1465 1476 1535 rempublicam
1511 1465 1800 1532 habebant;

235 1564 297 1633 8
326 1575 467 1614 nunc
492 1567 669 1614 autem
699 1556 726 1596 ιι
754 1556 901 1612 dives
929 1564 1164 1626 potestas
1207 1570 1496 1626 pauperem
1531 1556 1657 1610 facit
1685 1570 1803 1611 esse

230 1647 638 1717 rempublicam.
698 1644 766 1700 Et
792 1660 910 1715 qua:
931 1684 947 1709 ,
978 1657 1111 1714 rogo
1132 1684 1149 1711 ,
1179 1644 1384 1699 insania
1413 1652 1532 1708 est,
1564 1653 1656 1698 aut
1682 1660 1802 1715 qua:

228 1737 473 1801 accitas,
518 1744 577 1789 ut
619 1742 898 1802 egestuosa
926 1749 988 1789 ac
1016 1733 1348 1789 mendicante
1375 1733 1645 1803 republica
1673 1734 1802 1788 divi-

1907 573 2336 641 consequentur?
2412 572 2425 581 “

1977 659 2059 714 Ill.
2103 660 2243 715 Dixit
2270 660 2482 730 quidam
2512 675 2576 715 ex
2608 662 2721 717 istis
2748 662 2815 716 de
2841 664 3033 731 quibus
3061 676 3333 731 querimur
3358 663 3473 717 cui-

1906 750 2027 805 dam
2075 760 2260 805 saneto
2303 752 2419 805 viro
2464 752 2755 806 secundum
2804 754 3044 808 veritatis
3070 753 3304 821 regulam
3345 768 3471 807 sen-

1907 839 2085 906 tienti,
2139 839 2189 894 id
2235 846 2346 904 est,
2393 839 2536 908 quod
2584 840 2723 895 Deus
2750 841 2929 895 omnia
2968 851 3177 909 regeret
3216 857 3278 896 ac
3318 850 3342 881 ο
3374 857 3470 911 pro

1907 929 2140 985 humano
2193 944 2387 998 genere
2432 931 2785 985 necessariam
2830 939 3011 985 nosset
3055 931 3471 987 moderationem

1905 1033 2056 1074 suam
2085 1026 2139 1073 et
2166 1020 2580 1087 gubernaculum
2626 1028 2967 1091 temperaret,
3016 1020 3191 1087 Quare
3210 1036 3357 1091 ergo,
3388 1015 3472 1076 iti-

1906 1124 2084 1179 quam,
2110 1118 2164 1163 tu
2188 1110 2302 1180 ipse
2331 1110 2569 1165 infirmus
2589 1095 2682 1166 es?
2708 1112 2811 1167 hoc
2831 1110 3012 1178 utique
3039 1126 3106 1165 eo
3133 1125 3291 1166 sensu
3313 1121 3473 1181 atque

1898 1196 2117 1267 judicio,
2149 1198 2251 1253 hoc
2279 1206 2362 1254 est
2393 1217 2406 1251 :
2436 1199 2493 1254 Si
2536 1199 2694 1264 Deus,
2722 1207 2780 1254 ut
2804 1207 2979 1269 putas,
3014 1199 3066 1253 in
3098 1200 3197 1254 hac
3225 1203 3472 1269 prmsenti

1906 1289 2014 1344 vita
2041 1290 2219 1344 omnia
2272 1291 2425 1359 regit,
2465 1291 2511 1345 si
2542 1289 2680 1345 Deus
2703 1299 2892 1345 cuneta
2916 1290 3217 1359 dispensat;
3249 1306 3356 1359 qua
3385 1307 3471 1345 ra-

1905 1379 2050 1433 tione
2077 1378 2229 1434 fortis
2253 1395 2316 1433 ac
2335 1396 2496 1434 sanus
2516 1388 2595 1435 est
2620 1381 2781 1435 homo
2798 1396 2959 1450 quem
2980 1390 3316 1451 peccatorem
3336 1382 3470 1443 scio.

1903 1476 1959 1521 et
1987 1476 2041 1521 tu
2090 1467 2344 1531 infirmus,
2374 1482 2533 1537 quem
2579 1477 2819 1523 sanetum
2847 1485 2966 1525 esse
2996 1486 3101 1524 non
3127 1471 3184 1541 θ
3227 1470 3472 1538 ambigo?
3540 1522 3547 1537 ,

1901 1555 2032 1622 Quis
2060 1565 2169 1611 tam
2218 1557 2465 1628 profundi
2493 1559 2670 1613 cordis
2710 1560 2877 1613 virum
2909 1574 3013 1614 non
3042 1560 3352 1622 admiretur,
3378 1560 3471 1629 qui

1903 1648 2091 1701 merita
2114 1648 2483 1716 religiosorum
2513 1656 2674 1718 atque
2697 1651 2920 1705 virtutes
2945 1659 3052 1704 tam
3084 1653 3288 1720 magnis
3317 1652 3472 1707 retri-

1900 1735 2209 1792 butionibus
2228 1739 2416 1807 dignas
2429 1745 2598 1808 putat,
2623 1746 2681 1792 ut
2701 1738 2752 1792 in
2774 1741 3023 1808 praesenti
3043 1739 3143 1794 hac
3162 1740 3267 1794 vita
3283 1755 3472 1794 carnes

226 1832 335 1883 tias
379 1840 536 1898 posse
582 1825 799 1880 credant
838 1832 993 1882 stare.
1021 1824 1289 1893 privatas?
1335 1822 1493 1878 Tales
1519 1838 1648 1892 ergo
1676 1832 1801 1879 tunc
1830 1841 1878 1902 Β
1901 1833 2062 1895 atque
2087 1827 2425 1883 fortitudines
2443 1843 2727 1898 corporum
2750 1829 2964 1899 prtemia
2980 1836 3128 1900 putet
3145 1829 3340 1884 debere
3353 1845 3471 1885 esse

231 1925 440 1973 veteres
467 1914 693 1971 Romani
720 1921 905 1977 erant;
934 1921 990 1968 et
1027 1913 1106 1967 sic
1132 1911 1207 1966 illi
1235 1919 1360 1966 tunc
1386 1911 1800 1967 contemnebant

231 2007 443 2062 divitias
466 2044 484 2071 ,
528 2005 824 2061 nescientes
862 2003 1028 2059 Deum
1046 2042 1062 2068 ,
1091 2003 1230 2057 sicut
1256 2017 1399 2057 nunc
1423 2012 1684 2072 spernunt
1710 2015 1798 2057 se—

216 2086 457 2167 ‘quentes
485 2096 786 2152 Dominum.
869 2093 1184 2161 Quanquam
1209 2091 1339 2161 quid
1367 2106 1468 2160 ego
1495 2091 1562 2146 de
1590 2091 1694 2146 illis
1720 2091 1800 2146 lo-

222 2202 368 2256 quor
392 2188 487 2254 qui
512 2200 642 2239 cura
670 2183 879 2252 imperii
908 2181 1257 2251 propagandi,
1285 2188 1654 2249 contemptum
1682 2194 1803 2247 pro-

228 2276 361 2346 pria:
383 2274 654 2329 facultatis
682 2272 748 2325 ad
777 2270 1020 2339 publicas
1044 2284 1177 2338 opes
1202 2266 1569 2331 conferebant,
1599 2275 1656 2320 et
1682 2267 1806 2321 licet

227 2364 478 2436 privatim
506 2375 770 2433 pauperes
787 2366 991 2422 essent,
1018 2357 1218 2411 divitiis
1238 2363 1417 2410 tamen
1437 2355 1806 2410 communibus

229 2452 604 2516 abundabant;
665 2462 784 2503 cum
832 2445 996 2501 etiam
1045 2442 1214 2500 (ἐπθυὶ
1270 2442 1483 2513 quidam
1531 2442 1804 2511 sapientia:

232 2548 531 2598 sectatores
574 2539 693 2594 sine
734 2536 843 2607 ullo
887 2534 1110 2606 publice
1150 2533 1389 2588 utilitatis
1415 2528 1607 2587 affectu
1635 2545 1802 2601 prope

220 2640 382 2697 -omni
409 2654 468 2694 se
495 2638 570 2693 rei
597 2634 874 2690 familiaris
902 2649 1030 2695 usu,
1062 2631 1407 2700 assequendae
1431 2630 1612 2698 glorise
1640 2630 1802 2686 avidi-

220 2748 345 2796 tate
367 2780 383 2806 ,
434 2736 782 2801 nudaverint;
823 2749 923 2788 nec
947 2732 1118 2788 solum
1146 2731 1280 2797 hoc,
1323 2729 1415 2785 sed
1443 2730 1604 2785 etiam
1632 2744 1800 2800 usque

214 2841 295 2896 ad
320 2844 682 2907 contemptum
711 2833 911 2889 doloris
951 2846 1014 2887 ac
1041 2829 1231 2886 mortis
1257 2829 1515 2884 doctrinm
1543 2843 1654 2883 sua:
1678 2829 1795 2884 cul-

205 2922 349 2995 inen
371 2936 657 3000 erexerint,
678 2933 918 2990 dicentes
936 2931 1138 2986 scilicet
1157 2930 1318 2986 etiam
1340 2929 1390 2983 in
1414 2928 1617 2984 catenis
1638 2936 1799 2998 atque

218 3036 498 3108 suppliciis
535 3035 749 3090 beatum
785 3046 904 3088 esse
941 3030 1275 3099 sapientem?
1327 3027 1552 3082 Tantam
1584 3028 1799 3082 virtutis

224 3137 334 3191 vim
361 3149 479 3191 esse
507 3133 815 3197 voluerunt,
860 3139 921 3185 ut
961 3144 1067 3184 non
1095 3128 1264 3199 possit
1291 3142 1411 3183 esse
1459 3142 1693 3197 unquam
1719 3128 1800 3182 vir

225 3240 400 3296 bonus
444 3253 551 3293 non
603 3236 810 3290 beatus.
869 3232 926 3286 Si
963 3238 1103 3300 'ergo
1141 3229 1216 3284 illi
1256 3246 1287 3283 a
1315 3229 1630 3298 quibusdam
1659 3245 1798 3287 nunc

222 3340 390 3396 etiam
417 3335 744 3408 sapientibus
772 3332 900 3387 viris
927 3330 1106 3385 miseri
1134 3344 1241 3384 non
1262 3336 1547 3407 putantur,
1564 3326 1654 3398 qui
1682 3328 1800 3383 nul-

226 3439 308 3496 los
335 3437 537 3493 laboris
562 3434 646 3490 sui
672 3416 876 3488 fructus
904 3412 1006 3485 nisi
1033 3444 1101 3485 ex
1129 3429 1377 3500 przesenti
1408 3435 1614 3483 tantum
1644 3428 1799 3485 laude

226 3538 538 3610 capiebant;
574 3541 774 3605 quanto
813 3531 982 3600 magis
1008 3529 1244 3599 religiosi
1270 3544 1334 3585 ac
1361 3529 1532 3584 sancti
1565 3528 1664 3585 viri
1694 3529 1796 3585 mi-

218 3640 335 3699 seri
378 3653 486 3695 non
534 3633 752 3708 putandi
780 3640 932 3697 sunt,
979 3631 1070 3700 qui
1100 3638 1155 3686 et
1182 3630 1462 3700 praesentis
1490 3629 1612 3686 fidei
1640 3631 1791 3686 oble-

1900 1926 2207 1973 sanctorum
2223 1920 2248 1972 τ
2274 1918 2593 1990 Respondeo
2615 1921 2791 1989 igitur,
2815 1936 2920 1976 non
2942 1922 3095 1976 unius
3125 1928 3327 1976 tantum
3349 1922 3471 1976 reli-

1898 2007 2033 2076 giosi
2064 2010 2297 2073 nomine,
2328 2009 2418 2063 sed
2446 2011 2836 2065 universorum.
2884 2010 3086 2078 Quaeris
3116 2013 3291 2081 igitur,
3320 2015 3467 2082 quis-

1898 2095 2019 2164 quis
2047 2097 2134 2149 ille
2182 2112 2258 2161 es,
2301 2112 2406 2165 qua
2435 2098 2642 2153 ratione
2670 2098 2863 2153 infirmi
2890 2101 2998 2154 sint
3024 2102 3194 2155 sancti
3220 2102 3335 2155 viri.
3363 2102 3469 2155 Ile-

1901 2184 2142 2251 spondeo
2169 2186 2420 2247 breviter,
2451 2187 2575 2254 quia
2598 2186 2721 2241 ideo
2747 2189 2918 2242 sancti
2947 2189 3044 2242 viri
3067 2189 3387 2246 infirmiores
3413 2210 3470 2246 se

1903 2285 2021 2327 esse
2050 2270 2280 2337 faciunt;
2331 2276 2454 2343 quia
2495 2277 2539 2329 si
2583 2275 2750 2331 fortes
2799 2277 3012 2343 fuerint,
3044 2280 3356 2336 sanctiesse
3384 2283 3470 2336 vix

1906 2369 2149 2431 possunt.
2190 2360 2393 2432 Opinor
2429 2365 2571 2419 enim
2620 2381 2806 2421 omnes
2832 2368 3048 2423 omnino
3076 2368 3317 2425 homines
3342 2371 3468 2426 cibis

1903 2464 1967 2506 ac
1993 2452 2198 2520 poculis
2245 2452 2412 2510 fortes
2454 2469 2604 2521 esse;
2659 2454 2898 2512 infirmos
2932 2466 3109 2513 autem
3129 2460 3466 2524 abstinentia,

1899 2541 2165 2608 ariditate,
2191 2543 2427 2613 jejuniis.
2470 2545 2585 2601 Non
2626 2561 2755 2615 ergo
2783 2545 2972 2602 mirum
2994 2559 3075 2603 est
3102 2552 3245 2619 quod
3275 2551 3466 2606 infirmi

1897 2640 2022 2685 sunt
2046 2634 2136 2701 qui
2165 2648 2316 2688 usum
2354 2650 2538 2690 earum
2568 2651 2742 2690 rerum
2782 2645 3040 2707 respuunt
3084 2654 3181 2707 per
3206 2654 3340 2707 quas
3378 2641 3466 2695 alii

1897 2717 2065 2775 fortes
2093 2721 2242 2776 fiunt.
2267 2721 2331 2776 Et
2353 2733 2436 2778 est
2462 2724 2598 2779 ratio
2626 2740 2722 2780 cur
2744 2736 3017 2796 respuant,
3067 2729 3276 2782 dicente
3304 2727 3465 2785 Paulo

1899 2813 2143 2883 apostolo
2164 2812 2231 2868 de
2250 2829 2309 2869 se
2339 2816 2456 2884 ipso
2480 2832 2492 2868 :
2526 2814 2734 2886 Castigo
2753 2832 2936 2886 corpus
2964 2834 3147 2882 meum,
3171 2828 3220 2871 et
3242 2822 3466 2874 servituti

1898 2889 2147 2973 sttbjicio;
2189 2921 2254 2957 ne
2296 2907 2428 2972 forte
2446 2919 2560 2957 cum
2580 2906 2700 2958 aliis
2721 2907 3124 2975 pnedicarerim,
3155 2909 3266 2979 ipse
3292 2926 3467 2978 repro-

1899 2993 1991 3047 bus
2036 2995 2231 3063 e/jiciar
2276 2994 2317 3064 (I
2335 2992 2452 3049 Cor.
2505 3010 2578 3059 Ix,
2621 2994 2734 3065 27).
2761 2995 2817 3051 Si
2842 2996 3199 3053 infirmitatem
3229 3000 3467 3070 corpozis

1901 3084 2255 3153 ap;etendam
2281 3087 2383 3141 sibi
2410 3087 2571 3141 etiam
2601 3088 2885 3159 Apostolus
2913 3097 3082 3159 putat,
3107 3090 3226 3160 quis
3253 3091 3433 3160 sapien
3452 3120 3465 3133 ο

1824 3189 1869 3249 c
1904 3184 1986 3230 ter
2011 3175 2284 3231 evitat?Si
2314 3175 2678 3234 fortitudinem
2710 3180 2885 3234 carnis
2916 3180 3202 3250 Apostolus
3247 3182 3463 3243 metuit,

1899 3265 2021 3336 quis
2068 3266 2455 3321 rationabiliter
2483 3267 2633 3323 fortis
2677 3283 2798 3323 esse
2842 3270 3150 3339 pncsumit?
3187 3268 3310 3324 llzcc
3337 3283 3465 3337 ergo

1900 3355 2038 3409 ratio
2064 3365 2165 3419 est,
2195 3369 2298 3425 qua
2322 3356 2566 3411 homines
2594 3355 2809 3413 Christo
2834 3358 2998 3413 dediti
3020 3366 3075 3412 et
3114 3356 3306 3412 infirmi
3344 3373 3466 3413 sunt

1898 3452 1952 3499 et
1980 3444 2165 3499 volunt
2190 3432 2339 3501 esse:
2373 3446 2522 3501 Absit
2575 3456 2751 3501 autem
2782 3455 2835 3501 ut
2877 3448 2978 3502 hoc
3004 3456 3316 3516 argumento
3346 3448 3442 3503 reli

1897 3538 2077 3605 giosos
2103 3547 2349 3607 putemus
2371 3552 2401 3591 a
2433 3538 2543 3592 Deo
2584 3539 2797 3607 negligi,
2842 3553 2939 3609 per
2964 3539 3107 3608 quod
3153 3537 3466 3595 confidimus

1898 3631 2017 3700 plus
2043 3630 2231 3684 amari.
2265 3628 2511 3698 Legimus
2539 3627 2565 3667 ά
2594 3626 2932 3685 Timotheum
2972 3630 3270 3701 apostolum
3308 3639 3466 3687 came
3562 3672 3569 3681 .

1383 3740 1717 3797 STEPHANI
1755 3739 2023 3798 BALUZII
2060 3739 2287 3796 NOTAE.
2374 3756 2395 3763 ν

220 3841 493 3897 editiones
521 3835 815 3891 Brassicani
853 3840 908 3888 et
941 3831 1213 3894 Galesinii,
1238 3831 1328 3899 qui
1356 3831 1532 3886 locum
1560 3833 1700 3886 hunc
1721 3833 1799 3887 sic

220 3906 510 3965 ediderunt
535 3925 547 3959 :
581 3904 844 3976 Numquid
864 3919 997 3976 (egre
1016 3901 1246 3972 ferebant
1272 3901 1408 3970 quod
1434 3917 1592 3954 avara
1618 3901 1736 3954 illos
1764 3918 1797 3953 α

225 3980 384 4033 divite
403 3978 713 4031 Conscientia
733 3972 847 4026 auri
872 3972 1061 4024 talenta
1088 3985 1192 4037 non
1213 3979 1515 4037 premerent.

302 4012 970 4101 relﬁéiid'ﬁhiﬁihum,
1001 4046 1059 4092 ut
1086 4012 1243 4090 docet
1276 4012 1514 4089 V‘iderius
1542 4012 1836 4089 Maximus‘

224 4116 326 4171 lib.
356 4130 415 4185 tt,
436 4128 553 4180 cap.
595 4108 910 4185 ilhlcminit
930 4114 984 4159 et
1003 4104 1359 4185 Tertullianus
1382 4105 1441 4185 in.
1458 4103 1801 4185 Apologetico

225 4198 355 4264 9³1)-
386 4171 455 4264 ίῖε
486 4171 599 4251 im
618 4172 1081 4264 ΡΨἮἿΨΞἏΙΪΈΞ
1091 4171 1800 4264 .‘fifi’?_£’2?1?figfl’f.’i‘i‘

219 4240 541 4329 ἡιιξεεςιψιίο
552 4262 738 4329 magno
749 4244 896 4329 titulo
906 4240 1196 4323 ambitionis
1208 4240 1791 4329 senatulsummorfbant.

240 4310 243 4311 ⁷
299 4321 325 4360 δ
365 4310 1036 4375 Assentior'Rittershnsio,
1066 4310 1155 4378 qui
1176 4310 1452 4390 potestatis
1481 4310 1794 4390 vocabulum

225 4389 368 4461 apud
407 4386 710 4461 Salvianum
757 4390 812 4436 et
856 4380 980 4435 alibi
1022 4378 1241 4461 intelligi
1286 4377 1482 4461 debere
1526 4386 1794 4460 eststnnat

224 4448 399 4533 ipsum
442 4456 782 4533 magistratus
802 4448 1347 4533 nomenaQuorsen‘su
1380 4448 1791 4533 fortassis_aeei-

261 4525 420 4600 ienda
442 4533 525 4580 est
552 4525 663 4600 base
674 4537 777 4600 vox
804 4525 857 4575 in
867 4525 1045 4600 veteri
1067 4525 1407 4600 inscriptione
1425 4531 1552 4600 quae.
1564 4525 1791 4586 primum

261 4545 420 4584 tenua
442 4545 525 4580 ess
552 4545 663 4578 "tu:
675 4545 777 4577 νυι
804 4545 857 4575 ul
882 4545 1043 4574 Vt:er
1068 4545 1407 4586 Islacrlpuuuc
1425 4545 1544 4586 quas:
1565 4545 1791 4586 primum

223 4545 329 4653 ﬁne
350 4596 478 4667 loco
503 4592 752 4667 _edi_t_a_est_
772 4604 847 4667 ei
867 4586 1045 4667 lapide
1066 4586 1286 4667 antiquo
1312 4587 1403 4667 qni
1431 4586 1677 4667 Narbone
1697 4601 1792 4642 ex-

220 4643 330 4722 £131
350 4643 793 4736 'iﬁ'éq'emiiﬁb'ris
898 4643 1075 4736 ἣξει-ξιξ
1100 4643 1346 4723 Μαίοτὶεἶ
1363 4654 1522 4736 μερίς
1545 4664 1631 4736 est
1650 4670 1789 4726 pra:-
1817 4643 1868 4705 ι)

218 4734 441 4805 grandis
461 4772 476 4797 ,
493 4732 562 4805 in
581 4743 791 4805 summo
812 4733 1006 4805 ‘sectus
1058 4725 1110 4778 in
1132 4738 1332 4805 arcum,
1363 4725 1415 4777 in
1444 4725 1552 4805 imo
1579 4725 1788 4805 planus,

222 4791 382 4875 quem
411 4791 474 4875 in.
493 4800 674 4855 limine
687 4795 966 4875 cujusdam
988 4793 1418 4875 templi_posi_tum
1439 4791 1601 4875 fuisse
1618 4796 1793 4863 gravis

223 4863 300 4930 ést
327 4871 658 4941 conjectura.
687 4863 975 4921 ln'cantica
1000 4870 1151 4933 parte
1171 4863 1282 4918 haec
1303 4863 1576 4930 leguntur:

298 5080 307 5087 °
575 4964 1375 5120 CAESARVIDDIS‘F'RERVAE
1415 5062 1473 5117 Ρ.

221 5136 520 5194 NERVAE.
561 5132 1127 5257 ΤΙὶΑΙᾼῙῶΤΟΙὲΙόἒί.
1161 5130 1567 5253 ΕΟΝΤυΜΑΧ.
1611 5131 1783 5186 TRIB.

485 5323 498 5337 .
537 5277 1227 5337 S....ILIUS........ANUS.
1261 5267 1398 5333 ΙῆιΙΙ.
1440 5276 1572 5330 VIR.

400 5345 779 5407 AUGUSTAL.
822 5350 927 5405 DE.
967 5348 1119 5417 sua,
1161 5345 1591 5417 muniemus,

464 5461 477 5474 .
524 5461 537 5474 .
580 5461 592 5473 .
638 5459 653 5471 .
698 5459 1004 5493 .__.M.__.‘_._“.
1048 5415 1685 5493 ._'_.__,__.NIE.\‘TO‘Fll-thl.

405 5462 418 5474 '
464 5462 477 5474 '
524 5462 537 5474 '
580 5462 592 5473 ·
638 5462 653 5471 ·
698 5462 1018 5555 manu
1048 5462 1297 5540 iussn:

140 5640 143 5645 ,
225 5577 280 5634 In
303 5580 511 5651 postica
542 5594 669 5633 vero
695 5586 866 5646 parte,
902 5564 1192 5643 majoribus
1228 5573 1621 5630 characteribus
1640 5612 1655 5633 ,
1687 5574 1781 5625 sic.

245 5680 458 5763 'AD.
506 5676 957 5762 UlINAM.
996 5669 1729 5771 'POTESTA'I‘IS.
1786 5762 1791 5767 ἢ

1969 3831 2233 3886 Cmterum
2273 3832 2426 3887 Sevir
2467 3833 2553 3887 ille
2604 3830 2909 3897 augustalis,
2959 3830 3110 3897 cujus
3157 3845 3347 3883 nomen
3386 3831 3466 3882 di-

1900 3902 2062 3954 midia
2089 3903 2169 3955 sui
2197 3911 2351 3970 parte
2378 3902 2553 3970 periit,
2587 3901 2810 3970 fortasse
2846 3907 2928 3952 est
2969 3898 3225 3970 Servilius
3254 3897 3466 3970 Marcia-

1901 3985 2003 4038 nus
2026 3965 2275 4038 sacerdos
2295 3969 2361 4022 ad
2380 3965 2633 4038 iemplmn
2666 3968 2847 4038 Itomte
2872 3974 2927 4038 et
2956 3965 3467 4038 Augustorum"_Are-

1901 4037 2030 4097 late,
2059 4034 2211 4102 cujus
2239 4039 2438 4091 mentio
2468 4034 2641 4090 exstat
2670 4036 2723 4088 in
2753 4035 2917 4089 veteri
2958 4034 3301 4102 inscriptione
3331 4034 3465 4102 Lug-

1899 4103 2124 4173 dunensi
2153 4103 2291 4172 apud
2312 4105 2515 4158 Sixtum
2538 4104 2587 4158 in
2618 4102 2888 4173 pontificio
2915 4102 3207 4173 Arelatensi
3232 4118 3348 4172 pag.
3376 4103 3481 4159 55.⁹

1902 4171 2031 4243 Quae
2044 4171 2173 4243 _dein
2192 4171 2260 4227 ex
2288 4171 2632 4243 inscriptione
2657 4173 2865 4243 desunt,
2900 4172 2969 4225 ita
3000 4172 3139 4243 haud
3168 4171 3327 4227 dubie
3340 4190 3464 4243 snp-

1902 4240 2094 4323 pieoda
2123 4250 2296 4324 sust;
2331 4244 2394 4297 de
2415 4240 2508 4298 sua
2554 4242 2901 4297 mediocritate
2927 4257 2959 4295 a
2986 4242 3315 4313 fundamento
3350 4240 3464 4314 ﬁeri

1899 4326 2118 4433 ponttgte
2139 4322 2317 4382 Jussit.
2538 4382 2550 4394 ο
2650 4381 2661 4390 ο
2902 4381 2912 4392 .
3086 4381 3097 4392 θ

1973 4389 1996 4418 α
2081 4396 2149 4433 on
2180 4381 2316 4436 male
2347 4380 2580 4436 fortassis
2602 4379 3099 4449 li.ttershustus,qut
3132 4388 3299 4434 totum
3320 4381 3462 4438 hunc

1897 4449 2072 4504 locum
2111 4450 2187 4503 sic
2242 4451 2518 4518 legendum
2573 4459 2628 4503 et
2676 4451 3149 4518 intorpuugendum
3195 4458 3347 4518 putat
3401 4470 3462 4506 ac

1896 4530 2047 4588 prout
2073 4521 2296 4574 humano
2315 4523 2489 4590 generi
2533 4521 2871 4590 necessarium
2901 4529 3098 4581 nosset,
3147 4520 3461 4575 moderatio-

1897 4603 2011 4641 nem
2060 4605 2205 4667 suam
2243 4599 2292 4644 et
2319 4589 2731 4667 gubernaculum
2758 4597 3096 4667 temperaret:
3132 4590 3463 4667 Quanquam
3512 4599 3528 4612 '

1894 4666 2190 4726 repugnant
2239 4656 2426 4713 omnes
2465 4656 2726 4711 editiones
2758 4664 2823 4711 'et
2854 4656 3001 4726 libri;
3046 4658 3146 4711 nisi
3185 4656 3333 4725 quod
3362 4674 3461 4726 pro

1895 4723 2256 4791 necessariam,
2285 4741 2403 4795 quae
2432 4727 2590 4795 lectio
2616 4736 2698 4780 est
2739 4734 2848 4780 tum
2888 4723 3175 4780 Pitbtnaua:
3203 4723 3460 4780 editionis

1895 4803 2008 4850 tum
2037 4797 2279 4860 aliarum,
2306 4794 2491 4851 codex
2536 4794 2875 4850 Corbeiensis
2910 4796 3070 4848 habet
3096 4796 3454 4860 necessarium,

1894 4866 2037 4934 quod
2066 4864 2283 4934 adjuvat
2327 4865 2686 4934 conjecturam
2728 4863 3084 4919 Bittersliusii.
3119 4864 3460 4920 Brassicanus

1895 4932 1949 5003 et
1968 4932 2282 4997 Galesinius,
2325 4932 2561 4989 detracta
2593 4949 2723 4989 voee
2769 4943 2937 4987 nosset
2977 4942 3033 4987 ιιι
3068 4934 3347 5003 superflua,
3380 4935 3457 4989 sic

1895 5002 2137 5072 legerunt
2160 5003 2299 5057 hunc
2326 5003 2499 5058 locum
2526 5021 2541 5073 :7
2564 5005 2645 5054 Ac,
2663 5018 2756 5071 pro
2777 5003 3000 5073 Ituntauo
3026 5002 3206 5073 genere
3233 5019 3454 5057 necessu—
3504 5008 3505 5011 “

1896 5070 2029 5141 riam
2049 5073 2447 5127 moderationem
2475 5070 2687 5141 suamet
2715 5070 3105 5141 gubernaculum
3136 5082 3453 5141 tmperaret.

1966 5140 1991 5179 ⁴¹
2022 5141 2158 5199 Infra
2187 5142 2341 5212 epist.
2367 5141 2417 5204 9,
2453 5155 2575 5212 pag.
2604 5139 2751 5212 209';
2789 5140 3030 5195 Timothei
3060 5139 3296 5212 apostoli.
3330 5141 3454 5212 ilics

1895 5224 2155 5282 ronymus
2188 5208 2240 5263 in
2288 5208 2554 5264 Chronico
2604 5227 2616 5262 :
2661 5208 2904 5282 {ieiiquite
2949 5208 3180 5282 amstolii
3210 5209 3456 5263 Timothei

1895 5278 2383 5349 Constantinopolim
2402 5282 2628 5333 invectis.
2656 5278 2872 5332 Certum
2892 5289 2973 5333 est
2994 5279 3326 5349 Timotheum
3350 5292 3454 5327 non

1840 5350 1849 5357 ’
1891 5348 2049 5415 fuisse
2074 5365 2138 5403 ex
2170 5348 2393 5403 numero
2416 5363 2599 5403 eorum
2627 5364 2762 5417 quos
2784 5350 2947 5417 vulgo,
2969 5348 3456 5417 vocamus_apbstof

1888 5412 1989 5473 los.
2016 5419 2081 5472 Et
2104 5417 2391 5472 Primasius
2412 5417 2463 5470 in
2491 5412 2661 5485 caput
2681 5412 2906 5485 primum
2936 5412 3361 5485 Epistolzgi’nttii
3387 5413 3453 5465 ad

1890 5487 2277 5556 Pliilippenses.
2328 5503 2445 5554 qua:
2488 5481 2573 5539 sic
2613 5481 2795 5556 incipit
2845 5481 3037 5556 Paulus
3075 5495 3125 5537 et
3151 5481 3454 5556 Iimotlieus

1887 5550 2039 5610 serri'
2061 5556 2183 5609 Iesu
2231 5550 2454 5617 Christi,-
2494 5550 2860 5621 Apostolatum
2888 5554 3113 5619 denegat
3150 5550 3449 5610 Timotheo,

1887 5640 2007 5679 cmn
2052 5626 2181 5680 dicit
2204 5622 2218 5677 ξ
2253 5626 2432 5678 Omnis
2452 5626 2713 5692 apostolus
2739 5635 3061 5692 senucs,_nou
3090 5621 3253 5675 omnis
3281 5635 3452 5692 seruus

1888 5698 2167 5762 apostolus.
2198 5694 2303 5748 Sed
2325 5687 2595 5748 sciendum
2622 5698 2701 5743 est
2729 5687 2957 5755 apostoli
2986 5705 3178 5744 nomen
3208 5688 3457 5754 gemle
3540 5734 3553 5743 .
