4088 6360
276 354 346 409 37
1384 349 1474 406 DE
1507 339 2037 405 GUBERNATIONE
2076 342 2186 400 DEI
2225 343 2353 398 LIB.
2398 345 2438 399 Ι.
3138 348 3141 353 ’
3472 348 3539 400 '58

273 465 462 536 picari
486 463 641 534 jubet
666 473 721 519 et
748 478 938 519 orare:
971 462 1114 532 quod
1144 462 1326 530 utique
1357 476 1464 517 non
1481 460 1718 530 iuberet,
1746 457 1848 512 nisi
1876 464 1921 520 Α
1951 455 2093 526 Ergo
2120 456 2224 510 hoc
2249 455 2318 509 de
2346 454 2523 525 primo
2542 455 2782 521 homine,
2808 456 2859 512 id
2888 464 2989 522 est,
3019 454 3087 511 de
3114 466 3286 527 patre.
3308 456 3447 526 QJid
3470 460 3538 514 do

269 569 503 610 exorare
530 569 689 625 posse
713 553 1024 609 coniideret.
1055 550 1339 618 Quomodo
1365 562 1497 619 ergo
1523 550 1716 619 aliquis
1755 560 1853 618 pro

270 644 581 736 obtinendis
608 643 771 698 laturi
801 642 1058 736 temporis
1082 642 1240 698 bonis
1265 649 1481 736 apertas
1527 638 1624 694 Dei
1670 652 1849 705 aures,

266 731 373 808 pro
418 736 771 805 praesentibus
797 743 976 791 autem
1001 734 1215 790 clausas
1241 739 1404 805 atque
1428 731 1729 788 obstructas
1750 744 1853 801 pu-

270 827 388 881 tat?
414 825 521 881 Aut
543 825 818 897 quomodo
840 840 940 882 nos
964 826 1027 905 in.
1049 825 1276 881 ecclesia
1302 822 1681 894 supplicantes
1706 834 1851 893 pra:-

268 921 482 972 sentem
504 916 659 972 nobis
676 916 906 972 salutem
930 931 965 971 a
988 914 1101 971 Deo
1119 912 1410 986 poscimus,
1465 914 1515 970 si
1557 910 1854 968 audiendos

270 1018 375 1060 nos
396 1006 610 1075 penitus
656 1019 764 1060 non
803 1005 1096 1076 putamus?
1124 1003 1275 1059 Nulla
1302 1015 1434 1072 ergo
1460 998 1618 1058 nobis
1642 1016 1743 1072 pro
1771 1000 1855 1057 in-

248 1095 673 1154 .columitatibus
692 1109 757 1149 ac
775 1092 1221 1165 prosperitatibus
1239 1093 1440 1151 nostris
1457 1101 1582 1148 vota
1612 1090 1852 1148 iacienda

267 1192 418 1238 sunt.
463 1182 605 1249 Quin
644 1183 827 1253 potius
853 1189 913 1238 ut
956 1181 1215 1238 modestia
1236 1180 1644 1252 supplicationis
1664 1192 1851 1237 vocem

268 1274 524 1331 conciliet
569 1274 911 1345 postulantis,
955 1273 1240 1328 dicendum
1268 1271 1497 1341 fortasse
1538 1271 1694 1328 nobis
1719 1278 1848 1326 est:

273 1367 518 1432 Domine,
547 1379 655 1421 non
683 1365 1094 1436 prosperitatem
1138 1364 1263 1419 vita:
1289 1364 1442 1419 istius
1470 1363 1722 1434 petimus,
1754 1374 1855 1419 nec

268 1470 377 1527 pro
427 1455 582 1512 bonis
621 1456 972 1526 prasentibus
1023 1456 1423 1527 supplicamus;
1462 1454 1662 1512 scimus
1706 1454 1851 1511 enim

271 1558 432 1601 aures
452 1553 573 1602 tuas
593 1544 678 1601 bis
695 1545 1154 1601 obsecrationibus
1172 1544 1382 1601 clausas
1400 1556 1522 1600 esse
1541 1553 1598 1600 et
1615 1543 1854 1599 auditum

270 1644 327 1692 te
344 1636 413 1691 ad
437 1647 625 1706 preces
652 1635 950 1692 istiusmodi
971 1650 1079 1690 non
1102 1635 1327 1700 habere,
1358 1634 1455 1691 sed
1491 1648 1593 1705 pro
1621 1632 1706 1690 his
1734 1640 1853 1690 tan-

260 1725 549 1782 tumnodo
567 1728 798 1798 petimus
813 1741 935 1798 qua
953 1734 1078 1782 sunt
1104 1726 1279 1782 futura
1309 1736 1430 1797 post
1450 1734 1702 1783 mortem.
1719 1726 1851 1783 Esto

1954 545 2212 611 secundo,
2243 537 2294 599 id
2314 552 2419 605 est,
2443 544 2512 599 de
2534 543 2681 601 lilio?
2707 543 2926 601 Fuerunt
2953 556 3051 613 est,
3074 547 3246 617 inquit
3260 547 3541 619 Scriptura

1950 649 2126 698 sacra,
2172 646 2290 708 post
2328 637 2518 691 attritos
2570 636 2684 691 dies
2709 646 2768 692 ut
2793 637 3004 707 oﬂ'erret
3039 638 3171 693 Cain
3199 637 3265 694 de
3290 640 3537 713 {nribus

1953 737 2109 783 rem
2143 742 2362 782 manere
2411 726 2653 782 Domino.
2687 726 2813 781 Abel
2839 744 3035 800 quoque
3060 725 3243 784 obruti!
3268 728 3335 784 de
3354 730 3537 800 primi-

1954 820 2039 874 tiis
2065 818 2236 891 gregis
2263 820 2346 873 sui
2371 826 2423 872 et
2448 818 2514 873 de
2538 817 2777 890 adipibus
2805 819 2937 890 ejus.
2980 817 3051 874 Et
3095 823 3325 893 respexit
3351 816 3536 876 Domi-

1950 922 2053 963 nus
2078 909 2150 963 ad
2176 909 2303 963 Abel
2328 918 2380 963 et
2405 908 2476 962 ad
2519 924 2735 963 munera
2762 910 2877 981 ejus
2907 925 2925 964 :
2954 909 3025 965 ad
3070 908 3201 966 Cain
3230 926 3348 967 uero
3384 921 3434 966 et
3468 912 3537 966 ad

1950 1016 2167 1056 munera
2203 1001 2316 1071 ejus
2341 1014 2447 1054 non
2484 999 2707 1071 respexit
2734 997 2886 1070 (Gen.
2919 1015 2991 1067 tv,
3019 998 3161 1071 3-5).
3218 998 3535 1072 Priusquam

1951 1091 2022 1148 de
2040 1090 2373 1147 evilentiore
2392 1090 2596 1162 judicio
2627 1091 2720 1147 Dei
2749 1090 2945 1158 dicam,
2976 1099 3108 1163 puto
3129 1092 3274 1162 quod
3294 1094 3457 1149 etiam
3479 1093 3534 1151 in

1954 1181 2038 1239 his
2062 1196 2184 1254 qtae
2201 1181 2314 1253 iam
2342 1180 2594 1249 diximus,
2624 1182 2869 1253 qumdam
2890 1194 3115 1239 censura
3140 1182 3329 1253 iudicii
3358 1193 3461 1240 est.
3478 1182 3536 1240 ln

1955 1272 2059 1329 hoc
2085 1272 2228 1328 enim
2254 1269 2400 1343 quod
2428 1273 2587 1328 unius
2612 1271 2934 1330 sacriﬁcium
2986 1271 3130 1329 Deus
3176 1272 3417 1345 suscipit,
3467 1276 3537 1330 aL

1956 1352 2120 1418 terius
2147 1360 2402 1429 excludit,
2425 1363 2827 1419 evidentissime
2845 1363 3032 1432 utique
3058 1373 3135 1418 ειη
3153 1363 3223 1418 de
3267 1362 3426 1418 unius
3447 1362 3536 1433 ju-

1953 1453 2098 1511 stitia
2119 1465 2175 1510 et
2198 1457 2268 1512 de
2299 1454 2580 1526 iniquitate
2606 1452 2831 1510 alterius
2846 1452 3123 1523 judicavit.
3147 1451 3257 1509 Sed
3292 1452 3397 1509 hoc
3439 1467 3533 1526 pa-
3576 1472 3584 1481 ο

1951 1560 2073 1601 rum
2128 1554 2231 1601 est.
2271 1542 2408 1601 Cum
2439 1543 2601 1615 igitur
2646 1544 2827 1600 futuro
2867 1542 3091 1600 facinori
3123 1544 3263 1599 riam
3290 1552 3537 1600 sternens

1956 1634 2173 1692 fratrem
2204 1636 2257 1691 in
2278 1634 2623 1691 solitudinem
2644 1634 2827 1701 trahit,
2875 1634 3099 1690 secretis
3146 1634 3535 1705 patrocinanti~

1952 1724 2053 1782 bus
2092 1725 2272 1782 scelus
2305 1725 2536 1797 peragit,
2578 1725 2923 1795 hnpiissimus
2964 1724 3168 1795 pariter
3203 1729 3258 1780 et
3284 1722 3535 1781 stultissi-

270 1818 450 1885 igitur,
481 1819 773 1888 postulatio
800 1817 922 1874 talis
941 1818 1173 1874 utilitate
1196 1832 1305 1873 non
1333 1826 1549 1886 careat;
1585 1818 1686 1891 13
1712 1832 1849 1890 quo-
1883 1825 1931 1893 Β
1954 1832 2094 1883 mus,
2123 1817 2217 1886 qui
2244 1815 2311 1871 ad
2332 1814 2753 1888 perpetrandum
2796 1815 3090 1870 maximum
3118 1813 3269 1870 neias
3293 1812 3537 1901 sufficere

262 1907 433 1963 modo
450 1907 661 1963 ratione
680 1907 957 1963 subsistit?
980 1908 1039 1964 Si
1053 1908 1199 1964 enim
1218 1907 1360 1963 Deus
1386 1922 1415 1963 a
1430 1918 1679 1979 respectu
1694 1908 1853 1979 hujus
1951 1909 2054 1966 sibi
2067 1907 2296 1967 credidit
2315 1909 2361 1964 si
2383 1917 2634 1980 aspectus
2649 1909 2844 1964 vitaret
2862 1906 3160 1974 hominum,
3185 1906 3535 1964 fratricidium

268 1998 449 2054 saecli
493 2011 677 2054 curam
705 2001 955 2068 removit,
983 2008 1042 2056 et
1065 2000 1450 2071 postulantium
1480 2001 1729 2072 precibus
1756 2017 1851 2058 au-

265 2102 357 2145 rea
382 2104 508 2145 suas
533 2090 752 2157 clausit;
780 2091 985 2159 absque
1011 2090 1176 2146 dubio
1202 2089 1295 2160 qui
1323 2102 1432 2145 non
1452 2090 1600 2146 audit
1624 2107 1727 2148 nos
1750 2107 1852 2163 pro

264 2176 654 2251 prtesentibus,
704 2195 811 2235 non
844 2178 993 2235 audit
1018 2180 1180 2236 etiam
1208 2195 1307 2251 pro
1328 2178 1554 2236 futuris:
1586 2181 1690 2235 nisi
1714 2178 1855 2236 forte

266 2269 541 2325 aedituus
562 2280 664 2340 pro
689 2283 912 2339 premam
932 2270 1244 2325 diversitate
1268 2284 1426 2324 aures
1445 2285 1571 2326 suas
1586 2270 1857 2326 Christum

271 2358 359 2413 vel
388 2359 626 2413 u-ihuere
653 2357 738 2414 vel
766 2370 981 2426 negare,
1013 2357 1067 2412 id
1090 2366 1195 2422 est,
1224 2367 1281 2412 at
1333 2358 1550 2414 claudat
1594 2373 1689 2414 cas
1734 2374 1857 2417 cum

270 2456 536 2516 iugantur
580 2447 883 2517 pmseutia,
935 2447 1144 2517 aperiat
1169 2458 1293 2501 cum
1320 2445 1515 2502 futura.
1548 2446 1655 2504 Sed
1675 2447 1745 2504 de
1770 2445 1855 2504 his

273 2534 568 2591 dicendum
590 2537 819 2605 amplius
840 2550 946 2591 non
967 2544 1071 2591 est.
1090 2534 1221 2590 Tam
1246 2537 1410 2591 stulta
1441 2537 1584 2593 enim
1623 2546 1750 2594 sunt
1797 2547 1854 2593 et

277 2631 394 2678 tam
439 2623 645 2689 frivola,
699 2633 758 2678 ut
782 2623 1079 2680 cavendum
1122 2621 1353 2679 sitbeid
1381 2625 1553 2694 ipsum
1580 2625 1725 2696 quod
1750 2638 1853 2698 pro

273 2715 486 2772 honore
504 2713 596 2769 Dei
624 2715 837 2780 dicitur,
866 2713 1059 2785 injuria
1093 2710 1187 2770 Dei
1216 2729 1336 2771 esse
1375 2716 1638 2772 videatur.
1680 2712 1852 2774 Tanta

268 2804 476 2875 quippe
526 2815 611 2861 est
650 2805 949 2874 maiestatis
999 2819 1166 2861 sacra:
1192 2814 1250 2861 et
1269 2813 1377 2860 tam
1406 2808 1681 2863 trahenda
1700 2822 1854 2866 rere

267 2899 499 2957 κειέξῶ
527 2906 587 2949 It
625 2911 733 2951 non
779 2897 953 2952 solum
978 2910 1042 2951 ea
1066 2907 1191 2967 quae
1212 2897 1283 2952 ab
1308 2897 1413 2953 ilia
1430 2905 1620 2953 contra
1640 2898 1854 2969 religio-

269 2998 401 3038 nem
422 2985 677 3041 dicuntur
702 2987 945 3053 horrere,
982 2987 1083 3043 sed
1124 2988 1290 3043 etiam
1322 2998 1444 3058 quae
1470 3001 1570 3059 pro
1595 2987 1856 3058 religione

276 3092 379 3132 nos
403 3074 502 3145 ipsi
526 3075 751 3131 dicimus
766 3092 889 3132 anu
912 3077 1101 3147 grandi
1120 3084 1268 3133 metu
1288 3091 1353 3133 ac
1371 3077 1654 3147 disciplina
1677 3079 1857 3136 dicere

1953 1999 2067 2056 Deo
2096 2008 2235 2056 teste
2286 1998 2542 2057 facturus.
2554 1992 2722 2055 ~Unde
2744 2006 2879 2069 puto
2906 1996 3053 2067 quod
3080 1996 3196 2054 haec
3222 1998 3276 2053 in
3304 1997 3399 2055 illo
3422 1998 3535 2069 jam

1956 2099 2085 2146 tunc
2108 2090 2293 2161 opinio
2313 2090 2472 2145 fuerit
2499 2103 2621 2159 quze
2640 2090 2856 2145 nuncin
2883 2088 3067 2144 multis
3087 2096 3188 2156 est,
3219 2089 3389 2147 Deum
3432 2092 3536 2147 sci-

1956 2177 2084 2234 licet
2128 2178 2407 2234 terrestria
2448 2193 2557 2233 non
2598 2180 2868 2249 respicere
2894 2186 2951 2234 et
2979 2185 3131 2233 actus
3156 2180 3537 2237 sceleratorum

1957 2266 2236 2323 hominum
2265 2280 2371 2321 non
2399 2267 2601 2340 videre.
2632 2266 2744 2323 Nec
2771 2265 2991 2322 dubium
3012 2275 3115 2333 est,
3148 2283 3269 2323 cum
3297 2276 3421 2340 post
3466 2266 3538 2324 i‘a—

1958 2357 2114 2413 cinus
2140 2355 2448 2423 admissum,
2481 2336 2576 2413 ι)ὸί
2604 2371 2853 2413 sermone
2879 2366 3196 2424 conventus,
3220 2336 3353 2415 nihil
3380 2375 3442 2415 se
3468 2360 3537 2415 de

1956 2446 2102 2505 unde
2144 2444 2324 2505 fratris
2354 2455 2381 2485 "
2427 2449 2566 2503 scire
2590 2447 2947 2519 responderit.
2980 2445 3128 2503 Adeo
3158 2446 3382 2504 inscium
3411 2448 3537 2506 facti

1952 2537 2037 2594 sui
2067 2537 2233 2593 Deum
2261 2536 2625 2595 arbitrabatur
2644 2546 2703 2593 ut
2724 2538 2969 2594 crederet
2991 2538 3367 2596 feralissimum
3387 2541 3537 2596 ncl'as

1953 2629 2062 2698 tegi
2109 2637 2268 2699 posse
2305 2626 2605 2685 mendacio.
2661 2628 2729 2684 At
2775 2628 2933 2685 aliter
2979 2637 3233 2701 expertus
3268 2636 3536 2700 estquam

1954 2717 2194 2791 putabat.
2252 2715 2387 2773 Nam
2444 2715 2633 2785 Deum,
2682 2735 2713 2774 a
2740 2733 2851 2789 quo
2879 2735 2989 2775 non
3009 2719 3337 2775 existimavit
3366 2720 3537 2776 videri

1954 2809 2159 2865 scelera
2179 2822 2300 2865 cum
2329 2808 2621 2876 occideret,
2647 2810 2817 2865 sensit
2834 2808 3017 2865 videre
3033 2826 3152 2865 cum
3166 2808 3530 2866 damnaretur.

1954 2894 2057 2954 llic
2087 2910 2229 2954 nunc
2247 2898 2521 2968 requirere
2549 2899 2617 2953 ab
2644 2898 2751 2953 illis
2769 2899 2895 2955 volo
2921 2898 3013 2970 qui
3044 2909 3243 2969 negant
3283 2914 3369 2955 res
3397 2916 3538 2958 nunc

1954 2988 2219 3045 humanas
2246 2990 2332 3045 vel
2357 2989 2551 3060 respici
2570 3002 2602 3044 a
2627 2988 2763 3054 Deo,
2795 2989 2879 3044 vel
2904 2990 3033 3058 regi,
3064 2990 3147 3046 vel
3170 2989 3430 3062 judicari;
3466 3009 3535 3049 an

1956 3086 2151 3134 cuncta
2200 3078 2255 3135 in
2303 3076 2387 3134 his
2412 3092 2531 3149 quze
2552 3078 2786 3134 diximus
2812 3092 2845 3134 c
2864 3077 3084 3136 diverso
3104 3072 3230 3135 sint.
3266 3080 3366 3154 ιδ
3394 3080 3537 3139 Puto

276 3168 583 3223 debeamus.
609 3167 778 3237 igitur
802 3169 849 3223 si
866 3170 1031 3225 stltitc
1052 3178 1220 3240 atque
1241 3168 1405 3241 intpie
1430 3170 1668 3226 creditur
1708 3168 1857 3243 quod
1880 3178 1929 3248 ρ
1959 3166 2105 3225 enim
2129 3167 2273 3239 quod
2296 3182 2536 3240 prtesens
2554 3176 2639 3225 est
2655 3168 2748 3240 qui
2768 3169 3035 3225 sacriﬁcio
3055 3167 3298 3237 interest,
3324 3179 3379 3228 ct
3401 3171 3539 3242 regit

274 3273 459 3315 curam
505 3259 858 3317 intumarum
894 3272 1076 3316 rerum
1123 3259 1299 3330 pietas
1351 3260 1532 3315 divina
1571 3259 1851 3332 despiciat.

271 3363 409 3419 ergo
456 3366 565 3406 non
607 3350 851 3423 despicit.
875 3350 939 3408 Si
981 3361 1164 3411 autem
1209 3366 1320 3411 non
1348 3353 1592 3427 despicit,
1616 3356 1773 3426 regit.
1800 3352 1857 3412 Si

276 3449 461 3497 autem
513 3443 669 3510 regit,
717 3444 822 3499 hoc
867 3444 1156 3515 ipsoquod
1182 3445 1322 3515 regit
1360 3445 1563 3516 iudicat
1588 3466 1601 3501 :
1631 3446 1756 3518 quia
1778 3460 1862 3503 re-

281 3533 463 3601 gimen
510 3546 636 3589 esse
664 3538 770 3590 non
799 3543 997 3607 potest,
1027 3536 1127 3592 nisi
1154 3535 1315 3594 fuerit
1335 3537 1538 3609 iugiter
1566 3536 1619 3593 in
1648 3546 1858 3594 rectore

279 3626 561 3695 judicium.
1184 3651 1200 3667 ο

352 3716 439 3771 Vi.
470 3714 577 3773 Sed
606 3720 796 3790 parum
824 3731 944 3777 esse
990 3720 1221 3778 fortasse
1243 3721 1508 3792 quispiam
1536 3729 1689 3793 putet
1714 3721 1857 3792 quod

256 3806 389 3862 'hoc
406 3806 548 3862 ratio
572 3808 834 3875 declarat,
856 3811 957 3866 nisi
982 3810 1243 3882 probetur
1258 3810 1541 3882 exemplis.
1570 3806 1860 3868 Videamus

278 3895 513 3964 qualiter
553 3898 807 3955 mundum
852 3912 885 3955 a
921 3901 1189 3971 principio
1242 3899 1383 3957 Deus
1406 3901 1645 3968 rexerit;
1678 3912 1734 3957 et
1784 3903 1861 3958 ita

278 4000 409 4042 eum
453 3989 634 4044 omnia
686 4001 901 4061 soinper
950 3990 1276 4059 gubernasse
1318 3991 1756 4056 monstrabimus,
1802 3998 1866 4046 ut

278 4076 441 4129 simul
461 4077 623 4131 etiam
633 4075 903 4146 iudicasse
920 4076 1232 4135 doceamus.
1254 4073 1399 4144 Quid
1426 4078 1570 4133 enim
1588 4076 1867 4147 Scriptura

282 4163 452 4221 dicit:
485 4160 753 4218 Formaeit
769 4166 925 4236 ὁσίην
943 4163 1085 4219 Deus
1109 4165 1367 4220 hostium
1391 4165 1456 4220 de
1473 4165 1597 4222 limo
1626 4173 1796 4233 terra,
1818 4174 1869 4222 et

196 4293 201 4297 .
585 4254 642 4307 in
667 4268 784 4307 eum
802 4247 1128 4325 spiraculum
1156 4255 1275 4310 vita
1300 4251 1452 4326 (Gen.
1477 4270 1534 4319 tt,
1554 4253 1635 4327 Ἴ).
1660 4252 1727 4310 Et
1740 4254 1868 4327 quid

276 4344 511 4417 postea?
557 4336 760 4408 Posuit,
818 4344 1011 4414 inquit,
1040 4356 1155 4400 eam:
1190 4344 1246 4400 in
1298 4345 1547 4416 paradiso
1589 4340 1865 4419 mtuptuﬁs

278 4434 469 4500 (tum,
496 4433 607 4505 ιδ).
628 4434 769 4502 Quid
792 4435 1084 4507 deinceps?
1108 4435 1263 4493 Dedit
1288 4436 1496 4496 scilicet
1511 4436 1710 4508 legem,
1726 4452 1865 4510 pra:-

1958 3258 2053 3329 qui
2079 3254 2214 3314 Cain
2254 3266 2379 3330 post
2402 3256 2662 3315 sacrificia
2687 3259 2934 3329 castigat,
2966 3269 3022 3316 et
3047 3259 3309 3317 sollicitus
3335 3270 3420 3319 est
3445 3265 3539 3335 qui

1956 3347 2030 3406 ab
2056 3345 2401 3406 interfectore
2425 3348 2764 3406 interfectum
2791 3350 3034 3422 requirit,
3082 3359 3139 3407 et
3188 3350 3394 3421 iudicat
3446 3355 3541 3424 qui

1958 3452 2329 3513 permissurum
2358 3438 2579 3512 impium
2603 3439 2749 3512 iusta
2788 3442 3260 3498 animadversione
3293 3443 3543 3500 condem-

1957 3540 2070 3588 nat.
2098 3530 2160 3587 in
2186 3544 2297 3603 quo
2324 3532 2541 3603 quidem
2586 3532 2750 3588 etiam
2802 3531 2932 3588 illud
2988 3549 3098 3589 non
3148 3533 3488 3590 incommode
3522 3554 3537 3588 :

1959 3622 1991 3663 ιι
2014 3636 2201 3679 verum
2225 3635 2295 3679 ne
2310 3622 2575 3679 miremur
2603 3634 2746 3679 nunc
2772 3632 2993 3680 sanctos
3021 3623 3543 3697 bominesquaedam

1958 3724 2150 3788 aspera
2177 3716 2308 3787 pati,
2340 3726 2464 3772 cum
2481 3714 2760 3771 videamus
2776 3714 2920 3785 quod
2930 3717 3043 3786 jam
3059 3723 3185 3771 tunc
3208 3714 3353 3773 Deus
3375 3717 3541 3773 etiam

1956 3820 2059 3879 per
2101 3807 2394 3862 maximum
2438 3806 2590 3864 nefas
2622 3817 2645 3847 ο
2674 3807 2910 3878 primum
2959 3815 3273 3863 sanctorum
3298 3807 3423 3864 sivit
3448 3825 3543 3865 oc»

1961 3899 2086 3954 cidi.
2118 3897 2247 3964 Qua:
2272 3897 2491 3966 quidem
2517 3908 2626 3966 qua
2650 3894 2866 3951 ratione
2901 3896 3158 3964 patiatur,
3215 3910 3390 3965 neque
3434 3895 3540 3952 bu-

1962 4000 2137 4043 mana:
2185 3984 2569 4041 imbecillitatis
2615 3993 2699 4040 est
2727 3983 2887 4054 plena
2914 3983 3167 4054 indagine
3192 3997 3543 4054 cognoscere,

1967 4088 2144 4146 neque
2173 4084 2298 4131 tunc
2324 4073 2587 4146 temporis
2606 4073 2902 4146 diaputare.
2927 4072 3145 4131 Interim
3168 4074 3400 4147 probare
3413 4076 3547 4133 satis

1967 4173 2051 4222 est
2078 4162 2258 4219 munia
2282 4160 2580 4219 istiusmodi
2601 4176 2711 4220 non
2741 4162 3064 4234 negligentia
3093 4172 3186 4219 aut
3213 4164 3419 4220 incuria
3442 4165 3540 4222 Dei
3568 4200 3581 4207 -

1967 4250 2103 4319 lteri,
2130 4252 2225 4308 sed
2250 4251 2479 4309 consilio
2524 4262 2588 4308 ac
2609 4252 3012 4324 dispensatione
3038 4254 3300 4325 permitti.
3331 4251 3546 4326 Nequa-

1962 4358 2127 4415 quam
2153 4352 2332 4399 autem
2354 4340 2609 4412 injustum
2630 4352 2923 4414 possumus
2951 4342 3148 4410 dicere,
3182 4344 3236 4400 in
3283 4360 3393 4415 quo
3420 4344 3548 4400 divi-

1966 4448 2095 4491 num
2149 4446 2270 4489 esse
2309 4432 2568 4503 judicium
2624 4448 2731 4489 non
2773 4444 3058 4505 pomumus
3084 4433 3390 4504 denegare:
3422 4434 3546 4505 quia

277 4525 454 4595 septis
477 4524 688 4591 inbuit,
718 4524 1053 4583 institutione
1074 4526 1346 4585 formavit.
1366 4523 1506 4596 Quid
1532 4537 1713 4585 autem
1734 4539 1857 4600 post
1886 4534 1934 4598 υ
1960 4538 2167 4584 summa
2190 4522 2397 4594 iustitia
2427 4530 2530 4589 est,
2554 4523 2804 4579 voluntas
2822 4520 2946 4578 Dei.
2995 4520 3181 4593 Neque
3226 4525 3371 4580 enim
3420 4524 3545 4580 ideo

277 4616 655 4673 unum
678 4618 799 4673 est?
820 4616 1083 4674 Praeteriit
1106 4617 1273 4675 homo
1289 4617 1601 4676 mandatum
1623 4632 1857 4684 sacrum,

278 4708 604 4763 saltemiam
631 4708 813 4776 subiit,
841 4707 1149 4779 paradisum
1168 4709 1423 4781 perdidit,
1454 4722 1668 4782 ptenam
1709 4710 1861 4767 dam-

283 4797 518 4853 nationis
563 4798 796 4869 excepit.
837 4798 968 4865 Quis
995 4814 1103 4855 non
1133 4799 1186 4855 in
1215 4800 1280 4855 iis
1307 4798 1557 4856 omnibus
1580 4807 1638 4855 et
1660 4799 1855 4869 ςὼαο

282 4898 529 4944 natorem
547 4889 717 4944 Deum
736 4889 915 4946 videat
934 4891 1265 4961 etjudiccm?
1291 4890 1395 4964 ιε
1410 4890 1699 4947 Constth
1716 4892 1860 4947 cuitu

1965 4630 2075 4673 non
2099 4616 2301 4687 justum
2331 4613 2581 4683 estquod
2605 4612 2861 4669 divinitas
2886 4613 3015 4682 agit,
3038 4614 3163 4683 quia
3204 4626 3398 4683 capere
3439 4614 3545 4668 vim

1964 4706 2159 4765 divina:
2175 4704 2394 4776 iustitiae
2410 4705 2579 4761 homo
2610 4721 2720 4761 non
2741 4704 2903 4760 valet.
2954 4702 3065 4760 Sed
3107 4704 3176 4759 ad
3210 4705 3548 4776 propositum

1960 4808 2313 4859 War.
2902 4869 2913 4879 .

2039 4890 2152 4947 νυ.
2188 4889 2445 4945 Videmus
2469 4902 2601 4957 ergo
2629 4890 2683 4943 in
2705 4888 2790 4944 his
2811 4902 2933 4959 quae
2956 4887 3098 4943 dicta
3137 4896 3262 4942 sunt
3286 4887 3419 4944 nihil
3470 4888 3548 4943 in~

282 4977 455 5034 Adam
480 4976 537 5035 in
566 4980 814 5051 paradiso
843 4980 1202 5047 innocentem,
1228 4981 1437 5051 expulit
1454 4992 1629 5038 reum.
1652 4981 1862 5039 incoe-
1967 4982 2116 5038 curia
2141 4980 2239 5035 Dei
2262 4988 2462 5045 actum,
2484 4979 2579 5035 sed
2598 4980 2725 5048 quia
2752 4977 3001 5048 quadam
3038 4993 3111 5034 ex
3138 4977 3222 5034 bis

280 5072 565 5127 stitutione
613 5073 879 5130 ordinatio
927 5081 1051 5137 est,
1100 5074 1155 5129 in
1206 5070 1525 5144 expulsione
1577 5073 1855 5144 judicium.
1910 5072 2145 5139 .divina
2196 5071 2274 5126 ita
2324 5070 2615 5131 ordinavit,
2672 5068 2921 5140 quaedam
2960 5069 3218 5139 patientia
3269 5070 3548 5130 sustitmit.

282 5162 509 5230 Quando
534 5162 679 5218 enim
707 5176 831 5219 eum
852 5165 905 5218 in
928 5164 1047 5219 loco
1067 5162 1356 5235 voluptatis
1396 5163 1599 5235 posuit,
1620 5228 1627 5235 O
1645 5163 1862 5220 ordina-

283 5251 397 5308 vit:
426 5252 648 5323 quando
674 5263 855 5310 autem
881 5270 1033 5310 reum
1058 5254 1127 5312 de
1146 5268 1314 5324 regno
1328 5256 1556 5325 expulit.
1587 5252 1858 5316 iudicavit.

1965 5164 2213 5235 quasdam
2240 5164 2506 5218 sententia
2527 5160 2553 5200 ἀ
2578 5162 2860 5228 judicavit.
2893 5160 3001 5217 Sed
3028 5176 3139 5215 non
3168 5161 3300 5216 satis
3331 5159 3549 5229 quidam

1968 5256 2105 5311 forte
2124 5253 2440 5309 existimant
2466 5256 2580 5309 hanc
2633 5268 2754 5323 quae
2774 5252 3006 5310 dicimus
3032 5266 3134 5307 nas
3158 5252 3416 5322 probasse
3452 5262 3550 5315 per

1470 5345 1808 5403 STEPﬂAN!
1840 5340 2112 5403 ωυῑιι
2148 5344 2377 5401 ΜΤΙΕ.

352 5447 380 5475 ι
420 5438 775 5493 Dnbitandum
806 5454 910 5493 non
939 5447 1021 5494 est
1043 5436 1319 5509 quinhtec
1344 5439 1506 5494 lectio
1534 5438 1862 5509 prtcferenda

282 5508 351 5576 sit
377 5509 426 5561 ei
456 5522 575 5576 qum
604 5515 779 5561 exstat
805 5509 856 5561 in
880 5505 1120 5562 editione
1141 5505 1352 5572 Pitbtei,
1382 5509 1473 5563 ubi
1495 5505 1571 5563 sic
1592 5510 1821 5576 habetur
1845 5526 1858 5561 :

286 5575 436 5631 Nihil
456 5575 510 5630 se
548 5576 612 5630 de
634 5576 771 5631 aede
797 5578 974 5647 fratris
998 5578 1257 5647 consciam
1290 5578 1629 5647 responderit.
1662 5575 1864 5631 Prmtcr

285 5649 659 5701 auctoritatem
700 5646 863 5716 pyrro
889 5647 1090 5716 codicis
1127 5646 1287 5716 Corb.
1333 5646 1459 5716 quo_
1488 5647 1573 5699 usi
1597 5660 1780 5700 sumus
1809 5648 1862 5699 in

204 5724 207 5729 '
286 5717 666 5770 emendatione
696 5708 800 5771 Βςί
830 5713 998 5778 istius,
1031 5714 1191 5769 lectio
1210 5715 1299 5767 illa
1326 5708 1675 5770 conﬁrmatur
1701 5715 1864 5769 etiam

1968 5439 2290 5495 auctoritate
2313 5438 2605 5493 editionum
2630 5432 2926 5492 ibassicani
2951 5428 3299 5489 et'Galesinii.

2041 5507 2068 5589 ξ)
2092 5507 2386 5589 Δέλεειςιιιίοι·
2412 5506 2787 5570 Ritteishusio,
2816 5503 2908 5573 qui
2937 5503 3158 5556 subesse
3183 5496 3271 5556 hic
3294 5498 3553 5575 mendam

1971 5582 2258 5631 existimat.

2048 5658 2067 5681 '
2112 5644 2166 5699 Itl
2187 5653 2264 5699 est
2275 5684 2290 5708 ,
2314 5644 2551 5698 Abeiem.

2046 5714 2073 5751 ⁴
2110 5712 2292 5769 Codex
2314 5713 2551 5768 Colbert.
2582 5709 2892 5777 uindicauit.
