4088 6360
555 327 638 383 ~89
1506 317 1562 372 S.
1606 308 1915 369 SALV’IANI
1954 303 2409 375 MASSILIENSIS
2449 296 2870 357 PRESBYTER]
3754 291 3827 347 ιο

571 452 790 508 paucos.
823 432 1107 489 Videamus
1134 446 1199 482 an
1224 428 1273 481 id
1296 430 1467 496 ipsum
1489 423 1832 479 manifestare
1878 419 2139 490 possimus
2168 435 2212 491 Α
2242 414 2485 485 profecto
2515 414 2917 482 intelligendum
2949 420 3032 464 est
3054 412 3103 464 in
3135 407 3429 463 minoribus
3452 406 3594 474 quod
3626 407 3677 459 in
3711 422 3829 459 ma-

571 529 733 585 etiam
748 544 852 598 per
879 526 1170 580 universos.
1205 521 1372 574 Aucta
1403 518 1561 586 igitur
1586 532 1651 573 ac
1672 514 2022 583 multiplicata
2042 511 2143 564 lm-

573 618 717 672 maui
745 610 1321 690 generis-multitudine
1373 608 1533 663 simul
1558 615 1615 660 et
1642 606 1940 673 iniquitate,
1969 602 2145 656 uidens

574 708 733 772 Deus,
759 707 927 775 inquit
953 704 1229 772 Scriptura
1259 714 1431 762 sacra,
1451 697 1589 769 quod
1625 697 1784 750 multa
1813 695 2013 748 malitia
2062 693 2151 746 lio-

572 800 778 861 ιιιίιιιιιιι,
791 805 921 849 esset
943 797 997 847 in
1018 803 1178 855 terra,
1199 802 1249 846 et
1268 798 1451 843 cuncta
1479 788 1720 859 cogitatio
1745 786 1913 840 cordis
1951 785 2147 838 intenta

535 958 542 965 ι
570 894 701 940 esset
720 884 789 938 ad
806 883 998 957 malum
1027 883 1167 936 omni
1192 890 1434 949 tempore,
1465 876 1699 946 paenituit
1741 890 1854 926 eum
1883 870 2017 943 quod
2062 870 2150 923 lto-

570 977 756 1029 minem
777 974 982 1044 fecisset
1004 973 1054 1025 in
1078 981 1248 1033 terra;
1271 979 1320 1022 et
1345 976 1507 1021 tactus
1528 964 1703 1020 dolore
1720 963 1892 1017 cordis
1912 962 2150 1015 intrinse-

569 1080 678 1133 cus,
710 1060 920 1127 Delebo,
942 1062 1127 1131 inquit,
1152 1052 1410 1112 hominem
1427 1072 1573 1116 cuem
1586 1054 1770 1115 creari,
1794 1070 1826 1105 a
1848 1052 1983 1123 facie
1998 1060 2145 1104 terra:

571 1152 728 1222 (Gen.
763 1169 834 1217 vi,
866 1150 1007 1220 5-7).
1031 1149 1445 1204 Cousideremus
1472 1142 1919 1214 quemadmodum
1957 1140 2011 1193 in
2066 1139 2149 1193 his

569 1243 820 1297 omnibus
847 1249 902 1295 et
929 1240 1229 1295 sollicitudo
1249 1236 1462 1291 Domini
1490 1235 1690 1306 pariter
1715 1240 1769 1286 et
1792 1231 2052 1286 severitas
2076 1230 2150 1282 in-

570 1333 795 1386 dicetur.
830 1329 1063 1399 Pritpum
1091 1328 1233 1382 enim
1264 1327 1338 1380 ait
1364 1344 1375 1377 :
1405 1326 1508 1396 ιε
1540 1322 1732 1376 Videas
1763 1330 1933 1373 autem
1977 1317 2145 1382 Deus;

492 1478 495 1483 ,
569 1420 825 1484 secimdo,
855 1418 1039 1472 Tactus
1069 1417 1246 1470 dolore
1265 1415 1435 1469 cordis
1464 1414 1801 1474 intrinsecus;
1832 1410 2012 1473 tertio,
2049 1409 2149 1462 De-

571 1510 703 1572 tebo,
754 1511 940 1577 inquit,
973 1509 1226 1562 hominem
1253 1523 1398 1577 quem
1448 1505 1635 1557 creavi.
1669 1499 1726 1556 in
1756 1501 1859 1554 hoc
1887 1500 2147 1568 siquidem

571 1600 717 1669 quod
739 1599 918 1653 videre
938 1597 1116 1651 omnia
1134 1597 1271 1649 Deus
1293 1595 1506 1657 dicitur,
1529 1607 1656 1647 cura
1680 1589 1794 1657 ejus
1819 1587 2145 1652 ostenditur;

573 1690 629 1743 in
659 1690 761 1743 hoc
806 1688 950 1758 quod
994 1688 1163 1752 dolet,
1192 1672 1365 1740 terror
1394 1684 1546 1749 irati;
1577 1683 1630 1736 iu
1678 1684 1782 1736 hoc
1807 1680 1950 1749 quod
1972 1680 2146 1749 punit,

2214 556 2215 561 η
2242 505 2450 575 joribus
2474 503 2872 572 comprobatur.

2320 593 2450 649 Vlll.
2483 592 2645 661 Igitur
2683 607 2804 646 cum
2837 597 2958 660 post
2986 589 3239 643 diluvium
3275 585 3608 655 generatiuni
3649 585 3828 661 homi-

2252 697 2377 736 num
2398 681 2757 747 benedisisset
2777 679 2935 744 Deus,
2950 680 3380 744 immensamque
3400 675 3673 730 hominum
3691 660 3828 729 inul—

2249 773 2528 828 titudinem
2573 771 2878 826 benedictio
2923 762 3037 839 ipsa
3087 775 3421 837 generasset,
3472 767 3707 847 loquitur
3757 767 3828 820 ad

2247 864 2515 918 Abraham
2565 862 2819 917 Dominus
2865 877 2897 915 e
2935 858 3074 915 cml'o
3122 858 3277 926 (Gen,
3305 874 3394 923 ιιι,
3424 858 3496 927 l),
3540 856 3826 924 jubens-ut

2247 955 2461 1010 deserat
2482 963 2677 1009 terram
2705 968 2879 1017 suam,
2908 951 3145 1019 inquirat
3165 950 3413 1004 alienam.
3458 948 3707 1011 Vocatur,
3737 963 3824 1011 se-

2251 1047 2451 1114 quitur,
2503 1044 2802 1111 adducitur,
2843 1043 3167 1106 collocatur;
3216 1038 3274 1092 ﬁt
3312 1039 3380 1094 de
3408 1053 3642 1108 paupere
3672 1036 3843 1095 locu-'

2254 1138 2389 1208 ples,
2422 1137 2488 1191 de
2528 1137 2710 1203 ignoto
2750 1143 2958 1204 potens,
2993 1131 3204 1195 iniimus
3231 1130 3682 1200 peregrinatione,
3725 1144 3824 1184 es-

2247 1228 2655 1284 cellentissimus
2700 1212 2975 1293 dignitate.
3000 1222 3116 1279 Sed
3144 1239 3208 1277 ne
3237 1222 3351 1277 haec
3397 1230 3574 1275 tamen
3626 1236 3747 1289 qum
3775 1223 3825 1275 ei

2224 1329 2276 1387 γε
2324 1317 2449 1371 data
2490 1332 2520 1370 a
2560 1316 2672 1370 Deo
2715 1314 2945 1379 fuerant,
2984 1311 3238 1377 muneris
3286 1319 3491 1364 tantum
3517 1309 3827 1364 viderentur

2246 1409 2432 1473 fuisse,
2465 1423 2570 1461 non
2599 1406 2795 1471 meriti,
2825 1404 2915 1483 qui
2944 1404 3226 1457 laetabatur
3247 1401 3536 1472 prosperis,
3567 1401 3828 1470 probatur

2248 1497 2503 1552 adversis.
2537 1495 2789 1565 Sequitur
2832 1495 3033 1564 quippe
3072 1492 3243 1557 labor,
3276 1491 3617 1562 periculum,
3642 1490 3821 1547 timor.

2249 1588 2487 1642 Vexatur
2519 1586 2979 1653 commigratione,
3021 1583 3276 1652 fatigatur
3303 1583 3512 1647 exsilio,
3547 1589 3826 1637 contume—
3860 1610 3876 1625 ο

2252 1678 2327 1751 lia
2366 1676 2613 1750 afficitur,
2661 1690 2827 1730 uxore
2881 1676 3164 1745 privatur;
3216 1673 3481 1728 immolari
3535 1673 3636 1728 sibi
3682 1673 3827 1729 Deus

573 1770 832 1835 severitas
873 1778 1175 1848 indicantis.
1208 1776 1459 1830 Paenituit
1503 1790 1644 1844 ergo,
1677 1768 1847 1839 inquit
1870 1769 2145 1839 Scriptura
2177 1779 2225 1839 Β
2253 1766 2413 1820 lilium
2435 1765 2613 1835 jussit,
2654 1772 2807 1834 pater
2834 1764 3053 1829 obtulit;
3088 1772 3149 1819 et
3174 1772 3430 1832 quantum:
3466 1762 3537 1817 ad
3576 1761 3602 1799 ἀ
3630 1762 3821 1831 defun-

572 1887 746 1934 sacra,
773 1869 933 1924 Deum
953 1868 1086 1940 quod
1110 1868 1368 1922 hominem
1393 1865 1593 1935 fecisset
1621 1864 1674 1915 in
1702 1872 1868 1925 terra;
1887 1874 1992 1913 non
2006 1857 2149 1939 quod

576 1954 717 2016 Deus
743 1962 812 2015 sit
836 1948 1099 2016 obnoxius
1127 1958 1249 2011 huic
1268 1955 1435 2010 motui
1464 1963 1555 2008 aut
1576 1954 1665 2006 ulli
1693 1952 1965 2019 subjaeeat
1987 1959 2010 1986 κ
2030 1964 2150 2018 pas-

574 2053 750 2117 sioni;
770 2051 863 2107 sed
890 2065 1066 2106 sermo
1090 2049 1300 2102 divinus
1328 2046 1393 2099 ad
1417 2030 1789 2099 insinuandam
1817 2040 2026 2111 plenius
2052 2054 2150 2093 no-

552 2127 655 2196 bis
692 2156 868 2195 rerum
914 2139 1231 2207 scriptarum
1262 2133 1696 2203 intelligentiam,
1716 2130 1870 2198 quasi
1914 2130 2149 2182 humano

580 2228 856 2283 nobiscum
905 2224 1099 2279 alfeetu
1143 2223 1384 2291 loquens,
1435 2220 1533 2273 sub
1578 2219 1792 2272 nomine
1840 2214 2149 2285 pmuitentis

574 2318 603 2357 ι’
626 2318 718 2372 Dei
741 2317 846 2370 vim
860 2313 1241 2380 demonstravit
1267 2312 1405 2364 irati.
1429 2308 1510 2363 ira
1532 2316 1613 2363 est
1634 2317 1811 2361 autem
1827 2305 2143 2369 Divinitatis,

576 2426 732 2480 poma
777 2407 1064 2478 peccantis.
1105 2405 1243 2471 Quid
1281 2418 1410 2471 ergo
1456 2410 1578 2473 post
1616 2402 1729 2465 base
1751 2408 1991 2467 secutum
2021 2401 2148 2454 est?

560 2496 723 2560 Cum,
749 2497 934 2566 inquit,
960 2488 1167 2549 vidisset
1188 2493 1324 2547 Deus
1346 2502 1537 2546 terram
1557 2507 1665 2544 esse
1686 2482 2149 2559 corruptrim,dixit

558 2582 650 2641 'ad
687 2585 839 2642 Noe:
872 2585 1024 2638 Finis
1069 2585 1317 2637 universa:
1357 2582 1529 2636 carnis
1556 2582 1688 2635 venit
1708 2596 1884 2634 coram
1910 2595 2032 2632 me:
2064 2594 2147 2632 re-

575 2681 717 2750 pleta
737 2688 811 2732 est
840 2687 975 2730 terra
997 2676 1265 2746 iniquitate
1292 2690 1323 2726 a
1346 2661 1698 2744 fecie'eorum,
1749 2679 1797 2723 et
1820 2686 1913 2741 ego
1944 2668 2147 2739 disper-

578 2771 701 2823 dam
728 2786 814 2823 eos
842 2762 959 2821 cum
979 2776 1115 2819 terra
1146 2763 1326 2836 (Ibid.,
1354 2764 1461 2831 15).
1494 2761 1561 2816 Et
1584 2762 1709 2831 quid
1731 2762 1950 2831 postea?
1994 2759 2149 2829 Βυριὶ

574 2870 715 2926 sunt,
750 2859 935 2926 inquit,
960 2872 1133 2912 omnes
1162 2857 1327 2927 fontes
1349 2853 1517 2925 abyssi
1545 2867 1765 2922 magnae,
1796 2861 1845 2905 et
1873 2858 2151 2904 cataracta:

577 2953 693 3006 caeli
739 2958 929 3021 aperta:
979 2958 1134 3002 sunt:
1176 2950 1413 3019 [actaque
1460 2954 1542 2998 est
1576 2944 1749 3014 pluvia
1774 2960 1930 3013 super
1960 2951 2149 2995 terram

581 3042 924 3115 quadraginta
948 3040 1121 3093 diebus
1141 3048 1189 3093 et
1211 3039 1559 3109 quadraginta
1588 3032 1819 3089 noctibus
1856 3032 2007 3106 (Gen.
2055 3050 2144 3099 vtt,

2249 1860 2483 1914 ctionem
2510 1857 2687 1912 cordis
2716 1856 2968 1925 pertinet,
3010 1854 3323 1908 immolavit.
3346 1853 3588 1933 .Rursum
3617 1854 3823 1918 exsilia,

2250 1963 2462 2004 rursum
2492 1957 2683 2013 metus,
2714 1946 3368 2021 Philistinorumoinvidia,
3400 1945 3707 2000 Abimelech
3739 1961 3825 2000 ra-

2244 2042 2375 2110 pina
2410 2060 2421 2093 :
2455 2040 2620 2095 multa
2653 2039 2867 2109 quidem
2897 2039 3057 2100 mala,
3088 2037 3184 2093 sed
3225 2046 3402 2092 tamen
3431 2037 3582 2107 paria
3610 2037 3823 2093 solatia.

2249 2130 2379 2184 Nam
2406 2131 2510 2186 etsi
2537 2145 2569 2183 a
2601 2129 2845 2200 plurimis
2868 2127 3116 2192 afficitur,
3142 2135 3318 2181 tamen
3346 2116 3413 2185 de
3433 2128 3686 2189 omnibus
3711 2128 3823 2182 vin-

2250 2223 2491 2295 dicatur.
2510 2221 2647 2288 Quid
2677 2221 2837 2289 igitur
2864 2221 2917 2274 in
2947 2220 3152 2275 cunctis
3192 2220 3306 2273 istis
3332 2233 3452 2287 quae
3497 2220 3822 2293 memoravi-

2247 2315 2410 2368 mus?
2439 2330 2563 2368 num
2592 2313 2731 2367 Deus
2753 2328 2860 2367 non
2890 2320 2973 2367 est
2997 2321 3054 2365 et
3083 2312 3373 2381 inspector,
3396 2319 3451 2365 et
3472 2296 3742 2374 invitator,
3769 2320 3819 2365 et

2251 2404 2459 2466 ductor,
2484 2412 2538 2457 et
2562 2402 2842 2471 sollicitus,
2872 2411 2929 2457 et
2955 2417 3201 2471 sponsor,
3234 2409 3288 2455 et
3309 2407 3596 2471 protector,
3627 2409 3682 2454 et
3699 2415 3823 2455 mu.

2254 2502 2496 2559 neralor,
2528 2503 2583 2547 et
2622 2495 2894 2562 probator,
2923 2501 2978 2547 et
3005 2492 3337 2557 sublimator,
3379 2484 3620 2554 etultor,
3663 2499 3719 2545 et
3738 2490 3822 2559 ju-

2249 2583 2391 2638 dex?
2417 2582 2695 2652 lnspector
2720 2582 2917 2651 quippe
2956 2590 3057 2645 est,
3102 2582 3227 2637 dum
3267 2597 3334 2636 ex
3372 2582 3619 2636 omnibus
3648 2598 3820 2637 unum

2249 2677 2409 2745 elegit
2446 2662 2606 2745 quem
2651 2676 2927 2730 meliorem
2959 2675 3114 2739 vidit;
3157 2673 3427 2740 invitator,
3458 2676 3584 2729 dum
3630 2684 3819 2742 vocat;

2248 2766 2457 2832 ductor,
2487 2766 2612 2821 dum
2642 2767 2709 2822 ad
2739 2767 2917 2836 ignota
2948 2768 3218 2837 perducit;
3261 2769 3538 2832 sollicitus,
3581 2769 3703 2824 dum
3751 2770 3817 2824 ad

2251 2858 2427 2913 ilicem
2451 2858 2661 2923 visitat;
2692 2871 2937 2927 sponsor,
2969 2858 3094 2912 dum
3119 2857 3294 2912 futura
3316 2859 3612 2928 promittit;
3636 2860 3822 2929 prote-

2250 2957 2389 3027 ctor,
2415 2949 2540 3017 quia
2571 2950 2709 3004 inter
2753 2958 2941 3017 gentes
2967 2949 3226 3003 barbaras
3253 2931 3527 3019 protexit;
3572 2966 3820 3005 munera-

2252 3048 2357 3109 tor,
2386 3041 2511 3110 quia
2553 3040 2928 3110 locupletavit;
2951 3039 3225 3109 probator,
3249 3041 3374 3110 quia
3402 3042 3597 3096 tentari
3621 3043 3819 3111 asperis

582 3132 668 3198 ll,
703 3130 809 3202 12).
831 3130 895 3184 Et
922 3130 1083 3199 paulo
1104 3137 1223 3200 post
1247 3146 1259 3181 :
1282 3127 1595 3211 Consumpta
1609 3135 1682 3180 est
1710 3127 1875 3180 omnis
1898 3142 2019 3179 caro
2039 3140 2152 3196 quae
2179 3132 2223 3196 ρ
2251 3130 2455 3199 voluit;
2498 3114 2828 3212 sublimator,
2868 3131 2990 3208 quia
3039 3119 3398 3200 potentiorem
3445 3133 3692 3186 erunibus
3724 3133 3821 3203 ιε

579 3225 875 3279 movebatur
929 3236 1081 3290 super
1135 3206 1324 3273 terram
1355 3208 1552 3288 (Ibid,
1584 3217 1643 3270 2|
1664 3217 1700 3287 ).
1756 3215 1820 3269 Et
1851 3213 2102 3284 deinceps
2134 3234 2146 3267 :

583 3313 847 3366 Remansit
876 3320 1043 3369 autem
1062 3312 1200 3364 solus
1224 3308 1356 3375 Noe,
1380 3318 1426 3363 et
1446 3310 1532 3380 qui
1560 3324 1676 3362 cum
1701 3324 1759 3361 eo
1788 3315 1936 3360 erant
1960 3308 2012 3360 in
2026 3322 2152 3360 arca

501 3446 505 3455 .
582 3400 767 3470 (Ibid.,
798 3400 909 3469 93).
945 3392 1041 3455 llic
1066 3416 1097 3452 ιι
1136 3414 1205 3479 nc
1234 3399 1504 3466 requirere
1525 3398 1592 3451 ab
1620 3394 1722 3451 illis
1748 3397 1873 3452 volo
1892 3396 1993 3465 qui
2011 3397 2155 3451 incu-

582 3491 780 3545 riosum
827 3506 1006 3544 rerum
1052 3489 1403 3543 humanarum
1449 3487 1721 3556 appellant
1749 3486 2030 3565 Deum,‘an
2060 3485 2153 3565 illo

584 3582 930 3653 temporevel
954 3595 1167 3635 curasse
1194 3595 1313 3635 eum
1345 3580 1614 3633 terrestria
1642 3577 1864 3634 credant
1887 3578 1971 3633 vel
2010 3577 2149 3648 judi-

585 3686 755 3726 casse.
807 3669 944 3725 Puto
988 3670 1130 3726 enim
1178 3685 1284 3723 non
1332 3668 1590 3737 judicavit
1612 3656 1836 3731 tantum,
1869 3669 1961 3723 sed
1992 3669 2153 3724 etiam

584 3763 869 3833 dupliciter
890 3762 1165 3832 judicavit.
1190 3761 1322 3816 Nam
1348 3761 1474 3815 dum
1504 3761 1749 3816 servabat
1776 3744 1966 3822 bonos.
2009 3760 2153 3829 pium

584 3871 641 3911 se
661 3855 1056 3919 retributorem,
1084 3862 1138 3908 et
1158 3852 1284 3907 dum
1304 3851 1626 3907 condemnat
1654 3851 1840 3913 malos,
1872 3866 1929 3906 se
1970 3866 2152 3904 verum

582 3946 809 4018 iudicem
830 3943 1213 4014 comprobavit.
1243 3941 1350 3998 Sed
1380 3928 1492 3997 haec
1517 3940 1737 3997 forsitan
1770 3940 1909 4012 apud
1936 3926 2149 4002 stultos,

582 4037 703 4107 quia
732 4044 857 4089 ante
880 4034 1152 4096 diluvium,
1186 4031 1236 4086 id
1257 4041 1355 4095 est,
1378 4032 1529 4101 quasi
1559 4030 1663 4086 alio
1691 4031 2150 4100 quodamsgcculo

579 4133 732 4192 gesta
747 4131 887 4186 sunt,
910 4122 1082 4175 minus
1094 4121 1428 4176 auctoritatis
1453 4120 1650 4175 habere
1675 4120 1972 4175 videantur.
1989 4119 2150 4186 Quasi

530 4200 545 4213 ’
584 4228 715 4265 vero
756 4221 846 4265 aut
874 4219 998 4265 tunc
1021 4210 1155 4263 alius
1197 4208 1334 4262 Deus
1373 4208 1550 4271 fuerit,
1575 4217 1666 4261 aut
1695 4219 1877 4278 postea
1906 4209 2151 4263 eamdem

584 4299 765 4354 mundi
786 4282 967 4353 curam
988 4298 1185 4352 habere
1206 4297 1455 4351 noluerit.
1475 4295 1703 4351 Possum
1730 4297 1947 4366 quidem
1970 4296 2150 4351 divino

578 4383 805 4442 munere
833 4403 928 4458 per
954 4387 1185 4454 singulas
1216 4384 1314 4458 17
1345 4394 1470 4456 post
1497 4386 1751 4439 diluvimn
1781 4387 2152 4453 generationes

2251 3222 2407 3284 fecit;
2432 3222 2591 3287 ultor,
2615 3222 2737 3291 quia
2759 3237 2881 3276 eum
2898 3221 2970 3277 de
2995 3219 3312 3277 adversariis
3329 3221 3472 3276 ultus
3498 3230 3611 3286 est;
3639 3221 3817 3290 judex,

2251 3313 2375 3383 quia
2401 3313 2526 3367 dum
2549 3313 2838 3377 ulciscitur,
2865 3311 3143 3380 judicavit.
3176 3311 3459 3380 Subjungit
3498 3324 3677 3366 autem
3704 3319 3817 3365 sta-

2255 3404 2348 3457 tim
2376 3404 2500 3458 buic
2530 3403 2765 3457 historizn
2790 3402 2931 3456 Deus
2958 3401 3144 3457 dicens
3189 3420 3201 3453 :
3243 3402 3450 3459 Ctamor
3480 3402 3818 3456 Sodomorum

2251 3505 2303 3569 et
2349 3493 2648 3563 Gomorrlrae
2695 3492 3065 3562 multiplicatus
3113 3501 3207 3555 est,
3262 3504 3311 3546 et
3348 3504 3610 3563 peccatum
3648 3509 3820 3546 eorum

2254 3593 2588 3656 aggravetum
2610 3592 2685 3637 est
2707 3584 2859 3636 nimis
2882 3580 3032 3652 (Gen.
3061 3598 3204 3646 mn,
3231 3582 3340 3646 20).
3373 3581 3594 3644 Clamor,
3630 3582 3818 3648 inquit,

2254 3676 2595 3730 Sodomorum
2622 3684 2673 3728 et
2702 3673 3003 3729 Comorrlm:
3041 3674 3405 3744 mul.iplicatus
3450 3681 3542 3726 est.
3594 3671 3820 3728 Pulchre

2254 3750 2545 3821 clamorem
2584 3765 2719 3820 dixit
2746 3765 2799 3818 in
2837 3779 2897 3819 se
2931 3764 3128 3819 habere
3159 3772 3394 3833 peccata.
3420 3761 3649 3817 Grandis
3677 3764 3846 3818 enim'

2253 3856 2453 3925 absque
2484 3854 2646 3908 dubio
2672 3853 3241 3935 peccantiuntclamor
3261 3859 3362 3915 est,
3391 3851 3482 3919 qui
3512 3866 3542 3904 a
3566 3860 3706 3906 terra
3737 3866 3820 3905 as-

2251 3946 2430 4021 cendit
2467 3944 2535 3999 ad
2580 3944 2794 4001 cadum.
2838 3926 3016 4010 Quare
3061 3926 3235 3999 autem
3281 3948 3500 4012 peccata
3545 3940 3824 3995 hominum

2251 4022 2402 4103 quasi
2432 4034 2665 4107 clamare
2687 4034 2947 4101 testatur?
2975 4032 3190 4088 Scilicet
3210 4032 3330 4101 quia
3361 4029 3495 4086 cmdi
3520 4044 3678 4087 aures
3697 4044 3823 4084 suas

2253 4126 2396 4179 Deus
2450 4124 2579 4178 dicit
2622 4125 2944 4185 clamoribus
2993 4132 3334 4193 peccatorum
3358 4163 3373 4188 ,
3422 4137 3491 4176 ne
3547 4119 3827 4183 dideratur.

2251 4231 2407 4285 pmna
2438 4217 2792 4285 peccantium.
2836 4213 2903 4268 Et
2940 4229 3066 4268 vere
3102 4214 3323 4277 clamor,
3355 4221 3413 4267 et
3458 4211 3671 4280 grandis
3709 4210 3828 4264 cia-.

2252 4321 2369 4381 mor
2409 4312 2507 4369 est,
2539 4305 2752 4378 quando
2783 4303 2975 4375 pietas;
3001 4304 3094 4358 Dei
3124 4313 3464 4372 peccatorum
3504 4301 3822 4357 clamoribus

2254 4390 2481 4458 vincitur
2508 4402 2567 4448 ut
2593 4403 2875 4463 peccantes
2897 4394 3086 4465 punire
3131 4398 3374 4458 cogatur.
3405 4388 3649 4446 Ostendit
3692 4403 3822 4456 ergo

584 4478 811 4549 probare
830 4493 946 4546 qua:
972 4476 1123 4541 dico;
1154 4476 1248 4530 sed
1286 4485 1340 4531 et
1366 4476 1657 4530 enormitas
1679 4484 1842 4541 vetat,
1885 4484 1940 4530 et
1970 4464 2144 4531 tamen
2181 4482 2225 4540 υ
2250 4484 2504 4561 Dominus
2530 4499 2689 4553 quam
2718 4485 2914 4559 invitus
2939 4483 3125 4554 puniat
3145 4482 3308 4538 etiam
3329 4481 3673 4550 gravissrmos
3697 4494 3821 4548 pec-

584 4577 729 4657 certa
748 4568 984 4637 qmrdam
1006 4576 1059 4622 et
1079 4568 1279 4636 majora
1302 4567 1570 4625 sufficiunt
1594 4587 1606 4621 :
1628 4570 1751 4638 quia
1773 4585 1892 4624 cum
1916 4569 2059 4624 idem
2079 4572 2149 4625 sit

583 4656 783 4727 absque
810 4657 972 4712 dubio
999 4656 1260 4725 majorum
1290 4658 1489 4735 pariter
1515 4673 1578 4714 ac
1604 4659 1866 4714 minorum
1893 4660 2051 4724 Deus,
2098 4661 2149 4715 id

2254 4570 2483 4640 catores,
2514 4575 2697 4649 dicens
2722 4574 2866 4647 quod
2894 4575 3097 4630 clamor
3150 4571 3508 4639 Sodomorum
3557 4569 3622 4624 ad
3649 4583 3709 4624 se
3736 4584 3824 4623 as-

2255 4664 2510 4720 cenderit.
2538 4663 2651 4721 Hoc
2688 4673 2770 4739 est
2797 4665 2975 4719 dicere
3013 4682 3026 4716 :
3060 4661 3420 4718 Misericordia
3449 4659 3663 4729 quidem
3702 4673 3821 4713 mea

1757 4789 2088 4845 STEPHANI
2126 4792 2392 4849 BALUZII
2430 4794 2654 4850 NOTAE.

652 4916 681 4942 ἰ
718 4904 806 4959 Sic
824 4905 958 4959 infra
988 4905 1077 4958 lib.
1102 4921 1174 4966 Iv,
1201 4917 1320 4973 pag.
1347 4903 1405 4954 7|
1445 4921 1457 4955 :
1490 4902 1711 4973 Cumque
1730 4903 1836 4973 ejus
1858 4912 2059 4957 natura:
2072 4906 2147 4957 'sit

581 4992 724 5029 utens
747 4974 851 5027 Dei.
870 4983 1019 5096 aique
1046 4972 1287 5054 majestas
1322 4982 1379 5049 ut
1415 4972 1874 5053 nutta_iraeundia:
1911 4975 2146 5054 passione

583 5053 857 5096 moveatur.
951 5044 1194 5096 trohmuc
1216 5042 1529 5096 vocabulum
1576 5042 1702 5095 illud
1731 5042 1954 5096 barbare
1997 5057 2141 5096 nosn—

583 5053 857 5099 moveatur.

583 5123 693 5167 tum
727 5120 809 5180 est
834 5127 932 5180 pro
976 5128 1041 5166 eo
1068 5110 1210 5180 quod
1261 5110 1429 5164 Latini
1459 5110 1640 5180 dicunt
1686 5112 1929 5180 affectum
1978 5110 2139 5180 animi

580 5182 667 5237 vel
711 5178 1414 5247 all'ectionem.’lnvaluerat
1466 5179 1708 5232 nimirum
1751 5194 1866 5232 ευνο
1910 5178 2141 5243 Salviani

579 5250 852 5320 corruptio
874 5250 963 5317 illa
993 5250 1182 5320 linguze
1224 5248 1506 5320 Romamn,
1534 5249 1746 5316 quando
1775 5248 1959 5320 eadem
1987 5264 2138 5320 voce,

581 5330 639 5374 ut
665 5316 997 5375 aﬂectionem
1027 5319 1188 5371 animi
1228 5316 1542 5385 signiﬁcent.
1580 5326 1797 5383 utuntur
1836 5318 1993 5370 etiam
2040 5317 2141 5370 Ba-

580 5390 811 5458 chiarius
852 5389 903 5442 in
931 5387 1157 5458 epistola
1203 5386 1267 5439 ad
1304 5387 1630 5458 Januarium,
1671 5395 1888 5458 sanctus
1916 5387 2141 5458 Ambro-

581 5458 709 5520 sius,
738 5454 1042 5521 Cassianus,
1083 5455 1305 5509 Faustus
1346 5456 1612 5516 Reiensis,
1660 5454 1920 5510 Czcsarius
1959 5456 2140 5508 Arela—

579 5527 765 5646 teaisis,
792 5525 1047 5645 lliurieius'
1070 5524 1351 5580 Lcnmvice
1374 5526 1479 5589 isis,
1496 5525 1733 5578 Julianus
1761 5523 2055 5589 Pomerius,
2078 5539 2151 5589 ac

579 5606 668 5646 mu
693 5602 730 5645 ιι
757 5610 785 5646 a
812 5611 864 5646 ιι.

579 5594 730 5647 multi
757 5594 864 5646 alii.

576 5718 594 5740 ,
645 5663 673 5703 ’⁸
708 5662 949 5720 imitatus
977 5675 1056 5720 est
1083 5665 1383 5718 Salvianum
1412 5664 1638 5718 Faustus
1668 5663 1905 5718 Rciensis
1949 5663 1999 5717 in
2029 5658 2140 5730 epi-

2246 4904 2381 4977 stola
2410 4904 2475 4960 ad
2504 4920 2846 4977 anonymum,
2879 4906 2930 4977 in
2964 4921 3066 4975 qua
3104 4907 3213 4959 haec
3241 4905 3491 4977 leguntur
3523 4922 3533 4954 :
3566 4899 3823 4977 (Ia-terum
3884 4968 3889 4971 ἦ

2247 4973 2345 5045 ρει
2382 4973 2708 5045 ira,-inslitia
2733 4985 2844 5037 est;
2877 4973 3176 5045 Dei—furor,
3221 4974 3502 5027 severitatis
3541 4974 3679 5045 rigor
3704 4978 3822 5031 est':

951 5041 1529 5121 trohiquevpcalndum
1576 5042 1702 5121 illud
1723 5041 1954 5121 barbare
1997 5043 2209 5121 posit.
2247 5041 2342 5121 Dei
2363 5041 2585 5120 jztrasse,
2628 5044 2870 5112 deﬁnisse
2896 5041 3131 5121 est_;fl)ei
3164 5044 3455 5112 ρωιιίιιιιεεε
3599 5042 3824 5121 Senten-

2245 5113 2319 5182 tia
2348 5110 2515 5182 tamen
2532 5110 2919 5182 'stepe'mutata.
2954 5113 3020 5167 Et
3058 5110 3172 5165 eum
3198 5130 3253 5165 se
3277 5110 3822 5182 persequente_atiquo
3846 5148 3850 5153 .

2243 5181 2365 5233 ιωάὶ
2395 5181 2536 5245 dicit,
2567 5176 2755 5233 crimen
2780 5182 3012 5236 (cedentis
3040 5176 3286 5235 ostendit:
3314 5176 3575 5233 Caeterum
3604 5176 3820 5231 Salvia-

2244 5265 2343 5301 nus
2373 5249 2461 5302 lib.
2492 5267 2547 5314 ιι,
2576 5263 2698 5318 pug.
2731 5248 2816 5313 9.9,
2843 5251 2917 5302 ait
2945 5258 3216 5320 aspectum
3246 5249 3542 5302 Divinitatis
3570 5248 3822 5316 propitia}

2242 5332 2360 5372 esse
2384 5334 2572 5373 munus
2600 5321 3017 5373 conservationis
3044 5320 3306 5372 humanae.

2316 5398 2336 5423 α
2376 5386 2635 5447 Colbert.,
2666 5388 2789 5439 data
2817 5403 2849 5439 ιι
2876 5386 3118 5441 Domino.

2313 5453 2337 5491 ἀ
2379 5454 2432 5507 In
2477 5470 2569 5507 ora
2600 5454 2887 5509 Pithmaum
2931 5455 3179 5510 editionis
3206 5463 3518 5509 annotatum
3558 5458 3639 5505 est
3683 5450 3813 5503 alibi

2242 5524 2339 5591 legi
2370 5523 2731 5591 deﬁnitimmn.
2759 5522 2875 5587 Quo
2919 5525 3078 5579 etiam
3108 5522 3281 5577 modo
3306 5523 3496 5590 legitur
3536 5522 3585 5574 in
3623 5517 3815 5572 codice

2240 5593 2330 5644 Cu.
2347 5592 2563 5645 beiensi.
3798 5622 3805 5625 λ

3384 5679 3423 5714 δ
