  <div class='ocr_page' id='page_1' title='image "/cluster/home/n/w/nwhite01/storage/ocr_20150623/53/hvd.32044015471576/026.png"; bbox 0 0 4088 6360; ppageno 0'>
   <div class='ocr_carea' id='block_1_1' title="bbox 303 295 1878 364">
    <p class='ocr_par' dir='ltr' id='par_1_1' title="bbox 303 295 1878 361">
     <span class='ocr_line' id='line_1_1' title="bbox 303 295 1878 361; baseline 0.003 -6"><span class='ocrx_word' id='word_1_1' title='bbox 303 301 365 355; x_wconf 70' lang='grc' dir='ltr'><strong>ιι</strong></span> <span class='ocrx_word' id='word_1_2' title='bbox 1399 295 1488 359; x_wconf 78' lang='lat' dir='ltr'><strong>DE</strong></span> <span class='ocrx_word' id='word_1_3' title='bbox 1525 301 1878 361; x_wconf 78' lang='lat' dir='ltr'><strong>GUBERNA’I</strong></span> 
     </span>
    </p>
   </div>
   <div class='ocr_carea' id='block_1_2' title="bbox 1978 295 3569 364">
    <p class='ocr_par' dir='ltr' id='par_1_2' title="bbox 1978 298 3569 364">
     <span class='ocr_line' id='line_1_2' title="bbox 1978 298 3569 364; baseline 0.002 -4"><span class='ocrx_word' id='word_1_4' title='bbox 1978 298 2054 360; x_wconf 62' lang='lat' dir='ltr'><strong>NE</strong></span> <span class='ocrx_word' id='word_1_5' title='bbox 2093 299 2204 360; x_wconf 83' lang='lat' dir='ltr'><strong>DEI</strong></span> <span class='ocrx_word' id='word_1_6' title='bbox 2243 304 2370 361; x_wconf 84' lang='lat' dir='ltr'><strong>LIB.</strong></span> <span class='ocrx_word' id='word_1_7' title='bbox 2413 307 2482 362; x_wconf 84' lang='lat' dir='ltr'><strong>I.-</strong></span> <span class='ocrx_word' id='word_1_8' title='bbox 3501 307 3569 364; x_wconf 69' lang='lat'><strong>4!</strong></span> 
     </span>
    </p>
   </div>
   <div class='ocr_carea' id='block_1_3' title="bbox 296 413 3568 491">
    <p class='ocr_par' dir='ltr' id='par_1_3' title="bbox 296 413 3568 491">
     <span class='ocr_line' id='line_1_3' title="bbox 296 413 3568 491; baseline 0.001 -18"><span class='ocrx_word' id='word_1_9' title='bbox 296 415 430 473; x_wconf 78' lang='lat' dir='ltr'><strong>mihi</strong></span> <span class='ocrx_word' id='word_1_10' title='bbox 458 414 650 471; x_wconf 89' lang='lat' dir='ltr'><strong>suadet</strong></span> <span class='ocrx_word' id='word_1_11' title='bbox 675 423 733 470; x_wconf 89' lang='lat' dir='ltr'><strong>ut</strong></span> <span class='ocrx_word' id='word_1_12' title='bbox 760 428 993 487; x_wconf 84' lang='lat' dir='ltr'><strong>parcam,</strong></span> <span class='ocrx_word' id='word_1_13' title='bbox 1025 416 1118 473; x_wconf 91' lang='lat' dir='ltr'><strong>sed</strong></span> <span class='ocrx_word' id='word_1_14' title='bbox 1148 424 1328 473; x_wconf 88' lang='lat' dir='ltr'><strong>tamen</strong></span> <span class='ocrx_word' id='word_1_15' title='bbox 1375 427 1716 490; x_wconf 81' lang='lat' dir='ltr'><strong>peccatorum</strong></span> <span class='ocrx_word' id='word_1_16' title='bbox 1765 419 1877 474; x_wconf 92' lang='lat' dir='ltr'><strong>cla-</strong></span> <span class='ocrx_word' id='word_1_17' title='bbox 1905 429 1952 486; x_wconf 75' lang='grc' dir='ltr'>Α</span> <span class='ocrx_word' id='word_1_18' title='bbox 1983 419 2276 488; x_wconf 87' lang='lat' dir='ltr'><strong>sacrilegus</strong></span> <span class='ocrx_word' id='word_1_19' title='bbox 2304 426 2626 487; x_wconf 76' lang='lat' dir='ltr'><strong>torqueatur</strong></span> <span class='ocrx_word' id='word_1_20' title='bbox 2651 413 2962 473; x_wconf 73' lang='lat' dir='ltr'><strong>diversitate</strong></span> <span class='ocrx_word' id='word_1_21' title='bbox 2991 417 3257 489; x_wconf 84' lang='lat' dir='ltr'><strong>supplicii.</strong></span> <span class='ocrx_word' id='word_1_22' title='bbox 3297 429 3320 457; x_wconf 78' lang='grc' dir='ltr'><strong>ο</strong></span> <span class='ocrx_word' id='word_1_23' title='bbox 3351 417 3417 473; x_wconf 87' lang='grc' dir='ltr'><strong>Ει</strong></span> <span class='ocrx_word' id='word_1_24' title='bbox 3438 422 3568 491; x_wconf 80' lang='lat' dir='ltr'><strong>quid</strong></span> 
     </span>
    </p>
   </div>
   <div class='ocr_carea' id='block_1_4' title="bbox 275 508 1879 582">
    <p class='ocr_par' dir='ltr' id='par_1_4' title="bbox 275 508 1879 582">
     <span class='ocr_line' id='line_1_4' title="bbox 275 508 1879 582; baseline 0.002 -20"><span class='ocrx_word' id='word_1_25' title='bbox 275 521 420 562; x_wconf 66' lang='lat' dir='ltr'><strong>«mor</strong></span> <span class='ocrx_word' id='word_1_26' title='bbox 448 509 593 576; x_wconf 90' lang='lat' dir='ltr'><strong>cogit</strong></span> <span class='ocrx_word' id='word_1_27' title='bbox 620 515 678 562; x_wconf 93' lang='lat' dir='ltr'><strong>ut</strong></span> <span class='ocrx_word' id='word_1_28' title='bbox 719 508 954 580; x_wconf 90' lang='lat' dir='ltr'><strong>puniam.</strong></span> <span class='ocrx_word' id='word_1_29' title='bbox 987 508 1122 564; x_wconf 89' lang='lat' dir='ltr'><strong>Cum</strong></span> <span class='ocrx_word' id='word_1_30' title='bbox 1164 524 1294 580; x_wconf 87' lang='lat' dir='ltr'><strong>ergo</strong></span> <span class='ocrx_word' id='word_1_31' title='bbox 1340 512 1440 566; x_wconf 90' lang='lat' dir='ltr'><strong>ista</strong></span> <span class='ocrx_word' id='word_1_32' title='bbox 1478 512 1717 578; x_wconf 79' lang='lat' dir='ltr'><strong>dixisset,</strong></span> <span class='ocrx_word' id='word_1_33' title='bbox 1751 512 1879 582; x_wconf 92' lang='lat' dir='ltr'><strong>quid</strong></span> 
     </span>
    </p>
   </div>
   <div class='ocr_carea' id='block_1_5' title="bbox 296 600 1875 674">
    <p class='ocr_par' dir='ltr' id='par_1_5' title="bbox 296 600 1875 674">
     <span class='ocr_line' id='line_1_5' title="bbox 296 600 1875 674; baseline 0.003 -20"><span class='ocrx_word' id='word_1_34' title='bbox 296 607 648 655; x_wconf 86' lang='lat' dir='ltr'><strong>consecutum</strong></span> <span class='ocrx_word' id='word_1_35' title='bbox 691 601 808 655; x_wconf 85' lang='lat' dir='ltr'><strong>est?</strong></span> <span class='ocrx_word' id='word_1_36' title='bbox 854 600 1137 656; x_wconf 82' lang='lat' dir='ltr'><strong>Mittuntur</strong></span> <span class='ocrx_word' id='word_1_37' title='bbox 1165 603 1339 672; x_wconf 79' lang='lat' dir='ltr'><strong>angeli</strong></span> <span class='ocrx_word' id='word_1_38' title='bbox 1385 602 1672 658; x_wconf 88' lang='lat' dir='ltr'><strong>Sodomam</strong></span> <span class='ocrx_word' id='word_1_39' title='bbox 1723 602 1875 674; x_wconf 85' lang='lat' dir='ltr'><strong>(Gen.</strong></span> 
     </span>
    </p>
   </div>
   <div class='ocr_carea' id='block_1_6' title="bbox 297 691 1881 768">
    <p class='ocr_par' dir='ltr' id='par_1_6' title="bbox 297 691 1881 768">
     <span class='ocr_line' id='line_1_6' title="bbox 297 691 1881 768; baseline 0.004 -22"><span class='ocrx_word' id='word_1_40' title='bbox 297 706 408 755; x_wconf 77' lang='lat' dir='ltr'><strong>xu,</strong></span> <span class='ocrx_word' id='word_1_41' title='bbox 429 691 479 756; x_wconf 88' lang='grc'><strong>1,</strong></span> <span class='ocrx_word' id='word_1_42' title='bbox 501 693 696 768; x_wconf 53' lang='lat' dir='ltr'><strong>seqq),</strong></span> <span class='ocrx_word' id='word_1_43' title='bbox 719 693 1154 763; x_wconf 79' lang='lat' dir='ltr'><strong>proﬁciscuntur,</strong></span> <span class='ocrx_word' id='word_1_44' title='bbox 1188 696 1477 760; x_wconf 90' lang='lat' dir='ltr'><strong>introeunt,</strong></span> <span class='ocrx_word' id='word_1_45' title='bbox 1509 697 1771 752; x_wconf 86' lang='lat' dir='ltr'><strong>bonorum</strong></span> <span class='ocrx_word' id='word_1_46' title='bbox 1799 697 1881 753; x_wconf 80' lang='lat' dir='ltr'><strong>fo-</strong></span> 
     </span>
    </p>
   </div>
   <div class='ocr_carea' id='block_1_7' title="bbox 297 784 1880 856">
    <p class='ocr_par' dir='ltr' id='par_1_7' title="bbox 297 784 1880 856">
     <span class='ocr_line' id='line_1_7' title="bbox 297 784 1880 856; baseline 0.003 -19"><span class='ocrx_word' id='word_1_47' title='bbox 297 791 494 838; x_wconf 90' lang='lat' dir='ltr'><strong>ventur</strong></span> <span class='ocrx_word' id='word_1_48' title='bbox 525 784 726 850; x_wconf 77' lang='lat' dir='ltr'><strong>ofﬁcio,</strong></span> <span class='ocrx_word' id='word_1_49' title='bbox 756 785 1020 842; x_wconf 90' lang='lat' dir='ltr'><strong>malorum</strong></span> <span class='ocrx_word' id='word_1_50' title='bbox 1050 797 1315 843; x_wconf 89' lang='lat' dir='ltr'><strong>vexantur</strong></span> <span class='ocrx_word' id='word_1_51' title='bbox 1353 788 1578 856; x_wconf 84' lang='lat' dir='ltr'><strong>injuria;</strong></span> <span class='ocrx_word' id='word_1_52' title='bbox 1610 797 1880 844; x_wconf 73' lang='lat' dir='ltr'><strong>caecantur</strong></span> 
     </span>
    </p>
   </div>
   <div class='ocr_carea' id='block_1_8' title="bbox 294 872 1878 952">
    <p class='ocr_par' dir='ltr' id='par_1_8' title="bbox 294 872 1878 952">
     <span class='ocr_line' id='line_1_8' title="bbox 294 872 1878 952; baseline 0.004 -23"><span class='ocrx_word' id='word_1_53' title='bbox 294 875 545 945; x_wconf 83' lang='lat' dir='ltr'><strong>improbi,</strong></span> <span class='ocrx_word' id='word_1_54' title='bbox 577 872 851 933; x_wconf 89' lang='lat' dir='ltr'><strong>salvantur</strong></span> <span class='ocrx_word' id='word_1_55' title='bbox 877 881 1052 949; x_wconf 89' lang='lat' dir='ltr'><strong>probi.</strong></span> <span class='ocrx_word' id='word_1_56' title='bbox 1103 890 1129 918; x_wconf 75' lang='grc' dir='ltr'><strong><em>κ</em></strong></span> <span class='ocrx_word' id='word_1_57' title='bbox 1155 879 1292 936; x_wconf 85' lang='lat' dir='ltr'><strong>Loth</strong></span> <span class='ocrx_word' id='word_1_58' title='bbox 1322 897 1443 936; x_wconf 90' lang='lat' dir='ltr'><strong>cum</strong></span> <span class='ocrx_word' id='word_1_59' title='bbox 1473 881 1753 945; x_wconf 82' lang='lat' dir='ltr'><strong>all&#39;ectibus</strong></span> <span class='ocrx_word' id='word_1_60' title='bbox 1775 882 1878 952; x_wconf 91' lang='lat' dir='ltr'><strong>piis</strong></span> 
     </span>
    </p>
   </div>
   <div class='ocr_carea' id='block_1_9' title="bbox 293 967 1878 1044">
    <p class='ocr_par' dir='ltr' id='par_1_9' title="bbox 293 967 1878 1044">
     <span class='ocr_line' id='line_1_9' title="bbox 293 967 1878 1044; baseline 0.005 -24"><span class='ocrx_word' id='word_1_61' title='bbox 293 967 427 1022; x_wconf 85' lang='lat' dir='ltr'><strong>urbe</strong></span> <span class='ocrx_word' id='word_1_62' title='bbox 455 967 702 1023; x_wconf 85' lang='lat' dir='ltr'><strong>educitur</strong></span> <span class='ocrx_word' id='word_1_63' title='bbox 745 987 756 1021; x_wconf 94' lang='lat'>:</span> <span class='ocrx_word' id='word_1_64' title='bbox 805 971 932 1025; x_wconf 85' lang='lat' dir='ltr'><strong>urbs</strong></span> <span class='ocrx_word' id='word_1_65' title='bbox 973 986 1092 1026; x_wconf 88' lang='lat' dir='ltr'><strong>cum</strong></span> <span class='ocrx_word' id='word_1_66' title='bbox 1122 971 1512 1027; x_wconf 80' lang='lat' dir='ltr'><strong>habitatoribus</strong></span> <span class='ocrx_word' id='word_1_67' title='bbox 1541 973 1717 1044; x_wconf 79' lang='lat' dir='ltr'><strong>impiis</strong></span> <span class='ocrx_word' id='word_1_68' title='bbox 1747 990 1878 1028; x_wconf 90' lang='lat' dir='ltr'><strong>con-</strong></span> 
     </span>
    </p>
   </div>
   <div class='ocr_carea' id='block_1_10' title="bbox 292 1059 1877 1134">
    <p class='ocr_par' dir='ltr' id='par_1_10' title="bbox 292 1059 1877 1134">
     <span class='ocr_line' id='line_1_10' title="bbox 292 1059 1877 1134; baseline 0.004 -21"><span class='ocrx_word' id='word_1_69' title='bbox 292 1069 582 1114; x_wconf 82' lang='lat' dir='ltr'><strong>crematur.</strong></span> <span class='ocrx_word' id='word_1_70' title='bbox 617 1059 894 1130; x_wconf 89' lang='lat' dir='ltr'><strong>lnterrogo</strong></span> <span class='ocrx_word' id='word_1_71' title='bbox 936 1063 1023 1118; x_wconf 90' lang='lat' dir='ltr'><strong>hic</strong></span> <span class='ocrx_word' id='word_1_72' title='bbox 1053 1070 1356 1118; x_wconf 86' lang='lat' dir='ltr'><strong>utrumnam</strong></span> <span class='ocrx_word' id='word_1_73' title='bbox 1397 1064 1539 1119; x_wconf 88' lang='lat' dir='ltr'><strong>Deus</strong></span> <span class='ocrx_word' id='word_1_74' title='bbox 1568 1081 1636 1119; x_wconf 93' lang='lat' dir='ltr'><strong>ex</strong></span> <span class='ocrx_word' id='word_1_75' title='bbox 1673 1064 1877 1134; x_wconf 87' lang='lat' dir='ltr'><strong>judicio</strong></span> 
     </span>
    </p>
   </div>
   <div class='ocr_carea' id='block_1_11' title="bbox 292 1151 1876 1226">
    <p class='ocr_par' dir='ltr' id='par_1_11' title="bbox 292 1151 1876 1226">
     <span class='ocr_line' id='line_1_11' title="bbox 292 1151 1876 1226; baseline 0.004 -21"><span class='ocrx_word' id='word_1_76' title='bbox 292 1151 484 1218; x_wconf 90' lang='lat' dir='ltr'><strong>malos,</strong></span> <span class='ocrx_word' id='word_1_77' title='bbox 509 1168 576 1206; x_wconf 91' lang='lat' dir='ltr'><strong>an</strong></span> <span class='ocrx_word' id='word_1_78' title='bbox 618 1153 734 1208; x_wconf 86' lang='lat' dir='ltr'><strong>sine</strong></span> <span class='ocrx_word' id='word_1_79' title='bbox 757 1153 958 1223; x_wconf 91' lang='lat' dir='ltr'><strong>judicio</strong></span> <span class='ocrx_word' id='word_1_80' title='bbox 986 1157 1382 1210; x_wconf 86' lang='lat' dir='ltr'><strong>concremarit?</strong></span> <span class='ocrx_word' id='word_1_81' title='bbox 1411 1157 1511 1222; x_wconf 81' lang='lat' dir='ltr'><strong>Qui</strong></span> <span class='ocrx_word' id='word_1_82' title='bbox 1541 1158 1656 1211; x_wconf 91' lang='lat' dir='ltr'><strong>sine</strong></span> <span class='ocrx_word' id='word_1_83' title='bbox 1672 1157 1876 1226; x_wconf 90' lang='lat' dir='ltr'><strong>judicio</strong></span> 
     </span>
    </p>
   </div>
   <div class='ocr_carea' id='block_1_12' title="bbox 290 1239 1872 1318">
    <p class='ocr_par' dir='ltr' id='par_1_12' title="bbox 290 1239 1872 1318">
     <span class='ocr_line' id='line_1_12' title="bbox 290 1239 1872 1318; baseline 0.004 -20"><span class='ocrx_word' id='word_1_84' title='bbox 290 1239 598 1299; x_wconf 85' lang='lat' dir='ltr'><strong>Sodomitas</strong></span> <span class='ocrx_word' id='word_1_85' title='bbox 618 1245 833 1314; x_wconf 91' lang='lat' dir='ltr'><strong>punitos</strong></span> <span class='ocrx_word' id='word_1_86' title='bbox 858 1261 888 1300; x_wconf 89' lang='lat' dir='ltr'><strong>a</strong></span> <span class='ocrx_word' id='word_1_87' title='bbox 914 1247 1025 1302; x_wconf 90' lang='lat' dir='ltr'><strong>Deo</strong></span> <span class='ocrx_word' id='word_1_88' title='bbox 1046 1247 1194 1312; x_wconf 90' lang='lat' dir='ltr'><strong>dicit,</strong></span> <span class='ocrx_word' id='word_1_89' title='bbox 1219 1249 1459 1318; x_wconf 90' lang='lat' dir='ltr'><strong>iniquum</strong></span> <span class='ocrx_word' id='word_1_90' title='bbox 1482 1249 1648 1304; x_wconf 90' lang='lat' dir='ltr'><strong>Deum</strong></span> <span class='ocrx_word' id='word_1_91' title='bbox 1678 1252 1872 1318; x_wconf 80' lang='lat' dir='ltr'><strong>arguit.</strong></span> 
     </span>
    </p>
   </div>
   <div class='ocr_carea' id='block_1_13' title="bbox 291 1333 1874 1412">
    <p class='ocr_par' dir='ltr' id='par_1_13' title="bbox 291 1333 1874 1412">
     <span class='ocr_line' id='line_1_13' title="bbox 291 1333 1874 1412; baseline 0.006 -23"><span class='ocrx_word' id='word_1_92' title='bbox 291 1333 352 1390; x_wconf 86' lang='lat' dir='ltr'><strong>Si</strong></span> <span class='ocrx_word' id='word_1_93' title='bbox 382 1345 557 1392; x_wconf 91' lang='lat' dir='ltr'><strong>autem</strong></span> <span class='ocrx_word' id='word_1_94' title='bbox 585 1353 706 1392; x_wconf 91' lang='lat' dir='ltr'><strong>cum</strong></span> <span class='ocrx_word' id='word_1_95' title='bbox 723 1339 926 1408; x_wconf 87' lang='lat' dir='ltr'><strong>judicio</strong></span> <span class='ocrx_word' id='word_1_96' title='bbox 949 1341 1120 1396; x_wconf 91' lang='lat' dir='ltr'><strong>malos</strong></span> <span class='ocrx_word' id='word_1_97' title='bbox 1149 1341 1397 1412; x_wconf 86' lang='lat' dir='ltr'><strong>perdidit,</strong></span> <span class='ocrx_word' id='word_1_98' title='bbox 1426 1343 1703 1412; x_wconf 79' lang='lat' dir='ltr'><strong>judicavit.</strong></span> <span class='ocrx_word' id='word_1_99' title='bbox 1730 1344 1755 1382; x_wconf 69' lang='grc' dir='ltr'><strong>υ</strong></span> <span class='ocrx_word' id='word_1_100' title='bbox 1779 1343 1874 1399; x_wconf 85' lang='lat' dir='ltr'><strong>Ju-</strong></span> 
     </span>
    </p>
   </div>
   <div class='ocr_carea' id='block_1_14' title="bbox 291 1425 1876 1502">
    <p class='ocr_par' dir='ltr' id='par_1_14' title="bbox 291 1425 1876 1502">
     <span class='ocr_line' id='line_1_14' title="bbox 291 1425 1876 1502; baseline 0.006 -22"><span class='ocrx_word' id='word_1_101' title='bbox 291 1425 488 1482; x_wconf 87' lang='lat' dir='ltr'><strong>dicavit</strong></span> <span class='ocrx_word' id='word_1_102' title='bbox 526 1429 742 1498; x_wconf 88' lang='lat' dir='ltr'><strong>utique;</strong></span> <span class='ocrx_word' id='word_1_103' title='bbox 769 1438 822 1485; x_wconf 91' lang='lat' dir='ltr'><strong>et</strong></span> <span class='ocrx_word' id='word_1_104' title='bbox 861 1432 1075 1502; x_wconf 90' lang='lat' dir='ltr'><strong>quidem</strong></span> <span class='ocrx_word' id='word_1_105' title='bbox 1093 1432 1220 1501; x_wconf 74' lang='lat' dir='ltr'><strong>jam&#39;</strong></span> <span class='ocrx_word' id='word_1_106' title='bbox 1235 1434 1389 1502; x_wconf 89' lang='lat' dir='ltr'><strong>quasi</strong></span> <span class='ocrx_word' id='word_1_107' title='bbox 1417 1435 1482 1488; x_wconf 90' lang='lat' dir='ltr'><strong>ad</strong></span> <span class='ocrx_word' id='word_1_108' title='bbox 1515 1435 1684 1489; x_wconf 88' lang='lat' dir='ltr'><strong>instar</strong></span> <span class='ocrx_word' id='word_1_109' title='bbox 1712 1434 1876 1490; x_wconf 80' lang='lat' dir='ltr'><strong>futuri</strong></span> 
     </span>
    </p>
   </div>
   <div class='ocr_carea' id='block_1_15' title="bbox 288 1515 1875 1596">
    <p class='ocr_par' dir='ltr' id='par_1_15' title="bbox 288 1515 1875 1596">
     <span class='ocr_line' id='line_1_15' title="bbox 288 1515 1875 1596; baseline 0.008 -25"><span class='ocrx_word' id='word_1_110' title='bbox 288 1515 471 1587; x_wconf 80' lang='lat' dir='ltr'><strong>iudicii</strong></span> <span class='ocrx_word' id='word_1_111' title='bbox 507 1520 784 1589; x_wconf 88' lang='lat' dir='ltr'><strong>judicavit.</strong></span> <span class='ocrx_word' id='word_1_112' title='bbox 815 1521 949 1578; x_wconf 88' lang='lat' dir='ltr'><strong>Cum</strong></span> <span class='ocrx_word' id='word_1_113' title='bbox 979 1524 1124 1578; x_wconf 91' lang='lat' dir='ltr'><strong>enim</strong></span> <span class='ocrx_word' id='word_1_114' title='bbox 1153 1524 1220 1579; x_wconf 90' lang='lat' dir='ltr'><strong>ad</strong></span> <span class='ocrx_word' id='word_1_115' title='bbox 1262 1526 1580 1596; x_wconf 87' lang='lat' dir='ltr'><strong>supplicium</strong></span> <span class='ocrx_word' id='word_1_116' title='bbox 1611 1528 1875 1584; x_wconf 90' lang='lat' dir='ltr'><strong>malorum</strong></span> 
     </span>
    </p>
   </div>
   <div class='ocr_carea' id='block_1_16' title="bbox 287 1611 1873 1686">
    <p class='ocr_par' dir='ltr' id='par_1_16' title="bbox 287 1611 1873 1686">
     <span class='ocr_line' id='line_1_16' title="bbox 287 1611 1873 1686; baseline 0.006 -22"><span class='ocrx_word' id='word_1_117' title='bbox 287 1611 591 1679; x_wconf 88' lang='lat' dir='ltr'><strong>gehennam</strong></span> <span class='ocrx_word' id='word_1_118' title='bbox 631 1613 685 1667; x_wconf 93' lang='lat' dir='ltr'><strong>in</strong></span> <span class='ocrx_word' id='word_1_119' title='bbox 715 1613 946 1669; x_wconf 80' lang='lat' dir='ltr'><strong>futurum</strong></span> <span class='ocrx_word' id='word_1_120' title='bbox 977 1631 1220 1672; x_wconf 88' lang='lat' dir='ltr'><strong>arsuram</strong></span> <span class='ocrx_word' id='word_1_121' title='bbox 1249 1633 1368 1674; x_wconf 89' lang='lat' dir='ltr'><strong>esse</strong></span> <span class='ocrx_word' id='word_1_122' title='bbox 1412 1618 1753 1675; x_wconf 83' lang='lat' dir='ltr'><strong>manifestum</strong></span> <span class='ocrx_word' id='word_1_123' title='bbox 1783 1621 1873 1686; x_wconf 91' lang='lat' dir='ltr'><strong>sit,</strong></span> 
     </span>
    </p>
   </div>
   <div class='ocr_carea' id='block_1_17' title="bbox 287 1699 1870 1770">
    <p class='ocr_par' dir='ltr' id='par_1_17' title="bbox 287 1699 1870 1770">
     <span class='ocr_line' id='line_1_17' title="bbox 287 1699 1870 1770; baseline 0.008 -14"><span class='ocrx_word' id='word_1_124' title='bbox 287 1699 579 1758; x_wconf 85' lang='lat' dir='ltr'><strong>Sodomam</strong></span> <span class='ocrx_word' id='word_1_125' title='bbox 615 1713 670 1760; x_wconf 91' lang='lat' dir='ltr'><strong>et</strong></span> <span class='ocrx_word' id='word_1_126' title='bbox 705 1707 905 1763; x_wconf 89' lang='lat' dir='ltr'><strong>vicinas</strong></span> <span class='ocrx_word' id='word_1_127' title='bbox 943 1710 994 1764; x_wconf 91' lang='lat' dir='ltr'><strong>ei</strong></span> <span class='ocrx_word' id='word_1_128' title='bbox 1036 1710 1195 1766; x_wconf 80' lang='lat' dir='ltr'><strong>urbes</strong></span> <span class='ocrx_word' id='word_1_129' title='bbox 1224 1712 1460 1768; x_wconf 76' lang='lat' dir='ltr'><strong>cmlestis</strong></span> <span class='ocrx_word' id='word_1_130' title='bbox 1489 1713 1704 1768; x_wconf 83' lang='lat' dir='ltr'><strong>ﬂamma</strong></span> <span class='ocrx_word' id='word_1_131' title='bbox 1734 1731 1870 1770; x_wconf 92' lang='lat' dir='ltr'><strong>con-</strong></span> 
     </span>
    </p>
   </div>
   <div class='ocr_carea' id='block_1_18' title="bbox 1982 510 3567 583">
    <p class='ocr_par' dir='ltr' id='par_1_18' title="bbox 1982 510 3567 583">
     <span class='ocr_line' id='line_1_18' title="bbox 1982 510 3567 583; baseline 0.001 -17"><span class='ocrx_word' id='word_1_132' title='bbox 1982 512 2296 583; x_wconf 87' lang='lat' dir='ltr'><strong>postremo?</strong></span> <span class='ocrx_word' id='word_1_133' title='bbox 2342 511 2524 565; x_wconf 89' lang='lat' dir='ltr'><strong>decies</strong></span> <span class='ocrx_word' id='word_1_134' title='bbox 2565 511 2811 577; x_wconf 86' lang='lat' dir='ltr'><strong>rebellat,</strong></span> <span class='ocrx_word' id='word_1_135' title='bbox 2854 510 3033 568; x_wconf 87' lang='lat' dir='ltr'><strong>decies</strong></span> <span class='ocrx_word' id='word_1_136' title='bbox 3061 512 3392 567; x_wconf 87' lang='lat' dir='ltr'><strong>verberatur.</strong></span> <span class='ocrx_word' id='word_1_137' title='bbox 3427 512 3567 578; x_wconf 85' lang='lat' dir='ltr'><strong>Quid</strong></span> 
     </span>
    </p>
   </div>
   <div class='ocr_carea' id='block_1_19' title="bbox 1983 602 3568 675">
    <p class='ocr_par' dir='ltr' id='par_1_19' title="bbox 1983 602 3568 675">
     <span class='ocr_line' id='line_1_19' title="bbox 1983 602 3568 675; baseline -0.001 -14"><span class='ocrx_word' id='word_1_138' title='bbox 1983 620 2114 675; x_wconf 91' lang='lat' dir='ltr'><strong>ergo</strong></span> <span class='ocrx_word' id='word_1_139' title='bbox 2143 605 2407 661; x_wconf 88' lang='lat' dir='ltr'><strong>dicimus?</strong></span> <span class='ocrx_word' id='word_1_140' title='bbox 2436 602 2574 658; x_wconf 87' lang='lat' dir='ltr'><strong>Puto</strong></span> <span class='ocrx_word' id='word_1_141' title='bbox 2616 603 2760 674; x_wconf 89' lang='lat' dir='ltr'><strong>quod</strong></span> <span class='ocrx_word' id='word_1_142' title='bbox 2811 605 2864 658; x_wconf 91' lang='lat' dir='ltr'><strong>in</strong></span> <span class='ocrx_word' id='word_1_143' title='bbox 2894 605 2977 660; x_wconf 90' lang='lat' dir='ltr'><strong>his</strong></span> <span class='ocrx_word' id='word_1_144' title='bbox 3015 605 3261 659; x_wconf 90' lang='lat' dir='ltr'><strong>omnibus</strong></span> <span class='ocrx_word' id='word_1_145' title='bbox 3289 612 3345 658; x_wconf 92' lang='lat' dir='ltr'><strong>et</strong></span> <span class='ocrx_word' id='word_1_146' title='bbox 3373 619 3568 659; x_wconf 81' lang='lat' dir='ltr'><strong>curare</strong></span> 
     </span>
    </p>
   </div>
   <div class='ocr_carea' id='block_1_20' title="bbox 1981 695 3560 769">
    <p class='ocr_par' dir='ltr' id='par_1_20' title="bbox 1981 695 3560 769">
     <span class='ocr_line' id='line_1_20' title="bbox 1981 695 3560 769; baseline -0.003 -17"><span class='ocrx_word' id='word_1_147' title='bbox 1981 699 2186 769; x_wconf 82' lang='lat' dir='ltr'><strong>pariter</strong></span> <span class='ocrx_word' id='word_1_148' title='bbox 2225 714 2311 752; x_wconf 90' lang='lat' dir='ltr'><strong>res</strong></span> <span class='ocrx_word' id='word_1_149' title='bbox 2359 697 2620 751; x_wconf 91' lang='lat' dir='ltr'><strong>humanas</strong></span> <span class='ocrx_word' id='word_1_150' title='bbox 2649 695 2819 749; x_wconf 90' lang='lat' dir='ltr'><strong>Deum</strong></span> <span class='ocrx_word' id='word_1_151' title='bbox 2868 703 2922 750; x_wconf 91' lang='lat' dir='ltr'><strong>et</strong></span> <span class='ocrx_word' id='word_1_152' title='bbox 2969 695 3210 764; x_wconf 89' lang='lat' dir='ltr'><strong>judicare</strong></span> <span class='ocrx_word' id='word_1_153' title='bbox 3246 709 3560 765; x_wconf 77' lang='lat' dir='ltr'><strong>cognoscas.</strong></span> 
     </span>
    </p>
   </div>
   <div class='ocr_carea' id='block_1_21' title="bbox 1987 787 3562 860">
    <p class='ocr_par' dir='ltr' id='par_1_21' title="bbox 1987 787 3562 860">
     <span class='ocr_line' id='line_1_21' title="bbox 1987 787 3562 860; baseline -0.001 -17"><span class='ocrx_word' id='word_1_154' title='bbox 1987 787 2007 826; x_wconf 72' lang='grc' dir='ltr'>ί</span> <span class='ocrx_word' id='word_1_155' title='bbox 2038 789 2094 843; x_wconf 88' lang='lat' dir='ltr'><strong>In</strong></span> <span class='ocrx_word' id='word_1_156' title='bbox 2127 787 2362 860; x_wconf 61' lang='lat' dir='ltr'><strong>Egypto</strong></span> <span class='ocrx_word' id='word_1_157' title='bbox 2391 787 2588 857; x_wconf 90' lang='lat' dir='ltr'><strong>quippe</strong></span> <span class='ocrx_word' id='word_1_158' title='bbox 2618 796 2744 840; x_wconf 92' lang='lat' dir='ltr'><strong>tunc</strong></span> <span class='ocrx_word' id='word_1_159' title='bbox 2771 787 2914 840; x_wconf 91' lang='lat' dir='ltr'><strong>enim</strong></span> <span class='ocrx_word' id='word_1_160' title='bbox 2944 802 3054 841; x_wconf 89' lang='lat' dir='ltr'><strong>non</strong></span> <span class='ocrx_word' id='word_1_161' title='bbox 3081 787 3306 857; x_wconf 81' lang='lat' dir='ltr'><strong>simplex</strong></span> <span class='ocrx_word' id='word_1_162' title='bbox 3336 795 3562 853; x_wconf 87' lang='lat' dir='ltr'><strong>tantum,</strong></span> 
     </span>
    </p>
   </div>
   <div class='ocr_carea' id='block_1_22' title="bbox 1980 877 3566 951">
    <p class='ocr_par' dir='ltr' id='par_1_22' title="bbox 1980 877 3566 951">
     <span class='ocr_line' id='line_1_22' title="bbox 1980 877 3566 951; baseline -0.001 -15"><span class='ocrx_word' id='word_1_163' title='bbox 1980 881 2074 937; x_wconf 88' lang='lat' dir='ltr'><strong>sed</strong></span> <span class='ocrx_word' id='word_1_164' title='bbox 2105 881 2383 951; x_wconf 80' lang='lat' dir='ltr'><strong>multiplex</strong></span> <span class='ocrx_word' id='word_1_165' title='bbox 2412 886 2627 935; x_wconf 90' lang='lat' dir='ltr'><strong>constat</strong></span> <span class='ocrx_word' id='word_1_166' title='bbox 2672 878 2770 933; x_wconf 89' lang='lat' dir='ltr'><strong>Dei</strong></span> <span class='ocrx_word' id='word_1_167' title='bbox 2799 877 2961 932; x_wconf 82' lang='lat' dir='ltr'><strong>fuisse</strong></span> <span class='ocrx_word' id='word_1_168' title='bbox 2987 877 3265 946; x_wconf 90' lang='lat' dir='ltr'><strong>judicium.</strong></span> <span class='ocrx_word' id='word_1_169' title='bbox 3316 877 3566 944; x_wconf 86' lang='lat' dir='ltr'><strong>Quoties-</strong></span> 
     </span>
    </p>
   </div>
   <div class='ocr_carea' id='block_1_23' title="bbox 1981 970 3565 1054">
    <p class='ocr_par' dir='ltr' id='par_1_23' title="bbox 1981 970 3565 1054">
     <span class='ocr_line' id='line_1_23' title="bbox 1981 970 3565 1054; baseline -0.001 -24"><span class='ocrx_word' id='word_1_170' title='bbox 1981 989 2191 1044; x_wconf 88' lang='lat' dir='ltr'><strong>cunque</strong></span> <span class='ocrx_word' id='word_1_171' title='bbox 2220 974 2364 1028; x_wconf 92' lang='lat' dir='ltr'><strong>cnim</strong></span> <span class='ocrx_word' id='word_1_172' title='bbox 2393 973 2717 1027; x_wconf 90' lang='lat' dir='ltr'><strong>rebellantes</strong></span> <span class='ocrx_word' id='word_1_173' title='bbox 2749 970 3032 1054; x_wconf 66' lang='lat' dir='ltr'><strong>Egyptias</strong></span> <span class='ocrx_word' id='word_1_174' title='bbox 3069 974 3365 1041; x_wconf 89' lang='lat' dir='ltr'><strong>percussit,</strong></span> <span class='ocrx_word' id='word_1_175' title='bbox 3406 975 3565 1028; x_wconf 88' lang='lat' dir='ltr'><strong>toties</strong></span> 
     </span>
    </p>
   </div>
   <div class='ocr_carea' id='block_1_24' title="bbox 1974 1064 3564 1137">
    <p class='ocr_par' dir='ltr' id='par_1_24' title="bbox 1974 1064 3564 1137">
     <span class='ocr_line' id='line_1_24' title="bbox 1974 1064 3564 1137; baseline -0.003 -15"><span class='ocrx_word' id='word_1_176' title='bbox 1974 1066 2252 1137; x_wconf 84' lang='lat' dir='ltr'><strong>judicavit.</strong></span> <span class='ocrx_word' id='word_1_177' title='bbox 2287 1064 2391 1120; x_wconf 91' lang='lat' dir='ltr'><strong>Sed</strong></span> <span class='ocrx_word' id='word_1_178' title='bbox 2421 1075 2544 1136; x_wconf 88' lang='lat' dir='ltr'><strong>post</strong></span> <span class='ocrx_word' id='word_1_179' title='bbox 2574 1066 2672 1119; x_wconf 89' lang='lat' dir='ltr'><strong>ista</strong></span> <span class='ocrx_word' id='word_1_180' title='bbox 2701 1081 2821 1135; x_wconf 70' lang='lat' dir='ltr'><strong>qute</strong></span> <span class='ocrx_word' id='word_1_181' title='bbox 2859 1065 3110 1129; x_wconf 77' lang='lat' dir='ltr'><strong>diximus,</strong></span> <span class='ocrx_word' id='word_1_182' title='bbox 3145 1065 3273 1135; x_wconf 90' lang='lat' dir='ltr'><strong>quid</strong></span> <span class='ocrx_word' id='word_1_183' title='bbox 3317 1076 3564 1121; x_wconf 90' lang='lat' dir='ltr'><strong>secutum</strong></span> 
     </span>
    </p>
   </div>
   <div class='ocr_carea' id='block_1_25' title="bbox 1980 1156 3566 1228">
    <p class='ocr_par' dir='ltr' id='par_1_25' title="bbox 1980 1156 3566 1228">
     <span class='ocr_line' id='line_1_25' title="bbox 1980 1156 3566 1228; baseline -0.001 -14"><span class='ocrx_word' id='word_1_184' title='bbox 1980 1159 2099 1214; x_wconf 82' lang='lat' dir='ltr'><strong>est?</strong></span> <span class='ocrx_word' id='word_1_185' title='bbox 2139 1158 2305 1213; x_wconf 86' lang='lat' dir='ltr'><strong>Israel</strong></span> <span class='ocrx_word' id='word_1_186' title='bbox 2352 1157 2654 1224; x_wconf 90' lang='lat' dir='ltr'><strong>dimittitur,</strong></span> <span class='ocrx_word' id='word_1_187' title='bbox 2700 1158 2900 1228; x_wconf 88' lang='lat' dir='ltr'><strong>pascha</strong></span> <span class='ocrx_word' id='word_1_188' title='bbox 2931 1167 2955 1204; x_wconf 73' lang='grc' dir='ltr'><strong><em>κ</em></strong></span> <span class='ocrx_word' id='word_1_189' title='bbox 2987 1157 3245 1222; x_wconf 86' lang='lat' dir='ltr'><strong>celebrat,</strong></span> <span class='ocrx_word' id='word_1_190' title='bbox 3280 1156 3566 1228; x_wconf 66' lang='lat' dir='ltr'><strong>Egyptios</strong></span> 
     </span>
    </p>
   </div>
   <div class='ocr_carea' id='block_1_26' title="bbox 1979 1247 3565 1321">
    <p class='ocr_par' dir='ltr' id='par_1_26' title="bbox 1979 1247 3565 1321">
     <span class='ocr_line' id='line_1_26' title="bbox 1979 1247 3565 1321; baseline -0.001 -17"><span class='ocrx_word' id='word_1_191' title='bbox 1979 1251 2194 1321; x_wconf 89' lang='lat' dir='ltr'><strong>spoliat,</strong></span> <span class='ocrx_word' id='word_1_192' title='bbox 2241 1250 2390 1304; x_wconf 86' lang='lat' dir='ltr'><strong>dives</strong></span> <span class='ocrx_word' id='word_1_193' title='bbox 2418 1249 2677 1314; x_wconf 87' lang='lat' dir='ltr'><strong>abscedit,</strong></span> <span class='ocrx_word' id='word_1_194' title='bbox 2712 1247 3048 1304; x_wconf 83' lang='lat' dir='ltr'><strong>Pharaonem</strong></span> <span class='ocrx_word' id='word_1_195' title='bbox 3078 1248 3324 1318; x_wconf 74' lang='lat' dir='ltr'><strong>pmnitet,</strong></span> <span class='ocrx_word' id='word_1_196' title='bbox 3356 1249 3565 1303; x_wconf 85' lang='lat' dir='ltr'><strong>exerci-</strong></span> 
     </span>
    </p>
   </div>
   <div class='ocr_carea' id='block_1_27' title="bbox 1981 1339 3564 1412">
    <p class='ocr_par' dir='ltr' id='par_1_27' title="bbox 1981 1339 3564 1412">
     <span class='ocr_line' id='line_1_27' title="bbox 1981 1339 3564 1412; baseline -0.002 -16"><span class='ocrx_word' id='word_1_197' title='bbox 1981 1350 2095 1397; x_wconf 93' lang='lat' dir='ltr'><strong>tum</strong></span> <span class='ocrx_word' id='word_1_198' title='bbox 2124 1343 2414 1406; x_wconf 86' lang='lat' dir='ltr'><strong>contrahit,</strong></span> <span class='ocrx_word' id='word_1_199' title='bbox 2467 1341 2534 1396; x_wconf 92' lang='lat' dir='ltr'><strong>ad</strong></span> <span class='ocrx_word' id='word_1_200' title='bbox 2582 1340 2846 1410; x_wconf 73' lang='lat' dir='ltr'><strong>fugientes</strong></span> <span class='ocrx_word' id='word_1_201' title='bbox 2874 1341 3138 1412; x_wconf 82' lang='lat' dir='ltr'><strong>pervenit,</strong></span> <span class='ocrx_word' id='word_1_202' title='bbox 3172 1340 3363 1396; x_wconf 84' lang='lat' dir='ltr'><strong>castris</strong></span> <span class='ocrx_word' id='word_1_203' title='bbox 3385 1339 3564 1408; x_wconf 80' lang='lat' dir='ltr'><strong>jungi-</strong></span> 
     </span>
    </p>
   </div>
   <div class='ocr_carea' id='block_1_28' title="bbox 1981 1431 3564 1509">
    <p class='ocr_par' dir='ltr' id='par_1_28' title="bbox 1981 1431 3564 1509">
     <span class='ocr_line' id='line_1_28' title="bbox 1981 1431 3564 1509; baseline -0.002 -21"><span class='ocrx_word' id='word_1_204' title='bbox 1981 1444 2084 1501; x_wconf 88' lang='lat' dir='ltr'><strong>tur,</strong></span> <span class='ocrx_word' id='word_1_205' title='bbox 2119 1434 2358 1489; x_wconf 84' lang='lat' dir='ltr'><strong>tenebris</strong></span> <span class='ocrx_word' id='word_1_206' title='bbox 2386 1443 2684 1505; x_wconf 90' lang='lat' dir='ltr'><strong>separatur,</strong></span> <span class='ocrx_word' id='word_1_207' title='bbox 2719 1435 2952 1491; x_wconf 91' lang='lat' dir='ltr'><strong>siccatur</strong></span> <span class='ocrx_word' id='word_1_208' title='bbox 2979 1433 3219 1509; x_wconf 80' lang='lat' dir='ltr'><strong>pelagus,</strong></span> <span class='ocrx_word' id='word_1_209' title='bbox 3249 1431 3410 1486; x_wconf 89' lang='lat' dir='ltr'><strong>lsrael</strong></span> <span class='ocrx_word' id='word_1_210' title='bbox 3438 1444 3564 1498; x_wconf 87' lang='lat' dir='ltr'><strong>gra-</strong></span> 
     </span>
    </p>
   </div>
   <div class='ocr_carea' id='block_1_29' title="bbox 1979 1523 3564 1598">
    <p class='ocr_par' dir='ltr' id='par_1_29' title="bbox 1979 1523 3564 1598">
     <span class='ocr_line' id='line_1_29' title="bbox 1979 1523 3564 1598; baseline -0.003 -16"><span class='ocrx_word' id='word_1_211' title='bbox 1979 1527 2143 1593; x_wconf 92' lang='lat' dir='ltr'><strong>ditur,</strong></span> <span class='ocrx_word' id='word_1_212' title='bbox 2177 1526 2418 1583; x_wconf 77' lang='lat' dir='ltr'><strong>olliciosa</strong></span> <span class='ocrx_word' id='word_1_213' title='bbox 2449 1529 2714 1582; x_wconf 89' lang='lat' dir='ltr'><strong>undarum</strong></span> <span class='ocrx_word' id='word_1_214' title='bbox 2742 1528 3002 1598; x_wconf 91' lang='lat' dir='ltr'><strong>patientia</strong></span> <span class='ocrx_word' id='word_1_215' title='bbox 3034 1526 3310 1582; x_wconf 88' lang='lat' dir='ltr'><strong>liberatur.</strong></span> <span class='ocrx_word' id='word_1_216' title='bbox 3352 1523 3564 1579; x_wconf 83' lang='lat' dir='ltr'><strong>Pharao</strong></span> 
     </span>
    </p>
   </div>
   <div class='ocr_carea' id='block_1_30' title="bbox 1977 1615 3564 1692">
    <p class='ocr_par' dir='ltr' id='par_1_30' title="bbox 1977 1615 3564 1692">
     <span class='ocr_line' id='line_1_30' title="bbox 1977 1615 3564 1692; baseline -0.002 -19"><span class='ocrx_word' id='word_1_217' title='bbox 1977 1620 2242 1690; x_wconf 89' lang='lat' dir='ltr'><strong>sequitur,</strong></span> <span class='ocrx_word' id='word_1_218' title='bbox 2265 1621 2374 1692; x_wconf 71' lang='lat'><strong>20</strong></span> <span class='ocrx_word' id='word_1_219' title='bbox 2392 1635 2541 1675; x_wconf 91' lang='lat' dir='ltr'><strong>mare</strong></span> <span class='ocrx_word' id='word_1_220' title='bbox 2569 1635 2731 1690; x_wconf 92' lang='lat' dir='ltr'><strong>super</strong></span> <span class='ocrx_word' id='word_1_221' title='bbox 2759 1634 2882 1674; x_wconf 90' lang='lat' dir='ltr'><strong>eum</strong></span> <span class='ocrx_word' id='word_1_222' title='bbox 2904 1616 2932 1656; x_wconf 71' lang='grc' dir='ltr'>ιι</span> <span class='ocrx_word' id='word_1_223' title='bbox 2962 1618 3212 1684; x_wconf 91' lang='lat' dir='ltr'><strong>volvitur,</strong></span> <span class='ocrx_word' id='word_1_224' title='bbox 3237 1615 3401 1672; x_wconf 87' lang='lat' dir='ltr'><strong>lluctu</strong></span> <span class='ocrx_word' id='word_1_225' title='bbox 3431 1631 3564 1687; x_wconf 88' lang='lat' dir='ltr'><strong>ope-</strong></span> 
     </span>
    </p>
   </div>
   <div class='ocr_carea' id='block_1_31' title="bbox 1979 1710 3564 1782">
    <p class='ocr_par' dir='ltr' id='par_1_31' title="bbox 1979 1710 3564 1782">
     <span class='ocr_line' id='line_1_31' title="bbox 1979 1710 3564 1782; baseline 0 -18"><span class='ocrx_word' id='word_1_226' title='bbox 1979 1711 2153 1766; x_wconf 90' lang='lat' dir='ltr'><strong>riente</strong></span> <span class='ocrx_word' id='word_1_227' title='bbox 2182 1710 2413 1767; x_wconf 89' lang='lat' dir='ltr'><strong>deletur.</strong></span> <span class='ocrx_word' id='word_1_228' title='bbox 2461 1711 2597 1766; x_wconf 91' lang='lat' dir='ltr'><strong>Puto</strong></span> <span class='ocrx_word' id='word_1_229' title='bbox 2635 1711 2749 1782; x_wconf 91' lang='lat' dir='ltr'><strong>jam</strong></span> <span class='ocrx_word' id='word_1_230' title='bbox 2778 1727 2886 1766; x_wconf 92' lang='lat' dir='ltr'><strong>non</strong></span> <span class='ocrx_word' id='word_1_231' title='bbox 2935 1710 3221 1766; x_wconf 89' lang='lat' dir='ltr'><strong>obscurum</strong></span> <span class='ocrx_word' id='word_1_232' title='bbox 3251 1711 3304 1764; x_wconf 92' lang='lat' dir='ltr'><strong>in</strong></span> <span class='ocrx_word' id='word_1_233' title='bbox 3335 1710 3418 1764; x_wconf 87' lang='lat' dir='ltr'><strong>his</strong></span> <span class='ocrx_word' id='word_1_234' title='bbox 3445 1724 3564 1779; x_wconf 69' lang='lat' dir='ltr'><strong>qua:</strong></span> 
     </span>
    </p>
   </div>
   <div class='ocr_carea' id='block_1_32' title="bbox 287 1797 3564 1876">
    <p class='ocr_par' dir='ltr' id='par_1_32' title="bbox 287 1797 3564 1876">
     <span class='ocr_line' id='line_1_32' title="bbox 287 1797 3564 1876; baseline 0.002 -27"><span class='ocrx_word' id='word_1_235' title='bbox 287 1798 596 1868; x_wconf 82' lang='lat' dir='ltr'><strong>sumpserit.</strong></span> <span class='ocrx_word' id='word_1_236' title='bbox 627 1797 682 1854; x_wconf 93' lang='lat' dir='ltr'><strong>ln</strong></span> <span class='ocrx_word' id='word_1_237' title='bbox 705 1803 953 1870; x_wconf 65' lang='lat' dir='ltr'><strong>praesenti</strong></span> <span class='ocrx_word' id='word_1_238' title='bbox 983 1812 1162 1858; x_wconf 91' lang='lat' dir='ltr'><strong>autem</strong></span> <span class='ocrx_word' id='word_1_239' title='bbox 1187 1804 1315 1861; x_wconf 91' lang='lat' dir='ltr'><strong>illud</strong></span> <span class='ocrx_word' id='word_1_240' title='bbox 1337 1806 1481 1876; x_wconf 90' lang='lat' dir='ltr'><strong>quod</strong></span> <span class='ocrx_word' id='word_1_241' title='bbox 1507 1807 1744 1862; x_wconf 82' lang='lat' dir='ltr'><strong>futurum</strong></span> <span class='ocrx_word' id='word_1_242' title='bbox 1766 1817 1868 1874; x_wconf 88' lang='lat' dir='ltr'><strong>est,</strong></span> <span class='ocrx_word' id='word_1_243' title='bbox 1903 1803 1952 1863; x_wconf 89' lang='lat' dir='ltr'><strong>B</strong></span> <span class='ocrx_word' id='word_1_244' title='bbox 1977 1813 2095 1858; x_wconf 87' lang='lat' dir='ltr'><strong>acta</strong></span> <span class='ocrx_word' id='word_1_245' title='bbox 2125 1813 2251 1858; x_wconf 91' lang='lat' dir='ltr'><strong>sunt</strong></span> <span class='ocrx_word' id='word_1_246' title='bbox 2271 1804 2367 1859; x_wconf 91' lang='lat' dir='ltr'><strong>Dei</strong></span> <span class='ocrx_word' id='word_1_247' title='bbox 2390 1819 2509 1859; x_wconf 89' lang='lat' dir='ltr'><strong>esse</strong></span> <span class='ocrx_word' id='word_1_248' title='bbox 2523 1803 2807 1872; x_wconf 87' lang='lat' dir='ltr'><strong>judicium,</strong></span> <span class='ocrx_word' id='word_1_249' title='bbox 2839 1811 2895 1858; x_wconf 92' lang='lat' dir='ltr'><strong>et</strong></span> <span class='ocrx_word' id='word_1_250' title='bbox 2921 1802 3140 1872; x_wconf 91' lang='lat' dir='ltr'><strong>quidem</strong></span> <span class='ocrx_word' id='word_1_251' title='bbox 3169 1818 3278 1857; x_wconf 91' lang='lat' dir='ltr'><strong>non</strong></span> <span class='ocrx_word' id='word_1_252' title='bbox 3302 1801 3564 1871; x_wconf 87' lang='lat' dir='ltr'><strong>judicium</strong></span> 
     </span>
    </p>
   </div>
   <div class='ocr_carea' id='block_1_33' title="bbox 289 1887 1871 1971">
    <p class='ocr_par' dir='ltr' id='par_1_33' title="bbox 289 1887 1871 1971">
     <span class='ocr_line' id='line_1_33' title="bbox 289 1887 1871 1971; baseline 0.008 -28"><span class='ocrx_word' id='word_1_253' title='bbox 289 1887 436 1944; x_wconf 90' lang='lat' dir='ltr'><strong>Deus</strong></span> <span class='ocrx_word' id='word_1_254' title='bbox 463 1890 634 1945; x_wconf 90' lang='lat' dir='ltr'><strong>voluit</strong></span> <span class='ocrx_word' id='word_1_255' title='bbox 672 1891 944 1949; x_wconf 89' lang='lat' dir='ltr'><strong>declarare</strong></span> <span class='ocrx_word' id='word_1_256' title='bbox 987 1893 1268 1964; x_wconf 87' lang='lat' dir='ltr'><strong>judicium,</strong></span> <span class='ocrx_word' id='word_1_257' title='bbox 1298 1899 1515 1967; x_wconf 89' lang='lat' dir='ltr'><strong>quando</strong></span> <span class='ocrx_word' id='word_1_258' title='bbox 1562 1916 1724 1971; x_wconf 91' lang='lat' dir='ltr'><strong>super</strong></span> <span class='ocrx_word' id='word_1_259' title='bbox 1772 1903 1871 1956; x_wconf 87' lang='lat' dir='ltr'><strong>im-</strong></span> 
     </span>
    </p>
   </div>
   <div class='ocr_carea' id='block_1_34' title="bbox 288 1979 1875 2063">
    <p class='ocr_par' dir='ltr' id='par_1_34' title="bbox 288 1979 1875 2063">
     <span class='ocr_line' id='line_1_34' title="bbox 288 1979 1875 2063; baseline 0.008 -30"><span class='ocrx_word' id='word_1_260' title='bbox 288 1979 435 2050; x_wconf 93' lang='lat' dir='ltr'><strong>pium</strong></span> <span class='ocrx_word' id='word_1_261' title='bbox 480 1981 732 2052; x_wconf 91' lang='lat' dir='ltr'><strong>populum</strong></span> <span class='ocrx_word' id='word_1_262' title='bbox 779 1985 1082 2054; x_wconf 88' lang='lat' dir='ltr'><strong>gehennam</strong></span> <span class='ocrx_word' id='word_1_263' title='bbox 1131 1988 1276 2043; x_wconf 90' lang='lat' dir='ltr'><strong>misit</strong></span> <span class='ocrx_word' id='word_1_264' title='bbox 1319 2005 1350 2044; x_wconf 92' lang='lat' dir='ltr'><strong>e</strong></span> <span class='ocrx_word' id='word_1_265' title='bbox 1379 1989 1550 2056; x_wconf 72' lang='lat' dir='ltr'><strong>cmlo;</strong></span> <span class='ocrx_word' id='word_1_266' title='bbox 1589 1994 1690 2063; x_wconf 78' lang='lat'><strong>19</strong></span> <span class='ocrx_word' id='word_1_267' title='bbox 1735 1993 1875 2047; x_wconf 90' lang='lat' dir='ltr'><strong>sicut</strong></span> 
     </span>
    </p>
   </div>
   <div class='ocr_carea' id='block_1_35' title="bbox 287 2072 1875 2149">
    <p class='ocr_par' dir='ltr' id='par_1_35' title="bbox 287 2072 1875 2149">
     <span class='ocr_line' id='line_1_35' title="bbox 287 2072 1875 2149; baseline 0.006 -23"><span class='ocrx_word' id='word_1_268' title='bbox 287 2072 451 2126; x_wconf 89' lang='lat' dir='ltr'><strong>etiam</strong></span> <span class='ocrx_word' id='word_1_269' title='bbox 481 2074 757 2142; x_wconf 87' lang='lat' dir='ltr'><strong>apostolus</strong></span> <span class='ocrx_word' id='word_1_270' title='bbox 789 2075 918 2131; x_wconf 91' lang='lat' dir='ltr'><strong>dicit</strong></span> <span class='ocrx_word' id='word_1_271' title='bbox 948 2077 1012 2146; x_wconf 91' lang='lat' dir='ltr'><strong>(ll</strong></span> <span class='ocrx_word' id='word_1_272' title='bbox 1042 2076 1187 2132; x_wconf 85' lang='lat' dir='ltr'><strong>Petr.</strong></span> <span class='ocrx_word' id='word_1_273' title='bbox 1223 2095 1279 2144; x_wconf 88' lang='lat' dir='ltr'><strong>n,</strong></span> <span class='ocrx_word' id='word_1_274' title='bbox 1311 2079 1366 2149; x_wconf 87' lang='lat'><strong>6)</strong></span> <span class='ocrx_word' id='word_1_275' title='bbox 1396 2081 1542 2149; x_wconf 89' lang='lat' dir='ltr'><strong>quod</strong></span> <span class='ocrx_word' id='word_1_276' title='bbox 1571 2081 1712 2135; x_wconf 89' lang='lat' dir='ltr'><strong>Deus</strong></span> <span class='ocrx_word' id='word_1_277' title='bbox 1742 2082 1875 2137; x_wconf 91' lang='lat' dir='ltr'><strong>civi-</strong></span> 
     </span>
    </p>
   </div>
   <div class='ocr_carea' id='block_1_36' title="bbox 284 2163 1874 2240">
    <p class='ocr_par' dir='ltr' id='par_1_36' title="bbox 284 2163 1874 2240">
     <span class='ocr_line' id='line_1_36' title="bbox 284 2163 1874 2240; baseline 0.006 -23"><span class='ocrx_word' id='word_1_278' title='bbox 284 2163 428 2219; x_wconf 70' lang='lat' dir='ltr'><strong>Iates</strong></span> <span class='ocrx_word' id='word_1_279' title='bbox 463 2164 754 2221; x_wconf 89' lang='lat' dir='ltr'><strong>Sodomam</strong></span> <span class='ocrx_word' id='word_1_280' title='bbox 793 2176 848 2222; x_wconf 90' lang='lat' dir='ltr'><strong>et</strong></span> <span class='ocrx_word' id='word_1_281' title='bbox 887 2166 1246 2224; x_wconf 86' lang='lat' dir='ltr'><strong>Gomorrham</strong></span> <span class='ocrx_word' id='word_1_282' title='bbox 1275 2173 1558 2226; x_wconf 88' lang='lat' dir='ltr'><strong>eversione</strong></span> <span class='ocrx_word' id='word_1_283' title='bbox 1586 2174 1874 2240; x_wconf 91' lang='lat' dir='ltr'><strong>damnarit,</strong></span> 
     </span>
    </p>
   </div>
   <div class='ocr_carea' id='block_1_37' title="bbox 289 2257 1880 2332">
    <p class='ocr_par' dir='ltr' id='par_1_37' title="bbox 289 2257 1880 2332">
     <span class='ocr_line' id='line_1_37' title="bbox 289 2257 1880 2332; baseline 0.005 -22"><span class='ocrx_word' id='word_1_284' title='bbox 289 2257 594 2326; x_wconf 86' lang='lat' dir='ltr'><strong>exemplum</strong></span> <span class='ocrx_word' id='word_1_285' title='bbox 631 2273 841 2328; x_wconf 89' lang='lat' dir='ltr'><strong>ponens</strong></span> <span class='ocrx_word' id='word_1_286' title='bbox 869 2259 1031 2328; x_wconf 90' lang='lat' dir='ltr'><strong>impie</strong></span> <span class='ocrx_word' id='word_1_287' title='bbox 1060 2260 1261 2314; x_wconf 89' lang='lat' dir='ltr'><strong>acturis</strong></span> <span class='ocrx_word' id='word_1_288' title='bbox 1294 2279 1305 2314; x_wconf 94' lang='lat'><strong>:</strong></span> <span class='ocrx_word' id='word_1_289' title='bbox 1336 2264 1580 2330; x_wconf 86' lang='lat' dir='ltr'><strong>quamvis</strong></span> <span class='ocrx_word' id='word_1_290' title='bbox 1620 2264 1671 2317; x_wconf 90' lang='lat' dir='ltr'><strong>id</strong></span> <span class='ocrx_word' id='word_1_291' title='bbox 1706 2264 1880 2332; x_wconf 92' lang='lat' dir='ltr'><strong>ipsum</strong></span> 
     </span>
    </p>
   </div>
   <div class='ocr_carea' id='block_1_38' title="bbox 289 2346 1877 2424">
    <p class='ocr_par' dir='ltr' id='par_1_38' title="bbox 289 2346 1877 2424">
     <span class='ocr_line' id='line_1_38' title="bbox 289 2346 1877 2424; baseline 0.006 -24"><span class='ocrx_word' id='word_1_292' title='bbox 289 2346 434 2415; x_wconf 89' lang='lat' dir='ltr'><strong>quod</strong></span> <span class='ocrx_word' id='word_1_293' title='bbox 453 2346 528 2402; x_wconf 90' lang='lat' dir='ltr'><strong>ibi</strong></span> <span class='ocrx_word' id='word_1_294' title='bbox 549 2357 726 2402; x_wconf 89' lang='lat' dir='ltr'><strong>actum</strong></span> <span class='ocrx_word' id='word_1_295' title='bbox 754 2357 856 2416; x_wconf 91' lang='lat' dir='ltr'><strong>est,</strong></span> <span class='ocrx_word' id='word_1_296' title='bbox 879 2349 1000 2418; x_wconf 89' lang='lat' dir='ltr'><strong>plus</strong></span> <span class='ocrx_word' id='word_1_297' title='bbox 1029 2349 1277 2404; x_wconf 90' lang='lat' dir='ltr'><strong>habuerit</strong></span> <span class='ocrx_word' id='word_1_298' title='bbox 1307 2351 1690 2408; x_wconf 65' lang='lat' dir='ltr'><strong>misericordiae</strong></span> <span class='ocrx_word' id='word_1_299' title='bbox 1718 2370 1877 2424; x_wconf 87' lang='lat' dir='ltr'><strong>quam</strong></span> 
     </span>
    </p>
   </div>
   <div class='ocr_carea' id='block_1_39' title="bbox 290 2441 1872 2513">
    <p class='ocr_par' dir='ltr' id='par_1_39' title="bbox 290 2441 1872 2513">
     <span class='ocr_line' id='line_1_39' title="bbox 290 2441 1872 2513; baseline 0.003 -17"><span class='ocrx_word' id='word_1_300' title='bbox 290 2441 613 2496; x_wconf 78' lang='lat' dir='ltr'><strong>severitatis.</strong></span> <span class='ocrx_word' id='word_1_301' title='bbox 644 2441 801 2508; x_wconf 82' lang='lat' dir='ltr'><strong>Quod</strong></span> <span class='ocrx_word' id='word_1_302' title='bbox 827 2442 970 2498; x_wconf 92' lang='lat' dir='ltr'><strong>enim</strong></span> <span class='ocrx_word' id='word_1_303' title='bbox 995 2457 1211 2513; x_wconf 79' lang='lat' dir='ltr'><strong>pcenam</strong></span> <span class='ocrx_word' id='word_1_304' title='bbox 1232 2460 1419 2500; x_wconf 88' lang='lat' dir='ltr'><strong>eorum</strong></span> <span class='ocrx_word' id='word_1_305' title='bbox 1442 2454 1550 2500; x_wconf 89' lang='lat' dir='ltr'><strong>tam</strong></span> <span class='ocrx_word' id='word_1_306' title='bbox 1579 2447 1669 2501; x_wconf 91' lang='lat' dir='ltr'><strong>diu</strong></span> <span class='ocrx_word' id='word_1_307' title='bbox 1697 2447 1872 2502; x_wconf 87' lang='lat' dir='ltr'><strong>distu-</strong></span> 
     </span>
    </p>
   </div>
   <div class='ocr_carea' id='block_1_40' title="bbox 294 2529 1872 2609">
    <p class='ocr_par' dir='ltr' id='par_1_40' title="bbox 294 2529 1872 2609">
     <span class='ocr_line' id='line_1_40' title="bbox 294 2529 1872 2609; baseline 0.006 -26"><span class='ocrx_word' id='word_1_308' title='bbox 294 2529 374 2594; x_wconf 90' lang='lat' dir='ltr'><strong>lit,</strong></span> <span class='ocrx_word' id='word_1_309' title='bbox 407 2532 785 2588; x_wconf 66' lang='lat' dir='ltr'><strong>misericordia:</strong></span> <span class='ocrx_word' id='word_1_310' title='bbox 813 2533 938 2600; x_wconf 80' lang='lat' dir='ltr'><strong>fuit;</strong></span> <span class='ocrx_word' id='word_1_311' title='bbox 964 2533 1206 2605; x_wconf 74' lang='lat' dir='ltr'><strong>justitize,</strong></span> <span class='ocrx_word' id='word_1_312' title='bbox 1230 2536 1372 2606; x_wconf 92' lang='lat' dir='ltr'><strong>quod</strong></span> <span class='ocrx_word' id='word_1_313' title='bbox 1395 2537 1683 2606; x_wconf 89' lang='lat' dir='ltr'><strong>aliquando</strong></span> <span class='ocrx_word' id='word_1_314' title='bbox 1713 2539 1872 2609; x_wconf 92' lang='lat' dir='ltr'><strong>puni-</strong></span> 
     </span>
    </p>
   </div>
   <div class='ocr_carea' id='block_1_41' title="bbox 295 2619 1866 2694">
    <p class='ocr_par' dir='ltr' id='par_1_41' title="bbox 295 2619 1866 2694">
     <span class='ocr_line' id='line_1_41' title="bbox 295 2619 1866 2694; baseline 0.006 -20"><span class='ocrx_word' id='word_1_315' title='bbox 295 2619 386 2675; x_wconf 92' lang='lat' dir='ltr'><strong>vit.</strong></span> <span class='ocrx_word' id='word_1_316' title='bbox 420 2619 488 2675; x_wconf 87' lang='lat' dir='ltr'><strong>Et</strong></span> <span class='ocrx_word' id='word_1_317' title='bbox 534 2622 655 2678; x_wconf 90' lang='lat' dir='ltr'><strong>ideo</strong></span> <span class='ocrx_word' id='word_1_318' title='bbox 699 2639 822 2679; x_wconf 91' lang='lat' dir='ltr'><strong>cum</strong></span> <span class='ocrx_word' id='word_1_319' title='bbox 851 2626 1071 2694; x_wconf 89' lang='lat' dir='ltr'><strong>angelos</strong></span> <span class='ocrx_word' id='word_1_320' title='bbox 1111 2625 1400 2682; x_wconf 90' lang='lat' dir='ltr'><strong>Sodomam</strong></span> <span class='ocrx_word' id='word_1_321' title='bbox 1442 2628 1585 2683; x_wconf 91' lang='lat' dir='ltr'><strong>Deus</strong></span> <span class='ocrx_word' id='word_1_322' title='bbox 1612 2630 1866 2693; x_wconf 89' lang='lat' dir='ltr'><strong>mitteret,</strong></span> 
     </span>
    </p>
   </div>
   <div class='ocr_carea' id='block_1_42' title="bbox 290 2711 1872 2792">
    <p class='ocr_par' dir='ltr' id='par_1_42' title="bbox 290 2711 1872 2792">
     <span class='ocr_line' id='line_1_42' title="bbox 290 2711 1872 2792; baseline 0.007 -26"><span class='ocrx_word' id='word_1_323' title='bbox 290 2711 392 2767; x_wconf 87' lang='lat' dir='ltr'><strong>hoc</strong></span> <span class='ocrx_word' id='word_1_324' title='bbox 418 2714 576 2769; x_wconf 75' lang='lat' dir='ltr'><strong>nobis</strong></span> <span class='ocrx_word' id='word_1_325' title='bbox 615 2715 845 2785; x_wconf 90' lang='lat' dir='ltr'><strong>probare</strong></span> <span class='ocrx_word' id='word_1_326' title='bbox 873 2717 1062 2784; x_wconf 88' lang='lat' dir='ltr'><strong>voluit,</strong></span> <span class='ocrx_word' id='word_1_327' title='bbox 1091 2717 1235 2787; x_wconf 89' lang='lat' dir='ltr'><strong>quod</strong></span> <span class='ocrx_word' id='word_1_328' title='bbox 1262 2719 1426 2774; x_wconf 91' lang='lat' dir='ltr'><strong>etiam</strong></span> <span class='ocrx_word' id='word_1_329' title='bbox 1456 2721 1628 2776; x_wconf 92' lang='lat' dir='ltr'><strong>malos</strong></span> <span class='ocrx_word' id='word_1_330' title='bbox 1657 2722 1872 2792; x_wconf 91' lang='lat' dir='ltr'><strong>puniret</strong></span> 
     </span>
    </p>
   </div>
   <div class='ocr_carea' id='block_1_43' title="bbox 289 2801 1873 2882">
    <p class='ocr_par' dir='ltr' id='par_1_43' title="bbox 289 2801 1873 2882">
     <span class='ocr_line' id='line_1_43' title="bbox 289 2801 1873 2882; baseline 0.008 -24"><span class='ocrx_word' id='word_1_331' title='bbox 289 2801 504 2860; x_wconf 90' lang='lat' dir='ltr'><strong>invitus.</strong></span> <span class='ocrx_word' id='word_1_332' title='bbox 539 2805 754 2863; x_wconf 89' lang='lat' dir='ltr'><strong>Scilicet</strong></span> <span class='ocrx_word' id='word_1_333' title='bbox 789 2816 850 2863; x_wconf 91' lang='lat' dir='ltr'><strong>ut</strong></span> <span class='ocrx_word' id='word_1_334' title='bbox 877 2825 998 2864; x_wconf 92' lang='lat' dir='ltr'><strong>cum</strong></span> <span class='ocrx_word' id='word_1_335' title='bbox 1026 2811 1326 2880; x_wconf 86' lang='lat' dir='ltr'><strong>legeremus</strong></span> <span class='ocrx_word' id='word_1_336' title='bbox 1355 2828 1476 2882; x_wconf 66' lang='lat' dir='ltr'><strong>quae</strong></span> <span class='ocrx_word' id='word_1_337' title='bbox 1504 2829 1534 2868; x_wconf 92' lang='lat' dir='ltr'><strong>a</strong></span> <span class='ocrx_word' id='word_1_338' title='bbox 1580 2813 1873 2870; x_wconf 90' lang='lat' dir='ltr'><strong>Sodomitis</strong></span> 
     </span>
    </p>
   </div>
   <div class='ocr_carea' id='block_1_44' title="bbox 287 2899 1873 2970">
    <p class='ocr_par' dir='ltr' id='par_1_44' title="bbox 287 2899 1873 2970">
     <span class='ocr_line' id='line_1_44' title="bbox 287 2899 1873 2970; baseline 0.007 -18"><span class='ocrx_word' id='word_1_339' title='bbox 287 2899 463 2967; x_wconf 82' lang='lat' dir='ltr'><strong>angeli</strong></span> <span class='ocrx_word' id='word_1_340' title='bbox 492 2901 852 2970; x_wconf 89' lang='lat' dir='ltr'><strong>pertulissent,</strong></span> <span class='ocrx_word' id='word_1_341' title='bbox 886 2909 941 2957; x_wconf 89' lang='lat' dir='ltr'><strong>et</strong></span> <span class='ocrx_word' id='word_1_342' title='bbox 968 2903 1274 2960; x_wconf 84' lang='lat' dir='ltr'><strong>videremus</strong></span> <span class='ocrx_word' id='word_1_343' title='bbox 1313 2907 1576 2962; x_wconf 89' lang='lat' dir='ltr'><strong>scelerum</strong></span> <span class='ocrx_word' id='word_1_344' title='bbox 1625 2909 1873 2963; x_wconf 91' lang='lat' dir='ltr'><strong>immani-</strong></span> 
     </span>
    </p>
   </div>
   <div class='ocr_carea' id='block_1_45' title="bbox 287 2995 1873 3066">
    <p class='ocr_par' dir='ltr' id='par_1_45' title="bbox 287 2995 1873 3066">
     <span class='ocr_line' id='line_1_45' title="bbox 287 2995 1873 3066; baseline 0.006 -20"><span class='ocrx_word' id='word_1_345' title='bbox 287 2997 474 3057; x_wconf 87' lang='lat' dir='ltr'><strong>tatem,</strong></span> <span class='ocrx_word' id='word_1_346' title='bbox 507 2995 790 3050; x_wconf 90' lang='lat' dir='ltr'><strong>criminum</strong></span> <span class='ocrx_word' id='word_1_347' title='bbox 816 2996 1225 3066; x_wconf 88' lang='lat' dir='ltr'><strong>turpitudinem,</strong></span> <span class='ocrx_word' id='word_1_348' title='bbox 1259 2999 1538 3056; x_wconf 91' lang='lat' dir='ltr'><strong>libidinum</strong></span> <span class='ocrx_word' id='word_1_349' title='bbox 1569 3001 1873 3056; x_wconf 86' lang='lat' dir='ltr'><strong>obscenita-</strong></span> 
     </span>
    </p>
   </div>
   <div class='ocr_carea' id='block_1_46' title="bbox 288 3067 1871 3159">
    <p class='ocr_par' dir='ltr' id='par_1_46' title="bbox 288 3067 1871 3159">
     <span class='ocr_line' id='line_1_46' title="bbox 288 3067 1871 3159; baseline 0.008 -26"><span class='ocrx_word' id='word_1_350' title='bbox 288 3086 425 3146; x_wconf 89' lang='lat' dir='ltr'><strong>tem;</strong></span> <span class='ocrx_word' id='word_1_351' title='bbox 455 3067 710 3151; x_wconf 83' lang='lat' dir='ltr'><strong>probaret</strong></span> <span class='ocrx_word' id='word_1_352' title='bbox 736 3085 921 3154; x_wconf 90' lang='lat' dir='ltr'><strong>utique</strong></span> <span class='ocrx_word' id='word_1_353' title='bbox 960 3086 1116 3141; x_wconf 90' lang='lat' dir='ltr'><strong>nobis</strong></span> <span class='ocrx_word' id='word_1_354' title='bbox 1159 3086 1302 3143; x_wconf 91' lang='lat' dir='ltr'><strong>Deus</strong></span> <span class='ocrx_word' id='word_1_355' title='bbox 1328 3089 1474 3158; x_wconf 92' lang='lat' dir='ltr'><strong>quod</strong></span> <span class='ocrx_word' id='word_1_356' title='bbox 1504 3091 1619 3159; x_wconf 91' lang='lat' dir='ltr'><strong>ipse</strong></span> <span class='ocrx_word' id='word_1_357' title='bbox 1649 3106 1744 3145; x_wconf 91' lang='lat' dir='ltr'><strong>eos</strong></span> <span class='ocrx_word' id='word_1_358' title='bbox 1769 3106 1871 3146; x_wconf 87' lang='lat' dir='ltr'><strong>no-</strong></span> 
     </span>
    </p>
   </div>
   <div class='ocr_carea' id='block_1_47' title="bbox 287 3170 1726 3251">
    <p class='ocr_par' dir='ltr' id='par_1_47' title="bbox 287 3170 1726 3251">
     <span class='ocr_line' id='line_1_47' title="bbox 287 3170 1726 3251; baseline 0.005 -23"><span class='ocrx_word' id='word_1_359' title='bbox 287 3170 449 3229; x_wconf 86' lang='lat' dir='ltr'><strong>luerit</strong></span> <span class='ocrx_word' id='word_1_360' title='bbox 475 3175 721 3244; x_wconf 88' lang='lat' dir='ltr'><strong>perdere,</strong></span> <span class='ocrx_word' id='word_1_361' title='bbox 764 3176 858 3230; x_wconf 90' lang='lat' dir='ltr'><strong>sed</strong></span> <span class='ocrx_word' id='word_1_362' title='bbox 889 3176 989 3246; x_wconf 89' lang='lat' dir='ltr'><strong>ipsi</strong></span> <span class='ocrx_word' id='word_1_363' title='bbox 1019 3179 1345 3234; x_wconf 83' lang='lat' dir='ltr'><strong>extorserint</strong></span> <span class='ocrx_word' id='word_1_364' title='bbox 1387 3189 1445 3234; x_wconf 93' lang='lat' dir='ltr'><strong>ut</strong></span> <span class='ocrx_word' id='word_1_365' title='bbox 1472 3181 1726 3251; x_wconf 88' lang='lat' dir='ltr'><strong>perirent.</strong></span> 
     </span>
    </p>
   </div>
   <div class='ocr_carea' id='block_1_48' title="bbox 251 3264 1879 3342">
    <p class='ocr_par' dir='ltr' id='par_1_48' title="bbox 251 3264 1879 3342">
     <span class='ocr_line' id='line_1_48' title="bbox 251 3264 1879 3342; baseline 0.007 -23"><span class='ocrx_word' id='word_1_366' title='bbox 251 3335 256 3340; x_wconf 87' lang='lat'><em>_</em></span> <span class='ocrx_word' id='word_1_367' title='bbox 356 3265 448 3320; x_wconf 68' lang='lat' dir='ltr'><strong>IX‘.</strong></span> <span class='ocrx_word' id='word_1_368' title='bbox 482 3264 707 3323; x_wconf 87' lang='lat' dir='ltr'><strong>Possum</strong></span> <span class='ocrx_word' id='word_1_369' title='bbox 764 3269 1047 3325; x_wconf 91' lang='lat' dir='ltr'><strong>innumera</strong></span> <span class='ocrx_word' id='word_1_370' title='bbox 1099 3270 1358 3342; x_wconf 81' lang='lat' dir='ltr'><strong>proferre.</strong></span> <span class='ocrx_word' id='word_1_371' title='bbox 1401 3271 1508 3328; x_wconf 90' lang='lat' dir='ltr'><strong>Sed</strong></span> <span class='ocrx_word' id='word_1_372' title='bbox 1564 3290 1756 3330; x_wconf 89' lang='lat' dir='ltr'><strong>vereor</strong></span> <span class='ocrx_word' id='word_1_373' title='bbox 1809 3291 1879 3332; x_wconf 88' lang='lat' dir='ltr'><strong>ne</strong></span> 
     </span>
    </p>
   </div>
   <div class='ocr_carea' id='block_1_49' title="bbox 286 3359 1879 3433">
    <p class='ocr_par' dir='ltr' id='par_1_49' title="bbox 286 3359 1879 3433">
     <span class='ocr_line' id='line_1_49' title="bbox 286 3359 1879 3433; baseline 0.008 -19"><span class='ocrx_word' id='word_1_374' title='bbox 286 3359 414 3415; x_wconf 85' lang='lat' dir='ltr'><strong>dum</strong></span> <span class='ocrx_word' id='word_1_375' title='bbox 441 3361 572 3416; x_wconf 89' lang='lat' dir='ltr'><strong>satis</strong></span> <span class='ocrx_word' id='word_1_376' title='bbox 603 3372 626 3401; x_wconf 79' lang='grc' dir='ltr'><strong>ο</strong></span> <span class='ocrx_word' id='word_1_377' title='bbox 656 3377 771 3417; x_wconf 90' lang='lat' dir='ltr'><strong>rem</strong></span> <span class='ocrx_word' id='word_1_378' title='bbox 802 3363 1032 3433; x_wconf 87' lang='lat' dir='ltr'><strong>probare</strong></span> <span class='ocrx_word' id='word_1_379' title='bbox 1061 3364 1297 3432; x_wconf 89' lang='lat' dir='ltr'><strong>nitimur,</strong></span> <span class='ocrx_word' id='word_1_380' title='bbox 1331 3365 1611 3422; x_wconf 90' lang='lat' dir='ltr'><strong>historiam</strong></span> <span class='ocrx_word' id='word_1_381' title='bbox 1643 3369 1879 3426; x_wconf 89' lang='lat' dir='ltr'><strong>texuisse</strong></span> 
     </span>
    </p>
   </div>
   <div class='ocr_carea' id='block_1_50' title="bbox 288 3451 1878 3531">
    <p class='ocr_par' dir='ltr' id='par_1_50' title="bbox 288 3451 1878 3531">
     <span class='ocr_line' id='line_1_50' title="bbox 288 3451 1878 3531; baseline 0.008 -26"><span class='ocrx_word' id='word_1_382' title='bbox 288 3451 831 3524; x_wconf 34' lang='lat' dir='ltr'><strong>videamur.,Mo‘yses</strong></span> <span class='ocrx_word' id='word_1_383' title='bbox 869 3455 922 3508; x_wconf 92' lang='lat' dir='ltr'><strong>in</strong></span> <span class='ocrx_word' id='word_1_384' title='bbox 964 3455 1178 3511; x_wconf 87' lang='lat' dir='ltr'><strong>deserto</strong></span> <span class='ocrx_word' id='word_1_385' title='bbox 1207 3457 1418 3527; x_wconf 88' lang='lat' dir='ltr'><strong>positus</strong></span> <span class='ocrx_word' id='word_1_386' title='bbox 1457 3473 1675 3528; x_wconf 89' lang='lat' dir='ltr'><strong>gregem</strong></span> <span class='ocrx_word' id='word_1_387' title='bbox 1705 3462 1878 3531; x_wconf 90' lang='lat' dir='ltr'><strong>pascit</strong></span> 
     </span>
    </p>
   </div>
   <div class='ocr_carea' id='block_1_51' title="bbox 289 3541 1876 3619">
    <p class='ocr_par' dir='ltr' id='par_1_51' title="bbox 289 3541 1876 3619">
     <span class='ocr_line' id='line_1_51' title="bbox 289 3541 1876 3619; baseline 0.008 -23"><span class='ocrx_word' id='word_1_388' title='bbox 289 3541 490 3615; x_wconf 75' lang='lat' dir='ltr'><strong>(Exod.</strong></span> <span class='ocrx_word' id='word_1_389' title='bbox 525 3547 622 3617; x_wconf 92' lang='lat' dir='ltr'><strong>m),</strong></span> <span class='ocrx_word' id='word_1_390' title='bbox 666 3544 859 3601; x_wconf 92' lang='lat' dir='ltr'><strong>rubum</strong></span> <span class='ocrx_word' id='word_1_391' title='bbox 887 3546 1077 3602; x_wconf 88' lang='lat' dir='ltr'><strong>ardere</strong></span> <span class='ocrx_word' id='word_1_392' title='bbox 1112 3549 1396 3619; x_wconf 87' lang='lat' dir='ltr'><strong>conspicit,</strong></span> <span class='ocrx_word' id='word_1_393' title='bbox 1445 3550 1615 3606; x_wconf 91' lang='lat' dir='ltr'><strong>Deum</strong></span> <span class='ocrx_word' id='word_1_394' title='bbox 1644 3567 1710 3607; x_wconf 87' lang='lat' dir='ltr'><strong>ex</strong></span> <span class='ocrx_word' id='word_1_395' title='bbox 1740 3554 1876 3609; x_wconf 87' lang='lat' dir='ltr'><strong>rubo</strong></span> 
     </span>
    </p>
   </div>
   <div class='ocr_carea' id='block_1_52' title="bbox 286 3635 1877 3710">
    <p class='ocr_par' dir='ltr' id='par_1_52' title="bbox 286 3635 1877 3710">
     <span class='ocr_line' id='line_1_52' title="bbox 286 3635 1877 3710; baseline 0.006 -21"><span class='ocrx_word' id='word_1_396' title='bbox 286 3635 457 3702; x_wconf 85' lang='lat' dir='ltr'><strong>audit,</strong></span> <span class='ocrx_word' id='word_1_397' title='bbox 491 3647 756 3708; x_wconf 69' lang='lat' dir='ltr'><strong>pmcepta</strong></span> <span class='ocrx_word' id='word_1_398' title='bbox 783 3639 1000 3708; x_wconf 90' lang='lat' dir='ltr'><strong>accipit,</strong></span> <span class='ocrx_word' id='word_1_399' title='bbox 1033 3646 1304 3710; x_wconf 90' lang='lat' dir='ltr'><strong>potestate</strong></span> <span class='ocrx_word' id='word_1_400' title='bbox 1333 3641 1617 3706; x_wconf 87' lang='lat' dir='ltr'><strong>exaltatur,</strong></span> <span class='ocrx_word' id='word_1_401' title='bbox 1643 3643 1711 3697; x_wconf 91' lang='lat' dir='ltr'><strong>ad</strong></span> <span class='ocrx_word' id='word_1_402' title='bbox 1737 3641 1877 3699; x_wconf 87' lang='lat' dir='ltr'><strong>Pha-</strong></span> 
     </span>
    </p>
   </div>
   <div class='ocr_carea' id='block_1_53' title="bbox 284 3730 1876 3803">
    <p class='ocr_par' dir='ltr' id='par_1_53' title="bbox 284 3730 1876 3803">
     <span class='ocr_line' id='line_1_53' title="bbox 284 3730 1876 3803; baseline 0.005 -21"><span class='ocrx_word' id='word_1_403' title='bbox 284 3742 512 3784; x_wconf 84' lang='lat' dir='ltr'><strong>raonem</strong></span> <span class='ocrx_word' id='word_1_404' title='bbox 539 3730 787 3798; x_wconf 90' lang='lat' dir='ltr'><strong>mittitur,</strong></span> <span class='ocrx_word' id='word_1_405' title='bbox 831 3732 998 3797; x_wconf 89' lang='lat' dir='ltr'><strong>venit,</strong></span> <span class='ocrx_word' id='word_1_406' title='bbox 1050 3733 1307 3803; x_wconf 88' lang='lat' dir='ltr'><strong>loquitur,</strong></span> <span class='ocrx_word' id='word_1_407' title='bbox 1339 3735 1724 3801; x_wconf 85' lang='lat' dir='ltr'><strong>contemnitur,</strong></span> <span class='ocrx_word' id='word_1_408' title='bbox 1755 3737 1876 3791; x_wconf 91' lang='lat' dir='ltr'><strong>vin-</strong></span> 
     </span>
    </p>
   </div>
   <div class='ocr_carea' id='block_1_54' title="bbox 282 3819 1878 3894">
    <p class='ocr_par' dir='ltr' id='par_1_54' title="bbox 282 3819 1878 3894">
     <span class='ocr_line' id='line_1_54' title="bbox 282 3819 1878 3894; baseline 0.006 -21"><span class='ocrx_word' id='word_1_409' title='bbox 282 3819 381 3874; x_wconf 88' lang='lat' dir='ltr'><strong>cit.</strong></span> <span class='ocrx_word' id='word_1_410' title='bbox 415 3819 678 3893; x_wconf 68' lang='lat' dir='ltr'><strong>Egyptus</strong></span> <span class='ocrx_word' id='word_1_411' title='bbox 697 3824 1014 3894; x_wconf 85' lang='lat' dir='ltr'><strong>percutitur,</strong></span> <span class='ocrx_word' id='word_1_412' title='bbox 1043 3822 1341 3880; x_wconf 82' lang='lat' dir='ltr'><strong>Pharaonis</strong></span> <span class='ocrx_word' id='word_1_413' title='bbox 1369 3827 1734 3882; x_wconf 82' lang='lat' dir='ltr'><strong>inobedicntia</strong></span> <span class='ocrx_word' id='word_1_414' title='bbox 1754 3844 1878 3884; x_wconf 88' lang='lat' dir='ltr'><strong>ver-</strong></span> 
     </span>
    </p>
   </div>
   <div class='ocr_carea' id='block_1_55' title="bbox 281 3909 1878 3988">
    <p class='ocr_par' dir='ltr' id='par_1_55' title="bbox 281 3909 1878 3988">
     <span class='ocr_line' id='line_1_55' title="bbox 281 3909 1878 3988; baseline 0.005 -22"><span class='ocrx_word' id='word_1_415' title='bbox 281 3909 528 3979; x_wconf 85' lang='lat' dir='ltr'><strong>beratur,</strong></span> <span class='ocrx_word' id='word_1_416' title='bbox 560 3922 616 3969; x_wconf 91' lang='lat' dir='ltr'><strong>et</strong></span> <span class='ocrx_word' id='word_1_417' title='bbox 643 3915 860 3984; x_wconf 91' lang='lat' dir='ltr'><strong>quidem</strong></span> <span class='ocrx_word' id='word_1_418' title='bbox 880 3931 989 3970; x_wconf 89' lang='lat' dir='ltr'><strong>non</strong></span> <span class='ocrx_word' id='word_1_419' title='bbox 1018 3933 1126 3971; x_wconf 88' lang='lat' dir='ltr'><strong>uno</strong></span> <span class='ocrx_word' id='word_1_420' title='bbox 1154 3918 1348 3983; x_wconf 89' lang='lat' dir='ltr'><strong>modo;</strong></span> <span class='ocrx_word' id='word_1_421' title='bbox 1391 3919 1596 3973; x_wconf 88' lang='lat' dir='ltr'><strong>scilicet</strong></span> <span class='ocrx_word' id='word_1_422' title='bbox 1615 3918 1642 3956; x_wconf 73' lang='grc' dir='ltr'><em>ά</em></span> <span class='ocrx_word' id='word_1_423' title='bbox 1674 3928 1734 3974; x_wconf 92' lang='lat' dir='ltr'><strong>ut</strong></span> <span class='ocrx_word' id='word_1_424' title='bbox 1761 3921 1878 3988; x_wconf 85' lang='lat' dir='ltr'><strong>plus</strong></span> 
     </span>
    </p>
   </div>
   <div class='ocr_carea' id='block_1_56' title="bbox 1978 1893 3560 1964">
    <p class='ocr_par' dir='ltr' id='par_1_56' title="bbox 1978 1893 3560 1964">
     <span class='ocr_line' id='line_1_56' title="bbox 1978 1893 3560 1964; baseline -0.001 -15"><span class='ocrx_word' id='word_1_425' title='bbox 1978 1903 2208 1962; x_wconf 84' lang='lat' dir='ltr'><strong>tantum,</strong></span> <span class='ocrx_word' id='word_1_426' title='bbox 2239 1895 2333 1950; x_wconf 90' lang='lat' dir='ltr'><strong>sed</strong></span> <span class='ocrx_word' id='word_1_427' title='bbox 2375 1896 2538 1950; x_wconf 91' lang='lat' dir='ltr'><strong>etiam</strong></span> <span class='ocrx_word' id='word_1_428' title='bbox 2568 1894 2997 1950; x_wconf 87' lang='lat' dir='ltr'><strong>moderationem</strong></span> <span class='ocrx_word' id='word_1_429' title='bbox 3036 1902 3200 1963; x_wconf 90' lang='lat' dir='ltr'><strong>atque</strong></span> <span class='ocrx_word' id='word_1_430' title='bbox 3225 1893 3560 1964; x_wconf 82' lang='lat' dir='ltr'><strong>patientiam.</strong></span> 
     </span>
    </p>
   </div>
   <div class='ocr_carea' id='block_1_57' title="bbox 1979 1978 3564 2057">
    <p class='ocr_par' dir='ltr' id='par_1_57' title="bbox 1979 1978 3564 2057">
     <span class='ocr_line' id='line_1_57' title="bbox 1979 1978 3564 2057; baseline 0.001 -18"><span class='ocrx_word' id='word_1_431' title='bbox 1979 1984 2261 2041; x_wconf 72' lang='lat' dir='ltr'><strong>Patientize</strong></span> <span class='ocrx_word' id='word_1_432' title='bbox 2286 1987 2428 2041; x_wconf 91' lang='lat' dir='ltr'><strong>enim</strong></span> <span class='ocrx_word' id='word_1_433' title='bbox 2459 1978 2566 2041; x_wconf 80' lang='lat' dir='ltr'><strong>fuit</strong></span> <span class='ocrx_word' id='word_1_434' title='bbox 2582 1986 2729 2055; x_wconf 91' lang='lat' dir='ltr'><strong>quod</strong></span> <span class='ocrx_word' id='word_1_435' title='bbox 2760 1986 2774 2024; x_wconf 76' lang='grc' dir='ltr'><strong>ί</strong></span> <span class='ocrx_word' id='word_1_436' title='bbox 2804 1984 3042 2057; x_wconf 66' lang='lat' dir='ltr'><strong>Egyptii</strong></span> <span class='ocrx_word' id='word_1_437' title='bbox 3070 1987 3395 2042; x_wconf 86' lang='lat' dir='ltr'><strong>rebellantes</strong></span> <span class='ocrx_word' id='word_1_438' title='bbox 3423 2000 3564 2055; x_wconf 66' lang='lat' dir='ltr'><strong>saepe</strong></span> 
     </span>
    </p>
   </div>
   <div class='ocr_carea' id='block_1_58' title="bbox 1979 2078 3566 2148">
    <p class='ocr_par' dir='ltr' id='par_1_58' title="bbox 1979 2078 3566 2148">
     <span class='ocr_line' id='line_1_58' title="bbox 1979 2078 3566 2148; baseline -0.001 -16"><span class='ocrx_word' id='word_1_439' title='bbox 1979 2078 2222 2147; x_wconf 89' lang='lat' dir='ltr'><strong>percussi</strong></span> <span class='ocrx_word' id='word_1_440' title='bbox 2251 2086 2410 2141; x_wconf 87' lang='lat' dir='ltr'><strong>sunt;</strong></span> <span class='ocrx_word' id='word_1_441' title='bbox 2435 2078 2641 2146; x_wconf 89' lang='lat' dir='ltr'><strong>judicii,</strong></span> <span class='ocrx_word' id='word_1_442' title='bbox 2665 2078 2809 2146; x_wconf 91' lang='lat' dir='ltr'><strong>quod</strong></span> <span class='ocrx_word' id='word_1_443' title='bbox 2838 2082 2853 2128; x_wconf 85' lang='lat' dir='ltr'><strong>t</strong></span> <span class='ocrx_word' id='word_1_444' title='bbox 2887 2081 3239 2134; x_wconf 73' lang='lat' dir='ltr'><strong>contumacia:</strong></span> <span class='ocrx_word' id='word_1_445' title='bbox 3261 2079 3566 2148; x_wconf 87' lang='lat' dir='ltr'><strong>pertinaces</strong></span> 
     </span>
    </p>
   </div>
   <div class='ocr_carea' id='block_1_59' title="bbox 1983 2165 3564 2235">
    <p class='ocr_par' dir='ltr' id='par_1_59' title="bbox 1983 2165 3564 2235">
     <span class='ocr_line' id='line_1_59' title="bbox 1983 2165 3564 2235; baseline 0.001 -16"><span class='ocrx_word' id='word_1_446' title='bbox 1983 2174 2159 2220; x_wconf 89' lang='lat' dir='ltr'><strong>morte</strong></span> <span class='ocrx_word' id='word_1_447' title='bbox 2179 2166 2434 2220; x_wconf 90' lang='lat' dir='ltr'><strong>damnati.</strong></span> <span class='ocrx_word' id='word_1_448' title='bbox 2460 2165 2627 2233; x_wconf 88' lang='lat' dir='ltr'><strong>Igitur</strong></span> <span class='ocrx_word' id='word_1_449' title='bbox 2644 2175 2770 2235; x_wconf 90' lang='lat' dir='ltr'><strong>post</strong></span> <span class='ocrx_word' id='word_1_450' title='bbox 2795 2166 2940 2221; x_wconf 90' lang='lat' dir='ltr'><strong>hunc</strong></span> <span class='ocrx_word' id='word_1_451' title='bbox 2967 2182 3145 2221; x_wconf 90' lang='lat' dir='ltr'><strong>rerum</strong></span> <span class='ocrx_word' id='word_1_452' title='bbox 3174 2178 3444 2235; x_wconf 91' lang='lat' dir='ltr'><strong>gestarum</strong></span> <span class='ocrx_word' id='word_1_453' title='bbox 3473 2183 3564 2220; x_wconf 93' lang='lat' dir='ltr'><strong>or-</strong></span> 
     </span>
    </p>
   </div>
   <div class='ocr_carea' id='block_1_60' title="bbox 1981 2257 3566 2327">
    <p class='ocr_par' dir='ltr' id='par_1_60' title="bbox 1981 2257 3566 2327">
     <span class='ocr_line' id='line_1_60' title="bbox 1981 2257 3566 2327; baseline 0 -15"><span class='ocrx_word' id='word_1_454' title='bbox 1981 2257 2163 2312; x_wconf 90' lang='lat' dir='ltr'><strong>dinem</strong></span> <span class='ocrx_word' id='word_1_455' title='bbox 2221 2258 2518 2327; x_wconf 88' lang='lat' dir='ltr'><strong>ingreditur</strong></span> <span class='ocrx_word' id='word_1_456' title='bbox 2571 2261 2810 2314; x_wconf 85' lang='lat' dir='ltr'><strong>eremum</strong></span> <span class='ocrx_word' id='word_1_457' title='bbox 2866 2258 3060 2313; x_wconf 84' lang='lat' dir='ltr'><strong>victrix</strong></span> <span class='ocrx_word' id='word_1_458' title='bbox 3113 2259 3231 2313; x_wconf 84' lang='lat' dir='ltr'><strong>sine</strong></span> <span class='ocrx_word' id='word_1_459' title='bbox 3266 2258 3409 2314; x_wconf 87' lang='lat' dir='ltr'><strong>bello</strong></span> <span class='ocrx_word' id='word_1_460' title='bbox 3437 2271 3566 2326; x_wconf 81' lang='lat' dir='ltr'><strong>gens</strong></span> 
     </span>
    </p>
   </div>
   <div class='ocr_carea' id='block_1_61' title="bbox 1981 2349 3562 2418">
    <p class='ocr_par' dir='ltr' id='par_1_61' title="bbox 1981 2349 3562 2418">
     <span class='ocr_line' id='line_1_61' title="bbox 1981 2349 3562 2418; baseline -0.001 -14"><span class='ocrx_word' id='word_1_461' title='bbox 1981 2349 2348 2404; x_wconf 70' lang='lat' dir='ltr'><strong>Hebrmorum.</strong></span> <span class='ocrx_word' id='word_1_462' title='bbox 2382 2349 2504 2418; x_wconf 82' lang='lat' dir='ltr'><strong>Agit</strong></span> <span class='ocrx_word' id='word_1_463' title='bbox 2550 2351 2652 2405; x_wconf 89' lang='lat' dir='ltr'><strong>iter</strong></span> <span class='ocrx_word' id='word_1_464' title='bbox 2694 2350 2812 2404; x_wconf 89' lang='lat' dir='ltr'><strong>sine</strong></span> <span class='ocrx_word' id='word_1_465' title='bbox 2841 2349 3054 2415; x_wconf 88' lang='lat' dir='ltr'><strong>itinere,</strong></span> <span class='ocrx_word' id='word_1_466' title='bbox 3082 2350 3274 2404; x_wconf 90' lang='lat' dir='ltr'><strong>viatrix</strong></span> <span class='ocrx_word' id='word_1_467' title='bbox 3313 2349 3430 2404; x_wconf 89' lang='lat' dir='ltr'><strong>sine</strong></span> <span class='ocrx_word' id='word_1_468' title='bbox 3455 2349 3562 2411; x_wconf 81' lang='lat' dir='ltr'><strong>via,</strong></span> 
     </span>
    </p>
   </div>
   <div class='ocr_carea' id='block_1_62' title="bbox 1979 2438 3564 2512">
    <p class='ocr_par' dir='ltr' id='par_1_62' title="bbox 1979 2438 3564 2512">
     <span class='ocr_line' id='line_1_62' title="bbox 1979 2438 3564 2512; baseline -0.001 -17"><span class='ocrx_word' id='word_1_469' title='bbox 1979 2441 2180 2512; x_wconf 64' lang='lat' dir='ltr'><strong>praevio</strong></span> <span class='ocrx_word' id='word_1_470' title='bbox 2235 2441 2366 2507; x_wconf 88' lang='lat' dir='ltr'><strong>Deo,</strong></span> <span class='ocrx_word' id='word_1_471' title='bbox 2419 2440 2602 2496; x_wconf 89' lang='lat' dir='ltr'><strong>divino</strong></span> <span class='ocrx_word' id='word_1_472' title='bbox 2650 2441 2966 2496; x_wconf 87' lang='lat' dir='ltr'><strong>commilitio</strong></span> <span class='ocrx_word' id='word_1_473' title='bbox 3008 2438 3371 2506; x_wconf 75' lang='lat' dir='ltr'><strong>‘honorabilis,</strong></span> <span class='ocrx_word' id='word_1_474' title='bbox 3402 2440 3564 2495; x_wconf 90' lang='lat' dir='ltr'><strong>ductu</strong></span> 
     </span>
    </p>
   </div>
   <div class='ocr_carea' id='block_1_63' title="bbox 1977 2534 3563 2606">
    <p class='ocr_par' dir='ltr' id='par_1_63' title="bbox 1977 2534 3563 2606">
     <span class='ocr_line' id='line_1_63' title="bbox 1977 2534 3563 2606; baseline -0.001 -16"><span class='ocrx_word' id='word_1_475' title='bbox 1977 2534 2184 2590; x_wconf 76' lang='lat' dir='ltr'><strong>cmlesti</strong></span> <span class='ocrx_word' id='word_1_476' title='bbox 2213 2544 2425 2605; x_wconf 89' lang='lat' dir='ltr'><strong>potens,</strong></span> <span class='ocrx_word' id='word_1_477' title='bbox 2458 2549 2692 2606; x_wconf 88' lang='lat' dir='ltr'><strong>sequens</strong></span> <span class='ocrx_word' id='word_1_478' title='bbox 2739 2534 2996 2589; x_wconf 91' lang='lat' dir='ltr'><strong>mobilem</strong></span> <span class='ocrx_word' id='word_1_479' title='bbox 3025 2534 3354 2598; x_wconf 89' lang='lat' dir='ltr'><strong>columnam,</strong></span> <span class='ocrx_word' id='word_1_480' title='bbox 3404 2534 3563 2588; x_wconf 84' lang='lat' dir='ltr'><strong>nubi-</strong></span> 
     </span>
    </p>
   </div>
   <div class='ocr_carea' id='block_1_64' title="bbox 1977 2625 3563 2694">
    <p class='ocr_par' dir='ltr' id='par_1_64' title="bbox 1977 2625 3563 2694">
     <span class='ocr_line' id='line_1_64' title="bbox 1977 2625 3563 2694; baseline -0.001 -13"><span class='ocrx_word' id='word_1_481' title='bbox 1977 2626 2084 2681; x_wconf 88' lang='lat' dir='ltr'><strong>lam</strong></span> <span class='ocrx_word' id='word_1_482' title='bbox 2113 2626 2218 2693; x_wconf 92' lang='lat' dir='ltr'><strong>die,</strong></span> <span class='ocrx_word' id='word_1_483' title='bbox 2255 2627 2466 2694; x_wconf 86' lang='lat' dir='ltr'><strong>igneam</strong></span> <span class='ocrx_word' id='word_1_484' title='bbox 2520 2633 2699 2690; x_wconf 90' lang='lat' dir='ltr'><strong>nocte,</strong></span> <span class='ocrx_word' id='word_1_485' title='bbox 2749 2638 3016 2692; x_wconf 90' lang='lat' dir='ltr'><strong>congruas</strong></span> <span class='ocrx_word' id='word_1_486' title='bbox 3044 2625 3289 2680; x_wconf 89' lang='lat' dir='ltr'><strong>colorum</strong></span> <span class='ocrx_word' id='word_1_487' title='bbox 3337 2625 3563 2680; x_wconf 86' lang='lat' dir='ltr'><strong>diversi-</strong></span> 
     </span>
    </p>
   </div>
   <div class='ocr_carea' id='block_1_65' title="bbox 1977 2717 3563 2789">
    <p class='ocr_par' dir='ltr' id='par_1_65' title="bbox 1977 2717 3563 2789">
     <span class='ocr_line' id='line_1_65' title="bbox 1977 2717 3563 2789; baseline -0.001 -15"><span class='ocrx_word' id='word_1_488' title='bbox 1977 2725 2119 2775; x_wconf 86' lang='lat' dir='ltr'><strong>tates</strong></span> <span class='ocrx_word' id='word_1_489' title='bbox 2147 2735 2245 2789; x_wconf 93' lang='lat' dir='ltr'><strong>pro</strong></span> <span class='ocrx_word' id='word_1_490' title='bbox 2289 2727 2594 2788; x_wconf 90' lang='lat' dir='ltr'><strong>temporum</strong></span> <span class='ocrx_word' id='word_1_491' title='bbox 2636 2717 2947 2770; x_wconf 87' lang='lat' dir='ltr'><strong>diversitate</strong></span> <span class='ocrx_word' id='word_1_492' title='bbox 2991 2723 3328 2780; x_wconf 87' lang='lat' dir='ltr'><strong>sumentem;</strong></span> <span class='ocrx_word' id='word_1_493' title='bbox 3359 2717 3563 2780; x_wconf 77' lang='lat' dir='ltr'><strong>scilicet</strong></span> 
     </span>
    </p>
   </div>
   <div class='ocr_carea' id='block_1_66' title="bbox 1979 2807 3565 2876">
    <p class='ocr_par' dir='ltr' id='par_1_66' title="bbox 1979 2807 3565 2876">
     <span class='ocr_line' id='line_1_66' title="bbox 1979 2807 3565 2876; baseline -0.003 -10"><span class='ocrx_word' id='word_1_494' title='bbox 1979 2819 2038 2866; x_wconf 92' lang='lat' dir='ltr'><strong>ut</strong></span> <span class='ocrx_word' id='word_1_495' title='bbox 2067 2821 2122 2866; x_wconf 87' lang='lat' dir='ltr'><strong>et</strong></span> <span class='ocrx_word' id='word_1_496' title='bbox 2150 2811 2255 2866; x_wconf 89' lang='lat' dir='ltr'><strong>diei</strong></span> <span class='ocrx_word' id='word_1_497' title='bbox 2283 2809 2311 2848; x_wconf 66' lang='grc' dir='ltr'>ι</span> <span class='ocrx_word' id='word_1_498' title='bbox 2342 2811 2518 2866; x_wconf 87' lang='lat' dir='ltr'><strong>lucem</strong></span> <span class='ocrx_word' id='word_1_499' title='bbox 2558 2809 2703 2862; x_wconf 92' lang='lat' dir='ltr'><strong>lutea</strong></span> <span class='ocrx_word' id='word_1_500' title='bbox 2733 2808 3064 2863; x_wconf 87' lang='lat' dir='ltr'><strong>obscuritate</strong></span> <span class='ocrx_word' id='word_1_501' title='bbox 3105 2807 3479 2876; x_wconf 83' lang='lat' dir='ltr'><strong>distingueret,</strong></span> <span class='ocrx_word' id='word_1_502' title='bbox 3511 2817 3565 2862; x_wconf 89' lang='lat' dir='ltr'><strong>et</strong></span> 
     </span>
    </p>
   </div>
   <div class='ocr_carea' id='block_1_67' title="bbox 1977 2898 3565 2978">
    <p class='ocr_par' dir='ltr' id='par_1_67' title="bbox 1977 2898 3565 2978">
     <span class='ocr_line' id='line_1_67' title="bbox 1977 2898 3565 2978; baseline -0.002 -21"><span class='ocrx_word' id='word_1_503' title='bbox 1977 2903 2260 2970; x_wconf 90' lang='lat' dir='ltr'><strong>caliginem</strong></span> <span class='ocrx_word' id='word_1_504' title='bbox 2288 2902 2462 2956; x_wconf 91' lang='lat' dir='ltr'><strong>noctis</strong></span> <span class='ocrx_word' id='word_1_505' title='bbox 2481 2898 2740 2978; x_wconf 70' lang='lat' dir='ltr'><strong>ﬂammeo</strong></span> <span class='ocrx_word' id='word_1_506' title='bbox 2769 2898 3055 2969; x_wconf 87' lang='lat' dir='ltr'><strong>splendore</strong></span> <span class='ocrx_word' id='word_1_507' title='bbox 3093 2899 3352 2954; x_wconf 85' lang='lat' dir='ltr'><strong>claritatis</strong></span> <span class='ocrx_word' id='word_1_508' title='bbox 3391 2899 3565 2954; x_wconf 87' lang='lat' dir='ltr'><strong>radia-</strong></span> 
     </span>
    </p>
   </div>
   <div class='ocr_carea' id='block_1_68' title="bbox 1977 2989 3659 3062">
    <p class='ocr_par' dir='ltr' id='par_1_68' title="bbox 1977 2989 3659 3062">
     <span class='ocr_line' id='line_1_68' title="bbox 1977 2989 3659 3062; baseline -0.002 -12"><span class='ocrx_word' id='word_1_509' title='bbox 1977 3004 2080 3050; x_wconf 90' lang='lat' dir='ltr'><strong>ret.</strong></span> <span class='ocrx_word' id='word_1_510' title='bbox 2111 2994 2261 3048; x_wconf 82' lang='lat' dir='ltr'><strong>Adde</strong></span> <span class='ocrx_word' id='word_1_511' title='bbox 2292 2994 2397 3048; x_wconf 90' lang='lat' dir='ltr'><strong>huc</strong></span> <span class='ocrx_word' id='word_1_512' title='bbox 2426 2992 2602 3047; x_wconf 78' lang='lat' dir='ltr'><strong>fontes</strong></span> <span class='ocrx_word' id='word_1_513' title='bbox 2635 2999 2860 3062; x_wconf 90' lang='lat' dir='ltr'><strong>repente</strong></span> <span class='ocrx_word' id='word_1_514' title='bbox 2885 2998 3066 3053; x_wconf 88' lang='lat' dir='ltr'><strong>natos,</strong></span> <span class='ocrx_word' id='word_1_515' title='bbox 3100 2989 3237 3045; x_wconf 88' lang='lat' dir='ltr'><strong>adde</strong></span> <span class='ocrx_word' id='word_1_516' title='bbox 3275 2991 3566 3047; x_wconf 88' lang='lat' dir='ltr'><strong>medicatas</strong></span> <span class='ocrx_word' id='word_1_517' title='bbox 3641 3007 3659 3030; x_wconf 79' lang='grc' dir='ltr'><strong><em>ο</em></strong></span> 
     </span>
    </p>
   </div>
   <div class='ocr_carea' id='block_1_69' title="bbox 1979 3083 3652 3159">
    <p class='ocr_par' dir='ltr' id='par_1_69' title="bbox 1979 3083 3652 3159">
     <span class='ocr_line' id='line_1_69' title="bbox 1979 3083 3652 3159; baseline -0.002 -14"><span class='ocrx_word' id='word_1_518' title='bbox 1979 3103 2148 3159; x_wconf 88' lang='lat' dir='ltr'><strong>aquas</strong></span> <span class='ocrx_word' id='word_1_519' title='bbox 2174 3087 2261 3143; x_wconf 89' lang='lat' dir='ltr'><strong>vel</strong></span> <span class='ocrx_word' id='word_1_520' title='bbox 2287 3087 2440 3142; x_wconf 86' lang='lat' dir='ltr'><strong>datas</strong></span> <span class='ocrx_word' id='word_1_521' title='bbox 2466 3087 2553 3142; x_wconf 88' lang='lat' dir='ltr'><strong>vel</strong></span> <span class='ocrx_word' id='word_1_522' title='bbox 2588 3083 2605 3124; x_wconf 76' lang='grc' dir='ltr'>ι</span> <span class='ocrx_word' id='word_1_523' title='bbox 2642 3086 2967 3148; x_wconf 88' lang='lat' dir='ltr'><strong>immutatas,</strong></span> <span class='ocrx_word' id='word_1_524' title='bbox 3001 3085 3236 3155; x_wconf 89' lang='lat' dir='ltr'><strong>speciem</strong></span> <span class='ocrx_word' id='word_1_525' title='bbox 3266 3095 3563 3152; x_wconf 89' lang='lat' dir='ltr'><strong>servantes,</strong></span> <span class='ocrx_word' id='word_1_526' title='bbox 3647 3143 3652 3150; x_wconf 87' lang='lat'><em>_</em></span> 
     </span>
    </p>
   </div>
   <div class='ocr_carea' id='block_1_70' title="bbox 1901 3177 3565 3250">
    <p class='ocr_par' dir='ltr' id='par_1_70' title="bbox 1901 3177 3565 3250">
     <span class='ocr_line' id='line_1_70' title="bbox 1901 3177 3565 3250; baseline -0.002 -14"><span class='ocrx_word' id='word_1_527' title='bbox 1901 3177 1949 3242; x_wconf 87' lang='lat' dir='ltr'><strong><em>C</em></strong></span> <span class='ocrx_word' id='word_1_528' title='bbox 1982 3189 2227 3236; x_wconf 89' lang='lat' dir='ltr'><strong>naturam</strong></span> <span class='ocrx_word' id='word_1_529' title='bbox 2255 3180 2642 3250; x_wconf 88' lang='lat' dir='ltr'><strong>relinquentes.</strong></span> <span class='ocrx_word' id='word_1_530' title='bbox 2676 3177 2826 3232; x_wconf 83' lang='lat' dir='ltr'><strong>Adde</strong></span> <span class='ocrx_word' id='word_1_531' title='bbox 2850 3185 3036 3248; x_wconf 89' lang='lat' dir='ltr'><strong>aperta</strong></span> <span class='ocrx_word' id='word_1_532' title='bbox 3065 3178 3472 3248; x_wconf 88' lang='lat' dir='ltr'><strong>erumpentibus</strong></span> <span class='ocrx_word' id='word_1_533' title='bbox 3495 3180 3565 3233; x_wconf 83' lang='lat' dir='ltr'><strong>ri-</strong></span> 
     </span>
    </p>
   </div>
   <div class='ocr_carea' id='block_1_71' title="bbox 1984 3270 3566 3343">
    <p class='ocr_par' dir='ltr' id='par_1_71' title="bbox 1984 3270 3566 3343">
     <span class='ocr_line' id='line_1_71' title="bbox 1984 3270 3566 3343; baseline -0.003 -13"><span class='ocrx_word' id='word_1_534' title='bbox 1984 3275 2063 3330; x_wconf 92' lang='lat' dir='ltr'><strong>vis</strong></span> <span class='ocrx_word' id='word_1_535' title='bbox 2090 3274 2354 3330; x_wconf 89' lang='lat' dir='ltr'><strong>montium</strong></span> <span class='ocrx_word' id='word_1_536' title='bbox 2383 3272 2578 3343; x_wconf 87' lang='lat' dir='ltr'><strong>capita,</strong></span> <span class='ocrx_word' id='word_1_537' title='bbox 2611 3270 2746 3326; x_wconf 91' lang='lat' dir='ltr'><strong>adde</strong></span> <span class='ocrx_word' id='word_1_538' title='bbox 2785 3271 3134 3326; x_wconf 88' lang='lat' dir='ltr'><strong>scaturientia</strong></span> <span class='ocrx_word' id='word_1_539' title='bbox 3186 3271 3339 3326; x_wconf 90' lang='lat' dir='ltr'><strong>novis</strong></span> <span class='ocrx_word' id='word_1_540' title='bbox 3383 3272 3566 3342; x_wconf 89' lang='lat' dir='ltr'><strong>pulve-</strong></span> 
     </span>
    </p>
   </div>
   <div class='ocr_carea' id='block_1_72' title="bbox 1981 3361 3566 3428">
    <p class='ocr_par' dir='ltr' id='par_1_72' title="bbox 1981 3361 3566 3428">
     <span class='ocr_line' id='line_1_72' title="bbox 1981 3361 3566 3428; baseline -0.005 -5"><span class='ocrx_word' id='word_1_541' title='bbox 1981 3367 2193 3423; x_wconf 90' lang='lat' dir='ltr'><strong>rulenta</strong></span> <span class='ocrx_word' id='word_1_542' title='bbox 2243 3381 2369 3420; x_wconf 88' lang='lat' dir='ltr'><strong>arva</strong></span> <span class='ocrx_word' id='word_1_543' title='bbox 2416 3363 2764 3428; x_wconf 89' lang='lat' dir='ltr'><strong>torrentibus,</strong></span> <span class='ocrx_word' id='word_1_544' title='bbox 2806 3361 2944 3418; x_wconf 89' lang='lat' dir='ltr'><strong>adde</strong></span> <span class='ocrx_word' id='word_1_545' title='bbox 2972 3362 3171 3417; x_wconf 90' lang='lat' dir='ltr'><strong>inlatos</strong></span> <span class='ocrx_word' id='word_1_546' title='bbox 3200 3362 3566 3416; x_wconf 90' lang='lat' dir='ltr'><strong>itinerantium</strong></span> 
     </span>
    </p>
   </div>
   <div class='ocr_carea' id='block_1_73' title="bbox 1980 3451 3567 3524">
    <p class='ocr_par' dir='ltr' id='par_1_73' title="bbox 1980 3451 3567 3524">
     <span class='ocr_line' id='line_1_73' title="bbox 1980 3451 3567 3524; baseline -0.006 -9"><span class='ocrx_word' id='word_1_547' title='bbox 1980 3460 2171 3517; x_wconf 88' lang='lat' dir='ltr'><strong>castris</strong></span> <span class='ocrx_word' id='word_1_548' title='bbox 2217 3458 2402 3512; x_wconf 89' lang='lat' dir='ltr'><strong>alitum</strong></span> <span class='ocrx_word' id='word_1_549' title='bbox 2450 3453 2759 3524; x_wconf 74' lang='lat' dir='ltr'><strong>greges-Dei</strong></span> <span class='ocrx_word' id='word_1_550' title='bbox 2785 3453 2992 3524; x_wconf 89' lang='lat' dir='ltr'><strong>pietate</strong></span> <span class='ocrx_word' id='word_1_551' title='bbox 3019 3451 3480 3521; x_wconf 73' lang='lat' dir='ltr'><strong>indulgentissime</strong></span> <span class='ocrx_word' id='word_1_552' title='bbox 3503 3462 3567 3517; x_wconf 73' lang='grc' dir='ltr'>ιιι,</span> 
     </span>
    </p>
   </div>
   <div class='ocr_carea' id='block_1_74' title="bbox 1981 3544 3568 3623">
    <p class='ocr_par' dir='ltr' id='par_1_74' title="bbox 1981 3544 3568 3623">
     <span class='ocr_line' id='line_1_74' title="bbox 1981 3544 3568 3623; baseline -0.006 -14"><span class='ocrx_word' id='word_1_553' title='bbox 1981 3569 2089 3610; x_wconf 91' lang='lat' dir='ltr'><strong>non</strong></span> <span class='ocrx_word' id='word_1_554' title='bbox 2120 3552 2305 3606; x_wconf 89' lang='lat' dir='ltr'><strong>usibus</strong></span> <span class='ocrx_word' id='word_1_555' title='bbox 2342 3557 2549 3604; x_wconf 89' lang='lat' dir='ltr'><strong>tantum</strong></span> <span class='ocrx_word' id='word_1_556' title='bbox 2592 3547 2899 3612; x_wconf 89' lang='lat' dir='ltr'><strong>hominum,</strong></span> <span class='ocrx_word' id='word_1_557' title='bbox 2929 3544 3025 3600; x_wconf 91' lang='lat' dir='ltr'><strong>sed</strong></span> <span class='ocrx_word' id='word_1_558' title='bbox 3070 3545 3232 3623; x_wconf 64' lang='lat' dir='ltr'><strong>etiam</strong></span> <span class='ocrx_word' id='word_1_559' title='bbox 3282 3545 3568 3600; x_wconf 89' lang='lat' dir='ltr'><strong>inlecebris</strong></span> 
     </span>
    </p>
   </div>
   <div class='ocr_carea' id='block_1_75' title="bbox 1980 3639 3568 3714">
    <p class='ocr_par' dir='ltr' id='par_1_75' title="bbox 1980 3639 3568 3714">
     <span class='ocr_line' id='line_1_75' title="bbox 1980 3639 3568 3714; baseline -0.005 -13"><span class='ocrx_word' id='word_1_560' title='bbox 1980 3645 2304 3708; x_wconf 89' lang='lat' dir='ltr'><strong>servientes,</strong></span> <span class='ocrx_word' id='word_1_561' title='bbox 2334 3643 2520 3696; x_wconf 90' lang='lat' dir='ltr'><strong>datum</strong></span> <span class='ocrx_word' id='word_1_562' title='bbox 2542 3656 2641 3710; x_wconf 89' lang='lat' dir='ltr'><strong>per</strong></span> <span class='ocrx_word' id='word_1_563' title='bbox 2666 3639 3020 3714; x_wconf 78' lang='lat' dir='ltr'><strong>quadraginta</strong></span> <span class='ocrx_word' id='word_1_564' title='bbox 3043 3653 3216 3694; x_wconf 87' lang='lat' dir='ltr'><strong>annos</strong></span> <span class='ocrx_word' id='word_1_565' title='bbox 3245 3639 3404 3694; x_wconf 88' lang='lat' dir='ltr'><strong>astris</strong></span> <span class='ocrx_word' id='word_1_566' title='bbox 3431 3653 3568 3706; x_wconf 84' lang='lat' dir='ltr'><strong>quo-</strong></span> 
     </span>
    </p>
   </div>
   <div class='ocr_carea' id='block_1_76' title="bbox 1978 3729 3573 3798">
    <p class='ocr_par' dir='ltr' id='par_1_76' title="bbox 1978 3729 3573 3798">
     <span class='ocr_line' id='line_1_76' title="bbox 1978 3729 3573 3798; baseline -0.006 -6"><span class='ocrx_word' id='word_1_567' title='bbox 1978 3737 2109 3792; x_wconf 88' lang='lat' dir='ltr'><strong>tidie</strong></span> <span class='ocrx_word' id='word_1_568' title='bbox 2135 3733 2519 3790; x_wconf 84' lang='lat' dir='ltr'><strong>famulantibus</strong></span> <span class='ocrx_word' id='word_1_569' title='bbox 2546 3732 2746 3796; x_wconf 91' lang='lat' dir='ltr'><strong>cibum,</strong></span> <span class='ocrx_word' id='word_1_570' title='bbox 2778 3739 3030 3786; x_wconf 88' lang='lat' dir='ltr'><strong>rorantes</strong></span> <span class='ocrx_word' id='word_1_571' title='bbox 3064 3729 3266 3798; x_wconf 79' lang='lat' dir='ltr'><strong>iugiter</strong></span> <span class='ocrx_word' id='word_1_572' title='bbox 3285 3730 3424 3784; x_wconf 89' lang='lat' dir='ltr'><strong>escis</strong></span> <span class='ocrx_word' id='word_1_573' title='bbox 3449 3729 3573 3783; x_wconf 83' lang='lat' dir='ltr'><strong>dul-</strong></span> 
     </span>
    </p>
   </div>
   <div class='ocr_carea' id='block_1_77' title="bbox 1977 3810 3571 3896">
    <p class='ocr_par' dir='ltr' id='par_1_77' title="bbox 1977 3810 3571 3896">
     <span class='ocr_line' id='line_1_77' title="bbox 1977 3810 3571 3896; baseline -0.005 -14"><span class='ocrx_word' id='word_1_574' title='bbox 1977 3828 2131 3882; x_wconf 90' lang='lat' dir='ltr'><strong>cibus</strong></span> <span class='ocrx_word' id='word_1_575' title='bbox 2168 3826 2345 3896; x_wconf 89' lang='lat' dir='ltr'><strong>polos,</strong></span> <span class='ocrx_word' id='word_1_576' title='bbox 2401 3839 2510 3877; x_wconf 93' lang='lat' dir='ltr'><strong>non</strong></span> <span class='ocrx_word' id='word_1_577' title='bbox 2558 3821 2623 3876; x_wconf 89' lang='lat' dir='ltr'><strong>ad</strong></span> <span class='ocrx_word' id='word_1_578' title='bbox 2663 3822 2867 3876; x_wconf 88' lang='lat' dir='ltr'><strong>victum</strong></span> <span class='ocrx_word' id='word_1_579' title='bbox 2894 3810 3124 3883; x_wconf 69' lang='lat' dir='ltr'><strong>tantum,</strong></span> <span class='ocrx_word' id='word_1_580' title='bbox 3178 3819 3272 3872; x_wconf 91' lang='lat' dir='ltr'><strong>sed</strong></span> <span class='ocrx_word' id='word_1_581' title='bbox 3314 3820 3477 3872; x_wconf 90' lang='lat' dir='ltr'><strong>etiam</strong></span> <span class='ocrx_word' id='word_1_582' title='bbox 3506 3819 3571 3874; x_wconf 92' lang='lat' dir='ltr'><strong>ad</strong></span> 
     </span>
    </p>
   </div>
   <div class='ocr_carea' id='block_1_78' title="bbox 1979 3909 3572 3984">
    <p class='ocr_par' dir='ltr' id='par_1_78' title="bbox 1979 3909 3572 3984">
     <span class='ocr_line' id='line_1_78' title="bbox 1979 3909 3572 3984; baseline -0.004 -12"><span class='ocrx_word' id='word_1_583' title='bbox 1979 3917 2199 3972; x_wconf 87' lang='lat' dir='ltr'><strong>delicias</strong></span> <span class='ocrx_word' id='word_1_584' title='bbox 2218 3914 2570 3984; x_wconf 77' lang='lat' dir='ltr'><strong>proﬂuentes.</strong></span> <span class='ocrx_word' id='word_1_585' title='bbox 2595 3911 2746 3964; x_wconf 84' lang='lat' dir='ltr'><strong>Adde</strong></span> <span class='ocrx_word' id='word_1_586' title='bbox 2764 3911 3015 3963; x_wconf 90' lang='lat' dir='ltr'><strong>homines</strong></span> <span class='ocrx_word' id='word_1_587' title='bbox 3049 3910 3103 3964; x_wconf 91' lang='lat' dir='ltr'><strong>in</strong></span> <span class='ocrx_word' id='word_1_588' title='bbox 3123 3909 3283 3964; x_wconf 90' lang='lat' dir='ltr'><strong>nullis</strong></span> <span class='ocrx_word' id='word_1_589' title='bbox 3304 3911 3572 3967; x_wconf 89' lang='lat' dir='ltr'><strong>membro-</strong></span> 
     </span>
    </p>
   </div>
   <div class='ocr_carea' id='block_1_79' title="bbox 1467 4001 2378 4062">
    <p class='ocr_par' dir='ltr' id='par_1_79' title="bbox 1467 4001 2378 4062">
     <span class='ocr_line' id='line_1_79' title="bbox 1467 4001 2378 4062; baseline -0.008 -2"><span class='ocrx_word' id='word_1_590' title='bbox 1467 4006 1806 4061; x_wconf 85' lang='lat' dir='ltr'><strong>STEPHANI</strong></span> <span class='ocrx_word' id='word_1_591' title='bbox 1842 4005 2113 4062; x_wconf 83' lang='lat' dir='ltr'><strong>BALUZII</strong></span> <span class='ocrx_word' id='word_1_592' title='bbox 2150 4001 2378 4057; x_wconf 67' lang='lat' dir='ltr'><strong>NOTAE.</strong></span> 
     </span>
    </p>
   </div>
   <div class='ocr_carea' id='block_1_80' title="bbox 367 4095 1882 4170">
    <p class='ocr_par' dir='ltr' id='par_1_80' title="bbox 367 4095 1882 4170">
     <span class='ocr_line' id='line_1_80' title="bbox 367 4095 1882 4170; baseline 0.007 -21"><span class='ocrx_word' id='word_1_593' title='bbox 367 4105 396 4134; x_wconf 73' lang='grc' dir='ltr'>ι</span> <span class='ocrx_word' id='word_1_594' title='bbox 431 4095 490 4151; x_wconf 87' lang='lat' dir='ltr'><strong>Id</strong></span> <span class='ocrx_word' id='word_1_595' title='bbox 518 4107 616 4170; x_wconf 78' lang='lat' dir='ltr'><strong>est,</strong></span> <span class='ocrx_word' id='word_1_596' title='bbox 648 4115 771 4154; x_wconf 91' lang='lat' dir='ltr'><strong>cum</strong></span> <span class='ocrx_word' id='word_1_597' title='bbox 789 4116 960 4154; x_wconf 85' lang='lat' dir='ltr'><strong>uxore</strong></span> <span class='ocrx_word' id='word_1_598' title='bbox 982 4109 1038 4154; x_wconf 91' lang='lat' dir='ltr'><strong>et</strong></span> <span class='ocrx_word' id='word_1_599' title='bbox 1063 4099 1264 4154; x_wconf 87' lang='lat' dir='ltr'><strong>liberis.</strong></span> <span class='ocrx_word' id='word_1_600' title='bbox 1292 4101 1528 4170; x_wconf 82' lang='lat' dir='ltr'><strong>Recepta</strong></span> <span class='ocrx_word' id='word_1_601' title='bbox 1548 4110 1665 4156; x_wconf 90' lang='lat' dir='ltr'><strong>erat</strong></span> <span class='ocrx_word' id='word_1_602' title='bbox 1685 4104 1882 4160; x_wconf 66' lang='lat' dir='ltr'><strong>saeculo</strong></span> 
     </span>
    </p>
   </div>
   <div class='ocr_carea' id='block_1_81' title="bbox 280 4167 1878 4240">
    <p class='ocr_par' dir='ltr' id='par_1_81' title="bbox 280 4167 1878 4240">
     <span class='ocr_line' id='line_1_81' title="bbox 280 4167 1878 4240; baseline 0.003 -16"><span class='ocrx_word' id='word_1_603' title='bbox 280 4167 391 4224; x_wconf 83' lang='lat' dir='ltr'><strong>illo</strong></span> <span class='ocrx_word' id='word_1_604' title='bbox 418 4168 567 4240; x_wconf 83' lang='lat' dir='ltr'><strong>vocis</strong></span> <span class='ocrx_word' id='word_1_605' title='bbox 595 4169 746 4223; x_wconf 87' lang='lat' dir='ltr'><strong>istius</strong></span> <span class='ocrx_word' id='word_1_606' title='bbox 773 4170 1071 4240; x_wconf 82' lang='lat' dir='ltr'><strong>usurpatio,</strong></span> <span class='ocrx_word' id='word_1_607' title='bbox 1110 4178 1167 4224; x_wconf 93' lang='lat' dir='ltr'><strong>ut</strong></span> <span class='ocrx_word' id='word_1_608' title='bbox 1191 4167 1477 4240; x_wconf 82' lang='lat' dir='ltr'><strong>propinqui</strong></span> <span class='ocrx_word' id='word_1_609' title='bbox 1516 4171 1878 4239; x_wconf 83' lang='lat' dir='ltr'><strong>signiﬁcaren-</strong></span> 
     </span>
    </p>
   </div>
   <div class='ocr_carea' id='block_1_82' title="bbox 271 4236 1880 4310">
    <p class='ocr_par' dir='ltr' id='par_1_82' title="bbox 271 4236 1880 4310">
     <span class='ocr_line' id='line_1_82' title="bbox 271 4236 1880 4310; baseline 0.004 -18"><span class='ocrx_word' id='word_1_610' title='bbox 271 4244 418 4310; x_wconf 63' lang='lat' dir='ltr'><strong>tur:</strong></span> <span class='ocrx_word' id='word_1_611' title='bbox 446 4236 514 4310; x_wconf 85' lang='lat' dir='ltr'><strong>de</strong></span> <span class='ocrx_word' id='word_1_612' title='bbox 540 4253 647 4310; x_wconf 83' lang='lat' dir='ltr'><strong>quo</strong></span> <span class='ocrx_word' id='word_1_613' title='bbox 675 4254 775 4310; x_wconf 73' lang='lat' dir='ltr'><strong>nos</strong></span> <span class='ocrx_word' id='word_1_614' title='bbox 800 4236 1040 4310; x_wconf 77' lang='lat' dir='ltr'><strong>fortassis</strong></span> <span class='ocrx_word' id='word_1_615' title='bbox 1060 4236 1638 4310; x_wconf 46' lang='lat' dir='ltr'><strong>amplius—disseremus</strong></span> <span class='ocrx_word' id='word_1_616' title='bbox 1657 4244 1710 4296; x_wconf 91' lang='lat' dir='ltr'><strong>in</strong></span> <span class='ocrx_word' id='word_1_617' title='bbox 1739 4245 1880 4299; x_wconf 90' lang='lat' dir='ltr'><strong>notis</strong></span> 
     </span>
    </p>
   </div>
   <div class='ocr_carea' id='block_1_83' title="bbox 277 4305 1880 4379">
    <p class='ocr_par' dir='ltr' id='par_1_83' title="bbox 277 4305 1880 4379">
     <span class='ocr_line' id='line_1_83' title="bbox 277 4305 1880 4379; baseline 0.004 -17"><span class='ocrx_word' id='word_1_618' title='bbox 277 4305 361 4379; x_wconf 69' lang='lat' dir='ltr'><strong>ad</strong></span> <span class='ocrx_word' id='word_1_619' title='bbox 411 4305 668 4379; x_wconf 81' lang='lat' dir='ltr'><strong>epistolas</strong></span> <span class='ocrx_word' id='word_1_620' title='bbox 715 4307 916 4363; x_wconf 85' lang='lat' dir='ltr'><strong>Ruricii</strong></span> <span class='ocrx_word' id='word_1_621' title='bbox 982 4305 1218 4379; x_wconf 82' lang='lat' dir='ltr'><strong>episcopi</strong></span> <span class='ocrx_word' id='word_1_622' title='bbox 1281 4309 1694 4379; x_wconf 86' lang='lat' dir='ltr'><strong>Lemovicensis.</strong></span> <span class='ocrx_word' id='word_1_623' title='bbox 1746 4313 1880 4369; x_wconf 84' lang='lat' dir='ltr'><strong>Vide</strong></span> 
     </span>
    </p>
   </div>
   <div class='ocr_carea' id='block_1_84' title="bbox 275 4377 1524 4438">
    <p class='ocr_par' dir='ltr' id='par_1_84' title="bbox 275 4377 1524 4438">
     <span class='ocr_line' id='line_1_84' title="bbox 275 4377 1524 4438; baseline 0.002 -5"><span class='ocrx_word' id='word_1_624' title='bbox 275 4377 578 4438; x_wconf 78' lang='lat' dir='ltr'><strong>Boswevdi</strong></span> <span class='ocrx_word' id='word_1_625' title='bbox 607 4377 989 4434; x_wconf 85' lang='lat' dir='ltr'><strong>Onomasticon</strong></span> <span class='ocrx_word' id='word_1_626' title='bbox 1016 4377 1083 4433; x_wconf 82' lang='lat' dir='ltr'><strong>ad</strong></span> <span class='ocrx_word' id='word_1_627' title='bbox 1110 4377 1258 4435; x_wconf 83' lang='lat' dir='ltr'><strong>Vitas</strong></span> <span class='ocrx_word' id='word_1_628' title='bbox 1286 4378 1524 4436; x_wconf 88' lang='lat' dir='ltr'><strong>Patrum.</strong></span> 
     </span>
    </p>
   </div>
   <div class='ocr_carea' id='block_1_85' title="bbox 361 4439 1880 4526">
    <p class='ocr_par' dir='ltr' id='par_1_85' title="bbox 361 4439 1880 4526">
     <span class='ocr_line' id='line_1_85' title="bbox 361 4439 1880 4526; baseline 0.007 -26"><span class='ocrx_word' id='word_1_629' title='bbox 361 4447 390 4487; x_wconf 71' lang='grc' dir='ltr'><strong>ιι</strong></span> <span class='ocrx_word' id='word_1_630' title='bbox 426 4439 637 4526; x_wconf 58' lang='lat' dir='ltr'><strong>In:aliis</strong></span> <span class='ocrx_word' id='word_1_631' title='bbox 666 4447 990 4526; x_wconf 75' lang='lat' dir='ltr'><strong>editionibus</strong></span> <span class='ocrx_word' id='word_1_632' title='bbox 1030 4449 1224 4526; x_wconf 83' lang='lat' dir='ltr'><strong>legitur</strong></span> <span class='ocrx_word' id='word_1_633' title='bbox 1255 4469 1267 4503; x_wconf 93' lang='lat'>:</span> <span class='ocrx_word' id='word_1_634' title='bbox 1303 4449 1363 4505; x_wconf 92' lang='lat' dir='ltr'><strong>Si</strong></span> <span class='ocrx_word' id='word_1_635' title='bbox 1384 4461 1562 4526; x_wconf 62' lang='lat' dir='ltr'><strong>nutent</strong></span> <span class='ocrx_word' id='word_1_636' title='bbox 1594 4471 1713 4526; x_wconf 67' lang='lat' dir='ltr'><strong>gum</strong></span> <span class='ocrx_word' id='word_1_637' title='bbox 1734 4457 1880 4526; x_wconf 86' lang='lat' dir='ltr'><strong>judi-</strong></span> 
     </span>
    </p>
   </div>
   <div class='ocr_carea' id='block_1_86' title="bbox 276 4519 1958 4606">
    <p class='ocr_par' dir='ltr' id='par_1_86' title="bbox 276 4519 1958 4606">
     <span class='ocr_line' id='line_1_86' title="bbox 276 4519 1958 4606; baseline 0.004 -32"><span class='ocrx_word' id='word_1_638' title='bbox 276 4520 372 4602; x_wconf 66' lang='lat' dir='ltr'><strong>cio</strong></span> <span class='ocrx_word' id='word_1_639' title='bbox 400 4519 562 4606; x_wconf 62' lang='lat' dir='ltr'><strong>mulos</strong></span> <span class='ocrx_word' id='word_1_640' title='bbox 595 4519 836 4606; x_wconf 76' lang='lat' dir='ltr'><strong>perdidit,</strong></span> <span class='ocrx_word' id='word_1_641' title='bbox 861 4520 1115 4606; x_wconf 62' lang='lat' dir='ltr'><strong>judicavit</strong></span> <span class='ocrx_word' id='word_1_642' title='bbox 1141 4523 1354 4606; x_wconf 51' lang='lat' dir='ltr'><strong>utique.”</strong></span> <span class='ocrx_word' id='word_1_643' title='bbox 1375 4519 1878 4606; x_wconf 56' lang='lat' dir='ltr'><strong>CodexEorbéien-</strong></span> <span class='ocrx_word' id='word_1_644' title='bbox 1908 4545 1958 4606; x_wconf 74' lang='grc' dir='ltr'><strong><em>υ</em></strong></span> 
     </span>
    </p>
   </div>
   <div class='ocr_carea' id='block_1_87' title="bbox 274 4588 1878 4714">
    <p class='ocr_par' dir='ltr' id='par_1_87' title="bbox 274 4588 1878 4714">
     <span class='ocr_line' id='line_1_87' title="bbox 274 4588 1878 4714; baseline 0.006 -71"><span class='ocrx_word' id='word_1_645' title='bbox 274 4588 695 4714; x_wconf 60' lang='grc' dir='ltr'><strong>ἓεῶθιρςίισιει·</strong></span> <span class='ocrx_word' id='word_1_646' title='bbox 749 4588 946 4660; x_wconf 81' lang='lat' dir='ltr'><strong>repetit</strong></span> <span class='ocrx_word' id='word_1_647' title='bbox 999 4606 1187 4646; x_wconf 90' lang='lat' dir='ltr'><strong>vocem</strong></span> <span class='ocrx_word' id='word_1_648' title='bbox 1231 4588 1507 4663; x_wconf 73' lang='lat' dir='ltr'><strong>&#39;judicavit.</strong></span> <span class='ocrx_word' id='word_1_649' title='bbox 1569 4593 1659 4650; x_wconf 91' lang='lat' dir='ltr'><strong>Sic</strong></span> <span class='ocrx_word' id='word_1_650' title='bbox 1716 4597 1878 4653; x_wconf 88' lang='lat' dir='ltr'><strong>etiam</strong></span> 
     </span>
     <span class='ocr_line' id='line_1_88' title="bbox 329 4675 444 4714; baseline -0.009 0"><span class='ocrx_word' id='word_1_651' title='bbox 329 4675 370 4714; x_wconf 93' lang='grc' dir='ltr'><strong>ο</strong></span> <span class='ocrx_word' id='word_1_652' title='bbox 430 4701 444 4713; x_wconf 93' lang='grc'><strong>.</strong></span> 
     </span>
    </p>
   </div>
   <div class='ocr_carea' id='block_1_88' title="bbox 329 4675 444 4715">
    <p class='ocr_par' dir='ltr' id='par_1_88' title="bbox 329 4675 444 4715">
     <span class='ocr_line' id='line_1_89' title="bbox 329 4675 444 4715; baseline -0.017 0"><span class='ocrx_word' id='word_1_653' title='bbox 329 4675 444 4715; x_wconf 89' lang='lat' dir='ltr'><strong>OlD.</strong></span> 
     </span>
    </p>
   </div>
   <div class='ocr_carea' id='block_1_89' title="bbox 368 4727 1881 4809">
    <p class='ocr_par' dir='ltr' id='par_1_89' title="bbox 368 4727 1881 4809">
     <span class='ocr_line' id='line_1_90' title="bbox 368 4727 1881 4809; baseline 0.007 -27"><span class='ocrx_word' id='word_1_654' title='bbox 368 4741 392 4768; x_wconf 72' lang='grc' dir='ltr'><strong>ε</strong></span> <span class='ocrx_word' id='word_1_655' title='bbox 433 4727 610 4809; x_wconf 78' lang='lat' dir='ltr'><strong>Editio</strong></span> <span class='ocrx_word' id='word_1_656' title='bbox 639 4729 940 4809; x_wconf 65' lang='lat' dir='ltr'><strong>Bmssicani</strong></span> <span class='ocrx_word' id='word_1_657' title='bbox 972 4749 992 4809; x_wconf 40' lang='grc' dir='ltr'><strong>ε.</strong></span> <span class='ocrx_word' id='word_1_658' title='bbox 1018 4730 1213 4809; x_wconf 65' lang='lat' dir='ltr'><strong>Vereor</strong></span> <span class='ocrx_word' id='word_1_659' title='bbox 1232 4749 1296 4787; x_wconf 89' lang='lat' dir='ltr'><strong>ne</strong></span> <span class='ocrx_word' id='word_1_660' title='bbox 1317 4734 1438 4788; x_wconf 89' lang='lat' dir='ltr'><strong>dum</strong></span> <span class='ocrx_word' id='word_1_661' title='bbox 1461 4738 1587 4809; x_wconf 74' lang='lat' dir='ltr'><strong>satis</strong></span> <span class='ocrx_word' id='word_1_662' title='bbox 1620 4755 1728 4792; x_wconf 85' lang='lat' dir='ltr'><strong>rem</strong></span> <span class='ocrx_word' id='word_1_663' title='bbox 1759 4756 1881 4809; x_wconf 87' lang='lat' dir='ltr'><strong>pro-</strong></span> 
     </span>
    </p>
   </div>
   <div class='ocr_carea' id='block_1_90' title="bbox 276 4799 1877 4864">
    <p class='ocr_par' dir='ltr' id='par_1_90' title="bbox 276 4799 1877 4864">
     <span class='ocr_line' id='line_1_91' title="bbox 276 4799 1877 4864; baseline 0.006 -9"><span class='ocrx_word' id='word_1_664' title='bbox 276 4800 416 4855; x_wconf 73' lang='lat' dir='ltr'><strong>bare</strong></span> <span class='ocrx_word' id='word_1_665' title='bbox 441 4801 728 4855; x_wconf 84' lang='lat' dir='ltr'><strong>renitimur.</strong></span> <span class='ocrx_word' id='word_1_666' title='bbox 761 4799 1062 4857; x_wconf 87' lang='lat' dir='ltr'><strong>Galesinius</strong></span> <span class='ocrx_word' id='word_1_667' title='bbox 1092 4819 1108 4856; x_wconf 91' lang='lat'><strong><em>:</em></strong></span> <span class='ocrx_word' id='word_1_668' title='bbox 1149 4802 1339 4857; x_wconf 81' lang='lat' dir='ltr'><strong>Vereor</strong></span> <span class='ocrx_word' id='word_1_669' title='bbox 1367 4820 1433 4858; x_wconf 82' lang='lat' dir='ltr'><strong>ne</strong></span> <span class='ocrx_word' id='word_1_670' title='bbox 1461 4805 1582 4860; x_wconf 88' lang='lat' dir='ltr'><strong>dum</strong></span> <span class='ocrx_word' id='word_1_671' title='bbox 1611 4811 1738 4862; x_wconf 83' lang='lat' dir='ltr'><strong>satis</strong></span> <span class='ocrx_word' id='word_1_672' title='bbox 1759 4799 1877 4864; x_wconf 58' lang='lat' dir='ltr'><strong>&#39;rem</strong></span> 
     </span>
    </p>
   </div>
   <div class='ocr_carea' id='block_1_91' title="bbox 355 4869 1880 4950">
    <p class='ocr_par' dir='ltr' id='par_1_91' title="bbox 355 4869 1880 4950">
     <span class='ocr_line' id='line_1_92' title="bbox 355 4869 1880 4950; baseline 0.007 -26"><span class='ocrx_word' id='word_1_673' title='bbox 355 4871 513 4950; x_wconf 68' lang='lat' dir='ltr'><strong>altare</strong></span> <span class='ocrx_word' id='word_1_674' title='bbox 533 4873 764 4950; x_wconf 71' lang='lat' dir='ltr'><strong>nitimur.</strong></span> <span class='ocrx_word' id='word_1_675' title='bbox 799 4869 1035 4950; x_wconf 72' lang='lat' dir='ltr'><strong>Pithtnus</strong></span> <span class='ocrx_word' id='word_1_676' title='bbox 1069 4891 1080 4925; x_wconf 89' lang='lat'><strong>:</strong></span> <span class='ocrx_word' id='word_1_677' title='bbox 1113 4871 1304 4950; x_wconf 67' lang='grc' dir='ltr'><strong>ἷξεν-εον</strong></span> <span class='ocrx_word' id='word_1_678' title='bbox 1323 4891 1388 4928; x_wconf 87' lang='lat' dir='ltr'><strong>ne</strong></span> <span class='ocrx_word' id='word_1_679' title='bbox 1407 4875 1525 4930; x_wconf 87' lang='lat' dir='ltr'><strong>dum</strong></span> <span class='ocrx_word' id='word_1_680' title='bbox 1545 4879 1673 4950; x_wconf 72' lang='lat' dir='ltr'><strong>sutis</strong></span> <span class='ocrx_word' id='word_1_681' title='bbox 1703 4896 1880 4950; x_wconf 82' lang='lat' dir='ltr'><strong>repro-</strong></span> 
     </span>
    </p>
   </div>
   <div class='ocr_carea' id='block_1_92' title="bbox 317 4942 1882 5006">
    <p class='ocr_par' dir='ltr' id='par_1_92' title="bbox 317 4942 1882 5006">
     <span class='ocr_line' id='line_1_93' title="bbox 317 4942 1882 5006; baseline 0.006 -12"><span class='ocrx_word' id='word_1_682' title='bbox 317 4947 422 4995; x_wconf 84' lang='lat' dir='ltr'><strong>are&#39;</strong></span> <span class='ocrx_word' id='word_1_683' title='bbox 445 4958 550 4995; x_wconf 84' lang='lat' dir='ltr'><strong>rem</strong></span> <span class='ocrx_word' id='word_1_684' title='bbox 571 4943 802 4996; x_wconf 81' lang='lat' dir='ltr'><strong>nitimur.</strong></span> <span class='ocrx_word' id='word_1_685' title='bbox 837 4942 945 4996; x_wconf 83' lang='lat' dir='ltr'><strong>Nos</strong></span> <span class='ocrx_word' id='word_1_686' title='bbox 979 4944 1148 4998; x_wconf 87' lang='lat' dir='ltr'><strong>secuti</strong></span> <span class='ocrx_word' id='word_1_687' title='bbox 1176 4958 1359 4999; x_wconf 90' lang='lat' dir='ltr'><strong>sumus</strong></span> <span class='ocrx_word' id='word_1_688' title='bbox 1385 4942 1768 5002; x_wconf 82' lang='lat' dir='ltr'><strong>auctoritatem</strong></span> <span class='ocrx_word' id='word_1_689' title='bbox 1787 4966 1882 5006; x_wconf 90' lang='lat' dir='ltr'><strong>co-</strong></span> 
     </span>
    </p>
   </div>
   <div class='ocr_carea' id='block_1_93' title="bbox 275 5009 1880 5084">
    <p class='ocr_par' dir='ltr' id='par_1_93' title="bbox 275 5009 1880 5084">
     <span class='ocr_line' id='line_1_94' title="bbox 275 5009 1880 5084; baseline 0.004 -17"><span class='ocrx_word' id='word_1_690' title='bbox 275 5009 812 5084; x_wconf 82' lang='lat' dir='ltr'><strong>dicisCorbeiensis.</strong></span> <span class='ocrx_word' id='word_1_691' title='bbox 847 5011 951 5068; x_wconf 89' lang='lat' dir='ltr'><strong>Pro</strong></span> <span class='ocrx_word' id='word_1_692' title='bbox 980 5028 1046 5068; x_wconf 91' lang='lat' dir='ltr'><strong>eo</strong></span> <span class='ocrx_word' id='word_1_693' title='bbox 1084 5022 1265 5068; x_wconf 89' lang='lat' dir='ltr'><strong>autem</strong></span> <span class='ocrx_word' id='word_1_694' title='bbox 1307 5016 1451 5084; x_wconf 90' lang='lat' dir='ltr'><strong>quod</strong></span> <span class='ocrx_word' id='word_1_695' title='bbox 1490 5017 1654 5073; x_wconf 92' lang='lat' dir='ltr'><strong>editio</strong></span> <span class='ocrx_word' id='word_1_696' title='bbox 1682 5016 1880 5076; x_wconf 73' lang='lat' dir='ltr'><strong>Pithmi</strong></span> 
     </span>
    </p>
   </div>
   <div class='ocr_carea' id='block_1_94' title="bbox 275 5081 1879 5149">
    <p class='ocr_par' dir='ltr' id='par_1_94' title="bbox 275 5081 1879 5149">
     <span class='ocr_line' id='line_1_95' title="bbox 275 5081 1879 5149; baseline 0.004 -11"><span class='ocrx_word' id='word_1_697' title='bbox 275 5081 515 5138; x_wconf 86' lang='lat' dir='ltr'><strong>omnino</strong></span> <span class='ocrx_word' id='word_1_698' title='bbox 543 5083 682 5137; x_wconf 89' lang='lat' dir='ltr'><strong>male</strong></span> <span class='ocrx_word' id='word_1_699' title='bbox 702 5083 898 5138; x_wconf 90' lang='lat' dir='ltr'><strong>habeat</strong></span> <span class='ocrx_word' id='word_1_700' title='bbox 926 5084 1128 5149; x_wconf 71' lang='lat' dir='ltr'><strong>texisse,</strong></span> <span class='ocrx_word' id='word_1_701' title='bbox 1159 5100 1258 5138; x_wconf 91' lang='lat' dir='ltr'><strong>nos</strong></span> <span class='ocrx_word' id='word_1_702' title='bbox 1285 5081 1454 5140; x_wconf 79' lang='lat' dir='ltr'><strong>secuti</strong></span> <span class='ocrx_word' id='word_1_703' title='bbox 1475 5087 1714 5144; x_wconf 90' lang='lat' dir='ltr'><strong>codicem</strong></span> <span class='ocrx_word' id='word_1_704' title='bbox 1742 5087 1879 5144; x_wconf 89' lang='lat' dir='ltr'><strong>Cor-</strong></span> 
     </span>
    </p>
   </div>
   <div class='ocr_carea' id='block_1_95' title="bbox 279 5153 1879 5226">
    <p class='ocr_par' dir='ltr' id='par_1_95' title="bbox 279 5153 1879 5226">
     <span class='ocr_line' id='line_1_96' title="bbox 279 5153 1879 5226; baseline 0.004 -19"><span class='ocrx_word' id='word_1_705' title='bbox 279 5153 566 5226; x_wconf 84' lang='lat' dir='ltr'><strong>beiensem</strong></span> <span class='ocrx_word' id='word_1_706' title='bbox 595 5161 650 5226; x_wconf 88' lang='lat' dir='ltr'><strong>et</strong></span> <span class='ocrx_word' id='word_1_707' title='bbox 677 5155 981 5226; x_wconf 80' lang='lat' dir='ltr'><strong>superiores</strong></span> <span class='ocrx_word' id='word_1_708' title='bbox 1010 5155 1290 5226; x_wconf 87' lang='lat' dir='ltr'><strong>editiones</strong></span> <span class='ocrx_word' id='word_1_709' title='bbox 1316 5158 1654 5226; x_wconf 89' lang='lat' dir='ltr'><strong>reposuimus</strong></span> <span class='ocrx_word' id='word_1_710' title='bbox 1683 5163 1879 5214; x_wconf 73' lang='lat' dir='ltr'><strong>texuis-</strong></span> 
     </span>
    </p>
   </div>
   <div class='ocr_carea' id='block_1_96' title="bbox 276 5223 1877 5293">
    <p class='ocr_par' dir='ltr' id='par_1_96' title="bbox 276 5223 1877 5293">
     <span class='ocr_line' id='line_1_97' title="bbox 276 5223 1877 5293; baseline 0.004 -15"><span class='ocrx_word' id='word_1_711' title='bbox 276 5241 363 5278; x_wconf 84' lang='lat' dir='ltr'><strong>se.</strong></span> <span class='ocrx_word' id='word_1_712' title='bbox 402 5223 574 5293; x_wconf 83' lang='lat' dir='ltr'><strong>Atque</strong></span> <span class='ocrx_word' id='word_1_713' title='bbox 604 5225 676 5278; x_wconf 90' lang='lat' dir='ltr'><strong>ita</strong></span> <span class='ocrx_word' id='word_1_714' title='bbox 702 5223 758 5280; x_wconf 84' lang='lat' dir='ltr'><strong>in</strong></span> <span class='ocrx_word' id='word_1_715' title='bbox 776 5240 872 5279; x_wconf 87' lang='lat' dir='ltr'><strong>sua</strong></span> <span class='ocrx_word' id='word_1_716' title='bbox 893 5224 1131 5281; x_wconf 81' lang='lat' dir='ltr'><strong>editione</strong></span> <span class='ocrx_word' id='word_1_717' title='bbox 1147 5223 1452 5281; x_wconf 76' lang='lat' dir='ltr'><strong>emendavit</strong></span> <span class='ocrx_word' id='word_1_718' title='bbox 1471 5226 1877 5286; x_wconf 87' lang='lat' dir='ltr'><strong>Rittershusius.</strong></span> 
     </span>
    </p>
   </div>
   <div class='ocr_carea' id='block_1_97' title="bbox 275 5293 1884 5358">
    <p class='ocr_par' dir='ltr' id='par_1_97' title="bbox 275 5293 1884 5358">
     <span class='ocr_line' id='line_1_98' title="bbox 275 5293 1884 5358; baseline 0.004 -9"><span class='ocrx_word' id='word_1_719' title='bbox 275 5293 496 5349; x_wconf 88' lang='lat' dir='ltr'><strong>Similis</strong></span> <span class='ocrx_word' id='word_1_720' title='bbox 537 5309 694 5349; x_wconf 88' lang='lat' dir='ltr'><strong>error</strong></span> <span class='ocrx_word' id='word_1_721' title='bbox 733 5295 998 5351; x_wconf 90' lang='lat' dir='ltr'><strong>acciderat</strong></span> <span class='ocrx_word' id='word_1_722' title='bbox 1041 5296 1096 5351; x_wconf 92' lang='lat' dir='ltr'><strong>in</strong></span> <span class='ocrx_word' id='word_1_723' title='bbox 1142 5295 1570 5354; x_wconf 87' lang='lat' dir='ltr'><strong>Commonitorio</strong></span> <span class='ocrx_word' id='word_1_724' title='bbox 1616 5299 1884 5358; x_wconf 85' lang='lat' dir='ltr'><strong>Vincentii</strong></span> 
     </span>
    </p>
   </div>
   <div class='ocr_carea' id='block_1_98' title="bbox 279 5363 604 5424">
    <p class='ocr_par' dir='ltr' id='par_1_98' title="bbox 279 5363 604 5424">
     <span class='ocr_line' id='line_1_99' title="bbox 279 5363 604 5424; baseline 0.003 -6"><span class='ocrx_word' id='word_1_725' title='bbox 279 5363 604 5424; x_wconf 83' lang='lat' dir='ltr'><strong>Lirinensis.</strong></span> 
     </span>
    </p>
   </div>
   <div class='ocr_carea' id='block_1_99' title="bbox 361 5431 1246 5501">
    <p class='ocr_par' dir='ltr' id='par_1_99' title="bbox 361 5431 1246 5501">
     <span class='ocr_line' id='line_1_100' title="bbox 361 5431 1246 5501; baseline 0.005 -12"><span class='ocrx_word' id='word_1_726' title='bbox 361 5431 393 5472; x_wconf 74' lang='grc' dir='ltr'><strong><em>ἀ</em></strong></span> <span class='ocrx_word' id='word_1_727' title='bbox 430 5431 692 5501; x_wconf 81' lang='lat' dir='ltr'><strong>Colbert.,</strong></span> <span class='ocrx_word' id='word_1_728' title='bbox 723 5445 780 5490; x_wconf 91' lang='lat' dir='ltr'><strong>ut</strong></span> <span class='ocrx_word' id='word_1_729' title='bbox 798 5452 930 5492; x_wconf 84' lang='lat' dir='ltr'><strong>unus</strong></span> <span class='ocrx_word' id='word_1_730' title='bbox 949 5439 1246 5501; x_wconf 82' lang='lat' dir='ltr'><strong>sacrilegus.</strong></span> 
     </span>
    </p>
   </div>
   <div class='ocr_carea' id='block_1_100' title="bbox 310 5457 1881 5582">
    <p class='ocr_par' dir='ltr' id='par_1_100' title="bbox 310 5457 1881 5582">
     <span class='ocr_line' id='line_1_101' title="bbox 361 5457 1246 5501; baseline 0.005 -12"><span class='ocrx_word' id='word_1_731' title='bbox 361 5457 393 5472; x_wconf 86' lang='grc'><strong>··</strong></span> <span class='ocrx_word' id='word_1_732' title='bbox 430 5457 692 5501; x_wconf 62' lang='lat' dir='ltr'><strong>nomen,</strong></span> <span class='ocrx_word' id='word_1_733' title='bbox 723 5457 930 5492; x_wconf 80' lang='lat' dir='ltr'><strong>munus</strong></span> <span class='ocrx_word' id='word_1_734' title='bbox 949 5457 1134 5493; x_wconf 73' lang='lat' dir='ltr'><strong>sacrae</strong></span> <span class='ocrx_word' id='word_1_735' title='bbox 1201 5457 1246 5493; x_wconf 72' lang='grc' dir='ltr'><strong>δ.</strong></span> 
     </span>
     <span class='ocr_line' id='line_1_102' title="bbox 310 5457 1881 5582; baseline 0.006 -24"><span class='ocrx_word' id='word_1_736' title='bbox 310 5501 317 5506; x_wconf 80' lang='grc'><strong>’</strong></span> <span class='ocrx_word' id='word_1_737' title='bbox 369 5515 395 5543; x_wconf 76' lang='grc'><strong><em>⁸</em></strong></span> <span class='ocrx_word' id='word_1_738' title='bbox 433 5503 613 5582; x_wconf 61' lang='lat' dir='ltr'><strong>Editig</strong></span> <span class='ocrx_word' id='word_1_739' title='bbox 642 5504 835 5582; x_wconf 62' lang='lat' dir='ltr'><strong>Pithtni</strong></span> <span class='ocrx_word' id='word_1_740' title='bbox 863 5526 874 5560; x_wconf 92' lang='lat'><strong>:</strong></span> <span class='ocrx_word' id='word_1_741' title='bbox 900 5507 982 5582; x_wconf 65' lang='lat' dir='ltr'><strong>Et</strong></span> <span class='ocrx_word' id='word_1_742' title='bbox 1005 5457 1461 5582; x_wconf 53' lang='lat' dir='ltr'><strong>widgupostretno</strong></span> <span class='ocrx_word' id='word_1_743' title='bbox 1507 5511 1673 5582; x_wconf 77' lang='lat' dir='ltr'><strong>decies</strong></span> <span class='ocrx_word' id='word_1_744' title='bbox 1697 5512 1881 5582; x_wconf 66' lang='lat' dir='ltr'><strong>rebel-</strong></span> 
     </span>
    </p>
   </div>
   <div class='ocr_carea' id='block_1_101' title="bbox 282 5575 1880 5642">
    <p class='ocr_par' dir='ltr' id='par_1_101' title="bbox 282 5575 1880 5642">
     <span class='ocr_line' id='line_1_103' title="bbox 282 5575 1880 5642; baseline 0.003 -10"><span class='ocrx_word' id='word_1_745' title='bbox 282 5577 388 5642; x_wconf 75' lang='lat' dir='ltr'><strong>lat,</strong></span> <span class='ocrx_word' id='word_1_746' title='bbox 412 5586 517 5632; x_wconf 91' lang='lat' dir='ltr'><strong>etc.</strong></span> <span class='ocrx_word' id='word_1_747' title='bbox 568 5575 913 5631; x_wconf 82' lang='lat' dir='ltr'><strong>Reddidimus</strong></span> <span class='ocrx_word' id='word_1_748' title='bbox 932 5575 1176 5634; x_wconf 63' lang='lat' dir='ltr'><strong>hic&#39;bona</strong></span> <span class='ocrx_word' id='word_1_749' title='bbox 1199 5575 1300 5636; x_wconf 83' lang='lat' dir='ltr'><strong>ﬁde</strong></span> <span class='ocrx_word' id='word_1_750' title='bbox 1324 5580 1565 5635; x_wconf 89' lang='lat' dir='ltr'><strong>codicem</strong></span> <span class='ocrx_word' id='word_1_751' title='bbox 1589 5581 1880 5637; x_wconf 87' lang='lat' dir='ltr'><strong>Corbeien-</strong></span> 
     </span>
    </p>
   </div>
   <div class='ocr_carea' id='block_1_102' title="bbox 285 5645 1876 5722">
    <p class='ocr_par' dir='ltr' id='par_1_102' title="bbox 285 5645 1876 5722">
     <span class='ocr_line' id='line_1_104' title="bbox 285 5645 1876 5722; baseline 0.004 -21"><span class='ocrx_word' id='word_1_752' title='bbox 285 5663 429 5722; x_wconf 73' lang='lat' dir='ltr'><strong>sem.</strong></span> <span class='ocrx_word' id='word_1_753' title='bbox 463 5646 616 5722; x_wconf 81' lang='lat' dir='ltr'><strong>Unde</strong></span> <span class='ocrx_word' id='word_1_754' title='bbox 661 5645 1008 5702; x_wconf 81' lang='lat' dir='ltr'><strong>conﬁrmatur</strong></span> <span class='ocrx_word' id='word_1_755' title='bbox 1050 5649 1357 5718; x_wconf 88' lang='lat' dir='ltr'><strong>conjectura</strong></span> <span class='ocrx_word' id='word_1_756' title='bbox 1395 5649 1758 5717; x_wconf 82' lang='lat' dir='ltr'><strong>Rittershusii,</strong></span> <span class='ocrx_word' id='word_1_757' title='bbox 1785 5655 1876 5722; x_wconf 92' lang='lat' dir='ltr'><strong>qui</strong></span> 
     </span>
    </p>
   </div>
   <div class='ocr_carea' id='block_1_103' title="bbox 233 5717 1151 5778">
    <p class='ocr_par' dir='ltr' id='par_1_103' title="bbox 233 5717 1151 5778">
     <span class='ocr_line' id='line_1_105' title="bbox 233 5717 1151 5778; baseline -0.008 1"><span class='ocrx_word' id='word_1_758' title='bbox 233 5735 242 5746; x_wconf 91' lang='lat'><strong>&#39;</strong></span> <span class='ocrx_word' id='word_1_759' title='bbox 284 5719 366 5778; x_wconf 82' lang='lat' dir='ltr'><strong>ita</strong></span> <span class='ocrx_word' id='word_1_760' title='bbox 396 5717 680 5778; x_wconf 77' lang='lat' dir='ltr'><strong>legendum</strong></span> <span class='ocrx_word' id='word_1_761' title='bbox 711 5732 828 5773; x_wconf 88' lang='lat' dir='ltr'><strong>esse</strong></span> <span class='ocrx_word' id='word_1_762' title='bbox 849 5727 1151 5773; x_wconf 91' lang='lat' dir='ltr'><strong>monuerat.</strong></span> 
     </span>
    </p>
   </div>
   <div class='ocr_carea' id='block_1_104' title="bbox 369 5785 1878 5863">
    <p class='ocr_par' dir='ltr' id='par_1_104' title="bbox 369 5785 1878 5863">
     <span class='ocr_line' id='line_1_106' title="bbox 369 5785 1878 5863; baseline 0.003 -18"><span class='ocrx_word' id='word_1_763' title='bbox 369 5785 392 5829; x_wconf 70' lang='grc' dir='ltr'>ί</span> <span class='ocrx_word' id='word_1_764' title='bbox 430 5785 566 5846; x_wconf 86' lang='lat' dir='ltr'><strong>Cum</strong></span> <span class='ocrx_word' id='word_1_765' title='bbox 615 5789 702 5843; x_wconf 90' lang='lat' dir='ltr'><strong>hic</strong></span> <span class='ocrx_word' id='word_1_766' title='bbox 747 5789 896 5843; x_wconf 88' lang='lat' dir='ltr'><strong>locus</strong></span> <span class='ocrx_word' id='word_1_767' title='bbox 939 5788 1088 5843; x_wconf 90' lang='lat' dir='ltr'><strong>varie</strong></span> <span class='ocrx_word' id='word_1_768' title='bbox 1132 5789 1358 5859; x_wconf 87' lang='lat' dir='ltr'><strong>legatur,</strong></span> <span class='ocrx_word' id='word_1_769' title='bbox 1405 5792 1878 5863; x_wconf 86' lang='lat' dir='ltr'><strong>admonuissetque</strong></span> 
     </span>
    </p>
   </div>
   <div class='ocr_carea' id='block_1_105' title="bbox 576 5874 1064 5949">
    <p class='ocr_par' dir='ltr' id='par_1_105' title="bbox 576 5874 1064 5949">
     <span class='ocr_line' id='line_1_107' title="bbox 576 5874 1064 5949; baseline -0.01 -5"><span class='ocrx_word' id='word_1_770' title='bbox 576 5880 852 5944; x_wconf 62' lang='lat' dir='ltr'><strong>Panos.</strong></span> <span class='ocrx_word' id='word_1_771' title='bbox 894 5874 1064 5949; x_wconf 73' lang='lat' dir='ltr'><strong>LIII,</strong></span> 
     </span>
    </p>
   </div>
   <div class='ocr_carea' id='block_1_106' title="bbox 1962 4094 3576 4168">
    <p class='ocr_par' dir='ltr' id='par_1_106' title="bbox 1962 4094 3576 4168">
     <span class='ocr_line' id='line_1_108' title="bbox 1962 4094 3576 4168; baseline -0.004 -11"><span class='ocrx_word' id='word_1_772' title='bbox 1962 4100 2376 4157; x_wconf 80' lang='lat' dir='ltr'><strong>&#39;Rittershusins</strong></span> <span class='ocrx_word' id='word_1_773' title='bbox 2401 4099 2685 4167; x_wconf 90' lang='lat' dir='ltr'><strong>legendum</strong></span> <span class='ocrx_word' id='word_1_774' title='bbox 2710 4096 2880 4152; x_wconf 89' lang='lat' dir='ltr'><strong>videri</strong></span> <span class='ocrx_word' id='word_1_775' title='bbox 2908 4095 2973 4150; x_wconf 88' lang='lat' dir='ltr'><strong>In</strong></span> <span class='ocrx_word' id='word_1_776' title='bbox 2994 4094 3226 4168; x_wconf 71' lang='lat' dir='ltr'><strong>£gypto</strong></span> <span class='ocrx_word' id='word_1_777' title='bbox 3252 4100 3437 4168; x_wconf 80' lang='lat' dir='ltr'><strong>quippe</strong></span> <span class='ocrx_word' id='word_1_778' title='bbox 3457 4109 3576 4156; x_wconf 71' lang='lat' dir='ltr'><strong>tum</strong></span> 
     </span>
    </p>
   </div>
   <div class='ocr_carea' id='block_1_107' title="bbox 1981 4168 3574 4308">
    <p class='ocr_par' dir='ltr' id='par_1_107' title="bbox 1981 4168 3574 4308">
     <span class='ocr_line' id='line_1_109' title="bbox 1983 4168 3571 4254; baseline -0.001 -27"><span class='ocrx_word' id='word_1_779' title='bbox 1983 4189 2089 4228; x_wconf 82' lang='lat' dir='ltr'><strong>non</strong></span> <span class='ocrx_word' id='word_1_780' title='bbox 2117 4172 2354 4254; x_wconf 69' lang='lat' dir='ltr'><strong>simplex,</strong></span> <span class='ocrx_word' id='word_1_781' title='bbox 2389 4185 2488 4225; x_wconf 92' lang='lat' dir='ltr'><strong>nos</strong></span> <span class='ocrx_word' id='word_1_782' title='bbox 2515 4169 2632 4238; x_wconf 90' lang='lat' dir='ltr'><strong>ejus</strong></span> <span class='ocrx_word' id='word_1_783' title='bbox 2677 4168 3044 4249; x_wconf 72' lang='lat' dir='ltr'><strong>conjecturam</strong></span> <span class='ocrx_word' id='word_1_784' title='bbox 3093 4169 3261 4222; x_wconf 87' lang='lat' dir='ltr'><strong>secuti</strong></span> <span class='ocrx_word' id='word_1_785' title='bbox 3308 4184 3492 4225; x_wconf 91' lang='lat' dir='ltr'><strong>sumus</strong></span> <span class='ocrx_word' id='word_1_786' title='bbox 3519 4172 3571 4227; x_wconf 91' lang='lat' dir='ltr'><strong>in</strong></span> 
     </span>
     <span class='ocr_line' id='line_1_110' title="bbox 1981 4235 3574 4308; baseline 0 -11"><span class='ocrx_word' id='word_1_787' title='bbox 1981 4243 2083 4297; x_wconf 88' lang='lat' dir='ltr'><strong>hac</strong></span> <span class='ocrx_word' id='word_1_788' title='bbox 2138 4241 2402 4306; x_wconf 76' lang='lat' dir='ltr'><strong>editione,</strong></span> <span class='ocrx_word' id='word_1_789' title='bbox 2448 4249 2509 4294; x_wconf 93' lang='lat' dir='ltr'><strong>ut</strong></span> <span class='ocrx_word' id='word_1_790' title='bbox 2562 4253 2779 4294; x_wconf 88' lang='lat' dir='ltr'><strong>sensum</strong></span> <span class='ocrx_word' id='word_1_791' title='bbox 2825 4237 3058 4308; x_wconf 77' lang='lat' dir='ltr'><strong>aliquem</strong></span> <span class='ocrx_word' id='word_1_792' title='bbox 3106 4235 3404 4292; x_wconf 78' lang='lat' dir='ltr'><strong>faceremus</strong></span> <span class='ocrx_word' id='word_1_793' title='bbox 3451 4241 3574 4298; x_wconf 83' lang='lat' dir='ltr'><strong>huic</strong></span> 
     </span>
    </p>
   </div>
   <div class='ocr_carea' id='block_1_108' title="bbox 1984 4313 2124 4368">
    <p class='ocr_par' dir='ltr' id='par_1_108' title="bbox 1984 4313 2124 4368">
     <span class='ocr_line' id='line_1_111' title="bbox 1984 4313 2124 4368; baseline 0 -2"><span class='ocrx_word' id='word_1_794' title='bbox 1984 4313 2124 4368; x_wconf 92' lang='lat' dir='ltr'><strong>loco.</strong></span> 
     </span>
    </p>
   </div>
   <div class='ocr_carea' id='block_1_109' title="bbox 2055 4377 3223 4447">
    <p class='ocr_par' dir='ltr' id='par_1_109' title="bbox 2055 4377 3223 4447">
     <span class='ocr_line' id='line_1_112' title="bbox 2055 4377 3223 4447; baseline 0 -15"><span class='ocrx_word' id='word_1_795' title='bbox 2055 4393 2080 4432; x_wconf 82' lang='lat' dir='ltr'><strong>s</strong></span> <span class='ocrx_word' id='word_1_796' title='bbox 2119 4381 2380 4447; x_wconf 85' lang='lat' dir='ltr'><strong>Colbert.,</strong></span> <span class='ocrx_word' id='word_1_797' title='bbox 2411 4380 2713 4442; x_wconf 79' lang='lat' dir='ltr'><strong>celebratur,</strong></span> <span class='ocrx_word' id='word_1_798' title='bbox 2736 4379 2924 4445; x_wconf 88' lang='lat' dir='ltr'><strong>C0rb.,</strong></span> <span class='ocrx_word' id='word_1_799' title='bbox 2953 4377 3223 4433; x_wconf 79' lang='lat' dir='ltr'><strong>celebrato.</strong></span> 
     </span>
    </p>
   </div>
   <div class='ocr_carea' id='block_1_110' title="bbox 2054 4447 3571 4523">
    <p class='ocr_par' dir='ltr' id='par_1_110' title="bbox 2054 4447 3571 4523">
     <span class='ocr_line' id='line_1_113' title="bbox 2054 4447 3571 4523; baseline -0.01 -15"><span class='ocrx_word' id='word_1_800' title='bbox 2054 4451 2084 4491; x_wconf 65' lang='grc' dir='ltr'><strong>ιι</strong></span> <span class='ocrx_word' id='word_1_801' title='bbox 2121 4451 2309 4517; x_wconf 87' lang='lat' dir='ltr'><strong>Corb.,</strong></span> <span class='ocrx_word' id='word_1_802' title='bbox 2341 4469 2502 4523; x_wconf 65' lang='lat' dir='ltr'><strong>super</strong></span> <span class='ocrx_word' id='word_1_803' title='bbox 2521 4452 2759 4523; x_wconf 74' lang='lat' dir='ltr'><strong>uoluitur.</strong></span> <span class='ocrx_word' id='word_1_804' title='bbox 2790 4447 3226 4523; x_wconf 77' lang='lat' dir='ltr'><strong>Hin_c_volumina</strong></span> <span class='ocrx_word' id='word_1_805' title='bbox 3273 4465 3372 4523; x_wconf 89' lang='lat' dir='ltr'><strong>pro</strong></span> <span class='ocrx_word' id='word_1_806' title='bbox 3401 4449 3571 4523; x_wconf 64' lang='lat' dir='ltr'><strong>ﬂucti-</strong></span> 
     </span>
    </p>
   </div>
   <div class='ocr_carea' id='block_1_111' title="bbox 1982 4519 3573 4590">
    <p class='ocr_par' dir='ltr' id='par_1_111' title="bbox 1982 4519 3573 4590">
     <span class='ocr_line' id='line_1_114' title="bbox 1982 4519 3573 4590; baseline -0.003 -11"><span class='ocrx_word' id='word_1_807' title='bbox 1982 4524 2085 4579; x_wconf 91' lang='lat' dir='ltr'><strong>bus</strong></span> <span class='ocrx_word' id='word_1_808' title='bbox 2115 4524 2169 4578; x_wconf 91' lang='lat' dir='ltr'><strong>in</strong></span> <span class='ocrx_word' id='word_1_809' title='bbox 2191 4519 2434 4590; x_wconf 81' lang='lat' dir='ltr'><strong>epistolis</strong></span> <span class='ocrx_word' id='word_1_810' title='bbox 2454 4521 2655 4576; x_wconf 83' lang='lat' dir='ltr'><strong>Meletii</strong></span> <span class='ocrx_word' id='word_1_811' title='bbox 2676 4521 2915 4590; x_wconf 76' lang='lat' dir='ltr'><strong>episcopi</strong></span> <span class='ocrx_word' id='word_1_812' title='bbox 2937 4519 3301 4590; x_wconf 86' lang='lat' dir='ltr'><strong>Mopsuesteni</strong></span> <span class='ocrx_word' id='word_1_813' title='bbox 3323 4529 3378 4574; x_wconf 90' lang='lat' dir='ltr'><strong>et</strong></span> <span class='ocrx_word' id='word_1_814' title='bbox 3399 4520 3573 4576; x_wconf 82' lang='lat' dir='ltr'><strong>Theo-</strong></span> 
     </span>
    </p>
   </div>
   <div class='ocr_carea' id='block_1_112' title="bbox 1983 4590 3573 4666">
    <p class='ocr_par' dir='ltr' id='par_1_112' title="bbox 1983 4590 3573 4666">
     <span class='ocr_line' id='line_1_115' title="bbox 1983 4590 3573 4666; baseline -0.005 -16"><span class='ocrx_word' id='word_1_815' title='bbox 1983 4593 2157 4666; x_wconf 88' lang='lat' dir='ltr'><strong>doreti</strong></span> <span class='ocrx_word' id='word_1_816' title='bbox 2175 4590 2452 4666; x_wconf 27' lang='lat' dir='ltr'><strong>‘Cyrensis</strong></span> <span class='ocrx_word' id='word_1_817' title='bbox 2491 4591 2672 4666; x_wconf 61' lang='lat' dir='ltr'><strong>editis</strong></span> <span class='ocrx_word' id='word_1_818' title='bbox 2687 4592 2761 4666; x_wconf 92' lang='lat' dir='ltr'><strong>in_</strong></span> <span class='ocrx_word' id='word_1_819' title='bbox 2777 4590 3036 4666; x_wconf 65' lang='lat' dir='ltr'><strong>synodico</strong></span> <span class='ocrx_word' id='word_1_820' title='bbox 3079 4590 3334 4666; x_wconf 65' lang='lat' dir='ltr'><strong>adversus</strong></span> <span class='ocrx_word' id='word_1_821' title='bbox 3357 4598 3573 4666; x_wconf 52' lang='lat' dir='ltr'><strong>tragic-</strong></span> 
     </span>
    </p>
   </div>
   <div class='ocr_carea' id='block_1_113' title="bbox 1983 4658 3570 4732">
    <p class='ocr_par' dir='ltr' id='par_1_113' title="bbox 1983 4658 3570 4732">
     <span class='ocr_line' id='line_1_116' title="bbox 1983 4658 3570 4732; baseline -0.001 -14"><span class='ocrx_word' id='word_1_822' title='bbox 1983 4665 2127 4719; x_wconf 91' lang='lat' dir='ltr'><strong>diam</strong></span> <span class='ocrx_word' id='word_1_823' title='bbox 2174 4658 2360 4720; x_wconf 62' lang='lat' dir='ltr'><strong>Ire&#39;nzni</strong></span> <span class='ocrx_word' id='word_1_824' title='bbox 2406 4678 2525 4732; x_wconf 92' lang='lat' dir='ltr'><strong>cap.</strong></span> <span class='ocrx_word' id='word_1_825' title='bbox 2576 4661 2695 4723; x_wconf 82' lang='grc'><strong>119,</strong></span> <span class='ocrx_word' id='word_1_826' title='bbox 2741 4658 2861 4725; x_wconf 71' lang='grc'><strong>129,</strong></span> <span class='ocrx_word' id='word_1_827' title='bbox 2911 4659 3031 4724; x_wconf 77' lang='grc'><strong>159,</strong></span> <span class='ocrx_word' id='word_1_828' title='bbox 3083 4659 3204 4712; x_wconf 84' lang='grc'><strong>151.</strong></span> <span class='ocrx_word' id='word_1_829' title='bbox 3235 4658 3438 4716; x_wconf 87' lang='lat' dir='ltr'><strong>Plinius</strong></span> <span class='ocrx_word' id='word_1_830' title='bbox 3478 4661 3570 4720; x_wconf 86' lang='lat' dir='ltr'><strong>lib.</strong></span> 
     </span>
    </p>
   </div>
   <div class='ocr_carea' id='block_1_114' title="bbox 1983 4731 3576 4805">
    <p class='ocr_par' dir='ltr' id='par_1_114' title="bbox 1983 4731 3576 4805">
     <span class='ocr_line' id='line_1_117' title="bbox 1983 4731 3576 4805; baseline -0.001 -17"><span class='ocrx_word' id='word_1_831' title='bbox 1983 4752 2073 4801; x_wconf 86' lang='lat' dir='ltr'><strong>vlt,</strong></span> <span class='ocrx_word' id='word_1_832' title='bbox 2105 4750 2223 4805; x_wconf 82' lang='lat' dir='ltr'><strong>cap.</strong></span> <span class='ocrx_word' id='word_1_833' title='bbox 2253 4733 2363 4790; x_wconf 68' lang='lat'><strong>45:</strong></span> <span class='ocrx_word' id='word_1_834' title='bbox 2395 4731 2593 4805; x_wconf 76' lang='lat' dir='ltr'><strong>Mdgna</strong></span> <span class='ocrx_word' id='word_1_835' title='bbox 2625 4734 2781 4786; x_wconf 87' lang='lat' dir='ltr'><strong>sortis</strong></span> <span class='ocrx_word' id='word_1_836' title='bbox 2813 4731 3058 4784; x_wconf 71' lang='lat' dir='ltr'><strong>humanae</strong></span> <span class='ocrx_word' id='word_1_837' title='bbox 3080 4732 3404 4800; x_wconf 78' lang='lat' dir='ltr'><strong>reperiantur</strong></span> <span class='ocrx_word' id='word_1_838' title='bbox 3429 4733 3576 4787; x_wconf 78' lang='lat' dir='ltr'><strong>volu-</strong></span> 
     </span>
    </p>
   </div>
   <div class='ocr_carea' id='block_1_115' title="bbox 1980 4823 2145 4860">
    <p class='ocr_par' dir='ltr' id='par_1_115' title="bbox 1980 4823 2145 4860">
     <span class='ocr_line' id='line_1_118' title="bbox 1980 4823 2145 4860; baseline 0 0"><span class='ocrx_word' id='word_1_839' title='bbox 1980 4823 2145 4860; x_wconf 74' lang='lat' dir='ltr'><strong>mina.</strong></span> 
     </span>
    </p>
   </div>
   <div class='ocr_carea' id='block_1_116' title="bbox 2061 4872 3462 4946">
    <p class='ocr_par' dir='ltr' id='par_1_116' title="bbox 2061 4872 3462 4946">
     <span class='ocr_line' id='line_1_119' title="bbox 2061 4872 3462 4946; baseline -0.002 -15"><span class='ocrx_word' id='word_1_840' title='bbox 2061 4875 2078 4914; x_wconf 73' lang='grc' dir='ltr'>ί</span> <span class='ocrx_word' id='word_1_841' title='bbox 2122 4875 2386 4946; x_wconf 76' lang='lat' dir='ltr'><strong>Colbert.,</strong></span> <span class='ocrx_word' id='word_1_842' title='bbox 2409 4873 2691 4946; x_wconf 63' lang='lat' dir='ltr'><strong>Egyptias</strong></span> <span class='ocrx_word' id='word_1_843' title='bbox 2712 4872 3014 4946; x_wconf 62' lang='lat' dir='ltr'><strong>rebellantes</strong></span> <span class='ocrx_word' id='word_1_844' title='bbox 3033 4877 3462 4946; x_wconf 60' lang='lat' dir='ltr'><strong>swpeperqussit.</strong></span> 
     </span>
    </p>
   </div>
   <div class='ocr_carea' id='block_1_117' title="bbox 2058 4943 3573 5010">
    <p class='ocr_par' dir='ltr' id='par_1_117' title="bbox 2058 4943 3573 5010">
     <span class='ocr_line' id='line_1_120' title="bbox 2058 4943 3573 5010; baseline 0.001 -12"><span class='ocrx_word' id='word_1_845' title='bbox 2058 4949 2073 4998; x_wconf 89' lang='lat' dir='ltr'><strong>l</strong></span> <span class='ocrx_word' id='word_1_846' title='bbox 2122 4944 2179 5001; x_wconf 90' lang='lat' dir='ltr'><strong>Id</strong></span> <span class='ocrx_word' id='word_1_847' title='bbox 2224 4955 2325 5009; x_wconf 91' lang='lat' dir='ltr'><strong>est,</strong></span> <span class='ocrx_word' id='word_1_848' title='bbox 2378 4946 2433 5000; x_wconf 90' lang='lat' dir='ltr'><strong>in</strong></span> <span class='ocrx_word' id='word_1_849' title='bbox 2473 4943 2810 4999; x_wconf 82' lang='lat' dir='ltr'><strong>contumacia</strong></span> <span class='ocrx_word' id='word_1_850' title='bbox 2854 4943 3126 4999; x_wconf 91' lang='lat' dir='ltr'><strong>durantes.</strong></span> <span class='ocrx_word' id='word_1_851' title='bbox 3160 4943 3316 5008; x_wconf 85' lang='lat' dir='ltr'><strong>Quod</strong></span> <span class='ocrx_word' id='word_1_852' title='bbox 3362 4945 3490 5010; x_wconf 91' lang='lat' dir='ltr'><strong>alii,.</strong></span> <span class='ocrx_word' id='word_1_853' title='bbox 3517 4955 3573 5000; x_wconf 93' lang='lat' dir='ltr'><strong>ut</strong></span> 
     </span>
    </p>
   </div>
   <div class='ocr_carea' id='block_1_118' title="bbox 1971 5014 3627 5084">
    <p class='ocr_par' dir='ltr' id='par_1_118' title="bbox 1971 5014 3627 5084">
     <span class='ocr_line' id='line_1_121' title="bbox 1971 5014 3627 5084; baseline -0.002 -12"><span class='ocrx_word' id='word_1_854' title='bbox 1971 5017 2195 5073; x_wconf 87' lang='lat' dir='ltr'><strong>diversa</strong></span> <span class='ocrx_word' id='word_1_855' title='bbox 2224 5025 2350 5073; x_wconf 92' lang='lat' dir='ltr'><strong>sunt</strong></span> <span class='ocrx_word' id='word_1_856' title='bbox 2377 5015 2651 5070; x_wconf 87' lang='lat' dir='ltr'><strong>hominum</strong></span> <span class='ocrx_word' id='word_1_857' title='bbox 2683 5015 2896 5083; x_wconf 91' lang='lat' dir='ltr'><strong>ingenia</strong></span> <span class='ocrx_word' id='word_1_858' title='bbox 2917 5055 2932 5079; x_wconf 95' lang='lat'><strong>,</strong></span> <span class='ocrx_word' id='word_1_859' title='bbox 2964 5014 3113 5068; x_wconf 90' lang='lat' dir='ltr'><strong>aiunt</strong></span> <span class='ocrx_word' id='word_1_860' title='bbox 3141 5027 3258 5069; x_wconf 88' lang='lat' dir='ltr'><strong>esse</strong></span> <span class='ocrx_word' id='word_1_861' title='bbox 3285 5015 3447 5070; x_wconf 89' lang='lat' dir='ltr'><strong>animi</strong></span> <span class='ocrx_word' id='word_1_862' title='bbox 3473 5031 3573 5084; x_wconf 89' lang='lat' dir='ltr'><strong>pa-</strong></span> <span class='ocrx_word' id='word_1_863' title='bbox 3621 5062 3627 5068; x_wconf 85' lang='lat'><em>,</em></span> 
     </span>
    </p>
   </div>
   <div class='ocr_carea' id='block_1_119' title="bbox 1987 5084 3533 5155">
    <p class='ocr_par' dir='ltr' id='par_1_119' title="bbox 1987 5084 3533 5155">
     <span class='ocr_line' id='line_1_122' title="bbox 1987 5084 3533 5155; baseline -0.005 -13"><span class='ocrx_word' id='word_1_864' title='bbox 1987 5103 2106 5142; x_wconf 89' lang='lat' dir='ltr'><strong>rum</strong></span> <span class='ocrx_word' id='word_1_865' title='bbox 2130 5088 2388 5149; x_wconf 89' lang='lat' dir='ltr'><strong>liberalis.</strong></span> <span class='ocrx_word' id='word_1_866' title='bbox 2421 5086 2513 5140; x_wconf 87' lang='lat' dir='ltr'><strong>alii</strong></span> <span class='ocrx_word' id='word_1_867' title='bbox 2537 5099 2668 5140; x_wconf 88' lang='lat' dir='ltr'><strong>vero</strong></span> <span class='ocrx_word' id='word_1_868' title='bbox 2687 5098 2962 5155; x_wconf 75' lang='lat' dir='ltr'><strong>generosa:</strong></span> <span class='ocrx_word' id='word_1_869' title='bbox 2984 5093 3039 5139; x_wconf 90' lang='lat' dir='ltr'><strong>et</strong></span> <span class='ocrx_word' id='word_1_870' title='bbox 3067 5084 3294 5140; x_wconf 68' lang='grc' dir='ltr'><strong>ειοθιεω</strong></span> <span class='ocrx_word' id='word_1_871' title='bbox 3321 5085 3533 5140; x_wconf 86' lang='lat' dir='ltr'><strong>mentis.</strong></span> 
     </span>
    </p>
   </div>
   <div class='ocr_carea' id='block_1_120' title="bbox 2059 5156 2518 5221">
    <p class='ocr_par' dir='ltr' id='par_1_120' title="bbox 2059 5156 2518 5221">
     <span class='ocr_line' id='line_1_123' title="bbox 2059 5156 2518 5221; baseline -0.009 -8"><span class='ocrx_word' id='word_1_872' title='bbox 2059 5156 2087 5196; x_wconf 77' lang='grc' dir='ltr'><strong>¹ι</strong></span> <span class='ocrx_word' id='word_1_873' title='bbox 2124 5156 2300 5221; x_wconf 90' lang='lat' dir='ltr'><strong>Colb.,</strong></span> <span class='ocrx_word' id='word_1_874' title='bbox 2331 5159 2518 5212; x_wconf 81' lang='lat' dir='ltr'><strong>lumen.</strong></span> 
     </span>
    </p>
   </div>
   <div class='ocr_carea' id='block_1_121' title="bbox 2065 5226 3434 5303">
    <p class='ocr_par' dir='ltr' id='par_1_121' title="bbox 2065 5226 3434 5303">
     <span class='ocr_line' id='line_1_124' title="bbox 2065 5226 3434 5303; baseline -0.002 -21"><span class='ocrx_word' id='word_1_875' title='bbox 2065 5226 2768 5303; x_wconf 67' lang='lat' dir='ltr'><strong>lIdemcodex,_invitatas_.</strong></span> <span class='ocrx_word' id='word_1_876' title='bbox 2853 5297 2866 5303; x_wconf 87' lang='lat'>_</span> <span class='ocrx_word' id='word_1_877' title='bbox 3040 5296 3052 5303; x_wconf 87' lang='lat'>_</span> <span class='ocrx_word' id='word_1_878' title='bbox 3378 5291 3434 5303; x_wconf 51' lang='grc' dir='ltr'><em>Ν</em></span> 
     </span>
    </p>
   </div>
   <div class='ocr_carea' id='block_1_122' title="bbox 2062 5291 3571 5374">
    <p class='ocr_par' dir='ltr' id='par_1_122' title="bbox 2062 5291 3571 5374">
     <span class='ocr_line' id='line_1_125' title="bbox 2062 5291 3571 5374; baseline -0.003 -22"><span class='ocrx_word' id='word_1_879' title='bbox 2062 5308 2103 5374; x_wconf 65' lang='grc' dir='ltr'><strong>’ξι</strong></span> <span class='ocrx_word' id='word_1_880' title='bbox 2142 5297 2420 5374; x_wconf 78' lang='lat' dir='ltr'><strong>llic__locus_</strong></span> <span class='ocrx_word' id='word_1_881' title='bbox 2453 5299 2528 5374; x_wconf 78' lang='lat' dir='ltr'><strong>sic</strong></span> <span class='ocrx_word' id='word_1_882' title='bbox 2555 5304 2714 5374; x_wconf 78' lang='lat' dir='ltr'><strong>antea</strong></span> <span class='ocrx_word' id='word_1_883' title='bbox 2733 5297 3011 5374; x_wconf 67' lang='lat' dir='ltr'><strong>legebatur</strong></span> <span class='ocrx_word' id='word_1_884' title='bbox 3039 5293 3355 5374; x_wconf 1' lang='lat' dir='ltr'><strong>inpeditione</strong></span> <span class='ocrx_word' id='word_1_885' title='bbox 3377 5291 3571 5374; x_wconf 66' lang='lat' dir='ltr'><strong>Pithqai</strong></span> 
     </span>
    </p>
   </div>
   <div class='ocr_carea' id='block_1_123' title="bbox 1989 5362 3572 5444">
    <p class='ocr_par' dir='ltr' id='par_1_123' title="bbox 1989 5362 3572 5444">
     <span class='ocr_line' id='line_1_126' title="bbox 1989 5362 3572 5444; baseline -0.004 -20"><span class='ocrx_word' id='word_1_886' title='bbox 1989 5377 2045 5424; x_wconf 92' lang='lat' dir='ltr'><strong>et</strong></span> <span class='ocrx_word' id='word_1_887' title='bbox 2073 5369 2126 5423; x_wconf 93' lang='lat' dir='ltr'><strong>in</strong></span> <span class='ocrx_word' id='word_1_888' title='bbox 2151 5370 2335 5444; x_wconf 81' lang='lat' dir='ltr'><strong>codice</strong></span> <span class='ocrx_word' id='word_1_889' title='bbox 2381 5367 2713 5434; x_wconf 88' lang='lat' dir='ltr'><strong>Corbeiensi,</strong></span> <span class='ocrx_word' id='word_1_890' title='bbox 2746 5362 3142 5444; x_wconf 26' lang='lat' dir='ltr'><strong>D&#39;eun_t.picta_te</strong></span> <span class='ocrx_word' id='word_1_891' title='bbox 3178 5362 3572 5444; x_wconf 64' lang='lat' dir='ltr'><strong>indulgentissi-</strong></span> 
     </span>
    </p>
   </div>
   <div class='ocr_carea' id='block_1_124' title="bbox 1989 5429 3569 5514">
    <p class='ocr_par' dir='ltr' id='par_1_124' title="bbox 1989 5429 3569 5514">
     <span class='ocr_line' id='line_1_127' title="bbox 1989 5429 3569 5514; baseline -0.004 -19"><span class='ocrx_word' id='word_1_892' title='bbox 1989 5457 2095 5505; x_wconf 85' lang='lat' dir='ltr'><strong>ma,</strong></span> <span class='ocrx_word' id='word_1_893' title='bbox 2124 5448 2227 5514; x_wconf 69' lang='lat' dir='ltr'><strong>e_tc.</strong></span> <span class='ocrx_word' id='word_1_894' title='bbox 2260 5439 2623 5514; x_wconf 73' lang='lat' dir='ltr'><strong>Admonuerat</strong></span> <span class='ocrx_word' id='word_1_895' title='bbox 2651 5429 2828 5514; x_wconf 81' lang='lat' dir='ltr'><strong>autem</strong></span> <span class='ocrx_word' id='word_1_896' title='bbox 2864 5429 3262 5514; x_wconf 62' lang='lat' dir='ltr'><strong>_Rittershusitts</strong></span> <span class='ocrx_word' id='word_1_897' title='bbox 3289 5429 3569 5514; x_wconf 62' lang='lat' dir='ltr'><strong>legendum</strong></span> 
     </span>
    </p>
   </div>
   <div class='ocr_carea' id='block_1_125' title="bbox 1991 5500 3613 5584">
    <p class='ocr_par' dir='ltr' id='par_1_125' title="bbox 1991 5500 3613 5584">
     <span class='ocr_line' id='line_1_128' title="bbox 1991 5500 3613 5584; baseline -0.004 -19"><span class='ocrx_word' id='word_1_898' title='bbox 1991 5500 2111 5565; x_wconf 87' lang='lat' dir='ltr'><strong>esse</strong></span> <span class='ocrx_word' id='word_1_899' title='bbox 2134 5507 2839 5584; x_wconf 71' lang='lat' dir='ltr'><strong>Dei_pietate.’_Cum_itaque</strong></span> <span class='ocrx_word' id='word_1_900' title='bbox 2864 5508 3148 5584; x_wconf 70' lang='lat' dir='ltr'><strong>lectionem</strong></span> <span class='ocrx_word' id='word_1_901' title='bbox 3176 5500 3569 5584; x_wconf 61' lang='lat' dir='ltr'><strong>illamprmfer-</strong></span> <span class='ocrx_word' id='word_1_902' title='bbox 3603 5525 3613 5535; x_wconf 88' lang='lat'><strong><em>-</em></strong></span> 
     </span>
    </p>
   </div>
   <div class='ocr_carea' id='block_1_126' title="bbox 1982 5571 3568 5637">
    <p class='ocr_par' dir='ltr' id='par_1_126' title="bbox 1982 5571 3568 5637">
     <span class='ocr_line' id='line_1_129' title="bbox 1982 5571 3568 5637; baseline -0.004 -2"><span class='ocrx_word' id='word_1_903' title='bbox 1982 5589 2104 5635; x_wconf 90' lang='lat' dir='ltr'><strong>rent</strong></span> <span class='ocrx_word' id='word_1_904' title='bbox 2163 5571 2422 5634; x_wconf 77' lang='lat' dir='ltr'><strong>editiones</strong></span> <span class='ocrx_word' id='word_1_905' title='bbox 2471 5571 2772 5632; x_wconf 80' lang='lat' dir='ltr'><strong>Brassicani</strong></span> <span class='ocrx_word' id='word_1_906' title='bbox 2813 5585 2869 5630; x_wconf 92' lang='lat' dir='ltr'><strong>et</strong></span> <span class='ocrx_word' id='word_1_907' title='bbox 2894 5571 3168 5637; x_wconf 85' lang='lat' dir='ltr'><strong>Galesinii,</strong></span> <span class='ocrx_word' id='word_1_908' title='bbox 3217 5571 3568 5629; x_wconf 83' lang='lat' dir='ltr'><strong>dubitandum</strong></span> 
     </span>
    </p>
   </div>
   <div class='ocr_carea' id='block_1_127' title="bbox 1981 5640 3568 5719">
    <p class='ocr_par' dir='ltr' id='par_1_127' title="bbox 1981 5640 3568 5719">
     <span class='ocr_line' id='line_1_130' title="bbox 1981 5640 3568 5719; baseline -0.005 -14"><span class='ocrx_word' id='word_1_909' title='bbox 1981 5667 2090 5706; x_wconf 92' lang='lat' dir='ltr'><strong>non</strong></span> <span class='ocrx_word' id='word_1_910' title='bbox 2146 5659 2262 5706; x_wconf 85' lang='lat' dir='ltr'><strong>erat</strong></span> <span class='ocrx_word' id='word_1_911' title='bbox 2308 5651 2436 5719; x_wconf 90' lang='lat' dir='ltr'><strong>quin</strong></span> <span class='ocrx_word' id='word_1_912' title='bbox 2485 5646 2830 5702; x_wconf 82' lang='lat' dir='ltr'><strong>Rittershusii</strong></span> <span class='ocrx_word' id='word_1_913' title='bbox 2883 5640 3194 5710; x_wconf 80' lang='lat' dir='ltr'><strong>conjectura</strong></span> <span class='ocrx_word' id='word_1_914' title='bbox 3246 5641 3386 5700; x_wconf 80' lang='lat' dir='ltr'><strong>foret</strong></span> <span class='ocrx_word' id='word_1_915' title='bbox 3433 5645 3568 5718; x_wconf 80' lang='lat' dir='ltr'><strong>reti-</strong></span> 
     </span>
    </p>
   </div>
   <div class='ocr_carea' id='block_1_128' title="bbox 1981 5722 2178 5780">
    <p class='ocr_par' dir='ltr' id='par_1_128' title="bbox 1981 5722 2178 5780">
     <span class='ocr_line' id='line_1_131' title="bbox 1981 5722 2178 5780; baseline 0 -5"><span class='ocrx_word' id='word_1_916' title='bbox 1981 5722 2178 5780; x_wconf 86' lang='lat' dir='ltr'><strong>nenda.</strong></span> 
     </span>
    </p>
   </div>
  </div>
