4088 6360
487 4871 520 4971 ’ἒ

591 262 747 361 tu.

1581 263 1639 346 ε.
1679 273 1999 347 samum
2035 282 2501 351 MASSlLlE-NSIS
2536 293 2963 352 ransnrrem
3247 259 3258 269 ”
3777 285 3848 350 ts

586 407 814 464 cessisse
839 374 1037 478 (Exod.
1061 390 1193 474 xvi),
1221 401 1546 473 percutitur;
1568 401 1718 457 dolet
1741 401 1937 457 deinde
1963 401 2176 472 fatigari
2201 409 2254 468 Α
2281 412 2395 459 tum
2450 405 2680 461 interfici
2709 406 2850 462 Deus
2890 404 3097 472 voluit,
3125 397 3212 460 hic
3248 404 3620 465 tantummodo
3647 406 3864 481 portio-

580 517 643 557 se
669 500 856 555 labore
885 497 1108 563 itineris,
1135 493 1414 564 afﬂigitur;
1445 509 1637 551 carnes
1663 495 1954 562 desiderat,
1984 496 2175 551 verbe-

577 604 751 651 ratur.
783 593 852 649 Et
879 594 1005 664 quia
1040 591 1281 662 quotidie
1309 605 1562 646 mannam
1592 590 1757 646 edens
1785 591 2004 662 explere
2033 590 2171 647 inle-

2279 499 2439 553 nem?
2467 496 2684 554 Scilicet
2711 499 2834 568 quia
2863 498 3055 569 plenus
3083 505 3138 553 et
3177 506 3202 534 ιι
3227 496 3448 566 justitia:
3475 508 3532 554 et
3559 502 3865 560 misericor-

2275 592 2376 648 diae
2405 592 2682 657 Dominus,
2709 600 2765 647 et
2802 591 2990 662 pietati
3029 606 3139 646 sum
3161 591 3329 647 multa
3359 593 3526 648 donat
3554 607 3651 663 per
3680 593 3865 649 indul-

573 687 758 744 cebris
785 686 933 758 cupit
959 685 1162 740 ventris
1191 683 1499 753 ingluviem,
1549 689 1735 754 optata
1765 683 1982 753 quidem
2022 683 2173 754 cupi-
2274 685 2550 755 gentiam,
2589 693 2643 739 et
2684 683 2710 722 δ
2747 683 3035 740 severitate
3062 684 3218 754 punit
3264 699 3361 755 per
3405 684 3760 756 disciplinam.
3794 685 3862 742 Et

572 780 746 836 ditate
779 787 1085 846 saturatur,
1127 777 1218 833 sed
1273 778 1328 832 in
1377 777 1489 847 ipsa
1533 783 1714 831 tamen
1742 777 2025 832 saturitate
2052 784 2169 832 tor--

573 879 791 943 quetur.
832 872 1014 926 Adhuc
1070 871 1234 935 enim,
1277 869 1452 939 inquit
1479 870 1788 940 Scriptura,
1820 886 1936 924 esca
1974 879 2086 924 erat
2113 871 2168 924 in

568 982 664 1020 ore
688 967 936 1037 ipsorum,
969 971 1020 1016 et
1045 963 1125 1017 ira
1152 961 1244 1016 Dei
1266 962 1498 1016 ascendit
1525 963 1580 1016 in
1608 979 1712 1016 eos.
1747 961 1817 1016 Et
1837 963 2025 1016 occidit
2051 963 2168 1032 plu-

567 1058 732 1111 rimos
759 1073 958 1118 eorum,
991 1063 1041 1108 et
1066 1055 1253 1109 electos
1281 1053 1452 1109 Israel
1478 1056 1742 1126 impedivit
1765 1054 1937 1127 (Psal.
1958 1071 2161 1127 LXXVII,

567 1149 657 1216 50,
703 1150 817 1219 5i).
871 1147 949 1218 0g
996 1157 1183 1204 contra
1228 1147 1450 1220 Moysen
1494 1126 1780 1214 rebellat,
1808 1126 2166 1217 exstinguitur

566 1241 750 1315 (Deut.
777 1242 876 1312 ill).
901 1239 1041 1296 Core
1061 1240 1409 1305 conviciatur,
1435 1239 1700 1294 obruitur.
1723 1238 1931 1293 Dathan
1962 1247 2015 1293 et
2044 1239 2165 1294 Abi-

505 1381 519 1393 .
562 1349 669 1388 ron
701 1342 1068 1396 murmurant,
1102 1333 1430 1388 devorantur
1477 1330 1663 1400 (Num.
1699 1330 1831 1403 xvi).
1862 1333 2056 1403 Aperta
2085 1343 2162 1387 est

561 1429 724 1493 enim,
749 1427 937 1495 inquit,
963 1436 1120 1492 terra,
1151 1434 1201 1479 et
1231 1426 1496 1497 deglutivit
1516 1426 1816 1492 Dathan,et
1843 1427 2042 1498 operuit
2068 1443 2159 1496 sy-

560 1536 823 1592 nagogam
868 1518 1065 1574 Abiron
1098 1519 1271 1590 (Psal.
1305 1535 1389 1584 cv,
1424 1518 1534 1589 l7).
1583 1518 1809 1574 Ducenti
1848 1533 2065 1588 quoque
2106 1526 2160 1572 et

560 1613 969 1682 quinquaginta,
1002 1621 1062 1666 ut
1092 1627 1246 1666 sacer
1273 1627 1452 1666 sermo
1481 1618 1734 1676 testatur,
1762 1611 2034 1681 principes
2057 1610 2157 1664 viri

557 1705 652 1773 qui
675 1712 921 1774 tempore
945 1703 1159 1759 concilii
1179 1719 1276 1774 per
1298 1704 1516 1758 nomina
1533 1705 1881 1769 vocabantur,
1901 1719 2154 1758 surrexe-

2272 777 2396 832 ideo
2424 777 2497 832 ibi
2526 777 2774 848 priestitit
2802 777 3112 847 disciplima,
3145 787 3205 831 ut
3231 777 3518 848 proliceret
3539 787 3860 834 cunctorum

2271 869 2633 924 emendationi
2662 885 2877 940 pmnam
2907 869 3143 924 omnium
3185 869 3498 933 noxiorum;
3551 869 3637 925 hic
3677 879 3860 925 autem

2270 964 2653 1019 misericordim
2699 980 2809 1020 sua:
2840 964 3045 1029 tribuit,
3091 980 3158 1020 ne
3186 965 3469 1018 universus
3499 963 3726 1034 populus
3764 965 3861 1019 de-

2267 1056 2488 1125 periret.
2514 1054 2582 1108 Et
2603 1064 2780 1110 tamen
2802 1071 2925 1110 cum
2948 1063 3057 1109 tam
3080 1055 3497 1111 misericorditer
3518 1056 3707 1124 egerit,
3731 1056 3858 1125 quia

2268 1147 2323 1202 in
2351 1155 2504 1217 parte
2529 1149 2702 1219 plebis
2730 1150 3009 1218 castigatio
3045 1150 3206 1205 toties
3233 1150 3459 1220 repetita
3497 1165 3602 1205 non
3634 1149 3855 1220 profuit,

2266 1241 2334 1294 ad
2364 1241 2606 1295 ultimum
2646 1257 2833 1298 omnes
2859 1248 3034 1297 morte
3075 1242 3366 1298 damnavit.
3413 1241 3542 1310 Qua:
3571 1257 3660 1298 res
3706 1252 3761 1298 et
3791 1245 3857 1298 ti-

2264 1334 2403 1389 mori
2433 1342 2488 1389 et
2516 1334 2877 1390 emendationi
2908 1343 3105 1390 nostra:
3133 1336 3292 1390 simul
3319 1335 3582 1406 prolicere
3609 1336 3854 1404 deberet,

2263 1425 2472 1480 scilicet
2501 1441 2567 1480 ne
2595 1410 2687 1495 qui
2717 1426 2931 1481 illorum
2974 1428 3223 1497 exemplo
3251 1428 3465 1498 penitus
3493 1444 3601 1484 non
3629 1429 3856 1498 corrigi-

2263 1531 2404 1582 mur,
2434 1517 2648 1570 illorum
2675 1516 2902 1572 fortasse
2933 1518 3081 1572 exitu
3103 1519 3408 1588 puniamur.
3442 1517 3561 1573 Non
3590 1519 3732 1573 enim
3754 1519 3856 1573 du-

2263 1606 2409 1661 bium
2432 1615 2514 1662 est
2541 1607 2669 1677 quid
2691 1615 2870 1663 actum
2890 1608 2957 1663 de
2985 1609 3064 1664 eis
3092 1608 3271 1664 fuerit.
3303 1608 3438 1663 Nam
3459 1624 3581 1664 cum
3601 1609 3852 1665 universa

2262 1715 2394 1769 gens
2425 1700 2772 1756 Hebraeorum
2819 1700 2886 1755 ad
2915 1702 3019 1757 hoc
3059 1701 3128 1756 de
3159 1700 3393 1774 Egypto
3421 1701 3616 1756 exierit
3657 1713 3713 1756 ut
3743 1711 3852 1758 ter-

555 1806 686 1852 runt
713 1805 901 1853 contra
943 1796 1165 1869 Moysen
1199 1815 1212 1849 :
1245 1795 1471 1869 Cumque
1506 1798 1768 1851 stetissent
1795 1806 1977 1851 contra
2003 1795 2156 1867 Moy-
2187 1789 2237 1852 Β
2261 1809 2377 1847 ram
2426 1793 2856 1863 repromissionis
2903 1794 3169 1858 intraret,
3220 1804 3416 1864 praeter
3461 1793 3596 1850 duos
3643 1803 3850 1851 tantum

561 1901 736 1944 senet
782 1894 979 1954 Aaron,
1014 1891 1304 1945 dixerunt:
1339 1889 1577 1961 Sufﬁciat
1617 1890 1778 1956 vobis,
1823 1891 1945 1962 quia
1987 1892 2153 1944 omnis

555 1982 834 2037 multitudo
863 1990 1162 2036 sanctorum
1189 1991 1283 2046 est,
1315 1991 1364 2036 et
1398 1983 1453 2035 in
1479 1983 1606 2052 ipsis
1639 1991 1716 2036 est
1743 1981 2016 2036 Dominus.
2051 1980 2156 2035 Cur

553 2075 830 2129 elevamini
874 2091 1028 2145 super
1059 2075 1306 2146 populum
1335 2073 1548 2128 Domini
1578 2072 1767 2145 (Num.
1812 2091 1897 2129 xvi
1918 2116 1932 2140 ,
1963 2075 2058 2146 '5)?
2088 2073 2156 2128 Et

551 2165 680 2235 quid
723 2174 846 2236 post
874 2165 1023 2221 base?
1053 2164 1223 2237 Ignis,
1255 2166 1450 2235 inquit,
1495 2183 1725 2238 egressus
1756 2184 1788 2220 a
1818 2167 2044 2221 Domino
2071 2170 2154 2220 in-

553 2259 758 2327 terfecit
786 2257 1030 2310 ducentos
1055 2257 1430 2328 quinquaginta
1459 2258 1593 2310 viros
1630 2258 1714 2328 qui
1745 2257 2032 2326 offerebant
2066 2258 2119 2310 in
2140 2287 2152 2296 -

551 2364 764 2401 censum
792 2347 978 2418 (Ibid.,
1012 2346 1124 2417 55).
1166 2349 1270 2419 27
1301 2347 1408 2402 Sed
1436 2363 1558 2403 cum
1588 2348 1704 2402 hmo
1744 2357 1894 2403 tanta
1925 2349 2116 2404 tierent
2136 2390 2150 2413 ,

551 2430 790 2496 cmléstis
803 2456 931 2494 cura
945 2456 1053 2495 non
1069 2440 1289 2509 profuit.
1308 2439 1560 2494 Adhibita
1575 2448 1659 2494 est
1679 2440 1971 2509 saepissime
2000 2456 2156 2496 coer-

550 2531 705 2596 citio,
737 2531 830 2585 sed
860 2531 1166 2585 emendatio
1196 2546 1305 2585 non
1327 2539 1409 2586 est
1437 2538 1644 2586 secuta.
1677 2530 1829 2586 Sicut
1858 2533 2003 2587 enim
2032 2549 2150 2599 nos,

549 2637 680 2678 cum
722 2622 1056 2690 llagellamur
1085 2622 1299 2678 assidue
1321 2667 1335 2690 ,
1370 2639 1478 2678 non
1520 2623 1860 2692 corrigimur,
1893 2625 1966 2679 ita
1996 2636 2052 2680 et
2079 2626 2154 2680 illi

550 2729 681 2770 cum
710 2713 1048 2769 mederentur
1066 2714 1381 2783 sarpissime,
1415 2727 1522 2767 non
1544 2713 1988 2768 emendabantur.
2017 2715 2156 2782 Quid

549 2808 701 2863 enim
730 2807 989 2878 scriptum
1019 2807 1138 2862 est?
1179 2805 1525 2859 Murmuravit
1561 2814 1736 2883 autem
1772 2808 1939 2860 omnis
1980 2808 2155 2862 multi-

549 2901 680 2954 tudo
701 2901 931 2971 ﬁliorum
963 2900 1132 2954 Israel
1154 2900 1386 2972 sequenti
1415 2899 1498 2952 die
1525 2909 1707 2954 contra
1735 2899 1953 2972 Moysen
1973 2912 2023 2956 et
2049 2903 2155 2956 Aa-

548 3006 670 3059 ron,
703 2992 877 3048 dicens
907 3010 924 3046 :
956 2992 1060 3048 Vos
1087 2994 1422 3065 interfecistis
1451 2993 1698 3064 populum
1725 2993 1940 3049 Domini
1964 2995 2152 3067 (Num.

550 3095 666 3149 xvr,
698 3083 810 3154 41).
839 3083 905 3139 Et
933 3084 1059 3154 quid
1080 3087 1311 3155 postea?
1334 3083 1593 3141 Percussa
1621 3095 1748 3141 sunt
1775 3090 1957 3143 statim
1987 3099 2040 3144 et
2068 3091 2152 3145 di-

2261 1896 2480 1943 sanctos
2510 1888 2686 1943 nullus
2715 1887 2951 1942 intravit.
2985 1888 3075 1943 Sic
3104 1888 3246 1942 enim
3279 1888 3540 1958 scriptum
3581 1896 3664 1943 est
3698 1906 3709 1941 :
3750 1887 3850 1942 Lo-

2261 1991 2405 2034 cutus
2434 1989 2510 2034 est
2552 1979 2804 2034 Dominus
2835 1980 2904 2032 ad
2932 1969 3149 2051 Moysen
3179 1989 3228 2034 et
3254 1981 3451 2046 Aaron,
3485 1981 3657 2035 dicens
3691 1997 3708 2034 :
3743 1980 3845 2035 Us-

2261 2088 2455 2143 quequo
2490 2070 2764 2124 multitudo
2803 2071 2912 2125 hare
2937 2072 3161 2141 pessima
3188 2079 3477 2125 murmurat
3515 2080 3696 2125 contra
3725 2073 3848 2125 me?

2269 2163 2394 2219 Vivo
2415 2181 2527 2236 ego,
2553 2165 2627 2216 ait
2652 2162 2909 2218 Dominus
2927 2180 2944 2217 :
2962 2164 3093 2217 sicut
3114 2163 3268 2217 locuti
3290 2165 3412 2217 estis
3435 2172 3556 2217 ante
3574 2180 3656 2217 me
3674 2163 3844 2228 hodie,

2259 2259 2333 2311 sic
2364 2258 2554 2329 faciam
2583 2255 2742 2310 vobis.
2779 2259 2884 2328 28
2909 2254 2975 2310 In
3003 2255 3282 2310 solitudine
3303 2255 3401 2308 hac
3419 2255 3663 2326 jacebunt
3687 2255 3849 2308 cada~

2258 2368 2377 2406 vera
2400 2363 2565 2406 uestra
2597 2349 2782 2422 (Num.
2816 2366 2922 2414 xxv,
2954 2349 3042 2415 26,
3075 2348 3186 2420 29).
3211 2349 3280 2403 Et
3307 2349 3432 2420 quid
3460 2350 3682 2420 postea?
3709 2348 3848 2402 Par-

2259 2446 2421 2507 vulos,
2469 2444 2673 2512 inquit,
2717 2452 2911 2498 vestras
2941 2443 3005 2496 de
3037 2441 3218 2515 quibus
3261 2442 3466 2496 dixistis
3493 2441 3626 2513 quod
3654 2440 3848 2512 prwdw

2260 2535 2488 2590 hostibus
2521 2535 2707 2605 forent,
2738 2533 3066 2587 introducam
3093 2541 3149 2585 ut
3169 2533 3376 2586 videant
3407 2544 3595 2586 terram
3621 2547 3737 2604 qua:
3765 2549 3844 2586 vo-

2261 2630 2336 2686 bis
2366 2631 2647 2702 displicuit.
2701 2629 2886 2683 Vestra
2928 2628 3182 2682 cadavera
3216 2626 3461 2700 jacebunt
3489 2629 3543 2681 in
3571 2627 3846 2680 solitudine

2261 2723 2448 2796 (Ibid.,
2483 2721 2567 2786 5i,
2601 2720 2711 2790 52).
2736 2719 2803 2774 Et
2831 2719 2959 2789 quid
2987 2718 3220 2774 deinde?
3249 2716 3461 2782 Omnes,
3492 2719 3681 2788 inquit,
3707 2735 3844 2772 mor-

2261 2820 2334 2872 tui
2362 2826 2481 2872 sunt
2530 2825 2682 2889 atque
2720 2815 2951 2887 percussi
2978 2814 3032 2866 in
3072 2822 3344 2884 conspectu
3391 2810 3602 2866 Domini
3649 2809 3845 2882 (Ibid.,

2261 2908 2362 2972 56,
2397 2907 2509 2978 57).
2542 2905 2680 2974 Quid
2710 2913 2793 2961 est
2820 2904 2964 2976 quod
2995 2905 3049 2959 in
3077 2905 3161 2960 his
3202 2905 3452 2960 omnibus
3480 2919 3586 2959 non
3614 2903 3720 2958 sit?
3759 2901 3845 2959 Vis

2258 2999 2442 3054 videre
2471 2997 2774 3053 rectorem?
2814 2995 2956 3052 Ecce
2985 3004 3040 3052 et
3067 2997 3352 3066 praesentia
3382 2996 3640 3064 corrigit,
3681 3001 3736 3049 et
3763 2993 3845 3048 fu-

2260 3101 2380 3148 tura
2409 3092 2665 3163 disponit.
2715 3103 2737 3131 α
2768 3089 2862 3145 Vis
2883 3089 3075 3159 ,videre
3115 3105 3364 3146 severum
3401 3089 3675 3159 judicent?
3713 3085 3846 3143 Ecce

550 3177 685 3232 vino
713 3177 834 3246 igne
873 3185 1192 3247 consumpta
1220 3178 1627 3247 quatuordecim
1664 3181 1832 3235 millia
1873 3183 2152 3239 hominum
2180 3177 2227 3241 C
2260 3190 2451 3246 noxios
2478 3187 2650 3259 punit.
2676 3185 2769 3244 Vis
2795 3185 2982 3240 videre
3006 3185 3210 3253 justum
3231 3189 3286 3238 et
3315 3183 3501 3254 pium?
3527 3182 3664 3238 Ecce
3690 3182 3845 3236 inno-

552 3274 615 3322 et
642 3268 985 3337 septingenti.
1029 3268 1162 3323 Cum
1193 3270 1367 3324 omnis
1407 3285 1535 3340 ergo
1565 3278 1696 3329 tunc
1736 3275 1923 3345 populi
1966 3277 2150 3332 multi-

550 3357 687 3411 tudo
714 3359 1040 3428 peccaverit,
1071 3375 1169 3415 cur
1193 3375 1301 3414 non
1328 3370 1412 3416 est
1434 3363 1486 3417 in
1517 3364 1766 3420 omnibus
1787 3367 2154 3425 vindicatum?

550 3452 856 3520 praesertim
909 3468 1031 3507 cum
1078 3468 1145 3507 ex
1186 3453 1275 3508 illa
1305 3468 1467 3522 quam
1516 3470 1681 3526 supra
1732 3457 1842 3514 dixi
1889 3460 2156 3518 seditione

553 3537 696 3596 Core
724 3541 902 3598 nullus
921 3545 1169 3599 evaserit.
1193 3541 1301 3599 Cur
1323 3546 1396 3600 ibi
1417 3555 1671 3603 cunctum
1701 3563 2022 3621 peccantum
2045 3573 2157 3614 ca:-

625 3736 652 3808 ξ
693 3726 956 3808 ρρζιξθτιη
981 3729 1187 3808 justitia
1215 3740 1265 3784 et
1286 3733 1662 3808 misericordia.

624 3796 1024 3877 {Editionesn
1058 3799 1446 3877 Et_severitati_
1464 3821 1556 3877 per
1597 3805 1945 3877 disciplinam.
1994 3809 2148 3866 Haud

547 3869 713 3923 dubie
734 3869 900 3946 lectio
921 3871 1015 3946 illa
1037 3872 1240 3946 optima
1276 3883 1383 3946 est.
1410 3869 1519 3946 Sed
1566 3889 1668 3943 ego
1711 3869 1935 3946 praefero
1964 3880 2149 3936 lectio-

546 3953 676 4019 nem
730 3939 930 4019 codicis
977 3941 1334 4019 gorbciensis.
1391 3939 1726 4019 Augustinus
1769 3949 1820 4002 in
1879 3951 2142 4019 psalmum

548 4010 901 4062 centesimum
927 4029 938 4061 :
968 4009 1108 4064 Deus
1136 4022 1305 4066 autem
1326 4030 1418 4066 nec
1439 4009 1498 4067 in
1521 4015 1747 4070 bonitate
1773 4009 2145 4077 misericordia:

550 4079 723 4154 perdit
753 4079 937 4154 judicii
977 4083 1316 4154 seueritatem,
1350 4100 1442 4154 nec
1465 4086 1520 4137 in
1545 4087 1834 4154 judicando
1863 4106 1976 4144 cum
2003 4109 2143 4146 seve-

549 4147 707 4198 ritate
735 4150 949 4201 amitttit
975 4152 1349 4204 misericordia:
1379 4147 1676 4208 bonitatem.

629 4227 650 4255 ο
691 4214 852 4298 Corb.
884 4227 942 4298 et
983 4217 1246 4284 Colbert.,
1280 4222 1354 4274 vis
1394 4223 1562 4276 videre
1581 4225 1780 4294 justum
1820 4237 1870 4280 et
1909 4232 2052 4298 pium
2097 4243 2146 4285 et

512 4336 517 4342 .
550 4302 781 4358 severum
795 4288 1043 4358 judicem.

624 4355 648 4428 fi
673 4355 905 4428 Explicit
927 4357 1014 4412 lib.
1030 4375 1067 4412 ι.
1086 4359 1162 4414 lta
1178 4359 1342 4415 editio
1364 4359 1577 4417 Pithmi.
1603 4363 1787 4422 Codex
1800 4367 2143 4427 Corbeiensis

548 4425 744 4482 habet:
763 4425 1155 4506 Εαςριὶεἱῑνιίὁεν
1182 4430 1214 4486 I
1235 4447 1349 4485 cum
1375 4434 1648 4503 facilitate.
1676 4435 1884 4495 Titulus
1905 4425 2034 4497 vero
2063 4425 2143 4498 se;

2260 3282 2506 3338 centibus
2555 3279 2749 3350 parcit.
2799 3277 2892 3332 Vis
2944 3276 3128 3332 videre
3194 3275 3249 3330 in
3279 3276 3529 3330 omnibus
3573 3275 3845 3344 judicem?

2258 3375 2399 3431 Ecce
2428 3373 2625 3441 ubique
2648 3370 2908 3440 judicium
2930 3377 3030 3426 est.
3059 3367 3192 3422 Nam
3221 3376 3277 3422 et
3305 3375 3365 3422 ut
3386 3367 3550 3437 judex
3579 3366 3770 3437 arguit,
3795 3373 3846 3421 et

2257 3477 2317 3523 ut
2358 3466 2526 3536 judex
2585 3464 2740 3533 regit.
2797 3461 2968 3518 Judex
3024 3462 3226 3533 promit
3271 3463 3635 3524 sententiam,
3683 3459 3844 3530 judex

2259 3560 2454 3617 noxios
2481 3557 2718 3628 perimit,
2745 3555 2912 3625 judex
2940 3554 3192 3610 innoxios
3221 3560 3535 3608 muneratur
3555 3549 3601 3603 ἀ.

2251 3738 2601 3810 quentislibri
2622 3738 2666 3792 is
2685 3744 2766 3810 est
2783 3754 2795 3790 :
2813 3734 3008 3810 Incipit
3022 3735 3151 3810 liber
3173 3733 3421 3790 secundus
3444 3733 3498 3786 in
3521 3732 3707 3810 uirtute
3722 3732 3844 3788 Dei.

2252 3802 2378 3868 [nec
2400 3811 2689 3865 admonere
2715 3802 2958 3863 fortassis
2983 3807 3180 3862 nullius
3200 3813 3315 3861 erat
3334 3803 3612 3858 momenti.
3643 3802 3843 3860 Verum

2252 3899 2318 3938 ex
2351 3881 2674 3950 antiquitate
2713 3893 2956 3933 amamus
2984 3879 3148 3932 etiam
3171 3874 3481 3948 quisquilias
3509 3883 3564 3928 et
3602 3889 3844 3950 semesos

2250 3945 2773 4023 lapides—Solebant
2791 3957 3040 4023 __veteres,
3068 3957 3126 4002 ut
3154 3945 3679 4023 annotatumnestua
3711 3945 3844 4023 viris

2253 4013 2660 4085 eruditissimis,
2700 4022 2753 4074 in
2784 4020 2888 4075 fine
2917 4013 3176 4074 librarum
3204 4017 3440 4072 scribere
3469 4013 3742 4085 Explicit;
3775 4017 3846 4070 si-

2250 4095 2505 4161 gnificare
2537 4083 2778 4147 volentes
2822 4099 3139 4160 perventum
3181 4103 3299 4143 esse
3327 4086 3396 4140 ad
3425 4083 3585 4161 tinem
3611 4083 3843 4161 v9]_umi~

2247 4153 2350 4226 nis,
2383 4163 2528 4232 quod
2557 4163 2714 4230 plane
2741 4153 3062 4232 explicatum
3085 4167 3229 4232 esset
3250 4157 3626 4232 etAevolutum.
3653 4153 3842 4232 Hiero-

2250 4224 2521 4305 nymusin
2549 4224 2777 4305 epistola
2805 4224 2872 4286 ad
2909 4230 3216 4305 Marcellam
3236 4248 3259 4305 _:
3294 4227 3532 4305 Splemus
3571 4224 3840 4305 completis

2249 4298 2508 4369 opusculis
2545 4298 2614 4354 ad
2659 4303 3040 4356 distinctionem
3068 4302 3141 4353 rei
3183 4300 3405 4354 'alierius
3444 4298 3700 4369 sequentis
3727 4311 3838 4369 me:

2249 4322 2278 4358 0
2317 4322 2508 4357 uacuus
2545 4322 2612 4354 aa
2659 4322 3040 4356 atsuncuonem
3068 4322 3140 4353 Tel
3193 4322 3405 4354 αιλεηιιδ
3444 4322 3700 4369 sequentis
3727 4322 3836 4349 11w-

2248 4322 2389 4428 tﬁum
2429 4375 2756 4444 interponere
2784 4388 3028 4428 sxrmcrr
3057 4379 3146 4424 aut
3185 4385 3470 4425 rauenna
3509 4377 3597 4422 aut
3643 4365 3836 4438 aliquid

2247 4445 2518 4513 ejusmodi.

557 4583 3805 4622 ._..___________________________________________

1476 4705 1952 4818 LIBER
2029 4649 2320 4821 SE0
2338 4713 2655 4824 UND
2677 4714 2904 4824 US.

619 5037 800 5111 281.
833 5039 1114 5095 Sufficiunt
1142 5039 1304 5110 igitur
1330 5041 1398 5097 de
1426 5043 1684 5114 exemplis
1722 5045 1823 5101 ista
1852 5062 1970 5118 quac
1997 5048 2137 5105 dixi—
2166 5052 2215 5112 D
2241 5050 2526 5122 pondeam.
2565 5052 2716 5111 Nunc
2744 5056 2870 5128 quia
2911 5057 3012 5113 tria
3051 5057 3166 5113 htec
3185 5099 3200 5126 ,
3233 5055 3287 5112 id
3327 5064 3445 5123 est,
3491 5055 3840 5126 praesentiam

546 5141 699 5198 inus;
731 5131 924 5201 quibus
962 5133 1143 5201 utique
1186 5133 1387 5205 jugiter
1415 5136 1557 5192 Deus
1584 5146 1769 5195 noster
1797 5149 1851 5196 et
1892 5151 2134 5197 contem—

545 5224 727 5292 plator
754 5223 1182 5290 sollicitissimus,
1215 5233 1269 5280 et
1293 5227 1621 5295 gubernator
1643 5232 1930 5301 piissimus,
1969 5242 2023 5288 et
2045 5235 2133 5303 ju-

546 5315 648 5369 dex
675 5317 1002 5384 justissimus
1030 5318 1430 5388 comprobatur.
1457 5320 1564 5378 Sed
1591 5325 1794 5392 cogitat
1821 5325 1888 5380 de
1917 5325 2134 5395 imperi-

547 5406 773 5462 tioribus
789 5409 925 5462 l‘orte
947 5409 1136 5478 aliquis
1158 5429 1169 5463 :
1191 5410 1246 5465 Si
1267 5413 1344 5467 sic
1363 5424 1592 5482 aguntur
1613 5431 1753 5470 nunc
1768 5432 1798 5470 a
1821 5417 1932 5471 Deo
1952 5418 2130 5470 omnia

547 5505 609 5550 ut
631 5508 759 5552 tunc
785 5508 901 5553 acta
930 5510 1071 5568 sunt,
1095 5503 1223 5571 quid
1243 5514 1324 5559 est
1351 5506 1495 5576 quod
1511 5507 1634 5561 mali
1659 5507 1968 5577 praevalent,
1990 5506 2129 5562 ami-

546 5597 745 5657 guntur
773 5590 918 5655 boni,
945 5601 1000 5647 et
1027 5610 1147 5649 cum
1178 5604 1305 5653 tunc
1325 5598 1460 5652 iram
1485 5599 1610 5653 mali
1638 5601 1924 5665 senserint,
1948 5609 2004 5656 et
2033 5603 2131 5656 mi-

545 5681 893 5736 sericordiam
913 5685 1060 5751 boni,
1085 5703 1227 5744 nunc
1247 5690 1498 5746 videntur
1517 5692 1717 5746 sentire
1732 5694 2129 5761 quodammodo

541 5770 673 5829 boni
701 5773 836 5830 iram
875 5785 930 5832 et
956 5777 1083 5834 mali
1127 5783 1392 5850 gratiam?
1433 5781 1600 5839 Paule
1631 5792 1753 5854 post
1781 5785 1846 5840 ad
1888 5787 1989 5843 ista
2020 5802 2132 5844 res-

2243 5141 2369 5209 Dei,
2416 5145 2860 5214 gubernationem
2895 5157 3057 5221 atque
3079 5149 3341 5220 judicium
3364 5188 3379 5212 ,
3419 5148 3589 5202 tribus
3631 5149 3715 5202 his
3745 5164 3840 5204 me

2241 5225 2590 5304 probaturum
2619 5254 2737 5294 esse
2764 5241 3009 5311 promisi,
3042 5241 3146 5297 hoc
3175 5249 3275 5305 est,
3314 5239 3542 5306 ratione,
3565 5241 3840 5309 exemplis

2241 5343 2304 5382 ac
2336 5331 2672 5399 testimoniis,
2705 5335 2830 5403 quia
2871 5337 3084 5391 ratione
3113 5342 3169 5390 et
3195 5333 3457 5404 exemplis
3479 5333 3591 5402 jam
3620 5333 3841 5386 satisfe—

2241 5419 2427 5485 cimus,
2451 5433 2692 5492 superest
2708 5435 2766 5480 ut
2786 5429 3107 5483 testimoniis
3127 5428 3460 5483 declaremus
3481 5446 3492 5479 :
3519 5428 3626 5498 29
3645 5441 3842 5494 qnam~

2241 5509 2320 5564 vis
2357 5514 2601 5584 exempla
2632 5517 2746 5585 ipsa
2774 5532 2893 5586 qua:
2922 5520 3184 5584 diximus,
3217 5520 3401 5574 haberi
3449 5534 3547 5588 pro
3579 5517 3838 5571 testium-

2240 5603 2341 5658 niis
2365 5605 2614 5672 debeant,
2639 5610 2766 5676 quia
2793 5621 2941 5666 recte
2968 5614 3335 5668 testimonium
3364 5627 3483 5668 esse
3501 5611 3698 5665 dicitur
3717 5625 3839 5678 quo

2241 5709 2416 5749 rerum
2446 5697 2642 5750 veritas
2671 5702 3019 5767 approbatur.
3058 5702 3194 5771 Quid
3226 5704 3388 5771 igitur
3415 5717 3480 5756 ex
3521 5702 3624 5754 illis
3656 5701 3837 5756 trilms

2239 5804 2358 5859 qua:
2397 5805 2554 5860 supra
2584 5790 2722 5846 dicta
2753 5805 2904 5863 sunt,
2945 5812 3044 5864 per
3074 5799 3376 5854 testimonia
3408 5811 3558 5853 sacra
3589 5795 3839 5861 primum
