4088 6360
1273 277 1326 296 ,ρο

265 378 338 436 ιθ
1394 368 1486 426 DE
1524 364 2060 428 GUBERNATIONE
2099 366 2211 422 DEI
2251 367 2378 422 LIB.
2419 367 2482 422 II.
3483 371 3556 430 so

264 469 488 564 probari
516 488 709 554 debet,
739 487 1044 560 praesentia,
1080 501 1150 539 an
1180 484 1522 554 gubernatio,
1552 500 1693 539 anne
1715 481 1859 552 judi-
1883 481 1939 543 Δ
1964 488 2050 534 tur
2084 499 2094 532 :
2138 480 2322 534 Vultus
2362 490 2533 534 autem
2574 479 2787 538 Domini
2823 499 2975 555 super
3013 484 3259 564 facientes
3298 486 3463 551 mata,
3496 493 3559 540 ut

267 584 452 641 cium?
495 581 819 648 Przesentia,
861 582 1055 652 opinor
1087 599 1099 634 :
1139 591 1166 618 ι
1203 582 1329 650 quia
1369 580 1461 649 qui
1492 580 1575 633 vel
1618 585 1864 634 reeturus

269 686 355 734 est
382 675 467 732 vel
490 675 851 746 iudicaturus,
874 691 1110 746 praesens
1131 677 1334 747 absque
1352 675 1513 731 dubio
1540 688 1657 729 esse
1678 672 1859 735 debet,

262 776 330 824 ut
358 767 443 822 vel
472 781 658 836 regere
697 766 954 836 quidquid
984 767 1115 824 illud
1144 776 1228 824 est
1272 769 1354 823 vel
1378 767 1624 837 judicare
1669 765 1857 836 possit.

264 857 521 928 Loquens
550 857 604 911 in
623 857 986 914 voluminibus
1000 859 1111 914 suis
1126 874 1304 914 sermo
1318 857 1530 913 divinus
1545 857 1624 912 sic
1653 856 1727 911 ait
1754 874 1765 908 :
1795 853 1863 910 In

266 931 410 1004 ἶ)αηὶ
439 947 554 1002 loco
583 947 717 1001 oculi
749 947 960 1003 Domini
989 945 1403 1021 contemplantur
1433 950 1595 1004 bonos
1620 957 1672 1004 et
1697 948 1863 1002 malos

200 1053 206 1058 '
270 1040 454 1112 (Prov.
481 1054 567 1103 xv,
594 1038 672 1109 5).
696 1037 836 1094 Ecce
857 1039 1023 1096 babes
1038 1050 1381 1112 praesentem,
1399 1056 1527 1096 ecce
1543 1041 1860 1105 intuentem,

260 1145 397 1186 ecce
427 1129 480 1183 in
511 1129 657 1184 omni
689 1131 809 1186 loco
839 1147 968 1187 cura
997 1148 1060 1188 ac
1087 1134 1397 1204 provisione
1417 1134 1745 1202 vigilantem.
1778 1133 1864 1188 Id-

257 1219 417 1274 circo
441 1220 584 1275 enim
612 1229 667 1274 et
693 1221 868 1277 bonos
895 1224 962 1278 ab
984 1239 1052 1279 eo
1072 1225 1403 1280 considerari
1431 1234 1487 1280 et
1514 1226 1684 1281 malos
1707 1224 1862 1293 dixit,

260 1319 334 1365 vut
361 1312 615 1382 probaret
644 1313 848 1370 scilicet
877 1315 1009 1370 nihil
1039 1317 1107 1370 ab
1137 1331 1204 1372 eo
1234 1317 1462 1386 negligi,
1495 1332 1656 1387 quem
1683 1325 1867 1372 osten-

261 1404 430 1458 deret
459 1404 705 1459 universa
737 1406 942 1460 rimari.
987 1406 1143 1475 Quod
1173 1417 1231 1464 ut
1260 1408 1470 1478 plenius
1498 1409 1713 1480 capias,
1743 1408 1869 1464 audi

259 1492 399 1562 .quid
429 1494 480 1547 in
505 1495 609 1550 alio
631 1493 1031 1566 Scripturarum
1059 1498 1180 1554 loco
1211 1499 1352 1554 idem
1383 1507 1611 1556 testatur
1639 1499 1869 1570 Spiritus

260 1595 490 1642 sanctus
524 1604 536 1638 :
572 1584 757 1653 Oculi,
789 1590 993 1660 inquit,
1022 1590 1238 1646 Domini
1275 1610 1431 1664 super
1468 1595 1700 1649 timentes
1728 1611 1866 1659 eum,

271 1687 329 1731 ut
359 1679 547 1749 eripiat
576 1696 607 1732 a
651 1689 814 1735 morte
842 1685 1047 1738 animas
1076 1701 1272 1752 eorum,
1305 1696 1354 1740 et
1381 1687 1495 1742 alat
1520 1704 1608 1742 eas
1635 1689 1690 1741 in
1732 1688 1870 1759 [ante

276 1769 454 1841 (Psat.
506 1787 670 1838 χχχιι,
707 1772 791 1837 l8,
828 1773 936 1844 19).
981 1775 1120 1834 Ecce
1148 1794 1246 1833 cur
1283 1781 1527 1850 aspicere
1560 1781 1737 1851 justas
1764 1783 1866 1839 ho-

185 1942 193 1950 .
269 1862 448 1918 mines
475 1861 617 1919 Deus
644 1862 870 1931 dicitur;
906 1868 1091 1939 utique
1121 1879 1181 1924 ut
1227 1882 1549 1937 conservet,
1595 1882 1651 1928 ut
1679 1881 1866 1945 prote-
1896 1873 1944 1934 Β

275 1963 387 2022 gat.
421 1954 448 1994 ι)
479 1956 741 2027 Aspectus
763 1959 906 2014 enim
932 1960 1236 2019 Divinitatis
1264 1966 1528 2036 propitize,
1555 1983 1750 2023 munus
1777 1977 1861 2024 est

272 2049 700 2105 conservationis
727 2051 995 2108 humanae.
1046 2054 1180 2111 Nam
1209 2065 1266 2112 et
1306 2058 1432 2114 alibi
1483 2059 1622 2114 idem
1649 2060 1862 2116 divinus

264 2137 501 2210 Spiritus
533 2160 545 2194 :
573 2143 746 2207 Oculi,
778 2145 969 2214 inquit,
999 2146 1214 2203 Domini
1241 2167 1396 2220 super
1417 2153 1606 2221 justas,
1635 2162 1686 2206 et
1712 2170 1863 2207 aures

269 2234 382 2304 ejus
409 2235 464 2288 in
493 2253 668 2307 preces
695 2253 873 2291 eorum
904 2238 1079 2309 (Psal.
1113 2257 1300 2306 xxxui,
1335 2241 1445 2309 16).
1481 2243 1612 2298 Vide
1638 2259 1743 2312 qua
1771 2245 1868 2300 be-

265 2325 536 2396 nignitate
584 2341 747 2396 agere
775 2344 898 2383 cum
944 2331 1057 2384 suis
1085 2329 1254 2386 Deum
1299 2331 1576 2403 Scriptura
1614 2335 1760 2390 dicit.
1807 2335 1866 2392 In

267 2417 379 2473 hoc
411 2419 677 2488 siquidem
726 2420 874 2489 quod
905 2422 982 2476 ait
1011 2422 1198 2478 oculos
1243 2425 1458 2480 Domini
1505 2443 1667 2498 super
1688 2427 1865 2496 justas

271 2524 396 2564 esse
421 2547 436 2573 ,
484 2509 706 2565 allectus
744 2512 1052 2581 aspicientis
1091 2515 1425 2583 ostenditur;
1469 2519 1521 2572 in
1550 2519 1655 2574 hoc
1681 2527 1862 2576 autem

270 2599 425 2669 quod
455 2615 612 2656 aures
640 2603 692 2656 in
721 2604 969 2672 precibus
1010 2614 1254 2674 paratas,
1285 2623 1500 2678 semper
1525 2610 1863 2666 exaudientis

270 2690 495 2759 largitas
522 2691 936 2750 demonstratur.
989 2695 1244 2762 Quamvis
1289 2713 1389 2769 per
1434 2699 1487 2755 id
1527 2702 1672 2770 quod
1699 2702 1856 2770 dicit,

268 2782 478 2839 divinas
505 2799 661 2840 aures
685 2785 741 2839 in
769 2788 1019 2857 precibus
1047 2804 1264 2860 semper
1293 2805 1412 2849 esse
1440 2791 1727 2862 justorum,
1752 2770 1862 2852 non

265 2875 542 2930 audientia
573 2884 780 2933 tantum
810 2879 925 2944 Dei,
958 2880 1055 2935 sed
1093 2881 1337 2950 quaedam
1372 2885 1526 2954 quasi
1555 2886 1862 2943 obedientia

267 2966 369 3022 Dei
395 2966 723 3038 designetur.
755 2969 1039 3037 Quomodo
1067 2973 1210 3028 enim
1238 2975 1290 3029 in
1320 2976 1570 3044 precibus
1593 2976 1863 3047 justorum

269 3059 464 3114 divina:
485 3075 644 3116 aures
662 3063 827 3117 sunt?
849 3061 1152 3131 Quomodo,
1179 3066 1282 3120 nisi
1304 3074 1370 3121 ut
1389 3083 1604 3139 semper
1622 3071 1861 3139 audiant,

262 3151 372 3206 nisi
396 3160 452 3207 ut
479 3169 696 3225 semper
715 3156 1023 3223 exaudiant,
1057 3157 1160 3213 nisi
1190 3166 1250 3213 ut
1277 3170 1528 3232 prompte
1558 3163 1738 3218 audita
1770 3165 1864 3220 tri-

1967 571 2151 642 perdat
2193 572 2253 625 de
2297 583 2434 626 terra
2482 576 2785 628 memoriam
2830 592 3004 630 eorum
3041 559 3228 646 μίξει,
3278 576 3390 647 Π).
3419 577 3558 634 Vide

1967 663 2170 732 absque
2198 662 2361 718 dubio
2385 663 2508 732 quia
2540 680 2648 719 non
2669 673 2824 734 potes
2854 668 3006 737 queri
3034 667 3177 738 quod
3197 685 3302 723 non
3332 669 3558 740 aspiciat

1967 755 2129 810 etiam
2155 755 2383 825 injustas
2406 755 2566 820 Deus,
2588 755 2714 825 quia
2737 755 2990 826 intelligis
3010 758 3314 826 generalem
3339 759 3558 829 quidem

1967 865 2087 905 esse
2114 849 2166 904 in
2197 865 2389 904 omnes
2417 849 2628 904 Domini
2664 849 2949 915 visionem,
2974 851 3069 905 sed
3098 854 3411 908 meritorum
3443 850 3558 908 ﬁeri

1966 944 2380 1015 disparilitatem
2423 943 2709 998 diversam.
2742 942 2876 997 Boni
2914 944 3113 1014 quippe
3142 946 3472 1016 aspiciuntur
3501 953 3558 998 ut

1967 1042 2375 1099 conserventur,
2404 1034 2534 1088 mali
2559 1042 2619 1089 ut
2645 1033 3022 1104 disperdantur
3047 1052 3058 1086 ε
3083 1051 3202 1089 cum
3231 1037 3428 1105 quibus
3457 1036 3558 1090 uti-

1967 1142 2072 1197 que
2102 1136 2311 1198 partem
2336 1135 2391 1182 et
2420 1127 2536 1198 ipse
2567 1127 2792 1193 habens,
2824 1127 2917 1196 qui
2961 1127 3236 1181 hominem
3276 1143 3306 1181 a
3336 1127 3448 1182 Deo
3475 1143 3559 1183 as-

1969 1221 2076 1293 pici
2105 1235 2298 1290 negas,
2331 1236 2438 1275 non
2475 1221 2649 1276 solum
2675 1221 2843 1275 videri
2875 1229 2930 1274 te
2959 1235 2988 1274 a
3019 1219 3249 1275 Domino
3283 1221 3560 1276 evidenter

1970 1314 2229 1384 intellige,
2245 1312 2342 1368 sed
2362 1312 2662 1384 periturum
2685 1327 2902 1383 quoque
2923 1311 3288 1367 indubitanter
3306 1325 3560 1380 agnosce.

1971 1406 2105 1461 Nam
2128 1422 2251 1462 cum
2280 1404 2348 1460 ad
2377 1405 2479 1460 hoc
2507 1404 2577 1459 sit
2601 1405 2774 1459 vultus
2807 1402 2904 1458 Dei
2933 1420 3088 1475 super
3122 1405 3368 1476 facientes
3398 1405 3561 1473 mata,

1971 1509 2028 1552 ut
2054 1499 2238 1570 perdat
2259 1498 2324 1553 de
2351 1506 2492 1552 terra
2521 1507 2542 1536 ε
2579 1498 2883 1552 memoriam
2918 1513 3114 1562 eorum,
3146 1512 3367 1552 necesse
3395 1505 3480 1552 cst
3504 1504 3562 1554 ut

1971 1591 2064 1660 qui
2094 1591 2337 1661 aspicere
2366 1589 2463 1644 Dei
2490 1589 2698 1644 vultum
2727 1604 2826 1660 per
2855 1587 3012 1643 ﬁdem
3043 1603 3225 1660 negas,
3253 1589 3563 1660 aspicientis

1973 1683 2108 1737 iram
2130 1681 2434 1752 perditione
2463 1694 2779 1750 cognoscas.
2812 1680 2979 1750 Igitur
2997 1681 3066 1737 de
3097 1681 3383 1752 praesentia
3410 1695 3475 1738 ac
3494 1679 3562 1737 de

1973 1781 2196 1846 aspectu
2230 1773 2326 1829 Dei
2356 1773 2459 1829 ista
2487 1771 2780 1828 sufﬁciunt.

2350 1863 2438 1919 DE
2475 1862 3006 1919 GUBERNATIONE
3044 1862 3176 1919 DEI.

2035 1959 2099 2014 II.
2143 1959 2432 2014 Videamus
2460 1976 2604 2016 nunc
2635 1976 2704 2016 an
2727 1960 2820 2030 qui
2849 1961 3071 2032 respicit
3102 1969 3273 2032 regat,
3305 1977 3428 2018 cum
3456 1963 3562 2018 uti-

1965 2065 2070 2120 que
2095 2050 2209 2119 ipsa
2230 2050 2371 2104 ratio
2400 2050 2691 2118 aspiciendi
2720 2066 2937 2106 causam
2966 2053 3019 2107 in
3054 2068 3113 2108 se
3147 2054 3343 2108 habeat
3368 2055 3564 2122 guber-

1967 2141 2130 2195 nandi
2179 2159 2191 2193 :
2233 2141 2360 2209 quia
2413 2155 2521 2194 non
2551 2141 2619 2194 ad
2646 2141 2752 2196 hoc
2791 2142 3016 2212 respicit
3038 2151 3097 2196 ut
3133 2159 3256 2197 cum
3298 2146 3565 2214 aspexerit

1969 2233 2224 2301 negligat,
2256 2231 2349 2300 qui
2371 2230 2575 2286 scilicet
2602 2246 2699 2302 per
2718 2231 2771 2286 id
2792 2232 2966 2302 ipsum
2992 2248 3099 2288 non
3121 2233 3390 2304 negligere
3411 2235 3566 2290 intel-

1970 2324 2150 2394 ligitur
2175 2323 2302 2392 quia
2330 2322 2598 2392 respicere
2624 2322 2902 2391 dignatur;
2927 2324 3222 2394 praesertim
3252 2340 3373 2379 cum
3401 2341 3566 2396 supe-

1967 2419 2076 2472 rius
2104 2431 2256 2472 sacer
2280 2431 2460 2472 sermo
2499 2417 2601 2488 31
2647 2424 2872 2473 testatus
2906 2417 2976 2472 sit
3006 2418 3177 2473 malos
3217 2419 3284 2474 ad
3305 2419 3563 2490 perditio-

1963 2524 2133 2566 nema
2163 2509 2276 2564 Deo
2305 2508 2492 2578 aspici,
2526 2507 2699 2563 bonos
2726 2507 2795 2562 ad
2822 2509 3072 2565 salutem.
3097 2509 3213 2566 Hoc
3242 2511 3358 2582 ipso
3380 2512 3567 2580 utique

1962 2602 2297 2673 dispensatio
2327 2601 2494 2657 divini
2523 2603 2871 2671 gubernaculi
2899 2603 3319 2660 demonstratur.
3345 2605 3460 2661 lIoc
3484 2614 3566 2666 est

1964 2693 2106 2748 enim
2126 2691 2269 2761 justa
2317 2691 2712 2761 gubernatione
2748 2707 2938 2762 regere
2973 2703 3029 2748 et
3056 2694 3295 2763 singtdos
3321 2711 3567 2766 quosque

1964 2787 2213 2843 homines
2233 2803 2334 2858 pro
2363 2787 2682 2842 meritorum
2711 2786 3025 2842 diversitate
3054 2795 3306 2856 tractare.
3339 2787 3446 2842 Sed
3475 2805 3566 2843 ac-

1963 2879 2083 2949 cipe
2130 2887 2311 2932 tamen
2351 2878 2420 2933 de
2463 2877 2567 2932 hac
2594 2893 2655 2933 re
2684 2877 2894 2948 plenius
2921 2877 3306 2933 testimonium.
3341 2877 3477 2933 Dicit
3500 2877 3570 2938 ad

1966 2973 2136 3028 Deum
2175 2971 2391 3027 Patrem
2419 2972 2473 3027 in
2503 2971 2714 3042 psahno
2739 2970 2972 3042 Spiritus
3003 2979 3222 3028 sanctus
3254 2990 3266 3025 :
3303 2970 3402 3036 Qui
3433 2974 3567 3043 regis

1969 3067 2156 3130 Israel,
2189 3067 2399 3121 intende
2430 3065 2603 3138 (Psal.
2638 3082 2819 3132 Lxxtx,
2845 3064 2933 3138 1).
2965 3065 3150 3130 Israel,
3182 3064 3368 3120 videns
3397 3065 3565 3119 Deum

1968 3159 2394 3229 interpretatur:
2425 3171 2587 3226 quem
2631 3157 2817 3226 utique
2864 3171 2988 3211 cum
3019 3155 3310 3211 Christiani
3361 3155 3465 3210 lide
3511 3162 3566 3211 et

267 3243 457 3313 buant,
487 3246 590 3301 nisi
620 3253 678 3301 ut
702 3247 845 3304 illico
866 3249 1119 3304 exaudita
1150 3251 1491 3307 concedant?
1512 3256 1618 3326 3o
1637 3256 1864 3327 Semper
1887 3251 1946 3341 (Ξ,
1966 3253 2130 3309 corde
2159 3252 2376 3307 videant
2403 3251 2496 3320 qui
2542 3249 2772 3306 ﬁdeliter
2798 3249 3044 3315 credunt,
3077 3249 3204 3304 licet
3237 3249 3564 3319 gubernator

263 3351 404 3407 ergo
434 3337 502 3392 ad
531 3339 829 3394 audiendas
856 3350 1171 3396 sanctorum
1200 3359 1390 3414 preces
1417 3356 1620 3417 parata:
1648 3349 1862 3405 Domini

263 3428 444 3482 nostri
473 3444 652 3494 aures,
684 3444 900 3500 semper
926 3439 1143 3488 attenta:
1167 3443 1310 3489 sunt.
1343 3435 1515 3502 Quam
1544 3439 1686 3494 beati
1715 3456 1862 3497 esse-

265 3534 391 3573 mus
416 3534 623 3586 omnes,
657 3519 702 3575 si
731 3537 891 3590 quam
914 3531 1218 3594 promptam
1238 3541 1365 3594 erga
1387 3533 1486 3584 nos
1514 3529 1608 3585 Dei
1638 3531 1860 3588 audien-

265 3610 402 3664 tiam
430 3611 676 3680 legimus,
720 3621 830 3668 tam
859 3625 1109 3686 prompte
1151 3617 1253 3686 ipsi
1283 3618 1451 3674 Deum
1481 3622 1667 3678 audire
1694 3625 1860 3682 velle-

263 3701 420 3755 mus!
453 3701 559 3759 Sed
606 3703 833 3760 l'orsitan
861 3705 1032 3773 dicis,
1083 3709 1190 3763 hoc
1227 3709 1371 3779 quod
1407 3710 1582 3779 justas
1619 3717 1861 3785 aspicere

262 3791 413 3847 Deus
441 3793 674 3862 legitur,
723 3812 912 3865 parum
961 3798 1219 3868 prodesse
1257 3817 1452 3868 causae,
1482 3805 1604 3872 quia
1644 3822 1753 3861 non
1795 3809 1866 3862 sit

259 3883 539 3949 generalis
568 3883 872 3941 Divinitatis
918 3889 1144 3945 intuitus
1172 3891 1266 3959 qui
1302 3892 1463 3960 justis
1490 3903 1702 3951 tantum
1735 3914 1855 3968 spe-

257 3972 400 4027 ciali
426 3972 757 4043 benignitate
788 3978 1068 4032 tribuatur.
1099 3979 1220 4033 Jam
1249 3982 1466 4048 quidem
1505 3987 1752 4054 superius
1778 4005 1865 4042 sa-

258 4077 370 4117 cer
389 4077 567 4117 sermo
587 4072 815 4119 testatus
841 4073 924 4120 est
942 4067 1068 4135 quia
1095 4069 1242 4123 oculi
1261 4069 1474 4126 Domini
1497 4078 1867 4146 contemplan-

263 4164 368 4208 tur
395 4152 567 4207 bonos
594 4161 648 4207 et
675 4154 866 4208 malos.
895 4153 1001 4209 Sed
1029 4157 1075 4211 si
1118 4157 1225 4213 hoc
1267 4160 1432 4216 etiam
1463 4179 1607 4219 nunc
1629 4166 1707 4220 vis
1745 4169 1863 4238 ple-

258 4246 399 4302 nius
420 4245 658 4315 prohari,
687 4246 1051 4317 respicequid
1073 4260 1350 4321 sequatur.
1375 4253 1492 4312 Hoc
1519 4258 1661 4312 enim
1683 4262 1864 4317 subdi-

1967 3347 2206 3402 omnium
2263 3345 2404 3400 Deus
2445 3344 2532 3410 sit,
2567 3343 2671 3398 illis
2725 3351 2906 3398 tamen
2935 3342 3282 3413 peculiariter
3327 3343 3564 3409 regimen

1967 3438 2210 3509 praestari
2235 3452 2266 3490 a
2294 3437 2406 3491 Deo
2435 3435 2648 3499 dicitur,
2671 3435 2763 3504 qui
2788 3435 2901 3504 regi
2930 3434 3272 3504 peculiariter
3299 3448 3329 3487 a
3359 3432 3563 3488 Divini-

1967 3539 2079 3586 tate
2115 3537 2442 3585 mereantur.
2497 3526 2649 3586 Unde
2689 3535 2744 3582 et
2785 3536 2876 3592 tu,
2921 3528 3229 3596 quicunque
3265 3526 3352 3580 ille
3393 3541 3482 3590 es,
3518 3525 3563 3581 si

1965 3621 2300 3678 Christianus
2336 3637 2414 3686 es,
2466 3635 2688 3678 necesse
2725 3628 2808 3675 est
2833 3627 2893 3674 ut
2921 3621 3032 3688 regi
3076 3628 3129 3674 te
3158 3635 3189 3673 a
3215 3618 3327 3674 Deo
3353 3618 3559 3674 credas.

1967 3717 2026 3773 Si
2055 3726 2236 3773 autem
2265 3715 2557 3786 gubernari
2581 3724 2636 3770 te
2660 3731 2690 3769 a
2723 3715 2834 3770 Deo
2854 3729 2976 3771 cum
3005 3713 3214 3770 caeteris
3243 3713 3564 3768 Christianis

1972 3813 2196 3866 omnino
2217 3827 2324 3865 non
2349 3817 2524 3879 putas,
2555 3823 2775 3863 necesse
2804 3815 2887 3860 est
2907 3815 3059 3860 extra
3087 3820 3276 3860 omnes
3301 3804 3564 3859 Christia-

1968 3918 2068 3956 nos
2089 3910 2142 3954 te
2165 3915 2286 3953 esse
2313 3913 2630 3965 cognoscas.
2660 3895 2766 3949 Sed
2789 3896 2833 3948 si
2864 3895 3014 3956 illud,
3039 3902 3098 3946 ut
3118 3908 3278 3962 supra
3292 3892 3404 3962 jam
3424 3893 3568 3947 dixi~

1969 4008 2108 4050 nus,
2134 3990 2301 4055 magis
2326 3987 2520 4055 quaeris
2541 3984 2684 4055 quod
2707 3984 2775 4038 ad
2795 3999 2984 4038 omnes
3004 3984 3265 4051 homines,
3291 4000 3399 4039 non
3421 3983 3562 4053 quod

1971 4082 2038 4136 ad
2066 4079 2210 4136 solos
2238 4077 2470 4149 pertinet
2489 4073 2841 4139 Christianos,
2866 4090 2992 4130 ecce
3020 4074 3298 4130 evidenter
3316 4073 3444 4130 dicit
3464 4091 3562 4130 vo-

1969 4175 2151 4229 lumen
2174 4185 2384 4227 sacrum
2405 4177 2596 4225 cuncta
2619 4169 2861 4237 quotidie
2881 4176 3013 4223 nutu
3035 4168 3336 4224 Divinitatis
3364 4168 3478 4238 regi
3507 4177 3562 4224 et

1968 4263 2358 4321 incessabiliter
2399 4278 2428 4316 a
2469 4261 2581 4316 Deo
2611 4261 2791 4316 omnia
2829 4261 3138 4329 gubernari.
3171 4258 3198 4298 ά
3239 4259 3362 4331 Ipse
3403 4262 3558 4326 enim,

1453 4391 1792 4452 STEPHANI
1830 4398 2101 4457 BALUZII
2138 4395 2365 4452 NOTAE.

347 4509 374 4537 ιι
413 4498 691 4582 Editiones
721 4517 735 4554 ε
771 4501 923 4582 Quid
938 4504 1015 4559 vel
1045 4512 1380 4582 recturus_e_st
1405 4508 1488 4582 vel
1508 4511 1856 4582 judicaturus.

264 4571 519 4654 Prasens
543 4573 720 4654 igitur,
743 4571 1020 4654 et_<_:._Ecce
1049 4575 1244 4654 iterum
1272 4571 1866 4654 Ilittersbhsiiponjec-

1966 4587 2166 4642 veteris
2195 4583 2395 4639 codicis

1969 4517 2023 4571 in
2069 4521 2274 4570 textum
2321 4513 2552 4636 irrelpsit.
2587 4511 2710 4567 Haec
2737 4521 2861 4567 sunt
2889 4513 3006 4582 ejus
3031 4514 3195 4570 verba
3227 4533 3239 4568 :
3279 4534 3298 4567 ε
3326 4515 3452 4573 Habe
3478 4529 3561 4574 est

1969 4587 2166 4636 veteris
2195 4583 2395 4636 codicis
2442 4583 2603 4636 ectio.
2651 4583 2781 4636 nihil
2809 4585 2950 4636 enim
2981 4585 3033 4636 in
3059 4586 3141 4636 his
3167 4585 3316 4636 libris
3343 4587 3560 4636 coniec-

2442 4583 2603 4647 ectio,
2651 4583 2781 4656 nihil
2809 4585 2950 4638 enim
2981 4585 3141 4656 inhis
3167 4585 3316 4641 libris
3343 4587 3560 4656 conjec-

263 4644 1264 4730 turamvetusticodicisauctoritate
1300 4645 1584 4730 ﬁrmatam.
1613 4644 1867 4710 Nam'ille
1894 4727 1926 4730 A
1968 4657 2105 4730 turis
2133 4656 2336 4730 datum,
2363 4661 2535 4708 totum
2563 4644 2631 4708 ex
2660 4652 2762 4708 lide
2783 4655 3128 4709 vetustissimi
3159 4664 3214 4710 et
3236 4644 3560 4714 emendatis-

261 4721 400 4784 post
419 4712 548 4784 guia
577 4713 699 4769 addi
723 4715 939 4770 volebat
961 4717 1067 4784 qui.

347 4781 378 4821 δ
408 4781 609 4867 contra
747 4801 783 4852 ι,
807 4799 930 4856 pag.
957 4781 985 4837 Ι
991 4783 1045 4849 6,
1068 4786 1203 4841 iram
1223 4788 1525 4858 Divinitatis
1545 4793 1622 4848 ait
1648 4801 1870 4865 pmnami

265 4867 397 4909 esse
422 4863 717 4909 peccantis.

350 4933 376 4962 ε
419 4924 764 4992 Brassicanus
791 4934 846 4981 et
873 4925 1175 4984 Galesinius
1200 4929 1280 4985 sic
1300 4930 1583 4988 ediderunt
1609 4936 1751 4992 hunc
1780 4937 1865 4992 lo-

266 5008 405 5076 cum
435 5010 449 5047 :
650 4997 862 5076 cum-ad
889 4998 984 5052 hoc
1014 5001 1082 5054 sit
1109 4999 1274 5076 vultus
1310 5000 1406 5055 Dei
1439 5019 1591 5076 super
1620 4991 1867 5076 facientes

190 5081 214 5099 ο
268 5064 423 5146 mala
450 5071 507 5116 ut
534 5065 716 5146 perdat
744 5066 806 5121 de
835 5076 972 5122 terra
1000 5071 1301 5146 memoriam
1319 5064 1512 5146 eorum
1552 5064 1630 5128 de'
1652 5094 1868 5146 genera-

271 5137 422 5216 tione
441 5136 599 5216 omni,
630 5151 836 5192 necesse
861 5149 955 5205 est,
989 5149 1094 5216 ct_c;
1119 5139 1294 5195 Verba
1316 5141 1430 5216 illa,
1452 5144 1516 5197 de
1538 5136 1869 5216 generatione

269 5206 444 5282 omni,
473 5213 597 5282 sunt
621 5221 842 5282 prorsus
866 5209 1134 5282 superﬂua
1157 5251 1171 5275 ,
1192 5281 1198 5282 ί
1219 5219 1274 5266 et
1316 5206 1524 5282 adjecta
1538 5206 1679 5270 'sunt
1705 5217 1773 5272 ab
1802 5233 1868 5273 eo

268 5275 374 5350 qui
403 5289 514 5350 non
555 5275 876 5350 intelligeret
902 5275 970 5350 ad
997 5295 1158 5350 quem
1188 5281 1365 5338 locum
1380 5275 1582 5340 'rel'erri
1610 5285 1871 5342 deberent

270 5344 388 5401 ista
508 5344 873 5428 gubernatione
897 5344 1034 5417 Dei,
1075 5365 1195 5428 quae
1231 5351 1395 5428 facile
1441 5355 1599 5428 video
1623 5355 1785 5413 fuisse
1815 5359 1868 5414 in

270 5416 536 5498 9m‘nibus
577 5417 848 5498 codicibus
894 5416 1291 5498 manuscriptis.
1359 5423 1616 5498 Restituit
1677 5445 1867 5498 veram

271 5487 591 5558 lectionem,
618 5489 712 5545 sed
757 5507 863 5547 non
900 5507 1000 5548 suo
1047 5487 1189 5558 loco,
1219 5494 1301 5548 vir
1328 5495 1651 5552 clarissimus
1676 5497 1868 5555 Petrus

272 5556 547 5631 Pithoeus,
578 5560 676 5631 qui
697 5561 776 5616 sic
794 5571 1145 5631 repraesentat
1167 5556 1312 5620 hunc
1329 5565 1506 5621 locum
1540 5586 1552 5620 :
1582 5566 1726 5622 Nam
1753 5587 1867 5624 cum

273 5627 354 5680 ad
381 5628 478 5684 hoc
505 5629 573 5683 sit
593 5627 760 5684 uultus
785 5627 882 5685 Dei
902 5648 1054 5703 super
1056 5635 1324 5755 (facientes
1353 5637 1492 5691 mala
1518 5647 1577 5690 ut
1604 5639 1785 5707 perdat
1807 5642 1868 5694 de

273 5710 422 5752 terra
468 5701 768 5755 memoriam
808 5718 1010 5755 eorum.
1092 5719 1120 5755 e
1151 5704 1513 5755 aubernatiane
1541 5706 1638 5755 Dei
1666 5724 1868 5755 necesse

272 5710 422 5752 terra
468 5701 768 5774 memoriam
799 5701 1010 5774 eorum,
1056 5701 1131 5774 de
1151 5704 1513 5774 gubernatione
1540 5701 1638 5762 Dei
1666 5724 1869 5765 necesse

269 5778 376 5833 est,
406 5777 513 5825 etc.
546 5770 836 5826 Admonuit
863 5780 1042 5825 tamen
1085 5770 1224 5826 idem
1269 5776 1351 5829 vir
1396 5777 1722 5833 clarissimus
1768 5781 1866 5834 has

270 5847 444 5900 Voces
471 5857 590 5900 esse
615 5841 887 5912 delendas,
912 5843 1240 5915 epigraphen
1265 5845 1406 5901 enim
1429 5862 1547 5904 esse
1571 5848 1720 5916 libri,
1747 5864 1865 5918 qua:

1891 4727 1947 4788 D
1970 4728 2092 4783 simi
2139 4725 2339 4781 codicis
2376 4732 2806 4794 transumptum:
2842 4741 2910 4780 ex

2995 4741 3060 4780 ua
3107 4741 3228 4780 cum
3277 4743 3383 4781 non
3429 4732 3561 4784 satis

1971 4806 2221 4852 constare
2250 4795 2520 4867 videretur
2549 4812 2700 4867 mem.
2742 4812 2918 4867 eorum
2947 4795 3009 4848 de
3037 4798 3362 4867 generatione
3396 4803 3558 4866 omni,

1970 4868 2291 4923 concinnata
2319 4874 2400 4920 est
2427 4866 2638 4935 vulgata
2669 4865 2847 4919 lectio.
2876 4863 3168 4935 Utramque
3192 4865 3417 4923 fortasse
3443 4863 3562 4926 rec-1

1971 4939 2080 5019 tiu_s
2105 4934 2590 5019 delerelilus._Na1n
2622 4936 2735 5016 haec
2759 4935 2941 5019 verba,
2966 4937 3029 4990 de
3046 4934 3416 5019 gubernatione
3439 4939 3560 5005 Dei,

1971 5009 2374 5079 epigrapheﬁest
2395 5004 2538 5079 libri,
2573 5021 2693 5079 quin
2723 5006 2774 5060 in
2805 5014 3010 5079 textum
3043 5004 3275 5078 irrepsit.
3312 5031 3330 5061 ι
3364 5004 3564 5064 Verum

1972 5076 2218 5135 extremo
2245 5077 2412 5145 digito
2441 5077 2618 5144 attigit
2646 5076 2727 5130 vir
2749 5076 3167 5143 eruditissimus,
3183 5095 3357 5145 neque
3379 5088 3560 5134 tamen

1972 5165 2194 5221 prorsus
2214 5147 2583 5221 deprehendit.
2616 5147 2792 5221 Verba
2813 5149 2954 5203 enim
2977 5149 3088 5216 illa,
3112 5149 3175 5203 de
3193 5147 3563 5221 gubernatione

1976 5217 2096 5285 Dei,
2121 5235 2188 5274 ex
2216 5217 2297 5289 e_o
2313 5219 2432 5274 loco
2462 5219 2812 5289 expungenda
2834 5227 2960 5274 sunt
2985 5235 3147 5289 quem
3173 5217 3440 5289 occupant
3461 5257 3475 5280 ,
3507 5217 3562 5272 in

1975 5290 2216 5350 editione
2240 5287 2461 5354 Pitbtei;
2494 5286 2549 5342 et
2587 5289 2638 5342 in
2670 5288 2843 5344 media
2887 5286 3081 5359 pagina
3127 5286 3326 5359 reponi
3341 5286 3559 5355 debent,

1973 5370 2035 5416 ut
2062 5377 2092 5415 a
2115 5359 2269 5416 nobis
2299 5360 2496 5415 factum
2524 5367 2624 5424 est,
2656 5368 2778 5414 ante
2804 5357 2920 5415 illas
2939 5357 3100 5415 voces
3129 5357 3403 5411 Videamus
3424 5373 3562 5413 nunc

1973 5448 2043 5484 an
2067 5474 2082 5497 ,
2126 5440 2228 5486 etc.
2279 5431 2368 5486 Sic
2413 5430 2554 5486 enim
2597 5431 2789 5499 legitur
2813 5430 2867 5484 in
2895 5430 3080 5484 codice
3097 5424 3459 5499 _Corbe_iensi,
3507 5439 3563 5484 et

1973 5495 2235 5572 przeterea
2265 5501 2546 5556 Salvianus
2573 5495 2894 5572 iiic'demum
2921 5497 3224 5566 aggreditur
3242 5495 3563 5569 disputatio-

1975 5571 2098 5628 nem
2125 5573 2193 5628 de
2220 5572 2606 5642 gubernatione
2631 5571 2744 5624 Dei.

2047 5643 2075 5680 ἀ
2107 5636 2340 5713 Respicit
2367 5643 2593 5714 fortasse
2634 5646 2821 5693 auctor
2842 5636 3437 5714 .l‘ocum‘Eccli.xxx1x,
3471 5642 3560 5708 10,

1975 5713 2067 5783 ubi
2087 5703 2282 5782 legitur
2308 5732 2319 5765 :
2352 5713 2476 5783 Ipse
2498 5712 2682 5783 diriget
2711 5703 2982 5783 consilium
2993 5709 3113 5783 _ejus
3134 5721 3185 5766 et
3211 5703 3558 5783 disciplinam;

1974 5775 2167 5851 Atque'
2178 5785 2265 5838 hic
2285 5785 2360 5839 ita
2384 5775 2668 5848 legendum
2710 5775 2934 5835 suadere
2955 5775 3166 5841 videtur
3184 5775 3488 5864 contextus.
