4088 6360
543 373 609 434 si
1505 379 1562 436 s.
1606 357 1924 436 saLvai
1963 377 2430 437 MASSILIENSIS
2467 381 2900 450 Pessumest
3103 401 3112 412 ε
3765 375 3844 448 si

533 491 730 568 lnquit,
771 495 942 568 diligit
991 477 1257 550 consilium
1301 501 1351 548 et
1381 496 1711 567 disciplinam
1742 495 1908 566 (Eccl.
1947 511 2130 562 xxxix,
2162 495 2212 556 Α
2241 496 2478 552 humano
2505 511 2704 566 genere
2731 507 2842 553 tam
2871 501 3043 556 malus
3069 511 3152 558 est
3177 506 3271 574 qui
3299 505 3420 563 ideo
3447 522 3566 564 eum
3595 505 3706 565 ullo
3729 513 3844 566 hoe-

535 587 606 642 10
625 588 665 658 ).
697 588 806 644 Nec
833 590 973 644 enim
1004 596 1084 642 est
1113 587 1254 642 aliud
1287 588 1446 652 Deus,
1471 589 1624 657 cujus
1653 603 1780 644 cura
1808 597 1890 643 est
1918 589 1985 643 de
2014 603 2134 643 om-

535 679 710 735 nibus.
731 677 857 734 Cum
885 682 954 733 sis
983 695 1131 750 ergo,
1149 679 1340 762 inquit,
1367 679 1558 752 justus,
1586 681 1727 752 juste
1752 682 1925 734 omnia
1955 681 2132 750 dispo-

535 771 636 835 m's,
669 781 718 826 et
747 787 860 826 cum
887 785 1081 842 magna
1111 773 1394 826 reverentia
1425 771 1656 842 disponis
1685 789 1780 826 nos
1812 773 1828 839 (
1853 772 1982 844 Sap.
2035 787 2128 837 xu,

533 863 656 936 15).
689 863 827 918 Ecce
855 863 1024 918 habes
1051 863 1253 934 jugiter
1280 865 1654 935 disponentem
1705 865 1892 931 Deum,
1933 863 2133 934 jugiter

530 961 919 1029 gubernantem
953 976 965 1009 :
1003 959 1246 1027 quamvis
1287 959 1342 1013 in
1374 959 1478 1014 isto
1515 957 1805 1029 Scriptura:
1847 959 1974 1014 “loco
2021 973 2131 1014 non

529 1049 852 1121 gubernatio
879 1057 1088 1106 tantum
1119 1065 1290 1114 sacra,
1317 1051 1408 1106 sed
1434 1051 1596 1106 etiam
1626 1051 1856 1120 dignitas
1884 1049 2126 1106 declare-

528 1151 618 1198 tur
644 1143 901 1198 humana.
933 1143 992 1197 In
1015 1145 1122 1198 hoc
1149 1144 1289 1199 enim
1316 1144 1460 1212 quod
1487 1145 1594 1210 ait,
1642 1144 1872 1216 disponis
1901 1160 2015 1210 nos,
2045 1143 2129 1199 vis

525 1231 722 1290 divina:
743 1237 1257 1306 gubernationis;'in
1290 1237 1396 1292 hoc
1420 1245 1599 1292 autem
1627 1237 1772 1307 quod
1794 1253 1905 1292 cum
1935 1251 2128 1308 magna

525 1331 850 1396 maerentia,
909 1330 1121 1385 culmen
1171 1331 1421 1385 humanae
1478 1331 1777 1386 ostenditur
1831 1331 2121 1400 dignitatis.

521 1422 668 1478 Alibi
697 1437 920 1494 quoque
949 1425 1002 1478 in
1035 1425 1336 1495 propheta:
1381 1421 1637 1497 Nunquid
1667 1441 1769 1479 non
1801 1425 2000 1488 emtum,
2035 1424 2122 1479 in-

523 1516 659 1585 quit,
677 1524 728 1569 et
751 1524 942 1570 terram
971 1531 1064 1587 ego
1100 1517 1288 1588 impleo
1313 1515 1368 1584 (Ι
1371 1533 1444 1569 er.
1466 1531 1613 1582 xxm,
1647 1511 1736 1586 24)
1761 1518 1786 1570 ?
1803 1513 1914 1570 Cur
1942 1523 2124 1571 autem

521 1615 718 1662 cuncta
743 1607 985 1676 impleat,
1015 1608 1132 1678 ipse
1161 1605 1401 1662 declarat
1436 1626 1447 1660 :
1504 1605 1640 1672 Quia
1687 1608 1946 1662 vobiscum
1985 1623 2118 1674 sum,

515 1697 712 1769 inquit,
743 1707 801 1752 ut
829 1700 1000 1753 salvos
1031 1699 1223 1771 faciam
1249 1715 1339 1754 vos
1364 1699 1494 1770 (Jer.
1519 1715 1648 1764 xui,
1673 1697 1783 1768 ll).
1807 1697 1948 1754 Ecce
1977 1701 2122 1754 enim

522 1791 630 1862 32
661 1805 769 1844 non
800 1789 964 1845 modo
993 1790 1232 1860 regimen
1274 1801 1430 1844 suum
1469 1789 1726 1844 Dominus
1764 1797 1818 1844 et
1847 1789 2119 1859 impletio-

2243 577 2450 644 minum
2477 591 2608 646 velit
2647 607 2766 648 esse
2793 593 2919 664 quia
2949 611 3057 650 non
3088 605 3253 666 amet,
3291 607 3350 654 et
3377 599 3444 655 ad
3479 603 3584 657 hoc
3628 605 3846 665 tantum

2241 683 2318 736 uti
2341 685 2626 752 praesentia
2653 699 2748 740 sua
2788 688 2968 756 cupiat
2995 695 3056 742 ut
3082 689 3290 760 majore
3317 691 3424 748 odii
3453 691 3628 750 fructu
3667 695 3846 766 possit

2238 775 2516 846 despicere
2561 787 2903 847 praesentem.
2935 779 3052 849 Ipsa
3085 797 3184 836 nos
3235 782 3320 836 vel
3365 783 3558 840 doceat
3601 785 3844 846 humana

2238 875 2451 933 natura,
2479 869 2566 924 vel
2593 869 2792 942 vincat,
2819 871 2864 924 si
2895 887 3002 926 non
3049 871 3172 927 ideo
3221 887 3343 928 cum
3371 891 3693 947 quocunque
3729 879 3844 942 bo,

2235 962 2380 1016 mine
2411 977 2530 1018 esse
2559 964 2805 1034 cupimus
2830 965 2954 1033 quia
2995 979 3118 1020 eum
3147 981 3267 1021 cum
3308 981 3417 1037 quo
3446 983 3564 1024 esse
3592 973 3843 1042 cupimus

2235 1053 2530 1124 diligimus.
2563 1055 2632 1110 Et
2660 1059 2784 1125 quia
2811 1059 2996 1129 utique
3019 1059 3306 1128 diligimus,
3337 1063 3597 1132 prodesse
3625 1066 3676 1120 ei
3705 1075 3842 1136 pm

2235 1147 2463 1201 sentiam
2497 1157 2740 1203 nostram
2785 1151 3030 1224 cupimus
3051 1165 3212 1220 quem
3245 1167 3505 1210 amamus.
3531 1155 3686 1222 Quod
3705 1171 3842 1228 ergo

2233 1239 2398 1294 etiam
2431 1240 2578 1296 malo
2609 1242 2814 1297 homini
2837 1243 3049 1299 auferre
3085 1259 3194 1299 non
3218 1261 3522 1315 possumus,
3545 1247 3657 1304 Deo
3689 1247 3839 1305 tolli.

2230 1347 2370 1396 mus,
2408 1339 2462 1386 et
2489 1333 2732 1404 pejorem
2759 1336 3012 1404 pessimis
3049 1335 3356 1392 hominibus
3387 1337 3557 1394 Deum
3587 1339 3838 1412 facimus,

2229 1425 2320 1494 qui
2345 1425 2410 1479 ad
2441 1426 2548 1480 hoc
2577 1425 2813 1481 futurum
2845 1427 3126 1482 nobiscum
3149 1439 3207 1483 se
3237 1443 3355 1484 esse
3382 1429 3580 1488 dixerit
3607 1442 3664 1487 ut
3693 1433 3836 1489 fasti~

2229 1515 2432 1572 diosius
2485 1532 2584 1574 nos
2637 1519 2964 1589 neglige‘ret,
3011 1525 3131 1575 eum
3169 1519 3374 1578 fuisset.
3423 1519 3534 1579 Sed
3575 1523 3688 1580 haec
3731 1527 3833 1584 ha-

2227 1619 2435 1667 etenus.

2301 1703 2385 1758 Ill.
2421 1703 2687 1776 Superest
2715 1711 2776 1760 ut
2804 1705 2931 1776 quia
2975 1706 3296 1762 testimoniis
3341 1707 3508 1764 sacris
3554 1715 3610 1764 et
3638 1711 3832 1783 respici

2229 1811 2292 1851 ac
2321 1797 2434 1864 regi
2459 1811 2490 1850 a
2520 1795 2634 1852 Deo
2673 1798 2852 1852 omnia
2878 1799 2990 1867 jam
3019 1799 3390 1868 probavimus,
3419 1801 3582 1856 etiam
3603 1801 3831 1872 judicai'i

521 1898 669 1950 nem,
702 1883 798 1938 sed
819 1883 983 1938 etiam
1013 1883 1121 1936 vim
1152 1889 1215 1937 a'c
1239 1881 1563 1937 beneﬁcium
1589 1882 1760 1951 ipsius
1789 1881 2122 1952 adimpletio-
2153 1885 2194 1943 Β
2224 1889 2456 1960 plurima
2481 1890 2538 1944 in
2567 1890 2672 1945 hoc
2711 1891 2908 1946 saeculo
2938 1903 2969 1946 a
3005 1889 3298 1947 Divi‘nilate
3327 1891 3636 1950 doceamus.
3663 1893 3832 1960 David
3909 1935 3912 1938 -

517 1976 605 2031 nis
633 1977 888 2031 ostendit.
921 1973 1078 2031 Hunc
1105 1976 1250 2031 enim
1281 1973 1508 2032 fructum
1537 1977 1593 2030 in
1623 1991 1683 2030 se
1713 1975 1876 2030 habet
1915 1973 2118 2031 Divini-

519 2069 644 2124 tatis
665 2069 930 2139 impletin,
951 2079 1014 2123 ut
1043 2069 1214 2125 salvet
1235 2083 1298 2124 ea
1327 2083 1444 2139 qua:
1485 2067 1863 2138 adimplentur.
1899 2067 1966 2122 Et
1995 2067 2118 2124 ideo

513 2161 572 2218 in
599 2161 971 2232 apostolorum
1004 2161 1226 2218 Actibus
1253 2163 1595 2218 beatissimus
1635 2159 1850 2228 Paulus,
1885 2160 1950 2215 In
1977 2163 2111 2233 ipso,

511 2255 708 2325 inquit,
729 2263 779 2310 ει
799 2257 1036 2324 vivimus,
1065 2267 1114 2311 et
1133 2273 1412 2321 movemur,
1429 2265 1476 2310 et
1491 2267 1662 2311 sumus
1688 2255 1825 2328 (Act.
1841 2271 1970 2319 xm,
1995 2253 2109 2326 28).

513 2347 646 2404 Plus
674 2350 877 2419 absque
905 2351 1070 2406 dubio
1087 2361 1247 2420 quam
1277 2350 1606 2418 gubernator
1634 2356 1716 2402 est
1745 2350 1887 2413 vitaz,
1919 2347 1974 2401 in
2005 2355 2114 2416 quo

511 2451 696 2499 motus
715 2443 832 2514 ipse
857 2435 1088 2500 viventis
1116 2451 1215 2499 est.
1237 2441 1360 2499 Non
1399 2444 1542 2498 enim
1577 2441 1714 2497 dixit
1752 2441 1819 2496 ab
1849 2442 1964 2510 ipso
1991 2455 2112 2506 nos,

512 2533 610 2592 sed
629 2535 686 2590 in
721 2535 836 2606 ipso
863 2535 1089 2602 moveri,
1120 2535 1322 2591 docens
1347 2533 1553 2590 scilicet
1581 2533 1796 2588 insitam
1827 2533 1966 2587 intra
2007 2533 2117 2586 vir-

513 2637 658 2687 tutes
677 2641 855 2687 sacras
877 2631 1118 2686 omnium
1149 2637 1390 2685 nostrum
1421 2641 1539 2684 esse
1567 2627 1920 2683 substantiam
1949 2645 1960 2680 :
1987 2628 2116 2696 quia

511 2722 570 2779 in
599 2721 716 2794 ipso
746 2721 990 2794 profecto
1015 2723 1244 2777 vivimus
1293 2737 1323 2775 a
1353 2737 1460 2792 quo
1507 2721 1616 2777 hoc
1665 2721 1840 2791 ipsum
1870 2719 2114 2775 ducimus

513 2815 660 2884 quod
685 2825 896 2868 sumus.
919 2811 1030 2868 Sed
1051 2823 1107 2869 et
1125 2811 1377 2868 Salvator
1405 2813 1519 2883 ipse
1539 2811 1594 2867 in
1613 2811 1909 2880 Evan'gelio
1937 2830 1948 2864 :
1978 2809 2116 2864 Ecce

463 2957 472 2965 ,
511 2921 625 2976 ego,
677 2906 868 2974 inquit,
919 2904 1178 2959 vobiscum
1209 2913 1322 2960 sum
1369 2906 1606 2960 omnibus
1655 2905 1831 2960 diebus
1859 2921 2017 2978 usque
2043 2906 2115 2958 ad

511 2998 1004 3051 consummationem
1034 2997 1209 3052 swculi
1241 2995 1454 3070 (Matth.
1474 3013 1623 3064 xxm,
1646 2997 1766 3067 20).
1789 2997 1910 3052 Non
1937 2999 2113 3052 solum

509 3086 793 3142 nobiscum
823 3103 880 3142 se
927 3099 1047 3143 esse
1076 3088 1242 3154 dixit,
1287 3087 1386 3143 sed
1415 3089 1578 3144 etiam
1627 3089 1877 3144 Omnibus
1924 3089 2113 3144 diebus

510 3189 632 3234 esse
663 3179 963 3235 nobiscum.
1009 3179 1088 3235 Tu
1119 3195 1262 3246 eum,
1305 3197 1338 3236 ο
1377 3182 1736 3252 ingratissime
1783 3181 1970 3246 homo,
2017 3181 2112 3250 qui

2226 1989 2446 2036 sanctus
2464 1995 2590 2036 cum
2617 1997 2650 2035 a
2671 1981 2876 2036 Nabale
2897 1979 3146 2038 Carmelo
3169 1985 3508 2040 contumeliae
3527 1989 3832 2058 pertulisset

2223 2072 2495 2142 inj'uriam,
2528 2073 2654 2142 quia
2687 2087 2746 2128 se
2773 2073 2890 2144 ipse
2911 2073 3095 2130 ulcisci
3123 2075 3348 2144 distulit,
3371 2077 3630 2133 ultionem
3650 2081 3830 2140 statim

2223 2163 2334 2218 Deo
2367 2171 2690 2220 exsecutore
2711 2165 2975 2236 percepit.
3013 2165 3295 2223 Exstincto
3323 2169 3503 2238 itaque
3517 2172 3679 2242 paulo
3708 2177 3830 2243 post

2223 2255 2537 2312 adversario
2585 2271 2685 2312 suo
2718 2265 2773 2312 et
2801 2271 2965 2313 manu
2993 2259 3202 2315 caelesti
3250 2261 3466 2328 obruto,
3498 2265 3574 2319 sic
3619 2265 3829 2324 locutus

2223 2356 2342 2402 est:
2379 2348 2688 2404 Benedictus
2720 2347 2997 2416 Dominus,
3030 2352 3115 2422 qui
3124 2351 3378 2422 judicavit
3403 2369 3610 2408 causam
3637 2372 3828 2426 appro-

2227 2441 2326 2494 brii
2347 2442 2454 2494 mei
2481 2441 2544 2495 de
2571 2457 2732 2495 manu
2765 2439 2944 2495 Nubat
2996 2441 3047 2512 (Ι
3079 2441 3208 2514 Reg.
3251 2457 3387 2510 xxv,
3417 2441 3539 2514 39).
3567 2443 3828 2507 Eumdem‘

2227 2543 2445 2602 quoque
2473 2549 2598 2588 cum
2625 2533 2866 2602 fugasset
2895 2549 2926 2590 e
2945 2549 3112 2604 regno
3133 2535 3276 2592 ﬁlius
3303 2545 3636 2607 persecutor,
3665 2539 3826 2609 judex

2222 2627 2276 2679 in
2305 2626 2456 2681 brevi
2485 2625 2748 2680 Dominus
2776 2625 3095 2694 vindicavit,
3129 2643 3230 2684 nec
3257 2627 3548 2686 vindicavit
3587 2639 3815 2698 tantum,

2220 2719 2316 2776 sed
2347 2719 2670 2775 cumulatius
2693 2719 2984 2776 vindicavit
3005 2731 3167 2790 quam
3197 2721 3312 2792 ipse
3340 2723 3510 2778 voluit
3534 2725 3627 2794 qui
3647 2727 3824 2782 vindi»

2221 2811 2464 2868 cabatur.
2499 2807 2572 2866 Ut
2600 2811 2913 2868 ostenderet
2961 2812 3168 2869 scilicet
3217 2813 3358 2871 Deus
3393 2817 3696 2885 graviorem
3725 2819 3821 2880 sibi

2219 2917 2337 2959 esse
2367 2901 2617 2971 injuriam
2647 2901 2758 2973 3A
2787 2903 2988 2972 injusta
3028 2903 3372 2960 tolerantium
3395 2915 3557 2978 quam
3589 2909 3822 2966 toleran-

2221 2993 2363 3050 tibus
2411 3009 2587 3049 suam.
2617 2991 2752 3047 Nam
2793 2996 2885 3064 qui
2916 3011 3078 3065 supra
3109 3003 3295 3052 votum
3323 2998 3440 3067 ejus
3461 2999 3697 3056 vindicat
3733 3007 3820 3071 qui

2217 3085 2542 3153 vindicatur,
2577 3085 2705 3158 quid
2735 3087 2880 3142 aliud
2911 3088 3028 3143 vult
3055 3089 3456 3162 intelligiquam
3485 3109 3544 3149 se
3573 3093 3748 3166 ipsum
3767 3097 3819 3151 in
3863 3099 3884 3110 ’

2220 3195 2286 3236 eo
2317 3195 2478 3249 quem
2508 3181 2588 3234 sic
2615 3179 2894 3257 ulciscitur
2913 3167 3220 3237 vindicare?
3239 3183 3376 3239 Acto
3405 3183 3590 3255 itaque
3618 3187 3672 3241 in
3699 3193 3818 3242 cru-

507 3267 629 3328 sine
656 3273 957 3329 cessatione
991 3274 1270 3330 nobiscum
1302 3283 1410 3342 est,
1444 3273 1544 3330 nec
1581 3287 1765 3330 curam
1795 3289 1896 3330 nec
1924 3291 2107 3346 respe—
2134 3272 2182 3336 C
2216 3286 2336 3327 cem
2363 3286 2474 3325 non
2501 3285 2668 3325 manu
2693 3269 2890 3326 factam
2939 3269 3050 3327 ﬁlio
3095 3273 3378 3343 parricida,
3431 3275 3722 3334 vindictam
3767 3277 3816 3334 ei

508 3375 653 3424 ctum
682 3369 856 3426 uestri
883 3370 1082 3424 habere
1112 3369 1282 3424 dicis?
1309 3367 1448 3436 Quid
1476 3383 1606 3438 ergo
1631 3369 1756 3424 facit
1787 3369 2104 3424 nobiscum?

508 3457 760 3531 Nunquid
789 3461 856 3515 ad
879 3461 986 3517 hoc
1027 3461 1302 3517 nobiscum
1344 3469 1460 3526 est,
1493 3469 1553 3515 ut
1601 3476 1708 3516 non
1737 3461 2010 3530 respiciat,
2045 3469 2106 3516 ut

509 3553 788 3622 negligat?
807 3549 878 3608 Et
898 3553 1171 3624 quomodo
1192 3553 1289 3608 sibi
1321 3561 1608 3623 utrumque
1631 3554 1904 3618 convenit,
1930 3562 1988 3608 ut
2012 3553 2104 3622 qui

437 3639 440 3642 ’
509 3645 699 3718 pietati
738 3653 958 3718 praestat
1004 3647 1372 3720 prtesentiam,
1405 3647 1666 3717 impietati
1715 3649 1912 3702 tribuat
1947 3649 2102 3703 incu-

508 3737 686 3793 riam?
712 3735 850 3792 Ecce
877 3739 1037 3804 enim,
1072 3737 1264 3808 inquit,
1298 3723 1556 3793 vobiscum
1587 3755 1701 3792 sum
1730 3739 1961 3793 omnibus
1993 3741 2102 3794 die-

506 3827 602 3884 bus
627 3841 788 3904 usque
815 3829 887 3884 ad
916 3832 1404 3886 consummationem
1432 3833 1631 3887 siccati.
1661 3829 1922 3886 Praeclare
1955 3831 2106 3886 vide—

506 3923 633 3982 licet
658 3923 908 3980 all'ectum
937 3925 1030 3980 Dei
1061 3926 1500 3995 interpretamur,
1521 3925 1565 3980 si
1591 3941 1687 3980 nos
1715 3923 2106 3980 calumniam’ur

509 4015 580 4072 ab
609 4031 676 4071 eo
701 4015 899 4085 iugiter
927 4017 1143 4086 negligi,
1175 4033 1298 4071 cum
1331 4017 1421 4073 ille
1451 4035 1550 4072 nos
1579 4035 1606 4071 a
1630 4033 1686 4072 se
1711 4025 1938 4073 tesletur
1960 4017 2105 4087 jugi-

507 4113 730 4162 ter'non
758 4107 1007 4174 relinqui.
1041 4109 1134 4162 llle
1163 4115 1260 4176 per
1291 4107 1396 4161 hoc
1440 4109 1723 4162 ostendere
1747 4107 1915 4161 Voluit
1959 4107 2104 4177 quod

507 4215 543 4255 a
567 4199 721 4256 nobis
751 4197 948 4256 al'fectu
973 4207 1027 4254 et
1055 4201 1392 4270 protectione
1419 4201 1616 4268 jugiter
1651 4217 1756 4254 non
1782 4199 2100 4265 discederet,

505 4291 598 4365 qui
628 4307 659 4346 a
691 4289 845 4346 nobis
874 4291 1034 4346 etiam
1067 4292 1350 4361 pnesentia
1375 4307 1482 4344 non
1512 4291 1740 4345 abesset.
1765 4289 1872 4346 Nos
1901 4291 1954 4343 in
1981 4305 2106 4345 con-

505 4390 772 4454 temptum
815 4383 984 4438 nostri
1029 4383 1262 4438 divinam
1313 4383 1568 4438 vertimus
1617 4383 1958 4447 charitatem,
2003 4396 2105 4436 nos

505 4475 709 4534 amoris
737 4475 1048 4534 testimonia
1079 4475 1132 4530 in
1171 4474 1280 4530 odii
1320 4482 1634 4544 argumenta
1663 4483 1952 4530 mutamus.
1987 4474 2104 4529 Hoc

504 4567 650 4623 enim
677 4566 824 4637 quod
861 4553 1182 4636 palmitem
1211 4581 1270 4622 se
1293 4581 1411 4622 esse
1437 4566 1587 4630 dicit,
1621 4566 1730 4620 odii
1750 4566 1922 4634 magis
1951 4567 2103 4621 testi-

2217 3365 2478 3420 diviuitus
2503 3363 2816 3418 attributam
2853 3363 2932 3420 sic
2957 3365 3256 3420 nuntiatam
3291 3367 3461 3423 refert
3487 3379 3665 3426 sermo
3685 3369 3817 3426 divi-

2219 3471 2351 3510 nus:
2375 3456 2574 3510 Bonum
2605 3465 2824 3538 apporto
2851 3459 3106 3526 nuntium,
3139 3458 3347 3514 domine
3367 3463 3438 3515 mi
3457 3469 3568 3516 rex.
3595 3461 3813 3517 Iudica-

2213 3552 2284 3604 vit
2311 3550 2448 3604 enim
2483 3567 2575 3620 pro
2617 3557 2662 3604 te
2701 3549 2852 3604 hodie
2899 3549 3156 3606 Dominus
3187 3551 3250 3608 de
3281 3557 3436 3608 manu
3475 3557 3698 3609 omnium
3726 3551 3814 3630 qui

2212 3649 2544 3696 surrexerunt
2565 3650 2744 3696 contra
2769 3651 2815 3696 te
2846 3641 2924 3714 (ll
2956 3642 3085 3715 Reg.
3120 3653 3265 3711 lell,
3293 3641 3411 3716 3i).

2282 3731 2367 3786 Ν.
2405 3729 2569 3786 Vides
2607 3731 2880 3800 quomodo
2931 3739 3040 3788 non
3081 3733 3243 3790 rebus
3283 3737 3504 3800 tantum,
3539 3743 3598 3790 ut
3641 3753 3808 3809 supra

2210 3825 2462 3889 diximus,
2496 3832 2551 3879 et
2591 3823 2874 3894 exemplis,
2903 3825 3002 3882 sed
3033 3827 3153 3896 ipso
3183 3827 3395 3882 nomine
3433 3833 3595 3898 atque
3625 3823 3810 3902 appel-

2213 3918 2415 3974 latione
2439 3917 2646 3988 judicii,
2674 3915 2844 3971 Deum
2875 3918 3037 3972 etiam
3068 3917 3310 3990 praesenti
3342 3919 3539 3974 saeculo
3563 3919 3810 3990 judicare

2209 4011 2404 4066 divina:
2433 4023 2532 4082 per
2559 4011 2743 4065 sacros
2765 4017 2932 4065 testes
2951 4011 3140 4066 litt’ene
3168 4011 3414 4080 probant.
3449 4011 3553 4066 Sed
3583 4011 3808 4069 forsitan

2209 4101 2358 4156 dices
2405 4101 2458 4156 id
2505 4093 2811 4172 specialiter
2839 4109 3026 4156 sancto
3057 4103 3172 4157 vi'ro
3203 4117 3232 4155 a
3259 4101 3371 4156 Deo
3401 4104 3716 4173 praestitum,
3751 4113 3806 4160 ut

2210 4194 2277 4248 de
2307 4193 2627 4249 adversariis
2656 4193 2772 4264 ejus
2815 4191 3061 4264 protinus
3084 4193 3370 4266 judicarct.
3407 4195 3528 4252 Dies
3553 4213 3638 4252 me
3675 4197 3805 4252 deii-

2211 4285 2335 4350 ciet,
2364 4286 2410 4339 si
2450 4285 2517 4339 de
2554 4287 2906 4355 praesentibus
2935 4288 2988 4341 in
3027 4289 3132 4342 hoc
3157 4287 3360 4343 mundo
3401 4289 3680 4344 sententiis
3707 4289 3801 4346 Dei

2209 4385 2375 4448 atque
2399 4377 2618 4448 judiciis
2656 4379 2835 4434 dicere
2863 4379 3044 4434 velim.
3081 4379 3188 4434 Sed
3221 4389 3402 4434 tamen
3442 4389 3502 4435 ut
3529 4381 3802 4437 evidenter

2210 4482 2471 4538 agnoscas
2497 4485 2776 4524 censuram
2806 4485 2958 4524 suam
2987 4477 3039 4524 et
3063 4485 3294 4526 examen
3315 4486 3528 4526 sacrum
3695 4479 3799 4525 tam

2208 4557 2455 4630 personis
2475 4567 2730 4632 praestare
2759 4575 2922 4629 quam
2951 4547 3147 4626 causis,
3185 4559 3310 4615 audi
3339 4547 3612 4630 quomoda
3635 4561 3802 4630 iudex

506 4660 748 4714 monium
767 4673 890 4714 esse
909 4659 1158 4714 volumus
1177 4673 1341 4728 quam
1371 4659 1588 4712 amoris.
1609 4657 1742 4711 Nam
1764 4658 1808 4712 si
1829 4659 2104 4714 absentem
2133 4655 2189 4715 D
2213 4651 2372 4718 Deus,
2405 4653 2498 4721 qui
2527 4667 2625 4722 pro
2673 4651 2841 4705 David
2877 4665 3036 4706 servo
3087 4667 3187 4706 suo
3215 4652 3538 4707 sententiam
3586 4651 3802 4707 assidue

506 4765 570 4806 se
597 4749 854 4807 Dominus
881 4749 1124 4806 futurum
1151 4765 1270 4806 esse
1291 4751 1533 4818 dixisset,
1565 4751 1741 4806 minus
1767 4752 1978 4806 causari
2007 4751 2116 4813 for.

504 4843 650 4901 sitan
677 4837 744 4902 de
765 4845 969 4901 incuria
991 4835 1304 4916 poteramus
1326 4844 1583 4900 absentis.
1611 4843 1832 4914 Majoris
1855 4853 2105 4900 contem-

503 4943 634 5009 ptus
671 4951 759 4992 res
786 4943 870 4992 est
899 4937 1005 5008 33
1034 4945 1197 5006 atque
1225 4935 1442 5004 fastidii,
1467 4938 1514 4992 si
1539 4951 1637 4991 nos
1662 4936 1864 5006 jugitcr
1885 4937 2106 5008 negligit

503 5029 602 5100 qui
627 5045 658 5084 a
687 5029 844 5086 nobis
865 5027 1066 5100 jugiter
1087 5045 1196 5086 non
1223 5029 1447 5096 recedit,
1480 5037 1534 5086 et
1555 5029 1676 5100 plus
1705 5031 1759 5084 in
1784 5045 1842 5086 se
1863 5029 1972 5085 odii
2001 5047 2101 5086 no-

501 5123 602 5180 stri
625 5117 890 5192 habet,,si
933 5121 1004 5178 ad
1047 5123 1154 5179 hoc
1181 5139 1392 5194 semper
1425 5124 1704 5179 nobiscum
1733 5132 2014 5194 permanet
2039 5131 2100 5180 ut

501 5213 596 5283 qui
623 5229 726 5270 nos
753 5215 1039 5285 prteseutia
1065 5231 1338 5285 nunquam
1363 5215 1582 5282 deserit,
1617 5231 1831 5286 semper
1849 5216 2095 5287 repudiet

503 5303 719 5362 aﬂectu.
743 5305 852 5364 Sed
880 5307 1022 5384 abSit
1039 5305 1146 5363 hoc
1163 5305 1229 5362 de
1251 5307 1491 5378 piissimo
1512 5323 1575 5363 ac
1593 5307 2093 5364 misericordissima

2212 4751 2513 4807 evidentem
2539 4750 2711 4817 dedit,
2761 4757 2948 4806 contra
2979 4747 3146 4804 David
3181 4747 3354 4828 ipsum
3382 4743 3575 4816 smpius
3601 4751 3626 4780 α
3651 4739 3800 4812 judi-

2211 4833 2366 4900 carit.
2393 4843 2459 4898 Et
2487 4843 2701 4912 quidem
2725 4844 2826 4898 hoc
2863 4858 2968 4896 non
2999 4833 3053 4896 in
3079 4829 3372 4894 multorum
3402 4829 3683 4892 hominum
3709 4851 3804 4892 ne-

2209 4937 2374 5006 gotio,
2402 4941 2513 5004 aut,
2561 4935 2704 5005 quod
2733 4933 2956 4990 forsitan
2987 4931 3253 5003 potuisset
3275 4930 3444 4985 Deum
3469 4928 3640 4998 magis
3689 4935 3804 4984 mo-

2209 5043 2351 5096 vere,
2385 5037 2712 5096 sanctorum,
2746 5025 2840 5083 sed
2881 5029 2934 5082 in
2972 5039 3133 5082 causa
3182 5033 3237 5079 et
3263 5021 3421 5076 unius
3470 5019 3706 5075 hominis
3743 5025 3802 5074 et
3865 5077 3884 5094 υ

2205 5125 2233 5164 δ
2263 5123 2506 5188 barbari,
2539 5130 2595 5178 et
2623 5121 2713 5194 ubi
2742 5129 2952 5176 tantum
2983 5119 3154 5175 virum
3183 5129 3414 5188 persona
3443 5109 3657 5188 penitus
3687 5127 3798 5166 non

2204 5225 2538 5288 gravaverat,
2587 5216 2688 5270 nisi
2735 5231 2896 5271 causa
2943 5213 3272 5269 mulctasset.
3325 5206 3616 5262 interfecto
3671 5202 3797 5258 Uria

2197 5307 2403 5370 Ethteo,
2447 5299 2665 5362 homine
2720 5305 2895 5374 gentis
2933 5295 3106 5375 impiae
3153 5311 3208 5358 et
3256 5295 3490 5354 nationis
3533 5293 3795 5360 inimice,

503 5394 617 5452 Deo
643 5397 805 5467 credi,
830 5397 894 5456 ut
919 5399 990 5456 ad
1017 5399 1126 5472 hoc
1151 5416 1364 5472 semper
1391 5401 1546 5458 nobis
1572 5401 1804 5456 voluerit
1843 5399 2094 5478 assistere
2195 5399 2376 5454 statim
2426 5399 2484 5452 iit
2523 5395 2590 5451 ad
2621 5393 2789 5452 David
2827 5411 3005 5452 sermo
3043 5395 3254 5450 divinus
3287 5411 3298 5446 :
3335 5389 3514 5446 Uriam
3553 5385 3797 5442 Ethatum

503 5492 566 5540 ut
593 5501 693 5544 nos
711 5491 917 5559 majore
945 5492 1161 5550 fastidio
1197 5494 1471 5562 negligere
1511 5493 1786 5550 videretur
1815 5496 2090 5550 assistens.

503 5575 659 5662 Absit
685 5571 988 5640 hoc'scelus
1031 5585 1154 5644 dici.
1188 5585 1359 5646 Nemo
1404 5586 1566 5652 enim,
1598 5595 1748 5658 puto,
1779 5586 1866 5639 vel
1895 5586 1948 5638 in
1979 5591 2093 5638 toto

2197 5492 2492 5562 percussisti
2549 5488 2723 5559 gladio
2778 5497 2826 5540 et
2879 5505 3094 5542 uxorem
3147 5487 3289 5542 illius
3356 5481 3600 5552 accepisti
3657 5494 3794 5532 uxo-

2199 5601 2341 5650 rem,
2409 5593 2458 5638 et
2501 5579 2806 5650 interfecisti
2854 5595 2967 5632 eum
3031 5579 3205 5651 gladio
3267 5577 3496 5648 filiorum
3550 5571 3789 5630 Ammon.

1697 5715 2036 5774 STEPHANI
2077 5715 2349 5770 BALUZII
2387 5712 2612 5768 NOTAE.

574 5841 603 5872 α
639 5819 718 5888 ita
747 5819 916 5890 codex
943 5821 1298 5892 Corbeiensis.
1351 5835 1690 5892 Colbertinus
1733 5839 1787 5886 et
1826 5831 2086 5887 editiones

501 5903 705 5968 habent
729 5905 1018 5967 vindicarit.

2269 5825 2296 5867 δ
2337 5827 2390 5882 ld
2417 5833 2518 5886 est.
2549 5823 2638 5895 qui
2669 5821 2879 5880 Iudaeus
2909 5841 3014 5882 non
3043 5831 3190 5890 erat,
3237 5821 3480 5892 adeoque
3511 5813 3664 5876 extra

2201 5899 2387 5974 pulum
2413 5897 2506 5957 Dei
2533 5905 2584 5954 ct
2613 5911 2892 5956 numerum
2919 5903 3247 5956 sanctorum.
