4088 6360
483 297 553 357 55
1442 283 1496 338 s.
1540 277 1857 336 SALVlANl
1900 258 2364 372 nas‘srunnsrs
2401 274 2826 332 pessumum

379 467 388 470 Α
484 413 697 472 Domini
727 409 1056 471 indeiieiens,
1088 404 1164 459 sic
1191 414 1416 456 censura
1459 394 1892 460 indemutabilis;
1923 394 2064 449 sicut
2087 398 2140 457 Α
2165 409 2287 447 rum
2314 393 2532 448 nomina
2561 391 2876 447 terribilium
2900 388 3224 460 judiciorum
3243 396 3366 444 sunt
3383 390 3776 456 instrumenta,

484 504 626 561 Deus
643 503 762 573 jure
791 507 1097 572 perpetuus,
1120 494 1198 548 sic
1220 491 1429 562 justitia
1457 502 1828 560 perseverans.
1860 485 1929 540 Et
1950 484 2072 541 ideo

486 612 673 654 omnes
702 593 988 650 admodum
1032 586 1202 643 sancti
1232 586 1287 639 in
1333 583 1484 639 libris
1511 581 1681 638 sacris
1725 581 1868 634 inter
1893 577 2076 634 discri-

485 690 692 744 minum
715 679 1104 740 imminentium
1133 686 1315 732 motus
1351 683 1408 730 et
1435 680 1843 745 persecutorum
1869 669 2076 738 gladios

487 777 761 834 constituti
792 787 1026 843 praesens
1050 769 1313 838 judicium
1341 766 1439 822 Dei
1483 765 1784 835 postulant.
1817 762 1907 818 Sic
1933 763 2076 817 enim

487 869 660 940 justus
707 866 835 920 dicit
873 863 928 918 in
945 863 1155 933 psalmo
1180 879 1193 914 :
1216 859 1406 914 Judica
1443 874 1542 923 me,
1574 857 1736 920 Deus,
1767 864 1818 910 et
1845 855 2077 909 discerne

487 973 885 1015 causammeam
907 957 970 1009 de
989 963 1140 1025 gente
1167 970 1270 1008 non
1290 960 1472 1006 sancta
1489 948 1660 1021 (Psal.
1688 965 1816 1014 xui,
1835 947 1908 1018 l).
1923 945 2079 1013 Quod

487 1067 556 1107 ne
583 1051 648 1104 ad
678 1049 916 1103 futurum
962 1047 1058 1101 Dei
1086 1047 1196 1117 38
1219 1044 1479 1113 judicium
1510 1042 1648 1096 trahi
1672 1041 1878 1111 possit,
1901 1037 2081 1095 subdit

485 1140 670 1196 statim
703 1156 717 1191 :
752 1138 828 1191 Ab
860 1138 1066 1191 homine
1093 1137 1268 1207 iniquo
1300 1143 1351 1188 et
1383 1133 1562 1188 doloso
1590 1134 1730 1203 eripe
1755 1149 1837 1186 me
1865 1130 2076 1201 (Ιὸίά.).

486 1229 735 1286 Ριωεριιε
755 1229 939 1298 utique
954 1226 1334 1296 judiciumDei
1365 1225 1619 1295 postulat,
1647 1225 1741 1294 qui
1767 1224 1981 1278 liberari
2019 1237 2078 1278 se

486 1323 558 1378 de
583 1337 748 1376 manu
770 1320 1130 1391 persecutoris
1150 1319 1419 1388 implorat.
1437 1317 1505 1372 Et
1529 1319 1666 1373 bene
1685 1333 1782 1387 pro
1802 1317 2080 1372 conscien-

488 1415 566 1470 tia
592 1415 750 1471 bonas
777 1429 954 1470 causae
982 1430 1090 1468 non
1113 1421 1220 1466 tam
1249 1411 1557 1480 snﬂ'ragium
1577 1411 1789 1467 Domini
1811 1426 1972 1480 quam
1994 1409 2082 1480 ju-

490 1507 698 1564 dicium
719 1507 1038 1578 deprecatur
1069 1523 1082 1556 :
1116 1504 1241 1573 quia
1275 1505 1430 1559 bonas
1451 1519 1625 1559 causae
1650 1503 1911 1572 Optimum
1937 1516 2082 1556 sem~

492 1616 593 1671 per
620 1599 932 1669 suﬁagium
988 1599 1268 1662 tribuitur,
1310 1597 1355 1651 si
1401 1612 1522 1652 cum
1563 1595 1767 1665 justitia
1791 1594 2079 1664 judicetur.

495 1690 637 1746 Alibi
666 1705 881 1760 quoque
907 1691 1010 1746 hoc
1037 1689 1470 1747 evidentissime:
1495 1688 1703 1752 Judica,
1733 1687 1971 1752 Domine,
1998 1680 2086 1740 no-

2177 483 2245 538 ad
2267 484 2553 538 humanam
2578 482 2988 551 intelligentiam
3009 481 3364 536 humanarum
3392 498 3572 537 rerum
3593 483 3779 551 signi-

2177 576 2516 633 ﬁcationibus
2543 575 2800 647 loquens;
2824 575 2949 642 quia
2982 571 3212 642 judicari
3240 588 3304 628 ac
3332 573 3588 629 vindicari
3609 590 3670 631 se
3696 574 3781 630 de

2178 667 2497 724 adversariis
2516 666 2856 738 precabatur,
2879 681 2976 736 per
2995 665 3350 720 instrumenta
3365 673 3592 720 terrenae
3611 667 3782 722 istius

2178 761 2395 817 ultionis
2423 761 2530 814 vim
2558 759 2750 814 divina:
2778 758 3258 813 animadversionis
3286 760 3564 829 expressit.
3600 760 3780 815 Deni~

2179 869 2285 924 que
2317 852 2444 906 alibi
2471 852 2736 921 propheta
2775 851 2917 906 idem
2944 849 3073 920 quid
3101 851 3242 905 inter
3268 866 3502 920 pmsens
3540 860 3598 907 et
3627 851 3784 907 futu-

2180 961 2299 1002 rum
2324 945 2586 1015 judicium
2615 944 2711 998 Dei
2739 950 2884 1019 esset
2911 942 3166 998 ostendit.
3201 942 3337 1009 Quid
3367 944 3511 998 enim
3539 945 3608 1000 de
3635 961 3781 1000 cen—

2180 1055 2306 1095 sura
2332 1038 2611 1110 praesentis
2631 1037 2893 1092 examinis
2913 1036 3044 1091 dicit
3071 1036 3137 1090 ad
3158 1035 3477 1090 Dominum?
3500 1036 3666 1092 Sedes
3685 1054 3784 1091 su-

2180 1149 2270 1203 per
2291 1131 2529 1185 thronum
2547 1131 2632 1201 qui
2647 1129 2854 1200 judicas
2897 1129 3188 1200 wquitatem
3218 1127 3386 1198 (Psal.
3423 1145 3496 1191 ix,
3525 1126 3598 1199 5).
3633 1127 3784 1194 Quid

2182 1231 2362 1278 autem
2405 1223 2474 1277 de
2513 1222 2693 1277 futuro
2724 1221 2820 1275 Dei
2864 1229 3173 1290 aeternoque
3197 1220 3439 1290 judicio?
3483 1221 3778 1290 Judicabit,

2181 1315 2374 1385 inquit,
2396 1316 2566 1369 orbem
2595 1324 2744 1369 terra
2766 1315 2822 1367 in
2843 1315 3083 1385 wquitate
3105 1313 3277 1384 (Psal.
3301 1330 3418 1379 xcv,
3445 1313 3555 1383 15).
3579 1313 3648 1368 Et
3667 1315 3781 1370 ite-

2180 1423 2302 1463 rum
2335 1425 2347 1459 :
2372 1405 2635 1460 Judicabit
2655 1407 2870 1477 populos
2895 1421 3010 1459 cum
3032 1406 3256 1475 justitia.
3281 1405 3416 1476 Ipsis
3434 1396 3641 1461 scilicet
3659 1422 3784 1461 vero

2182 1501 2266 1557 bis
2294 1498 2572 1570 praesentis
2601 1498 2858 1568 temporis
2885 1505 2939 1552 et
2958 1496 3120 1552 futuri
3143 1505 3352 1566 tempus
3370 1496 3554 1566 judicii
3576 1498 3778 1553 utrius-

2182 1607 2288 1662 que
2315 1591 2573 1646 distinxit.
2617 1588 2686 1644 Ut
2713 1591 2855 1644 enim
2885 1605 3122 1660 praesens
3143 1588 3403 1657 judicium
3441 1589 3774 1656 ostenderet,

2183 1682 2398 1737 Iudicas
2429 1681 2627 1752 posuit.
2653 1679 2723 1735 Ut
2742 1688 2920 1736 autem
2950 1679 3185 1735 futurum
3217 1679 3568 1749 distingueret
3587 1697 3618 1734 a
3638 1697 3780 1750 pras—

495 1790 663 1838 centes
683 1798 781 1848 me,
812 1799 1052 1852 expugna
1077 1783 1433 1852 impugnantes
1463 1796 1560 1833 me.
1585 1778 1922 1850 Apprehende
1942 1794 2087 1832 arma
2116 1771 2165 1832 B
2191 1776 2350 1838 senti,
2400 1774 2626 1843 subjecit
2665 1781 2853 1844 postea
2893 1771 3176 1826 Judicabit.
3209 1771 3333 1826 Haec
3363 1772 3524 1841 igitur
3551 1773 3620 1828 de
3646 1790 3776 1830 cura

500 1883 553 1927 et
577 1886 794 1937 scutum,
823 1883 872 1928 et
896 1890 1114 1945 exsurge
1132 1875 1187 1926 in
1217 1874 1532 1944 adjutorium
1551 1871 1676 1926 mihi
1700 1871 1869 1940 (Psal.
1903 1886 2084 1935 xxxrv,

497 1965 553 2032 l,
583 1965 658 2032 2).
693 1964 856 2020 Vides
885 1966 1048 2021 etiam
1094 1966 1197 2020 hoc
1224 1965 1343 2020 loco
1373 1980 1479 2019 non
1509 1962 1674 2017 futuri
1714 1961 1975 2017 examinis
2000 1977 2088 2017 se-

497 2058 806 2123 veritatem,
836 2058 932 2113 sed
961 2073 1242 2113 censuram
1271 2055 1550 2126 prmsentis
1581 2054 1766 2124 judicii
1811 2054 2086 2124 postulari.

494 2149 614 2221 Hoc
642 2158 725 2204 est
762 2151 904 2206 enim
933 2149 1064 2204 illud
1091 2149 1237 2218 quod
1264 2149 1340 2202 ait
1373 2165 1385 2199 :
1429 2147 1768 2219 Appre/tende
1786 2154 2004 2211 scutum,
2039 2153 2090 2199 et

493 2242 667 2312 arripe
687 2241 945 2313 gladium;
967 2248 1177 2296 scutum
1213 2240 1420 2295 scilicet
1443 2240 1510 2294 ad
1541 2240 1951 2309 protectionem,
1982 2240 2090 2308 gla-

494 2331 642 2386 diun
664 2332 732 2386 ad
755 2333 1015 2388 ultionem
1040 2350 1052 2384 :
1094 2348 1201 2387 non
1231 2332 1356 2401 quia
1387 2333 1491 2387 hoc
1504 2332 1748 2401 judicans
1772 2332 1911 2387 Deus
1931 2338 2087 2401 egeat

495 2434 777 2493 apparatu,
808 2425 905 2481 sed
922 2425 1048 2494 quia
1088 2425 1142 2478 in
1160 2425 1265 2482 hoc
1283 2425 1478 2481 saeculo
1506 2425 1622 2481 haec
1649 2426 1966 2482 terribilium
1993 2441 2083 2482 re-

2189 1882 2315 1937 erga
2335 1883 2433 1923 nos
2461 1867 2556 1922 Dei
2578 1872 2633 1921 et
2656 1866 3017 1935 gubernaculo
3041 1872 3095 1921 et
3111 1865 3332 1934 judicio,
3348 1867 3577 1930 ratione,
3593 1882 3776 1922 exem-

2189 1958 2312 2029 plis,
2330 1957 2648 2012 testimoniis
2674 1957 2930 2027 probasse
2941 1957 3073 2012 satis
3093 1964 3192 2022 est,
3218 1957 3449 2012 maxime
3468 1958 3594 2026 quia
3611 1958 3774 2013 etiam

2189 2065 2309 2119 qua:
2347 2058 2467 2120 post
2492 2050 2597 2104 hoc
2623 2055 2873 2104 secutura
2899 2055 3039 2114 sunt,
3072 2047 3139 2102 ad
3166 2048 3216 2103 id
3246 2049 3419 2118 ipsum
3445 2050 3624 2104 omnia
3653 2065 3773 2119 per-

2185 2141 2451 2218 “tinebunt.
2476 2141 2627 2197 Nunc
2647 2142 2692 2197 si
2719 2157 2749 2196 a
2778 2141 2889 2197 Deo
2917 2141 3069 2210 cujus
3096 2141 3369 2210 negotium
3388 2142 3610 2209 agimus,
3636 2141 3774 2197 vires

2190 2239 2259 2294 ad
2287 2238 2551 2309 agendum
2573 2240 2968 2310 acceperimus,
3002 2255 3064 2295 ea
3086 2255 3206 2308 quae
3225 2249 3410 2296 contra
3440 2242 3551 2297 haec
3578 2243 3646 2296 ab
3675 2243 3775 2298 ad-

2188 2333 2444 2388 versariis
2471 2332 2576 2388 dici
2605 2333 2798 2398 solent,
2855 2340 2910 2386 et
2955 2332 3197 2407 proferre
3244 2333 3400 2388 simul
3434 2342 3487 2388 et
3535 2335 3773 2391 refutare

2188 2427 2531 2482 tentabimus.

495 2553 3730 2580 Wm‘

1458 2656 1940 2766 LIBER
2033 2656 2359 2766 TER
2380 2657 2557 2764 ΤΙ
2577 2655 2805 2763 US.

569 2945 678 3016 39
703 2943 745 2998 Ι.
779 2953 808 2982 α
835 2943 979 2999 Bene
1006 2957 1064 2998 se
1091 2957 1178 2998 res
1191 2941 1372 2997 habet.
1405 2940 1555 2997 Jacta
1583 2948 1708 2996 sunt
1736 2940 2080 2995 fundamenta

502 3035 686 3107 operis
713 3035 802 3106 pia
828 3035 1106 3089 molitione
1133 3033 1296 3107 empti
1318 3040 1373 3087 et
1393 3031 1557 3086 divini
1587 3030 1750 3088 officii
1769 3045 1954 3086 amore
1974 3046 2086 3086 sus-

500 3129 663 3199 cepti.
698 3126 764 3181 Et
793 3127 916 3183 ideo
947 3143 1052 3181 non
1083 3134 1206 3181 sunt
1233 3125 1449 3181 solubili
1470 3125 1584 3179 luto
1605 3124 1801 3194 posita,
1823 3138 1921 3178 nec
1949 3130 2085 3177 tem-

499 3219 672 3292 porali
721 3218 893 3289 lapide
939 3225 1264 3294 constructa,
1297 3215 1392 3270 sed
1418 3229 1692 3270 sacrarum
1731 3227 2086 3282 expensarum

2195 2939 2398 3010 agitur;
2429 2955 2526 2995 cur
2553 2947 2607 2994 et
2632 2938 2825 2995 melior
2855 2939 3027 2995 multo
3053 2939 3123 2994 sit
3154 2950 3177 2979 ο
3207 2941 3559 2998 barbarorum
3589 2945 3778 3001 condi-

2194 3033 2270 3088 tio
2297 3048 2457 3102 quam
2488 3041 2700 3098 nostra;
2733 3048 2828 3086 cur
2856 3031 2997 3087 inter
3024 3049 3123 3088 nos
3176 3049 3392 3104 quoque
3432 3036 3578 3105 ipsos
3605 3036 3630 3078 ά
3659 3054 3778 3095 sors

2192 3126 2458 3182 bonorum
2489 3126 2674 3182 durior
2701 3141 2860 3195 quam
2892 3127 3188 3193 malorum;
3238 3143 3334 3182 cur
3360 3129 3513 3198 probi
3540 3129 3773 3199 jaceant,

2195 3220 2424 3290 improbi
2453 3221 2857 3285 convalescant;
2891 3236 2987 3275 cur
3015 3221 3229 3292 iniquis,
3254 3229 3308 3276 et
3337 3223 3568 3278 maxime
3597 3233 3776 3294 potes-

500 3309 840 3367 confectione
861 3308 1065 3376 valida,
1099 3316 1154 3362 et
1181 3307 1346 3361 divini
1376 3304 1671 3374 magisterii
1697 3314 1812 3359 arte
1843 3303 2080 3357 firmata:
2111 3354 2157 3415 Ο
2193 3315 2392 3369 tatibus
2415 3356 2430 3380 ν
2463 3315 2710 3369 universa
2740 3315 3127 3370 succumbam?
3156 3314 3379 3371 Possum
3421 3317 3637 3386 quidem
3683 3335 3774 3373 ra-

501 3417 638 3473 quae,
674 3411 731 3458 ut
759 3403 873 3472 ipse
904 3403 957 3455 in
984 3399 1276 3468 Evangelio
1292 3398 1434 3453 Deus
1462 3397 1610 3461 dicit,
1643 3413 1744 3452 nec
1769 3397 1944 3451 ventis
1961 3412 2088 3466 pos-

500 3497 610 3552 sint
655 3495 955 3550 furentibus
983 3493 1215 3557 concuti,
1251 3506 1351 3546 nec
1378 3487 1646 3546 alluvione
1687 3488 1964 3544 ﬂuminum
1994 3504 2086 3542 su-

498 3585 644 3650 brui,
677 3585 762 3640 vel
791 3585 1090 3654 pluviarum
1115 3582 1384 3637 inlusione
1405 3582 1622 3637 dissolvi
1647 3580 1864 3653 (Matth.
1887 3597 1977 3646 vn,
1996 3579 2084 3645 24,

503 3677 577 3730 25
598 3677 636 3749 ).
669 3675 804 3732 Cum
834 3677 977 3731 enim
1007 3692 1141 3746 opus
1171 3676 1272 3730 hoc
1300 3692 1489 3730 manus
1517 3675 1912 3744 quodammodo
1951 3674 2087 3728 divi-

505 3786 701 3828 norum
724 3772 1055 3827 voluminum
1083 3771 1410 3834 instruxerit,
1435 3777 1490 3824 et
1518 3768 1814 3823 caelestium
1844 3766 2088 3836 Scriptu-

507 3878 691 3919 rarum
721 3880 984 3935 compago
1010 3864 1268 3927 solidarit,
1303 3879 1521 3919 necesse
1549 3870 1632 3917 est
1657 3870 1764 3915 tam
1796 3861 1946 3914 firma
1979 3861 2092 3915 haec

510 3973 609 4028 per
637 3957 919 4012 Dominum
947 3955 1128 4012 Jesum
1159 3954 1429 4011 Christum
1458 3971 1574 4011 esse
1602 3971 1722 4024 qua:
1749 3955 1888 4010 facta
1930 3961 2086 4017 sunt,

507 4067 670 4122 quam
702 4048 853 4102 ﬁrma
882 4048 971 4100 illa
999 4055 1122 4102 sunt
1148 4063 1267 4115 qua:
1295 4048 1552 4101 fecerunt.
1587 4045 1614 4085 δ
1654 4045 1958 4101 ΛΕάίῆοίυΠ]
1988 4046 2091 4100 ita-
2113 4055 2128 4068 ‘

510 4156 613 4212 que
640 4140 743 4193 hoc
775 4145 1019 4191 naturam
1050 4144 1220 4190 status
1265 4138 1344 4190 sui
1373 4138 1440 4191 de
1461 4138 1626 4207 stirpe
1654 4139 1832 4200 sumit,
1866 4147 1919 4192 et
1948 4139 2094 4192 labe-

467 4265 472 4268 -
512 4230 702 4285 iactari
731 4230 892 4284 salvis
922 4229 1228 4282 auctoribus
1256 4229 1368 4281 suis
1397 4245 1501 4282 non
1533 4237 1728 4297 potest.
1773 4229 1922 4283 Sicut
1951 4231 2094 4283 enim

508 4320 565 4375 in
598 4321 824 4375 terrenis
850 4319 1087 4374 mdiliciis
1114 4318 1346 4388 dejicere
1373 4319 1608 4387 parietes
1658 4320 1833 4373 nullus
1877 4327 2053 4389 potest
2077 4363 2092 4388 ,

511 4412 614 4467 nisi
641 4412 789 4482 prius
817 4410 1022 4481 lapides
1047 4417 1103 4463 et
1130 4415 1386 4464 caementa
1415 4407 1689 4476 dejecerit,
1714 4409 1788 4464 sie
1815 4409 2096 4464 (editicium

511 4503 657 4574 quod
698 4503 1096 4558 construximus
1141 4500 1434 4556 dissolvere
1482 4501 1660 4555 nullus
1687 4502 1861 4567 valet,
1914 4502 2013 4556 nisi
2044 4502 2095 4556 id

510 4596 653 4651 unde
681 4603 941 4650 structum
962 4601 1044 4648 est
1066 4601 1120 4649 et
1149 4601 1576 4649 consummatum
1606 4604 1732 4650 ante
1758 4595 2091 4651 dissolverit:

511 4688 656 4759 quod
708 4689 835 4756 quia
885 4687 1199 4742 labefactari
1247 4687 1431 4756 utique
1485 4703 1823 4758 nequaquam
1877 4697 2092 4760 potest,

510 4787 662 4836 recte
688 4783 850 4834 etiam
880 4797 909 4834 a
942 4781 1098 4837 nobis
1125 4780 1467 4836 incolumitas
1494 4781 1706 4837 aedilicii
1737 4785 2091 4853 pmesumitur,

512 4871 667 4941 cujus
696 4881 867 4928 status
894 4872 1144 4928 subsidiis
1173 4873 1563 4928 immortalibus
1593 4875 1915 4929 continetur.
1949 4875 2098 4940 Quaa-

510 4963 652 5019 ritur
679 4964 858 5034 itaque
876 5004 891 5027 ,
924 4980 1044 5019 eum
1074 4965 1188 5019 hmc
1217 4965 1290 5018 ita
1320 4965 1443 5029 sint,
1470 4965 1515 5019 si
1545 4973 1718 5021 totum
1746 4967 1888 5035 quod
1919 4966 1971 5019 in
1993 4967 2096 5023 hoc

509 5055 712 5111 mundo
741 5063 840 5120 est,
872 5071 999 5110 cura
1029 5064 1083 5110 et
1110 5056 1475 5125 gubernaculo
1512 5057 1622 5128 40
1677 5065 1732 5111 et
1767 5056 1969 5127 judicio
1999 5058 2093 5114 Dei

2190 3405 2523 3460 tionabiliter
2550 3415 2603 3459 et
2633 3406 2763 3460 satis
2793 3414 3104 3461 constanter
3129 3406 3311 3462 dicere
3337 3427 3348 3461 :
3386 3418 3408 3445 ε·
3434 3408 3646 3465 Nescio.
3673 3409 3774 3467 Se-

2191 3506 2395 3552 cretum
2418 3498 2561 3552 enim
2587 3506 2640 3551 et
2668 3498 2949 3552 consilium
2979 3497 3279 3554 Divinitatis
3325 3500 3528 3568 ignoro.
3567 3501 3776 3557 Sullicit

2192 3590 2321 3642 mihi
2351 3588 2418 3642 ad
2443 3604 2618 3643 causae
2645 3589 2802 3658 hujus
2832 3590 3203 3660 probationem
3234 3591 3364 3647 dicti
3393 3592 3619 3648 caelestis
3648 3608 3774 3647 ora-

2192 3682 2388 3736 culum.
2424 3682 2564 3736 Deus
2591 3699 2622 3737 a
2651 3698 2727 3746 se,
2750 3692 2810 3736 ut
2839 3683 3031 3738 libellis
3051 3685 3416 3754 superioribus
3436 3686 3546 3756 jam
3569 3687 3778 3756 proba-

2193 3775 2365 3829 vimus
2389 3816 2402 3839 ,
2449 3776 2626 3829 omnia
2656 3775 2786 3830 dicit
2832 3777 3018 3846 aspici,
3049 3779 3228 3832 omnia
3259 3779 3389 3846 regi,
3423 3779 3598 3833 omnia
3623 3778 3775 3848 judi-

2194 3866 2324 3920 cari.
2357 3865 2412 3920 Si
2442 3866 2580 3920 scire
2607 3867 2686 3920 vis
2715 3866 2841 3936 quid
2884 3867 3171 3923 tenendum
3217 3869 3318 3933 sit,
3359 3869 3521 3924 habes
3567 3870 3775 3926 litteras

2193 3971 2391 4010 sacras.
2428 3955 2667 4010 Perfecta
2697 3957 2834 4010 ratio
2865 3965 2945 4011 est
2967 3998 2981 4022 ,
3014 3958 3118 4013 hoc
3157 3967 3339 4014 tenere
3383 3959 3525 4027 quod
3555 3960 3773 4029 legeris.

2195 4046 2308 4113 Qua
2341 4061 2498 4100 causa
2529 4055 2707 4100 autem
2738 4046 2878 4101 Deus
2922 4047 3035 4102 hmc
3062 4048 3129 4103 de
3159 4049 3344 4119 quibus
3385 4036 3658 4118 loquimur
3702 4052 3779 4107 ita

2197 4137 2374 4201 faciat,
2403 4137 2526 4190 nolo
2559 4153 2589 4188 a
2617 4153 2703 4191 me
2732 4138 2993 4207 requiras.
3014 4137 3188 4194 Homo
3209 4156 3353 4204 sum;
3380 4155 3484 4194 non
3515 4141 3775 4212 intelligo,

2197 4235 2405 4282 secreta
2431 4227 2525 4281 Dei
2555 4228 2874 4296 investigare
2904 4245 3010 4284 non
3041 4231 3233 4298 audeo,
3266 4239 3318 4285 et
3353 4231 3476 4287 ideo
3505 4234 3665 4287 etiam
3694 4243 3777 4288 at~

2199 4326 2409 4374 tentare
2430 4318 2658 4374 formido
2693 4339 2704 4372 :
2737 4321 2859 4390 quia
2889 4330 2943 4376 et
2973 4322 3076 4377 hoc
3104 4324 3278 4393 ipsum
3308 4338 3476 4393 genus
3514 4326 3667 4394 quasi
3694 4342 3780 4380 sa-

2199 4410 2408 4479 crilegae
2438 4411 2752 4467 temeritatis
2801 4422 2910 4479 est,
2935 4415 2978 4469 si
3000 4415 3118 4484 plus
3146 4416 3284 4470 scire
3313 4417 3500 4486 cupias
3525 4432 3683 4486 quam
3705 4417 3780 4471 si-

2199 4506 2363 4560 naris.
2390 4505 2630 4562 Sufﬁciat
2658 4507 2752 4563 tibi
2790 4509 2933 4578 quod
2962 4509 3103 4565 Deus
3132 4527 3163 4565 a
3192 4527 3250 4567 se
3279 4513 3364 4581 agi
3393 4528 3457 4568 ae
3485 4513 3783 4584 dispensari

2200 4607 2389 4654 cuncta
2420 4607 2666 4653 testatur.
2691 4597 2828 4667 Quid
2857 4616 2942 4655 me
2971 4585 3286 4670 interregas,
3313 4617 3482 4672 quare
3512 4605 3648 4658 alter
3667 4619 3783 4658 ma-

2194 4691 2284 4760 jor
2310 4690 2398 4756 sit,
2433 4691 2570 4745 alter
2596 4691 2804 4757 minor;
2837 4692 2972 4747 alter
2999 4693 3181 4756 miser,
3214 4693 3351 4748 alter
3391 4695 3614 4761 beatus;
3647 4696 3786 4750 alter

2197 4783 2351 4838 fortis
2372 4824 2386 4848 ,
2419 4783 2555 4838 alter
2583 4782 2860 4839 inﬁmus?
2887 4785 3001 4852 Qua
3031 4801 3190 4842 causa
3218 4786 3435 4856 quidem
3482 4787 3596 4843 haec
3645 4787 3785 4843 Deus

2197 4875 2376 4941 faciat,
2411 4892 2518 4930 non
2565 4876 2834 4945 intelligo;
2866 4877 2959 4932 sed
2999 4877 3064 4932 ad
3105 4878 3472 4948 plenissimam
3517 4879 3785 4935 rationem

2198 4966 2410 5021 abunde
2438 4963 2635 5020 sufﬁcit
2663 4965 2806 5036 quod
2835 4982 2865 5020 a
2895 4967 3006 5022 Deo
3035 4969 3119 5037 agi
3149 4969 3250 5022 ista
3279 4968 3612 5025 demonstro.
3636 4968 3788 5024 Sicut

2197 5058 2340 5111 enim
2383 5057 2503 5127 plus
2531 5063 2614 5110 est
2642 5056 2783 5112 Deus
2809 5072 2967 5126 quam
2997 5059 3172 5113 omnis
3217 5059 3452 5114 humana
3503 5061 3676 5126 ratio,
3708 5060 3788 5115 sic

1711 5141 2046 5202 STEPHANI
2084 5146 2354 5202 BALUZH
2392 5145 2619 5201 NOTAE.

581 5249 608 5279 ει
645 5239 915 5294 Imitatum
945 5253 1010 5291 ex
1040 5238 1298 5294 Cicerone
1327 5245 1551 5293 annotat
1578 5237 1979 5293 Rittershusius.

580 5308 610 5348 δ
647 5310 707 5365 ln
733 5308 1201 5380 aliisreditionibus
1231 5309 1461 5380 legitur:
1494 5307 1661 5371 Quam
1701 5308 1794 5362 illa
1823 5318 1944 5363 sunt
1979 5324 2091 5380 qua:

513 5382 745 5458 [ruerunt
785 5379 1084 5458 uadi/icium.
1118 5378 1300 5458 Itaque
1343 5379 1462 5458 hoc,
1497 5387 1654 5458 .ete.;
1687 5379 1904 5434 omnino
1933 5378 2093 5434 male.

513 5448 695 5514 itaque
721 5448 894 5505 secuti
915 5465 1098 5504 sumus
1121 5448 1359 5504 codicem
1391 5448 1789 5505 Corbeiensem.

593 5528 612 5553 ε
654 5516 711 5569 ld
757 5527 876 5584 est,
920 5520 1299 5585 Vandalorum,
1350 5518 1696 5584 Hunnorum,
1744 5519 2093 5582 Francorum,

513 5585 831 5666 Gothorum,
858 5598 1277 5662 czeterarumque
1301 5591 1538 5660 gentium
1564 5605 1681 5660 quas
1711 5589 1955 5647 Romano
1984 5596 2096 5643 tum

515 5669 755 5709 emneno
787 5658 1124 5709 Insultabant.

675 5670 702 5706 Γ

515 5661 755 5778 θωῖθῦξο
786 5661 1124 5737 insultabant.
1189 5661 1203 5662 ί

708 5724 794 5786 ide
822 5725 1133 5785 Cassnanum
1157 5732 1339 5790 eollat.
1366 5729 1417 5800 6,
1453 5746 1571 5805 cap.
1602 5730 1655 5786 2.

2272 5247 2294 5275 ο
2334 5237 2412 5290 lla
2455 5253 2674 5306 prorsus
2719 5237 2889 5293 codex
2926 5237 3283 5295 Corbeiensis.
3315 5240 3445 5308 Quae
3473 5243 3634 5298 lectio
3657 5259 3789 5299 sane

2199 5309 2400 5383 optima
2422 5316 2522 5383 est,
2546 5315 2602 5362 et
2620 5308 2736 5383 sola
2759 5309 3235 5383 vera.‘Rejicienda
3258 5311 3417 5383 igitur
3443 5313 3602 5368 lectio
3623 5330 3790 5383 quam

2199 5377 2566 5452 liabent___ali:e
2595 5379 2888 5452 editiones
2910 5377 3014 5434 hoc
3041 5381 3203 5452 quo
3237 5422 3248 5433 .
3280 5377 3474 5438 Nescio
3512 5377 3786 5452 secretum,

2197 5457 2248 5525 et
2274 5449 2542 5525 consilium
2571 5448 2852 5525 divinitatis
2875 5451 3074 5525 ignoro.
3109 5451 3339 5525 R_ursum
3367 5454 3529 5525 paulo
3551 5455 3689 5511 infra
3711 5448 3791 5512 le—

2198 5519 2341 5586 gitur
2367 5518 2422 5572 in
2451 5519 2699 5590 omnibus
2727 5518 3050 5575 editionibns
3083 5539 3094 5573 :
3128 5521 3298 5577 Homo
3320 5518 3462 5590 sum,
3499 5542 3603 5581 non
3631 5527 3791 5581 intel-

2199 5590 2302 5660 ligo
2323 5599 2516 5643 secreta
2539 5587 2656 5654 Dei,
2687 5589 2995 5660 investigare
3033 5608 3135 5645 non
3179 5594 3359 5648 audeo.
3394 5587 3581 5650 Melius
3611 5596 3790 5653 codex

2200 5658 2558 5724 Cbrbeiensis,
2578 5660 2681 5782 gui
2709 5660 2786 5714 sic
2812 5658 3088 5729 distinguit
3119 5681 3130 5714 :
3159 5662 3330 5719 Homo
3349 5683 3481 5736 sum,
3506 5683 3611 5723 non
3632 5668 3791 5724 intel—

2200 5731 2325 5782 liao.
2357 5740 2551 5782 secreta
2629 5731 2675 5782 ei
2695 5731 3002 5782 invesliaara
3023 5749 3126 5782 non
3147 5735 3327 5782 audeo-

2200 5731 2325 5800 ligo,
2357 5740 2551 5786 secreta
2578 5731 2675 5784 Dei
2695 5731 3002 5801 investigare
3023 5749 3126 5788 non
3147 5735 3328 5791 audeo.
