4088 6360
297 288 369 346 57
850 243 866 258 ’
1370 257 1462 344 DE
1492 285 2025 345 GUBERNATIONE
2067 290 2176 346 DEI
2215 292 2342 348 us.
2383 294 2470 352 ιιι.
3493 299 3565 355 ss

297 404 419 476 plus
446 401 577 459 mihi
625 400 792 460 debet
843 418 961 460 esse
988 417 1146 473 quam
1175 405 1340 470 ratio,
1370 403 1516 473 quod
1562 419 1594 458 a
1642 403 1752 457 Deo
1799 402 1886 472 agi
1908 406 1965 467 Α
1990 414 2101 462 tam
2155 423 2402 478 magnam
2431 412 2765 470 credulitatis
2784 421 2840 470 et
2865 412 2988 471 ﬁdei
3031 398 3334 472 mercedem
3381 416 3434 471 in
3466 418 3567 473 hoc

297 503 494 551 cuncta
521 507 809 564 cognosco.
842 489 979 549 Nihil
1021 509 1150 562 ergo
1181 494 1232 548 in
1262 495 1364 549 hac
1392 510 1452 549 re
1491 510 1626 564 opus
1671 501 1753 549 est
1781 508 1878 549 no-

297 603 427 643 vum
455 585 655 657 aliquid
684 585 899 652 audire;
931 585 1060 641 satis
1088 587 1158 641 sit
1179 602 1279 658 pro
1301 586 1563 642 universis
1584 585 1885 641 rationibus

297 687 492 737 auctor
519 679 680 735 Deus.
712 678 823 735 Nec
850 679 976 734 licet
1003 687 1064 734 ut
1092 678 1160 733 de
1188 679 1273 734 his
1300 694 1420 749 qua:
1447 678 1630 734 divino
1656 684 1886 747 aguntur

296 771 526 828 arbitrio
551 813 565 837 ,
597 770 741 826 aliud
785 771 934 827 dicas
957 771 1161 841 justum
1187 815 1202 839 ,
1234 771 1377 833 aliud
1424 771 1680 840 iniustum
1715 787 1727 824 :
1759 769 1885 840 quia

297 861 561 933 quidquid
589 877 620 917 a
648 861 760 918 Deo
783 864 867 932 agi
896 863 1044 919 vides
1074 873 1234 935 atque
1262 863 1601 919 convinceris
1619 903 1633 928 ,
1663 876 1885 918 necesse

297 963 385 1014 est
412 956 532 1026 plus
558 972 718 1028 quam
744 956 945 1026 justum
975 974 1094 1014 esse
1123 957 1356 1013 fatearis.
1387 957 1512 1012 Haec
1541 971 1670 1027 ergo
1697 956 1766 1012 de
1787 971 1886 1026 gu-

297 1047 594 1104 bernaculo
622 1047 716 1103 Dei
748 1057 909 1119 atque
931 1049 1135 1119 judicio
1163 1049 1560 1122 expeditissime
1590 1065 1654 1104 ac
1699 1048 1884 1104 fortis-

296 1141 436 1198 sime
463 1139 566 1197 dici
597 1149 841 1212 possunt.
875 1141 1058 1212 Neque
1087 1143 1231 1198 enim
1261 1157 1483 1198 necesse
1528 1149 1610 1196 est
1639 1149 1697 1195 ut
1727 1155 1885 1210 argu-

295 1233 496 1289 mentis
523 1250 554 1288 a
581 1249 669 1289 me
696 1235 958 1306 probetur
983 1234 1084 1307 51
1117 1235 1260 1307 quod
1289 1235 1392 1292 hoc
1414 1236 1531 1306 ipso
1559 1234 1683 1306 quia
1713 1249 1742 1287 a
1772 1233 1886 1289 Deo

297 1325 496 1382 dicitur
522 1327 922 1398 comprobatur.
967 1327 1152 1399 Itaque
1181 1344 1306 1384 cum
1351 1327 1578 1396 legimus
1623 1327 1825 1382 dictum
1855 1340 1886 1380 a

299 1417 422 1475 Deo
461 1419 584 1490 quia
637 1420 860 1490 aspiciat
884 1420 1082 1490 jugitcr
1110 1436 1325 1476 omnem
1376 1429 1603 1484 terram,
1635 1417 1739 1474 hoc
1769 1419 1886 1489 ipso

295 1513 591 1583 probamus
636 1513 780 1583 quod
829 1514 1019 1584 aspicit
1061 1515 1186 1584 quia
1219 1515 1459 1585 aspicere
1486 1530 1545 1568 se
1573 1513 1733 1578 dicit;
1764 1528 1887 1568 cum

295 1605 524 1674 legimus
552 1605 697 1674 quod
724 1613 876 1674 regat
906 1614 1097 1662 cuncta
1127 1622 1246 1676 qua:
1302 1606 1427 1662 fecit
1449 1648 1462 1673 ,
1497 1606 1601 1662 hoc
1631 1606 1748 1677 ipso
1791 1621 1888 1675 ap-

295 1697 592 1767 probamus
620 1697 762 1766 quod
791 1697 947 1767 regit,
979 1699 1104 1768 quia
1133 1713 1192 1752 se
1239 1711 1429 1766 regere
1462 1704 1730 1761 testatur;
1762 1710 1884 1750 cum

1986 500 2183 556 smculo
2213 516 2332 556 esse
2352 502 2620 569 volumus,
2649 507 2823 575 qualis
2849 507 3135 564 credulitas
3173 517 3266 564 aut
3293 508 3422 564 ﬁdes
3451 510 3566 580 ipsa

1986 608 2106 648 esse
2152 591 2346 648 debeat
2383 595 2728 652 considerare
2773 597 3050 656 debemus.
3093 599 3230 668 Quid
3274 608 3358 656 est
3406 601 3566 669 igitur

1986 683 2272 740 credulitas
2291 694 2386 740 aut
2406 684 2571 742 ﬁdes?
2591 686 2816 758 Opinor,
2839 699 2864 727 ⁸
2881 691 3153 748 hominem
3168 692 3392 748 ﬁdeliter
3410 691 3566 748 Chri—

1985 786 2071 832 sto
2117 778 2370 843 credere,
2404 777 2457 833 id
2485 786 2601 843 est,
2633 777 2861 836 ﬁdeliter
2905 783 3001 838 Dei
3049 785 3296 840 mandata
3325 799 3563 840 servare.

1986 868 2136 925 Sicut
2157 870 2299 925 enim
2328 871 2470 926 servi
2498 871 2775 928 hominum
2801 873 3028 930 divitum
3051 885 3146 932 aut
3169 885 3562 948 procuratores,

1985 962 2180 1032 quibus
2208 963 2292 1019 vel
2321 963 2669 1035 supellectilis
2695 964 2916 1036 copiosa
2943 966 3028 1021 vel
3056 968 3270 1023 cellaria
3312 969 3566 1041 opulenta

1987 1055 2310 1119 creduntur,
2354 1056 2538 1112 fideles
2580 1056 2782 1129 absque
2809 1056 2976 1113 dubio
3020 1057 3128 1113 dici
3155 1075 3264 1114 non
3290 1071 3496 1131 queunt
3521 1059 3568 1115 si

1986 1162 2072 1202 res
2093 1148 2191 1202 sibi
2225 1147 2448 1204 traditas
2476 1148 2804 1215 devorarint,
2835 1150 2913 1206 sic
2949 1148 3196 1220 profecto
3223 1152 3387 1207 etiam
3413 1152 3570 1208 Chri-

1987 1239 2146 1294 stiani
2175 1241 2421 1297 homines
2454 1238 2697 1298 inﬁdeles
2724 1250 2875 1307 sunt,
2905 1243 2952 1298 si
2978 1242 3120 1298 bona
3147 1243 3249 1299 sibi
3279 1260 3309 1298 a
3338 1245 3450 1300 Deo
3479 1261 3569 1302 as-

1987 1333 2192 1402 signata
2222 1331 2579 1402 corruperint.
2603 1332 2870 1400 Quieritur
2896 1332 3120 1390 forsitan
3146 1349 3268 1404 quae
3295 1335 3403 1390 sint
3427 1337 3568 1392 bona

1987 1439 2106 1493 quae
2152 1422 2294 1478 Deus
2321 1422 2638 1478 Christianis
2666 1422 2975 1479 hominibus
3002 1424 3256 1492 assignet.
3287 1424 3436 1490 Quae,
3469 1426 3568 1480 nisi

1987 1515 2166 1570 omnia
2196 1531 2294 1585 per
2339 1531 2458 1585 qua:
2496 1515 2798 1582 credimus,
2832 1515 2884 1570 id
2927 1523 3042 1583 est,
3074 1516 3255 1571 omnia
3304 1532 3401 1587 per
3450 1532 3572 1586 quas

1986 1604 2276 1661 Christiani
2332 1607 2554 1660 sumus?
2601 1604 2838 1660 Primum
2887 1606 3091 1662 scilicet
3138 1606 3339 1675 legem,
3377 1607 3572 1662 deinde

1988 1687 2298 1768 prophetas,
2321 1698 2481 1752 tertio
2504 1696 2873 1767 Evangelium,
2890 1707 3086 1768 quarto
3115 1698 3438 1770 apostolicas
3458 1699 3570 1755 lec-

297 1789 523 1858 legimus
574 1789 719 1858 quod
749 1790 1002 1860 priesenti
1026 1789 1230 1858 judicio
1281 1790 1530 1844 universa
1579 1788 1879 1858 dispenset.
1912 1786 1962 1849 B
1987 1793 2179 1856 tiones,
2208 1800 2542 1862 postremum
2569 1791 2932 1860 generationis
2960 1807 3112 1846 nova:
3157 1807 3370 1857 munus,
3400 1793 3571 1847 sancti

295 1880 400 1936 hoc
454 1880 571 1950 ipso
613 1888 696 1936 est
735 1880 955 1936 evidens
1001 1881 1144 1952 quod
1170 1879 1375 1950 judicat
1403 1880 1528 1951 quia
1557 1895 1616 1934 se
1639 1878 1882 1950 judicare

295 1971 598 2028 conﬁrmat.
633 1972 749 2027 Alia
799 1973 941 2028 enim
996 1973 1210 2040 omnia,
1244 1972 1296 2027 id
1324 1980 1424 2038 est,
1457 1972 1687 2026 humana
1716 1972 1878 2035 dicta,

295 2065 624 2135 argumentis
653 2082 716 2121 ac
745 2066 970 2122 testibus
998 2074 1176 2136 egent.
1209 2065 1305 2120 Dei
1335 2073 1516 2119 autem
1544 2080 1723 2118 sermo
1771 2063 1885 2133 ipse

295 2158 395 2212 sibi
426 2158 580 2213 testis
627 2164 728 2223 est,
759 2159 884 2227 quia
917 2172 1137 2214 necesse
1179 2165 1263 2212 est
1290 2155 1547 2225 quidquid
1578 2155 1886 2222 incorrupta

296 2252 500 2306 veritas
527 2250 767 2318 loquitur
788 2290 802 2314 ,
834 2251 1203 2319 incorruptum
1235 2249 1304 2303 sit
1334 2246 1698 2302 testimonium
1745 2245 1888 2298 veri-

296 2344 439 2398 tatis”.
474 2341 581 2397 Sed
611 2349 792 2396 tamen
821 2357 943 2396 cum
969 2357 1067 2410 per
1093 2339 1400 2408 Scripturas
1427 2351 1608 2394 sacras
1628 2336 1764 2390 scire
1794 2349 1893 2390 nos

295 2435 452 2504 quasi
481 2432 548 2488 de
577 2448 778 2487 arcano
807 2431 972 2486 animi
994 2447 1058 2486 ac
1085 2430 1284 2485 mentis
1304 2444 1413 2484 sua:
1440 2427 1682 2498 quredam
1709 2426 1893 2482 volue-

297 2525 370 2580 rit
399 2524 543 2578 Deus
573 2531 775 2589 noster,
807 2522 932 2592 quia
973 2522 1147 2592 ipsum
1175 2517 1572 2590 quodammodo
1601 2516 1890 2586 Scriptura:

302 2628 471 2672 sacra:
497 2613 774 2671 oraculum
802 2614 898 2669 Dei
939 2629 1091 2670 mens
1113 2608 1232 2677 est;
1265 2608 1521 2679 quidquid
1550 2608 1636 2663 vel
1669 2608 1887 2678 agnosci

299 2723 401 2780 per
451 2722 580 2762 suos
626 2707 710 2760 vel
755 2705 1031 2776 praedicari
1086 2705 1230 2759 Deus
1276 2702 1481 2768 voluit,
1515 2717 1622 2758 non
1672 2701 1884 2757 tacebo.

298 2795 478 2854 Unum
497 2797 745 2868 quamvis
759 2798 1068 2868 priusquam
1090 2796 1239 2866 loqui
1260 2796 1458 2862 ordiar,
1483 2795 1622 2850 scire
1651 2795 1883 2865 cupiam,

297 2905 421 2947 cum
441 2887 758 2946 Christianis
786 2889 916 2944 mihi
946 2885 1274 2958 loquendum
1303 2903 1370 2942 an
1400 2903 1524 2943 cum
1553 2889 1776 2959 paganis
1795 2888 1883 2942 sit.

279 2981 356 3050 Si
384 2981 526 3038 enim
556 2997 678 3037 cum
707 2981 1024 3037 Christianis
1049 3021 1064 3046 ,
1106 2981 1457 3051 probaturum
1485 2995 1571 3036 me
1600 2979 1746 3050 quod
1788 2994 1890 3048 ago

299 3091 418 3134 esse
459 3090 568 3130 non
614 3073 838 3141 dubito;
890 3074 936 3129 si
965 3081 1144 3129 autem
1192 3090 1313 3128 cum
1369 3074 1625 3145 paganis,
1660 3074 1889 3143 probare

1987 1885 2324 1956 baptismatis
2370 1884 2630 1954 gratiam,
2663 1884 2822 1939 divini
2871 1884 3176 1940 chrismatis
3219 1884 3568 1940 unctionem:

1985 1977 2192 2033 scilicet
2219 1985 2279 2032 ut
2307 1977 2446 2032 sicut
2475 1975 2616 2046 apud
2666 1975 2920 2031 Hebraeos
2941 1975 3233 2046 quondam,
3266 1975 3318 2030 id
3345 1982 3446 2042 est,
3479 1989 3573 2046 pe-

1986 2071 2243 2125 culiarem
2287 2085 2350 2124 ac
2378 2069 2653 2139 propriam
2682 2068 2778 2123 Dei
2823 2076 3069 2136 gentem,
3100 2085 3223 2124 cum
3261 2067 3574 2138 judiciarius

1987 2163 2165 2218 honor
2197 2163 2252 2216 in
2294 2169 2623 2231 potestatem
2681 2161 2881 2228 regiam
2910 2160 3344 2221 transcendisset,
3375 2161 3573 2230 proba-

1992 2253 2230 2308 tissimos
2257 2259 2312 2306 et
2349 2251 2668 2306 lectissimos
2697 2252 2840 2305 viros
2877 2265 2974 2321 per
2998 2259 3326 2320 unguentum
3372 2251 3576 2320 regium

1994 2343 2136 2401 Deus
2163 2341 2377 2398 vocavit
2402 2342 2457 2396 in
2486 2355 2708 2409 regnum
2726 2377 2741 2403 ,
2783 2340 2862 2395 sic
2888 2354 3076 2395 omnes
3117 2339 3363 2395 homines
3391 2338 3575 2394 Chris-

1993 2435 2143 2497 tiani,
2173 2448 2294 2490 cum
2331 2440 2456 2504 post
2502 2432 2734 2487 chrisma
2781 2429 3204 2487 ecclesiasticum
3251 2430 3432 2485 omnia
3483 2429 3575 2488 Dei

1991 2524 2244 2580 mandata
2291 2523 2396 2596 53
2428 2524 2708 2588 fecissent,
2738 2523 2806 2577 ad
2835 2522 3154 2595 capiendum
3208 2522 3408 2579 laboris
3434 2538 3575 2593 prae-

1988 2618 2155 2672 mium
2171 2624 2493 2671 vocarentur
2513 2613 2579 2669 ad
2593 2613 2807 2676 caelum.
2831 2612 2968 2669 Cum
2989 2627 3118 2684 ergo
3140 2614 3240 2669 ista
3264 2614 3371 2669 sint
3396 2613 3576 2669 omnia

1989 2725 2085 2781 per
2113 2723 2234 2779 qua:
2260 2705 2392 2762 ﬁdes
2422 2714 2649 2771 constat,
2680 2705 2956 2761 videamus
2980 2705 3102 2775 quis
3142 2714 3287 2761 tanta
3316 2706 3428 2762 haac
3455 2703 3576 2761 ﬁdei

1989 2808 2324 2857 sacramenta
2371 2797 2640 2855 custodiat
2677 2805 2734 2851 ut
2775 2795 2946 2852 ﬁdelis
2991 2811 3111 2851 esse
3139 2795 3419 2850 videatur:
3451 2795 3577 2863 quia

1990 2890 2222 2947 inﬁdelis
2244 2931 2259 2956 ,
2287 2898 2346 2944 ut
2373 2888 2633 2952 diximus,
2664 2888 2734 2942 sit
2761 2901 2980 2942 necesse
3007 2894 3092 2941 est
3117 2885 3209 2955 qui
3255 2884 3377 2940 ﬁdei
3426 2899 3577 2938 com-

1991 2985 2154 3039 missa
2197 2998 2307 3037 non
2336 2988 2532 3036 servat.
2566 2978 2635 3034 Et
2661 2979 2877 3050 quidem
2926 2993 3032 3034 non
3060 2993 3243 3050 quaero
3291 2985 3349 3031 ut
3384 2983 3578 3033 cuncta

1992 3072 2154 3129 faciat
2173 3088 2294 3144 qua:
2317 3078 2638 3127 testamenta
2665 3068 2895 3125 duorum
2921 3077 3223 3140 temporum
3238 3067 3445 3137 jubent.
3463 3065 3579 3122 Be-

300 3175 589 3224 contemno
625 3185 636 3219 :
671 3182 779 3222 non
832 3166 960 3236 quia
1005 3165 1252 3220 deﬁciam
1300 3165 1355 3220 in
1403 3165 1757 3236 probatione,
1796 3165 1891 3220 sed
1918 3165 1966 3230 C
1995 3168 2152 3224 mitto
2198 3181 2480 3222 censuram
2530 3165 2661 3234 legis
2689 3164 2952 3233 antiquae,
2984 3163 3200 3218 remitto
3240 3176 3427 3217 omnes
3456 3176 3580 3231 pro—

299 3261 426 3333 quia
456 3260 799 3334 profuturum
855 3258 1000 3329 quod
1031 3259 1224 3329 loquor
1251 3274 1370 3315 esse
1405 3258 1654 3329 despero.
1686 3257 1891 3313 lnfruc-

304 3360 493 3408 tuosus
539 3352 740 3422 quippe
789 3359 873 3406 est
902 3359 956 3405 et
986 3351 1160 3406 inanis
1206 3350 1376 3417 labor,
1410 3350 1499 3406 ubi
1547 3367 1655 3407 non
1703 3351 1895 3422 recipit

301 3447 680 3521 probationem
733 3461 931 3516 pravus
981 3445 1210 3500 auditor.
1261 3443 1366 3500 Sed
1413 3452 1594 3500 tamen
1620 3445 1746 3514 quia
1775 3460 1894 3501 esse

303 3539 511 3594 nullum
541 3537 762 3593 omnino
789 3537 1020 3591 arbitror
1046 3534 1337 3590 Christiani
1363 3536 1594 3592 nominis
1620 3536 1895 3594 hominem

303 3629 398 3699 qui
427 3645 535 3683 non
567 3644 627 3684 se
676 3626 1043 3682 Christianum
1071 3625 1239 3682 videri
1269 3627 1426 3690 velit,
1455 3641 1556 3697 ego
1585 3643 1706 3682 cum
1735 3626 1918 3683 Chri-‘

303 3720 486 3775 stiano
514 3735 688 3790 agam.
722 3719 975 3786 Quamvis
1013 3718 1156 3773 enim
1179 3719 1300 3788 quis
1329 3719 1505 3789 impiae
1535 3735 1598 3775 ac
1625 3721 1896 3790 paganiae

304 3812 640 3868 inﬁdelitatis
665 3814 753 3880 sit,
779 3815 908 3870 mihi
937 3822 1118 3870 tamen
1139 3814 1271 3868 satis
1289 3820 1372 3868 est
1392 3829 1422 3868 a
1445 3810 1749 3870 Christiano
1771 3830 1896 3885 pro-

303 3901 423 3961 bari
451 3907 594 3975 quod
622 3905 764 3960 dico.

379 3996 445 4051 ll.
475 3995 726 4053 Causaris
774 3998 936 4065 igitur
983 3998 1112 4066 quid
1141 3997 1186 4051 si
1235 3996 1377 4051 istud
1423 3996 1569 4064 quod
1612 3995 1903 4049 Christiani

306 4089 404 4157 qui
433 4089 599 4144 Deum
620 4089 910 4154 credimus,
941 4089 1256 4143 miseriores
1278 4088 1526 4141 omnibus
1553 4102 1756 4142 sumus.
1783 4085 1906 4141 Suf-

310 4176 479 4232 ﬁcere
507 4179 726 4246 quidem
749 4180 880 4232 mihi
910 4179 978 4233 ad
1008 4177 1445 4247 respondendum
1474 4177 1578 4232 hoc
1605 4178 1725 4235 loco
1753 4187 1909 4250 pote-

307 4279 399 4326 rat
429 4268 572 4338 quod
603 4270 894 4340 Apostolus
919 4271 986 4325 ad
1009 4269 1274 4327 Ecclesias
1301 4273 1429 4328 dicit
1457 4293 1469 4326 :
1504 4271 1673 4328 Nemo
1699 4289 1904 4328 movea-

307 4372 396 4418 tur
423 4363 476 4416 in
505 4362 942 4418 tribulationibus.
969 4362 1084 4434 Ipsi
1112 4365 1248 4418 enim
1276 4366 1418 4420 scitis
1447 4365 1553 4438 42
1575 4367 1696 4438 quia
1723 4368 1781 4420 in
1810 4367 1906 4421 hoc

305 4455 468 4527 positi
495 4469 671 4508 sumus
703 4452 721 4522 (
739 4451 760 4506 Ι
794 4451 1028 4509 Thessal.
1061 4470 1150 4519 ιιι,
1185 4454 1276 4526 5).
1310 4454 1378 4509 Et
1402 4455 1526 4512 ideo
1565 4473 1689 4511 cum
1719 4457 1774 4511 in
1804 4459 1908 4513 hoc

1995 3262 2280 3334 phetarum
2307 3259 2512 3323 minas;
2543 3257 2760 3312 remitto
2789 3256 2951 3310 etiam
2988 3270 3108 3326 quas
3132 3254 3332 3310 remitti
3361 3251 3594 3308 omnino'

1998 3372 2106 3412 non
2137 3361 2380 3426 possunt,
2411 3352 2498 3408 vel
2525 3351 2947 3422 apostolicorum
2994 3349 3251 3404 librorum
3309 3346 3584 3402 severissi-

1998 3463 2141 3503 mam
2194 3445 2585 3503 institutionem
2609 3484 2625 3509 ,
2655 3443 2742 3498 vel
2769 3441 3215 3511 Evangelicorum
3255 3439 3582 3492 voluminum

1998 3543 2214 3614 plenam
2239 3541 2387 3596 omni
2409 3538 2756 3610 perfectionis
2782 3551 2978 3606 genere
3017 3535 3338 3591 doctrinam.
3369 3529 3560 3586 Paucis

1998 3635 2147 3691 simis
2168 3633 2358 3689 saltem
2381 3632 2662 3703 praeceptis
2677 3630 2775 3686 Dei
2801 3629 2922 3700 quis
2947 3629 3274 3698 obsequatur
3289 3627 3584 3692 inten‘ogo.

1997 3727 2108 3784 Nec
2137 3727 2230 3782 illa
2259 3725 2380 3781 dico
2400 3740 2522 3796 qua:
2551 3725 2623 3778 ita
2651 3722 2806 3779 multi
2835 3720 3123 3791 refugiunt,
3150 3727 3210 3774 ut
3236 3734 3374 3789 pene
3403 3725 3461 3773 et
3483 3732 3583 3771 ex-

1998 3828 2295 3876 secrentur.
2330 3817 2560 3873 Tantum
2590 3816 2733 3887 apud
2761 3830 2860 3871 nos
2880 3815 3056 3869 honor
3079 3820 3136 3867 et
3159 3811 3461 3866 reverentia
3493 3809 3587 3863 Dei

2000 3913 2232 3984 prolicit,
2267 3920 2327 3964 ut
2345 3925 2465 3979 qua:
2494 3908 2838 3962 indevotione
2873 3919 2980 3958 non
3010 3903 3251 3965 facimus,
3275 3901 3437 3954 etiam
3465 3899 3590 3953 odio

2003 4005 2164 4071 digna
2193 4018 2310 4056 esse
2335 4001 2610 4054 ducamus.
2653 3995 2857 4049 Deinde
2885 3995 2989 4048 hoc
3009 3989 3154 4060 quod
3172 3989 3420 4046 Salvator
3448 3989 3595 4058 cogi-

2008 4103 2125 4148 tare
2154 4108 2253 4148 nos
2281 4091 2348 4146 de
2390 4087 2625 4144 crastino
2655 4085 2932 4158 prohibuit
2960 4082 3181 4156 (Matth.
3212 4099 3284 4148 vr,
3313 4080 3447 4151 Μ),
3475 4080 3598 4150 quis

2008 4184 2196 4241 audire
2227 4181 2518 4252 dignatur?
2547 4177 2701 4245 Quod
2735 4184 3018 4233 contentos
3042 4175 3266 4244 singulis
3294 4174 3488 4228 tunicis
3509 4172 3587 4242 ju-

2006 4277 2100 4331 bet
2150 4290 2268 4330 esse
2290 4315 2306 4340 ,
2337 4273 2459 4344 quis
2505 4271 2741 4342 recipit?
2770 4268 2924 4336 Quod
2971 4265 3246 4322 ambulare
3274 4263 3302 4304 ι’
3333 4265 3595 4322 excalcios

2007 4369 2270 4442 praecipit,
2301 4367 2422 4439 quis
2455 4382 2565 4421 non
2611 4363 2775 4419 modo
2798 4360 3123 4426 faciendum,
3152 4359 3247 4415 sed
3294 4357 3379 4413 vel
3420 4355 3570 4411 feren

2010 4462 2137 4518 dum
2179 4460 2505 4516 arbitratur?
2533 4457 2720 4528 Itaque
2747 4463 2803 4510 et
2830 4469 2930 4524 ego
2960 4453 3062 4508 ista
3098 4459 3384 4523 praetereo.
3410 4449 3467 4503 In
3497 4450 3600 4508 hoc

306 4547 522 4618 positos
550 4562 648 4602 nos
677 4561 795 4602 esse
821 4561 851 4601 a
881 4547 992 4604 Deo
1022 4547 1313 4619 Apostolus
1335 4549 1494 4616 dicat,
1528 4559 1588 4606 ut
1614 4567 1901 4618 aerumnas,
1930 4538 1987 4601 Ῑ)
2010 4555 2154 4612 enim
2185 4551 2316 4609 ﬁdes
2335 4567 2434 4622 per
2451 4564 2613 4620 quam
2633 4545 2967 4611 conﬁdimus,
2992 4543 3180 4600 recidit
3201 4551 3261 4598 ut
3280 4557 3398 4613 quae
3418 4541 3588 4596 Domi-

309 4647 376 4695 ut
403 4639 666 4703 miserias,
692 4647 751 4694 ut
779 4639 1402 4711 tristitiasperferamus,
1426 4643 1555 4712 quid
1598 4643 1792 4698 mirum
1821 4654 1906 4702 est

307 4733 365 4789 si
389 4733 529 4788 mala
555 4741 750 4789 cuncta
779 4733 1119 4804 perferimus,
1151 4735 1240 4805 qui
1271 4734 1336 4789 ad
1368 4735 1647 4792 toleranda
1675 4737 1904 4794 adversa

309 4823 498 4880 omnia
527 4823 858 4879 militamus?
886 4823 992 4879 Sed
1015 4826 1142 4894 quia
1162 4825 1315 4880 multi
1338 4826 1438 4881 ista
1461 4843 1569 4882 non
1597 4829 1830 4899 sapiunt,
1852 4839 1907 4886 et

309 4925 510 4995 putant
539 4917 785 4972 homines
812 4915 1147 4974 Christianos
1175 4918 1288 4975 haec
1317 4922 1471 4989 quasi
1492 4923 1758 4994 stipendia
1781 4922 1906 4981 ﬁdei

311 5024 432 5065 suae
459 5024 490 5063 a
521 5008 630 5064 Deo
658 5025 852 5078 capere
872 5010 1088 5077 debere,
1121 5020 1182 5066 ut
1209 5013 1338 5082 quia
1365 5014 1474 5068 sint
1497 5015 1706 5072 cunctis
1733 5017 1908 5086 genti-

235 5091 267 5134 ⁷
310 5103 429 5164 bus.
455 5101 843 5172 religiosiores,
874 5103 981 5158 sint
1022 5105 1232 5159 cunctis
1279 5107 1441 5160 etiam
1489 5107 1758 5174 fortiores,
1811 5126 1904 5167 ac—

313 5195 663 5266 quiescamus
691 5197 936 5268 opinioni
957 5213 1146 5253 eorum
1176 5206 1339 5267 atque
1368 5202 1667 5256 sententiae.
1695 5200 1800 5257 Sed
1828 5205 1908 5259 vi-

311 5285 546 5343 deamus
569 5297 746 5344 tamen
770 5289 899 5359 quid
926 5290 995 5345 sit
1009 5289 1178 5345 Deum
1199 5288 1426 5347 ﬁdeliter
1445 5291 1612 5347 credi.
1642 5293 1744 5360 Qui
1766 5297 1911 5352 enim

2012 4665 2113 4705 nus
2123 4647 2278 4704 nobis
2288 4644 2544 4702 salutaria
2555 4657 2675 4699 esse
2686 4640 2877 4704 voluit,
2892 4635 3598 4710 nossuperﬁuajudicemus.

2086 4743 2318 4814 Ditigite,
2361 4738 2534 4808 inquit
2551 4736 2819 4799 Salvator,
2848 4734 3086 4787 inimicos
3122 4738 3334 4792 vestros,
3387 4728 3600 4798 benefa-

2012 4838 2110 4890 cite
2137 4836 2217 4889 his
2237 4834 2323 4905 qui
2351 4831 2570 4886 oderunt
2596 4845 2704 4895 vos,
2737 4835 2788 4881 et
2815 4836 2960 4881 orate
2993 4841 3088 4896 pro
3117 4819 3528 4894 persequentibus
3556 4824 3604 4873 et

2013 4925 2449 4982 calumniantibus
2482 4937 2568 4976 vos
2600 4918 2823 4992 (Matth.
2856 4934 2909 4983 v,
2938 4914 3053 4986 44).
3105 4913 3236 4982 Quis
3263 4912 3378 4968 haec
3424 4912 3603 4968 omnia

2015 5019 2178 5075 facit?
2206 5015 2335 5084 Quis
2362 5029 2461 5085 pro
2484 5010 2712 5067 inimicis
2739 5008 2849 5064 suis
2870 5008 2970 5062 ista
2991 5020 3112 5076 quae
3131 5004 3272 5059 Deus
3295 5003 3472 5072 jussit,
3497 5016 3605 5058 non

2018 5112 2138 5167 dico
2177 5109 2336 5171 votis,
2388 5104 2482 5160 sed
2527 5103 2703 5158 verbis
2743 5100 2934 5154 saltem
2961 5112 3120 5168 agere
3168 5094 3450 5164 dignatur?
3501 5090 3604 5144 Aut

2019 5204 2183 5260 etiam
2211 5200 2257 5255 si
2287 5198 2406 5269 quis
2435 5212 2493 5252 se
2522 5194 2666 5265 cogit
2694 5202 2753 5248 ut
2780 5192 2959 5258 faciat,
2989 5189 3117 5246 facit
3138 5197 3318 5243 tamen
3348 5200 3461 5249 ore,
3496 5196 3603 5234 non

2017 5303 2218 5351 mente.
2247 5289 2488 5364 ,Prrestat
2531 5287 2750 5358 quidem
2785 5284 2936 5341 vocis
2978 5281 3249 5344 ofﬁcium,
3299 5275 3392 5332 sed
3439 5271 3604 5326 animi

1498 5406 1834 5466 STEPHANI
1871 5407 2142 5488 ιξΑιυΖιι
2179 5401 2407 5461 NOTAE.

398 5506 424 5535 ⁸
462 5495 596 5570 Yide
626 5498 781 5565 infra,
815 5513 934 5570 pag.
969 5499 1036 5552 59
1058 5541 1074 5565 ,
1106 5500 1160 5554 in
1197 5500 1349 5554 initio
1379 5499 1498 5555 libri
1529 5517 1597 5555 ιν.
1634 5501 1796 5557 Aiunt
1823 5519 1913 5558 au-

314 5577 435 5642 tem
456 5567 864 5642 Centuriatorés
889 5567 1372 5642 Magdeburgenses
1397 5577 1608 5642 centur.
1634 5571 1686 5634 5,
1711 5589 1829 5642 cap.
1856 5572 1910 5640 4,

313 5639 634 5697 Salvianum
662 5655 770 5696 non
792 5648 939 5695 recte
963 5642 1068 5696 hoc
1088 5642 1208 5696 loco
1236 5641 1508 5697 detiniisse
1537 5641 1714 5696 ﬁdem.

397 5709 425 5782 Ρ
464 5710 757 5779 Admonuit
778 5709 1020 5765 Pithmus
1047 5711 1100 5782 in
1130 5712 1300 5766 veteri
1324 5729 1423 5766 suo
1452 5712 1639 5766 codice
1659 5713 1917 5782 scriptum

319 5779 498 5840 fuisse
535 5783 815 5848 excalcios,
866 5788 922 5837 et
969 5780 1184 5850 quidem
1235 5781 1462 5838 fortasse
1488 5782 1704 5839 rectius.
1739 5779 1922 5853 Itaque

2016 5515 2139 5557 cum
2160 5510 2352 5565 magna
2367 5494 2437 5549 sit
2456 5494 2510 5548 in
2529 5493 2634 5565 hoc
2660 5491 2780 5565 loco
2800 5489 3084 5565 consensio
3103 5480 3306 5565 codicis
3316 5478 3607 5540 Corbeien~
3632 5474 3671 5520 ‘5

2020 5572 2094 5627 sis
2143 5566 2199 5624 et
2219 5559 2506 5639 Pithmani,
2563 5563 2847 5639 lectionem
2889 5559 3410 5639 illamkretiuuimus,
3447 5571 3606 5639 rem}.

2022 5624 2164 5697 iam
2193 5638 2431 5695 editione
2458 5624 2578 5689 cum
2609 5631 2805 5686 Pithaai
2833 5638 2945 5698 tum
2974 5624 3220 5692 aliorum,
3251 5638 3479 5698 quorum
3510 5624 3608 5686 illo

2021 5695 2238 5781 scripsit
2259 5708 2590 5768 excalciatos,
2622 5702 2707 5758 isti
2735 5695 3073 5757 excalceatus.
