4088 6360
317 309 384 366 σί
427 369 434 372 _
1389 313 1479 368 DE
1515 313 2056 371 GUBEBNATIONB
2095 316 2206 372 DEI
2246 319 2372 374 LIB.
2413 321 2500 377 Ill.

314 425 646 492 ministrum,
675 427 732 483 in
759 427 1015 500 patientia
1043 428 1240 494 multa,
1273 429 1329 482 in
1359 427 1817 495 tribulationibus,
1851 429 1908 484 in
1936 431 1988 490 A
2013 428 2257 496 Quantos
2285 441 2536 502 putamus
2562 451 2681 493 esse
2707 438 2799 508 qui
2845 438 2990 496 dicto
3033 440 3159 506 huic
3190 441 3272 498 vel
3299 457 3460 500 aurea
3483 459 3602 504 ms-

317 521 522 594 plagis,
563 521 620 575 in
655 521 990 587 carceribus,
1030 523 1084 577 in
1123 522 1538 578 lacerationihus
1567 521 1638 593 (ll
1669 521 1788 576 Cor.
1822 538 1906 587 Vl,

315 613 468 685 5-5).
498 613 566 669 Et
591 614 737 679 alibi,
767 615 894 670 dum
923 632 983 672 se
1009 617 1130 672 aliis
1149 625 1446 687 comparat,
1472 617 1550 672 sic
1575 616 1686 671 ait:
1714 615 1780 670 In
1803 633 1906 688 quo

313 709 431 779 quis
458 706 615 761 audet
635 707 712 778 (in
734 709 1029 780 insipientia
1049 709 1210 778 dico),
1231 710 1397 766 audeo
1424 719 1474 764 et
1498 726 1620 782 ego;
1650 721 1707 762 ut
1734 710 1903 765 mu

217 783 226 792 ”
314 803 524 873 sapiens
551 801 687 867 dico,
715 803 880 874 magis
905 819 1042 874 ego:
1065 805 1122 857 in
1149 795 1405 859 laboribus
1425 804 1679 874 plurimis,
1701 805 1756 858 in
1785 820 1903 856 car-

310 892 512 950 ceribus
539 892 906 962 abundantius,
930 896 983 950 in
1005 896 1174 967 plagis
1201 912 1359 966 supra
1381 895 1608 960 modum,
1640 896 1694 950 in
1722 896 1902 949 morti-

307 985 404 1041 bus
433 989 744 1060 (ualenter.
779 988 821 1041 Δ
847 987 1048 1044 Iudicis
1089 989 1354 1060 quinquies
1393 987 1756 1060 quadragenas
1797 1003 1902 1042 una

307 1081 481 1134 asinus
511 1081 704 1150 accepi.
742 1078 840 1133 Ter
866 1081 1026 1151 uirgis
1055 1097 1216 1138 σφωε
1253 1097 1399 1146 sum,
1440 1080 1598 1133 sentel
1638 1080 1901 1149 lapidatus

299 1186 443 1237 usus,
475 1180 552 1225 ter
575 1171 915 1242 naufragium
935 1172 1033 1242 feci
1054 1171 1127 1241 (ll
1157 1170 1277 1225 Cor.
1305 1187 1378 1236 xi,
1404 1169 1492 1234 2|,
1514 1169 1725 1241 25-25).
1757 1169 1901 1225 Sane

308 1263 416 1330 etsi
442 1263 512 1318 de
537 1263 751 1330 (taeter-is
777 1279 914 1333 quas
939 1263 1074 1319 dixit
1105 1265 1390 1319 virtutibus
1419 1263 1730 1333 apostolicis
1767 1262 1900 1318 nihil

309 1353 554 1423 facimus,
579 1356 636 1412 in
661 1355 765 1412 hoc
796 1363 973 1411 tamen
995 1371 1125 1423 uno,
1146 1356 1237 1411 ubi
1259 1355 1550 1426 Apostolus
1570 1365 1651 1410 ter
1679 1356 1897 1412 naufra-

307 1461 467 1518 gasse
487 1463 547 1504 se
572 1448 722 1514 dicit,
745 1450 910 1504 etiam
931 1451 1148 1506 vincere
1171 1465 1471 1521 possumus.
1499 1449 1616 1506 Non
1643 1450 1788 1506 etaim
1818 1460 1901 1508 ter

295 1541 681 1597 tantummodo
701 1542 1153 1611 naufragavimus,
1178 1558 1410 1613 quorum
1430 1558 1568 1616 pene
1587 1544 1766 1598 omnia
1788 1544 1898 1600 vita

307 1631 644 1702 naufragium
674 1643 777 1689 est.
801 1633 860 1689 In
885 1643 1091 1690 tantum
1113 1636 1314 1706 quippe
1334 1637 1525 1691 vitiose
1553 1637 1622 1692 ab
1649 1637 1898 1692 clunibus

305 1725 523 1792 vivitur,
567 1734 627 1781 ut
667 1742 837 1797 prope
886 1729 1064 1784 nullus
1089 1727 1520 1784 Christianorum
1568 1729 1639 1784 sit
1663 1729 1758 1798 qui
1785 1744 1895 1786 non

300 1817 502 1888 jugiter
529 1819 848 1889 naufragare
876 1820 1140 1876 videatur.

375 1912 439 1966 V.
470 1911 578 1970 Sed
605 1912 734 1969 dicit
754 1913 982 1969 fortasse
1009 1913 1206 1984 aliquis
1229 1929 1336 1969 non
1366 1913 1419 1969 id
1439 1929 1583 1972 nunc
1607 1928 1728 1970 esse
1750 1923 1890 1970 tem-

293 2004 452 2074 poris
480 2013 539 2059 ut
566 2020 665 2075 pro
693 2006 908 2062 Christo
939 2021 1041 2063 nos
1081 2005 1414 2076 perferamus
1440 2021 1561 2075 qua:
1589 2015 1718 2062 tunc
1758 2022 1894 2076 apo—

295 2096 426 2152 stoli
447 2097 804 2167 pertulerunt.
827 2097 1030 2154 Verum
1049 2107 1155 2153 est.
1179 2098 1298 2154 Non
1317 2100 1464 2154 enim
1483 2109 1610 2154 sunt
1629 2101 1897 2169 principes

295 2192 516 2261 pagani,
535 2207 645 2247 non
663 2193 715 2269 ιζ’
730 2191 877 2246 ‘anni
900 2200 1304 2261 persecutores;
1330 2208 1438 2246 non
1457 2193 1675 2260 sangtiis
1688 2199 1901 2246 sancto-

293 2295 422 2338 rum
451 2279 700 2347 funditur,
741 2294 843 2336 nec
873 2280 1005 2335 ﬁdes
1033 2281 1312 2350 suppliciis
1331 2281 1737 2350 comprobatur.
1765 2280 1900 2337 Con-

297 2380 484 2430 tentus
509 2379 591 2428 est
609 2372 687 2426 De
703 2387 755 2428 ts
776 2379 962 2429 noster
980 2380 1041 2426 ut
1061 2371 1113 2426 ei
1133 2386 1242 2441 pax
1263 2379 1447 2428 nostra
1467 2372 1682 2438 serviat,
1708 2380 1767 2426 ut
1785 2372 1898 2427 sola

296 2464 355 2520 ei
395 2464 678 2520 immacula
698 2478 862 2517 .orum
891 2472 1114 2518 actuum
1147 2462 1381 2533 puritate
1409 2470 1466 2518 et
1493 2463 1616 2517 Vitae
1649 2464 1894 2517 inconta-

297 2553 577 2610 minabilis
603 2554 888 2610 sanctitate
927 2554 1256 2624 placeamus.
1290 2552 1408 2619 Quo
1436 2552 1556 2622 plus
1595 2553 1644 2607 ei
1675 2553 1806 2608 fides
1839 2561 1897 2608 et

301 2644 524 2700 devotio
544 2653 664 2702 nost
679 2660 726 2700 ra
747 2645 936 2710 debet;
966 2645 1073 2716 47
1101 2644 1225 2713 quia
1248 2644 1455 2699 minora
1475 2660 1508 2698 a
1531 2645 1686 2700 nobis
1705 2646 1890 2713 exigit,

293 2745 355 2792 et
380 2735 586 2806 majora
631 2739 919 2793 concessit.
951 2736 1016 2792 Et
1045 2737 1169 2793 ideo
1209 2753 1330 2793 cum
1358 2746 1416 2792 et
1438 2738 1708 2808 principes
1735 2739 1890 2794 Chri-

293 2829 460 2884 stiani
487 2829 626 2896 sint,
655 2837 713 2886 et
739 2830 1041 2900 persecutio
1071 2830 1215 2885 nulla
1239 2830 1343 2894 sit,
1367 2837 1422 2884 et
1450 2831 1637 2900 religio
1666 2846 1776 2887 non
1804 2832 1887 2886 in-

293 2922 587 2991 quietator,
615 2923 709 2992 qui
737 2922 804 2977 ad
830 2922 1166 2993 probandum
1196 2923 1354 2981 iidem
1385 2924 1765 2994 experimentis
1792 2926 1891 2980 du-

296 3017 529 3073 rioribus
554 3033 664 3073 non
692 3018 1082 3089 compellimur,
1115 3017 1455 3076 inferioribus
1481 3021 1675 3076 saltem
1703 3019 1892 3076 ofﬁciis

292 3110 526 3170 Domino
548 3110 670 3184 plus
694 3112 909 3182 placere
936 3113 1216 3170 debemus.
1242 3112 1441 3170 Probat
1467 3115 1614 3170 enim
1641 3115 1804 3170 etiam
1833 3115 1888 3170 in

2013 524 2166 580 deste
2192 527 2494 596 pmbeant,
2529 531 2614 585 vel
2643 540 2820 599 certe,
2851 534 3014 590 etia
3041 536 3083 591 si
3111 535 3166 591 id
3191 525 3371 594 facere
3411 539 3598 597 viden-

2011 624 2120 684 tur,
2151 618 2345 673 animis
2372 621 2752 688 acquiescant?
2780 621 2885 679 Aut
2910 635 3106 694 quotus
3133 629 3359 698 quisque
3393 640 3478 686 est
3503 633 3596 701 qui

2011 711 2057 765 si
2086 711 2248 768 ictum
2271 729 2434 768 unum
2457 716 2743 786 acceperit,
2769 733 2878 772 non
2905 721 3104 778 multos
3121 737 3221 792 pro
3240 739 3348 780 una
3375 724 3598 782 reddat?

2013 800 2242 858 Tantum
2269 805 2339 859 ab
2370 805 2461 859 illo
2508 807 2661 862 abest
2689 815 2750 862 ut
2775 809 3000 866 cedendi
3046 815 3317 870 maxillam
3362 817 3597 886 praebeat
3677 885 3684 892 ,

2013 895 2258 963 alteram,
2292 905 2349 951 ut
2379 906 2490 952 tum
2518 913 2578 954 se
2606 899 2820 958 vincere
2848 911 3017 971 putet,
3042 921 3149 960 non
3173 907 3387 976 quando
3405 909 3596 966 adver-

2009 993 2210 1046 sarium
2239 992 2558 1062 vapulando,
2591 994 2684 1050 sed
2713 995 2930 1064 quando
2948 997 3207 1055 caedendo
3232 1001 3587 1071 superaverit.

2012 1082 2140 1149 Quae
2175 1087 2354 1152 uultis,
2380 1088 2551 1156 inquit
2577 1088 2844 1152 Salvator,
2875 1099 2931 1143 ut
2956 1093 3155 1162 faciant
3173 1093 3313 1150 vobis
3340 1096 3591 1164 nm,

2005 1179 2186 1234 eadem
2206 1190 2255 1233 et
2274 1197 2360 1234 ros
2381 1182 2536 1251 facile
2553 1182 2660 1237 illis
2681 1183 3145 1254 similiter(lattlt.
3169 1201 3260 1249 vn,
3286 1186 3396 1256 η).
3421 1186 3592 1257 Huju

2007 1272 2287 1326 sententiae
2337 1281 2548 1342 partem
2596 1282 2704 1327 tam
2753 1273 2891 1328 bene
2938 1275 3181 1330 novimus
3221 1284 3280 1331 ut
3319 1294 3592 1348 nunquam

2011 1373 2415 1434 praetereamus,
2449 1373 2654 1435 partem
2677 1366 2753 1421 sic
2782 1367 3244 1436 pnetennittimus
3269 1371 3422 1438 quasi
3442 1373 3592 1441 peni-

2007 1465 2095 1512 tus
2120 1458 2443 1512 nesciamus.
2471 1457 2603 1522 Nam
2626 1457 2752 1527 quid
2782 1458 2850 1512 ab
2871 1459 2989 1512 aliis
3009 1460 3249 1528 praestari
3281 1461 3433 1516 nobis
3455 1463 3591 1518 veli-

2005 1567 2142 1616 mus,
2167 1552 2370 1620 optime
2391 1551 2655 1616 novimus,
2680 1551 2807 1620 quid
2827 1559 3006 1606 autem
3037 1552 3135 1621 ipsi
3160 1552 3278 1608 aliis
3301 1552 3591 1609 debeamus

2005 1653 2284 1714 praestare,
2309 1645 2594 1701 nescimus.
2613 1644 2790 1713 Atque
2811 1645 3015 1700 utinam
3036 1645 3395 1702 nesciremus!
3421 1645 3590 1703 Minor

2002 1746 2147 1792 esset
2175 1738 2492 1805 ignorantiae
2522 1747 2720 1803 reatus,
2755 1738 3051 1798 secundum
3096 1738 3223 1794 illud
3249 1757 3261 1792 :
3285 1737 3388 1802 Qui
3427 1742 3590 1796 nescit

1921 1820 1970 1882 Β
1997 1833 2310 1886 uoluntatem
2331 1831 2531 1887 Ml
2549 1834 2649 1898 sui,
2667 1832 2927 1903 vapulabit
2945 1831 3143 1903 pascis.
3164 1831 3264 1897 Oli
3284 1844 3454 1889 autem
3474 1837 3588 1902 scit,
3709 1839 3717 1846 ’

1997 1935 2048 1979 et
2076 1940 2181 1978 non
2213 1926 2339 1994 facit
2366 1939 2507 1990 eam,
2540 1925 2802 1995 vapulabit
2827 1926 3005 1980 multis
3033 1927 3052 1996 (
3069 1924 3192 1979 Luc.
3223 1943 3314 1991 xu,
3348 1926 3436 1991 I7,
3464 1927 3586 1998 ss).

2001 2014 2154 2070 Nunc
2182 2023 2364 2070 autem
2389 2017 2563 2085 major
2589 2018 2641 2071 in
2690 2018 2791 2072 hoc
2837 2017 3040 2073 oll'ensa
3084 2026 3168 2074 est
3192 2019 3340 2088 quod
3381 2027 3588 2089 partem

1999 2107 2282 2162 sententia:
2304 2122 2470 2160 sacrm
2491 2122 2588 2176 pro
2607 2108 3013 2164 commodorum
3033 2119 3339 2165 nostrorum
3361 2110 3590 2166 utilitate

2003 2194 2292 2262 diligimus,
2323 2204 2530 2266 partem
2558 2209 2657 2264 pro
2687 2195 2783 2249 Dei
2811 2196 3005 2264 injuria
3033 2199 3386 2264 prteterimus.
3411 2197 3589 2265 Exag-

2003 2293 2159 2352 gerat
2185 2289 2401 2354 quoque
2430 2285 2536 2340 hoc
2562 2285 2658 2339 Dei
2701 2285 2927 2341 verbum
2972 2285 3152 2342 ofﬁcio
3199 2287 3591 2357 praedicationis

2003 2393 2117 2434 sua:
2145 2378 2422 2448 apostolus
2452 2375 2649 2434 Paulus
2675 2377 2860 2434 dicens
2891 2396 2903 2431 :
2945 2375 3116 2432 Nemo
3159 2379 3299 2450 quod
3343 2395 3490 2434 um
3513 2387 3590 2434 est

1998 2478 2231 2540 quierat,
2275 2468 2368 2523 sed
2390 2469 2528 2540 quod
2554 2469 2770 2524 alterius
2801 2468 2996 2539 (lCor.
3029 2486 3092 2533 x,
3115 2469 3228 2540 24).
3261 2469 3336 2544 Et.
3351 2471 3584 2528 iterum:

1999 2559 2124 2615 Non
2145 2577 2260 2632 qua
2277 2578 2372 2615 sita
2392 2571 2531 2627 mut,
2545 2563 2737 2632 inquit,
2753 2562 2943 2633 singuli
2964 2565 3268 2635 cogitantes,
3283 2565 3378 2619 sed
3394 2581 3453 2620 ea
3472 2580 3586 2637 qua

1993 2654 2215 2708 aliorum
2247 2651 2512 2725 (Philipp.
2559 2669 2626 2718 n,
2676 2653 2751 2722 ι).
2786 2654 2947 2710 Vides
2973 2669 3134 2723 quam
3177 2653 3406 2712 ﬁdeliter
3443 2669 3584 2726 prc-

1995 2752 2210 2815 ceptum
2237 2743 2436 2803 Christi
2463 2731 2628 2800 fuerit
2648 2755 2954 2812 exsecutus,
2980 2747 3068 2802 ubi
3091 2763 3212 2814 cum
3239 2748 3492 2804 Salvator
3509 2751 3585 2807 sic

1995 2851 2096 2891 nos
2125 2852 2223 2907 pro
2252 2836 2372 2890 aliis
2399 2836 2538 2892 sicut
2565 2851 2663 2906 pro
2711 2837 2866 2892 nobis
2911 2837 3131 2906 jusserit
3177 2838 3447 2904 cogitare,
3500 2839 3585 2896 ille

1993 2927 2117 2999 plus
2154 2928 2385 2983 aliorum
2429 2943 2530 2996 nos
2572 2928 2872 2984 commodis
2913 2927 3075 2997 jussit
3115 2929 3398 2986 consulere
3423 2945 3584 2999 quam

1996 3021 2223 3086 nostris;
2255 3021 2382 3076 boni
2401 3020 2608 3076 scilicet
2626 3020 2832 3076 domini
2852 3020 3027 3076 bonus
3053 3020 3306 3087 famulus,
3331 3030 3387 3078 et
3403 3023 3584 3090 singu-

1995 3113 2126 3168 laris
2172 3112 2413 3181 magistri
2457 3112 2746 3183 prteclarus
2795 3113 3052 3177 imitator,
3103 3112 3195 3182 qui
3243 3112 3297 3167 in
3347 3113 3584 3182 vestigii!

291 3203 606 3274 majoribus,
629 3205 676 3260 si
697 3221 784 3262 res
802 3207 1003 3275 exigat,
1019 3213 1396 3263 exsecutorem
1417 3222 1476 3263 se
1495 3207 1746 3264 idoneum
1767 3208 1885 3266 fon
1909 3201 1957 3265 Β
1990 3204 2196 3260 domini
2242 3203 2323 3259 sui
2372 3203 2678 3270 ambulans,
2730 3189 3033 3275 patentiora
3078 3203 3480 3272 quodammodo
3524 3213 3583 3260 et

291 3311 324 3350 a
352 3311 462 3366 quo
486 3297 697 3354 minora
715 3298 1076 3368 complentur.

364 3386 452 3443 Vl.
480 3386 803 3446 Omittamus
831 3403 960 3458 ergo
1011 3389 1100 3444 illa
1142 3403 1262 3458 quae
1307 3389 1647 3444 beatissimus
1687 3387 1886 3445 Paulus

299 3480 539 3550 pertulit,
568 3481 734 3536 immo
761 3496 880 3552 qua:
903 3480 955 3536 in
984 3480 1134 3536 libris
1160 3489 1349 3551 postea
1376 3481 1445 3536 de
1466 3481 1725 3550 religione
1753 3497 1884 3538 con—

297 3567 512 3642 scriptis
537 3586 727 3632 omnes
755 3572 1043 3628 admodum
1071 3572 1404 3629 Christianos
1435 3560 1658 3642 legimus
1693 3584 1881 3645 pertu-

296 3661 443 3729 lisse,
461 3663 556 3734 qui
576 3663 643 3718 ad
664 3665 896 3720 celatis
915 3665 1076 3733 regiae
1091 3664 1310 3743 januam
1331 3665 1582 3736 gradibus
1603 3682 1882 3736 pmnarum

291 3772 506 3812 suarum
559 3758 910 3814 ascendentes
932 3798 949 3824 ,
995 3759 1171 3816 scalas
1224 3759 1324 3817 sibi
1371 3759 1772 3830 quodammodo
1813 3759 1881 3817 de

289 3850 531 3918 equuleis
576 3851 902 3921 catastisque
955 3851 1212 3908 fecerunt.
1249 3852 1538 3908 Videamus
1582 3855 1627 3908 si
1676 3855 1730 3908 in
1778 3853 1882 3908 illis

289 3941 479 3994 saltem
509 3941 772 4009 religiosae
797 3942 1104 3998 devotionis
1149 3943 1452 4012 obsequiis,
1500 3958 1620 4010 quae
1671 3943 1881 3997 minora

290 4039 453 4098 atque
481 4032 785 4087 communia
814 4033 869 4086 in
898 4044 1103 4086 summa
1146 4033 1325 4099 quiete
1365 4041 1420 4085 et
1448 4032 1594 4085 omni
1639 4043 1883 4100 tempore

295 4137 486 4177 omnes
512 4122 803 4177 Christiani
831 4123 986 4176 obire
1029 4137 1313 4190 possumus
1333 4162 1348 4188 ,
1378 4123 1659 4192 pneceptis
1697 4123 1884 4176 Domi-

250 4256 261 4267 .
291 4214 428 4269 uicis
456 4213 786 4284 respondere
816 4221 1103 4272 tentamus.
1137 4213 1296 4268 lubet
1330 4213 1576 4268 Christus
1605 4229 1674 4270 ne
1703 4215 1880 4282 litige-

286 4323 428 4364 mus.
453 4306 586 4372 Quis
608 4305 818 4373 jubenti
847 4305 1221 4375 obtemperat?
1249 4305 1357 4361 Nec
1386 4305 1558 4361 solum
1582 4305 1754 4374 jubet,
1786 4307 1880 4362 sed

285 4399 338 4454 in
371 4404 580 4453 tantum
609 4397 712 4452 hoc
734 4396 907 4465 jubet,
941 4405 997 4451 ut
1024 4411 1087 4451 ea
1117 4397 1230 4466 ipsa
1262 4412 1362 4452 nos
1387 4396 1455 4451 de
1483 4397 1676 4466 quibus
1705 4399 1772 4454 iis
1795 4408 1878 4455 est

283 4493 588 4562 relinquam
611 4490 818 4560 jubcat,
843 4490 1138 4547 dummodo
1161 4491 1342 4546 litibus
1363 4504 1643 4547 exuamur.
1677 4492 1738 4547 Si
1761 4494 1875 4564 quis

1993 3297 2338 3366 expressiora
2355 3295 2580 3366 pedibus
2599 3296 2710 3350 suis
2725 3295 2850 3351 fecit
2867 3295 3072 3360 dom'mi
3091 3296 3175 3351 sui
3195 3311 3314 3353 esse
3334 3296 3578 3365 vestigia.

1991 3387 2129 3454 Quid
2157 3401 2288 3457 ergo
2317 3389 2506 3442 horum
2538 3388 2760 3443 facimus
2791 3386 3111 3452 Christiani,
3135 3387 3283 3456 quod
3313 3386 3578 3453 Christus,

1988 3495 2060 3534 an
2079 3479 2223 3552 quod
2247 3479 2537 3549 Apostolus
2555 3479 2742 3548 jubet?
2764 3478 2902 3536 Puto
2914 3480 3135 3535 omnino
3148 3479 3294 3549 quod
3307 3489 3576 3536 neutrum.

1987 3571 2123 3626 Nam
2154 3580 2358 3626 tantum
2384 3571 2534 3626 abest
2574 3579 2631 3624 ut
2669 3571 2899 3626 aliorum
2923 3569 3222 3627 commodis
3248 3570 3358 3644 ω
3380 3572 3582 3644 aliquid

1985 3679 2108 3720 cum
2132 3663 2348 3734 propria
2379 3662 2820 3719 incommoditate
2842 3671 3176 3733 praestemus,
3203 3672 3263 3719 ut
3280 3676 3470 3722 omnes
3494 3665 3580 3722 vel

1984 3757 2218 3812 maxime
2249 3754 2447 3811 nostris
2475 3754 2774 3812 commodis
2800 3770 2923 3811 cum
2964 3755 3195 3812 aliorum
3237 3755 3580 3814 ineonunodo

1983 3849 2349 3904 consulamus.
2910 3906 2912 3908 _

2057 3940 2163 3994 Vll.
2197 3940 2304 3994 Sed
2331 3940 2530 4006 eligere
2560 3938 2781 3994 forsitan
2829 3937 3034 4004 majora
3078 3950 3307 4006 quaeque
3335 3936 3578 3992 videmur

1985 4045 2105 4100 quin
2123 4029 2301 4083 nullus
2318 4030 2557 4097 impleat,
2580 4036 2657 4090 et,
2679 4033 2738 4081 ut
2758 4026 2861 4096 ipsi
2881 4035 3090 4096 putant,
3115 4027 3338 4098 implere
3357 4028 3578 4086 omnino

1986 4138 2096 4178 non
2126 4129 2362 4193 possunt
2379 4128 2436 4175 et
2459 4121 2738 4191 praeterire
2767 4120 2870 4175 alia
2899 4135 3020 4192 qua:
3041 4130 3096 4177 et
3370 4106 3574 4192 queant

1985 4224 2039 4278 et
2066 4214 2134 4269 ab
2163 4213 2414 4269 omnibus
2442 4213 2785 4284 immeantur.
2817 4213 2926 4268 Sed
2952 4215 3186 4284 primum
3224 4214 3354 4270 illud
3395 4215 3575 4271 consi-

1981 4306 2278 4366 derandum
2304 4315 2416 4369 est,
2444 4307 2569 4377 quia
2593 4306 2725 4361 nulli
2762 4317 3042 4362 servonlm
3083 4308 3210 4364 licet
3235 4322 3304 4363 ex
3344 4307 3427 4363 his
3452 4319 3572 4377 quin

1980 4398 2230 4454 dominus
2257 4413 2386 4454 suus
2414 4370 2664 4468 imperat.
2685 4397 2885 4466 eligere
2913 4411 3013 4467 pro
3034 4397 3258 4455 arbitrio
3285 4397 3415 4469 quid
3442 4370 3572 4456 velit

1983 4491 2193 4558 facere,
2225 4491 2353 4563 quid
2383 4490 2549 4555 nolit,
2576 4498 2631 4546 et
2657 4491 3076 4546 insolentissimn
3120 4491 3379 4547 abusione
3422 4492 3569 4561 quod

282 4589 437 4651 enim
471 4585 661 4653 inquit,
691 4584 906 4638 uoluerit
933 4592 1098 4637 tecum
1118 4584 1318 4654 judicio
1338 4583 1713 4639 contenderem
1733 4587 1872 4640 tuui-
1900 4587 1955 4649 Ι)
1978 4584 2241 4654 placuerit
2299 4598 2572 4640 assumere
2596 4619 2611 4646 ,
2669 4582 2813 4654 quod
2868 4582 3200 4654 displicuerit
3253 4583 3564 4654 repudiare;

283 4695 395 4733 cam
424 4687 568 4733 tuam
597 4675 792 4740 tollere,
816 4675 1046 4746 relinque
1063 4675 1110 4728 ei
1130 4683 1179 4728 et
1199 4674 1417 4744 pallium
1441 4671 1655 4743 (Matth.
1680 4691 1732 4738 v,
1757 4673 1869 4744 40).

281 4768 559 4836 interrogo
577 4769 672 4837 qui
691 4767 800 4824 sint
817 4767 909 4835 qui
932 4765 1288 4836 spoliantlbus
1313 4765 1631 4824 adversariis
1657 4767 1868 4833 cedant,

283 4862 447 4918 immo
476 4860 567 4931 qui
606 4860 714 4915 sint
740 4860 832 4928 qui
861 4858 1199 4916 adversarios
1224 4873 1352 4914 suos
1381 4873 1490 4916 non
1519 4859 1749 4929 spoliare
1778 4876 1872 4916 co-

283 4956 516 5013 nentur?
545 4953 677 5010 Tam
705 4954 892 5025 procul
911 4954 1055 5009 enim
1078 4954 1231 5009 abest
1255 4962 1315 5008 ut
1333 4967 1456 5008 cum
1487 4953 1680 5008 tunicis
1705 4955 1869 5010 etiam

281 5047 385 5102 alia
406 5046 790 5114 relinquamus,
821 5053 899 5109 ut,
921 5045 968 5100 si
992 5059 1100 5114 quo
1126 5043 1289 5100 modo
1316 5060 1620 5114 possumus,
1645 5045 1866 5115 pallium

281 5139 438 5195 simul
479 5138 772 5195 adversarii
815 5139 1131 5208 tunicasque
1176 5139 1447 5195 tollamus.
1494 5138 1622 5194 Tam
1674 5140 1868 5196 devote

285 5233 429 5289 enirn
455 5231 721 5289 mandatis
749 5232 1042 5288 Dominicis
1068 5231 1378 5297 obedimus,
1410 5241 1468 5286 ut
1494 5248 1603 5288 non
1639 5231 1869 5290 sufﬁciat

283 5325 440 5380 nobis
467 5323 613 5394 quod
641 5324 962 5381 adversariis
1000 5325 1196 5381 nostris
1241 5325 1404 5380 etiam
1451 5325 1670 5380 minima
1699 5325 1866 5380 vesti-

281 5425 586 5474 menmsum
632 5425 938 5474 nostrorum
979 5428 1135 5489 parte
1177 5433 1287 5474 non
1329 5418 1585 5486 cedimus,
1617 5419 1720 5474 nisi
1765 5420 1862 5485 cis,

277 5517 536 5578 quantum
565 5511 618 5565 in
661 5511 812 5566 nobis
833 5521 935 5577 est,
965 5512 1012 5566 si
1040 5527 1127 5568 res
1152 5512 1314 5576 sinat,
1343 5520 1537 5568 cuncta
1570 5513 1862 5582 rapiamus.

279 5600 528 5672 Iungitur
554 5611 735 5659 autem
754 5613 1022 5674 prmcepto
1052 5605 1175 5659 huic
1198 5619 1295 5675 par
1322 5613 1377 5660 et
1404 5604 1681 5660 consimile
1709 5619 1863 5659 man-

279 5694 484 5762 datum,
517 5711 626 5766 quo
657 5696 732 5749 ait
761 5695 1017 5750 Dominus
1042 5715 1053 5748 :
1083 5695 1183 5761 Qui
1205 5699 1512 5768 percusserit
1537 5705 1584 5750 te
1611 5697 1662 5750 in
1685 5696 1860 5752 dexte-

283 5805 396 5850 ram
421 5790 726 5854 maxillam,
757 5785 934 5860 pra'be
961 5789 1008 5842 ei
1034 5797 1082 5842 et
1109 5789 1329 5846 alterunt
1361 5788 1555 5862 (lbid.,
1588 5788 1710 5860 59).
1753 5787 1863 5862 48

1977 4678 2210 4732 maxime
2237 4692 2358 4734 cum
2387 4688 2443 4733 et
2482 4683 2766 4732 terrestres
2796 4675 3001 4732 domini
3028 4689 3366 4745 nequaquam
3409 4691 3566 4746 aequo

1976 4770 2156 4826 animo
2186 4769 2521 4825 tolerandum
2563 4777 2756 4840 putent
2794 4769 2840 4826 si
2864 4768 3134 4837 jussiones
3171 4779 3298 4823 suas
3327 4769 3469 4826 servi
3497 4781 3566 4825 ex

1975 4869 2127 4930 parte
2154 4859 2375 4915 audiant
2402 4869 2458 4915 et
2483 4873 2553 4914 ex
2581 4869 2736 4929 parte
2755 4867 3122 4923 contemnant,
3146 4866 3204 4914 et
3222 4874 3322 4930 pro
3343 4859 3566 4918 libidine

1973 4968 2070 5010 sua
2096 4970 2218 5024 quae
2246 4953 2552 5025 putaverint
2582 4951 2823 5009 facienda
2849 4952 3078 5018 faciant,
3107 4966 3229 5022 quae
3255 4953 3564 5022 putaverint

1975 5046 2338 5104 conculcanda
2367 5046 2705 5102 conculcent.
2749 5045 2808 5102 Si
2855 5046 2995 5102 enim
3044 5062 3142 5116 pro
3195 5046 3416 5101 arllitrio
3461 5057 3560 5101 suo

1975 5140 2116 5196 servi
2137 5139 2370 5195 dominis
2396 5139 2801 5210 obtemperant,
2840 5154 2909 5195 ne
2935 5140 2990 5194 in
3018 5139 3082 5195 iis
3109 5139 3325 5209 quidem
3353 5139 3406 5193 in
3437 5138 3558 5205 qui-

1974 5233 2075 5289 bus
2100 5232 2591 5303 obtemperaverint
2612 5233 3000 5302 obsequuntur.
3024 5229 3249 5298 Quando
3274 5229 3418 5284 enim
3445 5241 3559 5281 sero

1974 5336 2072 5382 vus
2099 5338 2166 5379 ex
2193 5322 2396 5378 domini
2425 5322 2504 5378 sui
2541 5321 2706 5392 jussis
2751 5337 2816 5378 ea
2853 5321 2982 5378 facit
3025 5316 3398 5376 tantummodo
3437 5330 3558 5385 quin

1971 5417 2085 5473 vult
2113 5415 2309 5481 facere,
2334 5415 2444 5485 jam
2475 5431 2582 5472 non
2618 5415 2943 5472 dominicam
2971 5414 3305 5470 voluntatem
3348 5407 3552 5478 implet,

1970 5509 2066 5566 sed
2084 5523 2254 5566 suam.
2279 5509 2336 5564 Si
2356 5522 2485 5578 ergo
2505 5525 2608 5564 nos
2623 5509 2716 5578 qui
2742 5505 3051 5564 homunculi
3079 5500 3327 5558 imbecilli
3348 5517 3550 5569 sumus,

1967 5601 2237 5658 contemni
2284 5608 2462 5656 tamen
2493 5617 2524 5656 a
2564 5600 2734 5656 servis
2781 5595 2980 5651 nostris
3020 5593 3241 5650 omnino
3279 5595 3549 5659 nulum“,

1964 5711 2102 5769 quos
2121 5695 2221 5752 etsi
2242 5695 2397 5752 nobis
2425 5693 2696 5750 servitutis
2724 5685 2961 5742 conditio
2991 5687 3291 5757 inferiores,
3317 5691 3547 5744 humana

1967 5798 2148 5848 tamen
2174 5793 2296 5847 sors
2327 5785 2502 5843 reddit
2529 5780 2786 5856 mquales,
2817 5792 2979 5851 quam
3006 5784 3188 5860 inique
3229 5783 3410 5855 “aqua
3432 5795 3548 5840 οω.
