4088 6360
497 308 570 370 η
1075 367 1079 370 ι
1436 296 1492 352 8.
1536 291 1853 352 SALVIANI
1893 285 2350 347 M'ASSILIENSIS
2389 288 2815 345 PRESBYTER!

3736 291 3833 348 σι

499 420 689 478 lestem
709 418 994 475 Dominmn
1019 413 1430 482 contemnimus,
1452 411 1544 482 qui
1570 425 1691 466 cum
1711 408 1957 464 homines
1979 406 2081 476 ipsi
2111 410 2156 466 Α
2186 405 2348 475 plane
2362 404 2487 458 mali
2511 405 2665 460 istius
2685 402 2967 460 retributio
2988 410 3090 469 est,
3107 417 3227 473 qua:
3247 403 3420 458 solum
3442 405 3831 474 persequitur

499 515 682 577 simus,
704 508 1127 567 contemnendos
1148 515 1326 561 tamen
1355 522 1454 560 nos
1475 520 1507 559 a
1538 511 1733 559 nosti-ae
1760 501 2086 558 conditionis

498 605 802 661 hominibus
829 619 938 658 non
967 608 1237 672 putamus.
1278 599 1389 653 Nisi
1429 599 1564 652 tanti
1608 597 1837 652 fortasse
1877 595 2086 650 consilii

497 715 561 756 ac
587 708 698 753 tam
724 696 1002 769 profunda:
1030 694 1394 764 intelligentiae
1417 709 1617 757 smnus,
1649 700 1707 746 ut
1726 692 1816 760 qui
1838 691 1948 761 pati
1967 705 2084 745 ser-

375 843 395 863 ,
496 807 692 849 vorum
730 790 952 862 injurias
981 789 1264 852 nolumus,
1313 786 1583 841 subditum
1630 783 1838 854 injuriis
1885 782 2086 838 nostris

499 885 669 940 Deum
694 898 813 939 esse
840 883 1092 947 velimus,
1125 889 1180 935 et
1208 894 1327 950 qua:
1353 878 1453 948 ipsi
1480 878 1710 932 toleratu
1735 878 1970 931 humano
1999 875 2085 929 in-

498 978 658 1046 digna
683 976 984 1042 credimus,
1016 975 1187 1028 Deum
1226 988 1255 1027 a
1285 973 1440 1028 nobis
1487 971 1644 1040 digne
1691 972 1805 1026 hinc
1854 970 2086 1025 tolerare

497 1073 795 1130 credamus.
831 1071 908 1125 Ae
932 1084 1030 1140 per
1056 1069 1160 1124 hoc
1189 1067 1234 1121 si
1262 1067 1353 1135 qui
1401 1075 1554 1130 sunt,
1603 1071 1661 1119 ut
1699 1063 1764 1118 ad
1806 1064 2086 1134 superiora

496 1164 798 1229 redeamus,
823 1162 916 1231 qui
945 1161 1012 1216 de
1040 1160 1334 1230 majoribus
1355 1175 1454 1214 nos
1477 1159 1570 1213 Dei
1599 1157 1883 1228 prmeeptis
1907 1156 2089 1211 dicere

497 1256 807 1312 existiment
826 1262 882 1309 et
907 1256 1116 1308 minora
1139 1253 1246 1324 50
1263 1252 1511 1316 reticere,
1539 1248 1807 1320 superﬂue
1834 1249 1986 1319 queri
2008 1249 2089 1302 in-

498 1345 774 1415 telligendi
820 1354 962 1400 sunt.
1015 1344 1196 1412 Neque
1245 1343 1386 1398 enim
1423 1342 1564 1412 justa
1613 1343 1852 1398 causatio
1883 1350 1965 1396 est
1992 1357 2090 1397 cur

499 1439 854 1510 praeferantur
881 1437 1090 1509 aliqua.
1136 1436 1226 1490 ubi
1272 1435 1516 1490 facienda
1555 1443 1680 1488 sunt
1707 1433 1906 1489 omnia.
1939 1432 2092 1488 Sicut

499 1531 644 1586 enim
688 1529 1027 1584 dominorum
1074 1528 1370 1582 carnalium
1413 1527 1581 1582 servis
1628 1527 1854 1596 eligere,
1895 1533 1954 1581 ut
1976 1525 2090 1596 jam

499 1620 643 1684 dixi,
683 1620 904 1676 omnino
933 1636 1040 1675 non
1071 1619 1194 1675 licet
1237 1635 1354 1690 qua:
1395 1635 1461 1674 ex
1489 1620 1769 1690 praeceptis
1809 1618 2090 1674 servilibus

499 1710 728 1776 faciant,
761 1726 879 1780 qua:
908 1727 1016 1766 non
1047 1710 1275 1777 faciant,
1319 1710 1398 1765 sic
1444 1726 1544 1766 nos
1573 1711 1664 1780 qui
1705 1710 1846 1764 servi
1878 1709 2090 1764 Domini

2188 507 2482 555 auctorem.
2511 499 2591 553 Illi
2621 499 2763 554 enim
2794 498 2926 553 nihil
2947 507 3108 552 nocet
3134 497 3349 568 penitus
3388 498 3475 553 cui
3501 499 3774 554 detrahit
3801 517 3822 554 :

2188 589 2559 646 tantummodo
2587 590 2735 644 illum
2764 589 2918 659 punit
2954 604 2986 643 e
3025 587 3177 657 cujus
3225 603 3321 643 ore
3365 589 3631 660 procedit.
3682 589 3825 646 Sed

2187 681 2450 748 delirare,
2483 681 2694 752 opinor,
2726 679 2970 734 videmur
2998 679 3101 734 ista
3137 678 3464 748 repetendo,
3497 689 3553 734 et
3579 679 3710 736 fero
3750 691 3824 737 ut
3879 730 3904 749 ,

2189 793 2289 833 nos
2315 777 2546 832 delirare
2595 775 2890 831 videamur.
2923 774 3173 844 Nunquid
3213 773 3462 829 deliravit
3501 774 3817 842 Dominus.

2188 869 2277 938 qui
2299 869 2577 939 praecepit:
2598 866 2780 922 Omnis
2799 868 2956 930 enim,
2977 866 3148 935 inquit
3161 880 3261 936 per
3274 867 3582 936 apostolum
3601 883 3815 933 suum,

2189 961 2387 1014 clamor
2419 963 2689 1033 auferatur
2709 977 2741 1013 α
2770 959 2911 1014 vobis
2941 975 3054 1012 cum
3084 960 3224 1014 omni
3243 959 3445 1014 malitia
3466 959 3686 1031 (Ephee.
3721 976 3812 1026 Π,

2191 1053 2306 1122 3i).
2340 1051 2637 1122 Utrumque
2664 1051 2881 1120 quidem
2910 1051 3016 1105 hoc
3044 1050 3098 1104 in
3119 1049 3276 1105 nobis
3293 1049 3495 1120 jugiter
3520 1065 3814 1120 perseve-

2189 1157 2292 1214 rat,
2325 1147 2418 1202 sed
2447 1148 2616 1216 magis
2646 1155 2828 1201 tamen
2857 1145 3060 1200 malitia
3101 1160 3263 1214 quam
3306 1145 3532 1200 clamor.
3563 1143 3815 1200 Clamor
3861 1151 3870 1180 -'

2189 1239 2389 1309 quippe
2424 1253 2531 1292 non
2559 1252 2774 1307 semper
2802 1242 2884 1290 est
2913 1235 2967 1290 in
2999 1234 3183 1290 oribus
3208 1235 3428 1302 nostris,
3459 1235 3668 1290 malitia
3693 1251 3810 1290 au-

2190 1341 2298 1384 tem
2327 1342 2540 1399 semper
2567 1337 2650 1384 est
2678 1328 2730 1382 in
2759 1327 3012 1383 cordibus
3040 1327 3270 1393 nostris;
3310 1343 3374 1382 ac
3401 1343 3504 1397 per
3525 1329 3628 1383 hoc
3651 1338 3809 1399 puto

2189 1423 2335 1492 quod
2364 1423 2526 1478 etiam
2551 1422 2596 1476 si
2627 1421 2681 1476 in
2712 1420 2866 1475 nobis
2909 1419 3114 1474 clamor
3140 1419 3430 1484 desineret,
3463 1425 3646 1474 tamen
3673 1436 3810 1476 ma-

2189 1515 2304 1570 litia
2331 1521 2692 1586 permaneret.
2725 1511 2853 1567 Sine
2881 1509 3303 1564 murmuratione
3323 1524 3540 1580 quoque
3567 1517 3624 1565 et
3647 1525 3805 1580 que-

2191 1609 2303 1664 rela
2324 1623 2423 1664 nos
2445 1608 2585 1662 Deus
2606 1615 2789 1661 noster
2808 1619 2929 1660 esse
2942 1603 3196 1674 praecepit
3212 1602 3466 1674 (Philipp.
3485 1619 3542 1671 ιι,
3561 1602 3649 1670 Η,
3670 1603 3800 1674 15).

2192 1703 2416 1770 Quando
2437 1702 2554 1757 haec
2577 1701 2629 1754 in
2654 1701 2890 1755 humano
2910 1711 3108 1766 genere
3137 1712 3245 1752 non
3267 1696 3516 1751 fuerunt?
3542 1696 3600 1752 Si
3622 1704 3798 1754 aestus

487 1788 669 1858 nostri
689 1818 891 1868 sumus,
925 1791 1186 1857 inlicitum
1217 1803 1439 1856 omnino
1469 1793 1777 1856 existimare
1805 1801 2084 1866 debemus,
2124 1785 2167 1846 Β
2195 1802 2295 1859 εει,
2328 1794 2396 1848 de
2426 1793 2676 1848 ariditate
2705 1806 3018 1855 causam”:
3049 1789 3094 1844 Si
3123 1788 3322 1858 ΡῙυνίῧν
3345 1787 3414 1843 de
3433 1788 3800 1845 inlllldalione

501 1895 655 1950 utvel
669 1895 758 1949 illa
769 1910 890 1965 qua:
900 1895 1114 1964 placent
1127 1910 1226 1964 pro
1241 1895 1404 1949 animi
1420 1895 1782 1950 oblectatione
1793 1910 2084 1962 sumamus,

502 1988 586 2044 vel
599 1988 689 2044 illa
705 2003 824 2057 qua:
837 1988 1121 2058 displicent
1133 2003 1232 2058 pro
1247 1989 1511 2058 superbia:
1527 1989 1784 2045 abusione
1799 1991 2084 2045 calcemus.

571 2079 702 2134 VIII.
738 2079 844 2136 Sed
866 2081 1269 2149 acquieseamus
1292 2087 1474 2135 tamen
1501 2080 1584 2134 his
1603 2081 1694 2150 qui
1721 2097 1786 2134 ex
1808 2082 2091 2150 praeceptis

483 2163 793 2226 Dominicis
819 2170 1020 2225 idcirco
1049 2170 1272 2225 forsitan
1301 2185 1401 2224 nos
1429 2170 1619 2224 nolunt
1655 2170 1860 2240 majora
1888 2171 2086 2237 dicere,

500 2263 625 2332 quia
653 2277 712 2318 se
731 2269 926 2332 putant
950 2262 1158 2316 minora
1181 2262 1472 2331 complere,
1499 2275 1607 2316 non
1629 2263 1754 2332 quia
1774 2263 2003 2318 sufficiat
2023 2265 2092 2319 ad

503 2355 748 2419 salutem,
772 2355 819 2408 si
837 2353 1135 2422 majoribus
1155 2354 1350 2424 spretis
1370 2354 1579 2409 minora
1601 2354 1877 2421 faciamus,
1901 2372 2093 2411 secun-

504 2445 632 2502 dum
663 2445 793 2500 illud
827 2464 839 2497 :
866 2444 1166 2518 Quicunque
1187 2455 1346 2500 totam
1367 2447 1525 2518 legem
1557 2450 1849 2513 servaverit,
1877 2449 2096 2517 offendit

506 2550 679 2596 autem
706 2542 762 2594 in
789 2557 913 2605 uno,
937 2543 1106 2612 factus
1134 2549 1209 2594 est
1231 2541 1458 2594 omnium
1483 2537 1599 2596 reus'
1623 2541 1761 2612 (Jac.
1787 2558 1856 2607 ιι,
1883 2541 1991 2612 ID).
2017 2542 2096 2598 Ac

505 2647 604 2704 per
625 2631 762 2695 hoc,
807 2630 932 2686 licet
978 2630 1135 2687 nobis
1181 2647 1288 2688 non
1337 2629 1564 2687 sufficiat
1590 2647 1753 2702 parva
1784 2650 1848 2688 ac
1875 2635 2094 2688 minima

505 2740 731 2796 quaeque
757 2725 963 2790 facere,
996 2727 1276 2794 acquiesco
1315 2734 1493 2780 tamen
1523 2741 1624 2796 ego
1651 2727 1863 2782 minora
1891 2729 2092 2795 dicere,

505 2825 564 2873 ut
582 2815 862 2873 ostendam
882 2817 1167 2872 maximam
1183 2817 1608 2873 Christianorum
1628 2820 1865 2874 omnium
1887 2830 2095 2890 partem

503 2925 606 2966 nec
631 2911 823 2977 exigua
853 2910 1044 2965 saltem
1073 2925 1136 2964 ac
1164 2909 1383 2964 minima
1413 2909 1622 2965 fecisse.
1653 2910 1818 2966 Jussit
1845 2911 2096 2968 Salvator

505 3008 690 3057 noster
715 3008 776 3054 ut
799 2998 1089 3055 Christiani
1119 3001 1365 3056 homines
1395 3017 1501 3054 non
1527 3003 1774 3069 jurarent
1798 2997 2013 3074 (Matth.
2038 3022 2090 3070 v,

504 3087 620 3163 34).
663 3090 854 3147 Plures
880 3091 1123 3147 invenias
1148 3093 1238 3161 qui
1272 3093 1466 3163 sacpius
1507 3091 1752 3163 pejerent
1797 3110 1956 3163 quam
2001 3097 2092 3164 qui

2192 1887 2611 1956 conquerimur:
2643 1885 2687 1942 si
2730 1883 3066 1939 infecundior
3111 1897 3283 1936 annus
3326 1890 3440 1947 est,
3473 1897 3796 1939 accusamus

2193 1978 2556 2044 sterilitatem;
2603 1978 2649 2031 si
2691 1975 2985 2040 fecundior,
3029 1973 3305 2029 vilitatem.
3340 1973 3577 2044 Adipisci
3617 1975 3792 2030 abun-

2193 2071 2431 2124 dantiam
2451 2070 2712 2140 cupimus,
2739 2075 2795 2122 et
2822 2067 3068 2122 eamdem
3089 2066 3269 2136 adepti
3290 2081 3623 2123 accusamus.
3647 2066 3791 2134 Quid

2193 2163 2298 2218 dici
2316 2163 2418 2218 hac
2437 2179 2497 2218 re
2518 2162 2831 2233 improbius,
2849 2160 2978 2230 quid
2997 2159 3439 2215 contumeliosius
3451 2162 3555 2233 52
3569 2168 3754 2230 potest
3764 2163 3790 2216 2

2193 2255 2370 2311 Etiam
2394 2257 2447 2310 in
2476 2257 2580 2311 hoc
2606 2255 2674 2310 de
2701 2253 3068 2310 misericordia
3089 2253 3184 2308 Dei
3212 2253 3504 2323 querimur,
3529 2254 3655 2322 quia
3688 2254 3791 2309 tri-

2193 2351 2488 2420 buatjquod
2515 2365 2786 2419 rogamus.
2820 2349 3022 2404 Abesse
3048 2364 3079 2402 a
3107 2348 3278 2403 servis
3297 2347 3404 2403 suis
3422 2361 3576 2402 omne
3602 2349 3789 2402 omni-

2198 2459 2297 2506 no,
2331 2443 2494 2496 etiam
2541 2442 2820 2497 oculorum
2840 2483 2853 2506 ,
2885 2439 3193 2496 scandalum
3232 2439 3372 2494 Deus
3415 2439 3690 2508 praecepit.
3719 2437 3789 2494 Et

2200 2534 2321 2589 ideo
2345 2535 2390 2587 si
2420 2535 2563 2605 quis,
2597 2533 2798 2602 inquit,
2829 2532 3012 2586 viderit
3032 2531 3298 2585 mulierem
3327 2530 3397 2584 ad
3423 2531 3788 2601 concupiscen-

2198 2625 2316 2678 dum
2333 2665 2348 2690 ,
2373 2625 2488 2695 jam
2528 2624 2808 2678 moechatus
2849 2631 2926 2677 est
2953 2639 3068 2677 eam
3095 2625 3149 2676 in
3179 2621 3333 2677 corde
3359 2638 3452 2676 suo
3480 2621 3706 2692 (Matth.
3733 2639 3786 2690 v,

2195 2715 2288 2785 ‘28)
2342 2715 2478 2770 Hinc
2501 2716 2796 2785 intelligere
2820 2715 2980 2785 plene
3001 2730 3285 2786 possumus
3306 2729 3469 2783 quam
3489 2722 3670 2769 castos
3688 2729 3789 2770 nos

2197 2823 2316 2864 esse
2343 2807 2592 2862 Salvator
2626 2807 2866 2876 jusserit,
2913 2807 3005 2876 qui
3052 2806 3216 2861 etiam
3266 2805 3536 2860 licentiam
3567 2806 3789 2862 visionis

2199 2900 2443 2956 abscidit.
2495 2899 2684 2954 Sciens
2727 2900 2870 2954 enim
2917 2898 3182 2954 fenestras
3227 2897 3627 2967 quodammodo
3671 2913 3790 2954 esse

2199 3000 2503 3048 noStrarum
2548 2992 2807 3046 mentium
2837 2992 3015 3045 lumen
3061 2990 3360 3054 oculorum,
3393 2997 3448 3044 et
3475 3005 3665 3046 omnes
3685 2990 3786 3044 im-

2196 3085 2393 3156 probas
2421 3083 2741 3155 cupiditates
2773 3084 2827 3137 in
2849 3098 2946 3138 cor
2971 3095 3069 3153 per
3089 3081 3292 3147 oculos,
3325 3082 3478 3151 quasi
3512 3097 3611 3152 per
3631 3088 3788 3136 natu-

505 3181 728 3239 omnino
758 3199 864 3239 non
883 3181 1082 3252 jurent.
1117 3181 1282 3238 Iussit
1314 3199 1529 3253 quoque
1572 3193 1631 3239 ut
1674 3201 1832 3240 nemo
1871 3186 2096 3242 malem-
2122 3164 2170 3229 C
2198 3178 2342 3233 rales
2360 3177 2658 3239 cuniculos,
2683 3175 2926 3239 introire,
2953 3174 3293 3242 exstinguere
3313 3188 3407 3228 eas
3426 3174 3638 3244 penitus
3658 3171 3786 3228 foris

506 3281 674 3332 ceret.
703 3273 871 3345 Cujus
906 3291 1015 3331 non
1043 3291 1220 3330 sermo
1249 3275 1556 3330 maledictio
1599 3279 1716 3331 est?
1745 3275 1923 3331 Prima
1945 3265 2094 3333 enim

504 3381 722 3438 semper
749 3366 950 3422 irarum
987 3367 1094 3422 tela
1124 3367 1405 3422 maledicta
1441 3377 1584 3432 sunt,
1619 3377 1672 3422 et
1699 3369 1957 3438 quidquid
1985 3386 2093 3425 non

504 3471 791 3528 possumus
819 3458 1102 3524 imbecilli,
1147 3467 1396 3528 optamus
1444 3445 1594 3521 irati;
1647 3474 1709 3512 ac
1756 3459 1833 3515 sic
1862 3461 1916 3514 in
1949 3463 2096 3517 omni

505 3551 808 3603 animorum
843 3549 1232 3618 indignantium
1262 3558 1432 3615 motu,
1457 3551 1597 3605 votis
1623 3551 1776 3606 malis
1803 3569 1902 3623 pro
1931 3555 2095 3609 armis

505 3639 724 3693 utimur.
761 3637 914 3693 Unde
960 3641 1327 3709 unusquisque
1373 3642 1647 3697 hominum
1695 3643 2096 3701 evidentissime

505 3731 718 3802 probat,
743 3730 1003 3799 quidquid
1028 3730 1143 3784 fieri
1166 3730 1488 3786 adversariis
1509 3733 1620 3787 suis
1641 3741 1811 3804 optat,
1839 3743 2007 3789 totum
2037 3752 2096 3792 se

505 3823 683 3880 facere
710 3824 880 3890 velle,
912 3824 956 3879 si
985 3825 1175 3894 possit.
1207 3823 1315 3880 Sed
1341 3825 1592 3881 videlicet
1619 3828 1743 3896 quia
1785 3843 1972 3882 omnes
1995 3829 2096 3885 hac

502 3916 844 3986 improbitate
867 3917 1164 3985 linguarum
1193 3917 1350 3972 facile
1375 3905 1590 3984 utimur,
1612 3920 1702 3988 qui
1725 3922 1886 3989 jussis
1912 3921 2094 3976 Domi‘

501 4007 637 4086 uicis
662 4022 774 4062 non
801 4007 1271 4086 obtemperamus,
1310 4007 1506 4064 idcirco
1545 4009 1707 4064 etiam
1756 4010 1897 4080 apud
1922 4011 2091 4066 Deum

505 4097 663 4153 facile
691 4098 794 4152 hoc
819 4107 1070 4167 putamus
1115 4114 1234 4153 esse
1279 4099 1370 4167 qui
1393 4100 1571 4169 jussit.
1600 4101 1874 4168 Maledici',
1920 4104 2093 4171 inquit

503 4203 685 4243 sermo
705 4188 936 4252 divinus,
961 4204 1172 4257 regnum
1195 4188 1294 4242 Dei
1314 4207 1418 4243 non
1439 4191 1770 4260 possidebunt
1792 4193 1843 4263 (I
1868 4193 1985 4248 Cor.
2013 4213 2086 4259 vr,

502 4278 612 4349 10).
632 4276 770 4333 Hinc
789 4293 919 4348 ergo
947 4279 1247 4347 intelligere
1267 4295 1550 4348 possumus
1568 4295 1730 4349 quam
1750 4285 1928 4350 gravis
1948 4285 2018 4338 sit
2036 4294 2091 4340 et

499 4373 802 4446 perniciosa
832 4372 935 4444 51
966 4371 1301 4438 maledictio,
1333 4371 1548 4441 quando
1578 4373 1788 4428 etiamsi
1818 4375 1921 4429 alia
1949 4379 2087 4431 bona

500 4465 789 4528 adfuerint,
813 4464 928 4519 sola
958 4462 1195 4519 excludit
1218 4478 1248 4517 a
1270 4463 1426 4519 caelo.
1454 4463 1711 4519 Invidiam
1743 4468 1927 4537 procul
1968 4484 2088 4525 esse

2199 3272 2403 3336 voluit,
2434 3288 2501 3327 ne
2539 3272 2680 3325 intus
2710 3270 2998 3331 orirentur,
3043 3275 3100 3322 et
3127 3267 3398 3323 lctbaliter
3425 3267 3788 3324 crescentibus

2200 3366 2346 3421 ﬁbris
2373 3366 2813 3420 convalescerent
2840 3361 3068 3416 fortasse
3096 3362 3148 3416 in
3180 3361 3381 3428 animo,
3414 3362 3459 3416 si
3486 3362 3786 3430 germinas-

2197 3465 2317 3512 scnt
2346 3457 2398 3511 in
2426 3457 2561 3512 visu.
2587 3457 2791 3511 Idcirco
2820 3455 2999 3523 itaque
3029 3454 3104 3507 ait
3132 3454 3392 3508 Dominus
3416 3455 3661 3523 petulcos
3683 3455 3788 3532 im-

2198 3548 2515 3618 pudicorum
2565 3548 2840 3603 hominum
2891 3546 3114 3600 intuitus
3161 3562 3302 3600 noxa
3365 3545 3608 3600 adulterii
3674 3562 3785 3600 non

2199 3654 2407 3702 carere,
2441 3639 2649 3694 scilicet
2677 3647 2736 3693 ut
2774 3638 2866 3708 qui
2895 3638 3036 3692 bona
3068 3636 3170 3692 fide
3196 3635 3404 3706 fugeret
3443 3637 3784 3702 adulterium,

2197 3732 2492 3787 custodiret
2511 3740 2806 3801 aspectum.
2830 3729 3089 3784 Perfectae
3109 3729 3372 3798 siquidem
3403 3745 3466 3784 ac
3489 3729 3788 3785 sincerissi-

2198 3839 2298 3878 mm
2326 3825 2627 3880 sanctitatis
2653 3823 2842 3877 volens
2867 3822 3101 3877 cultores
3142 3837 3268 3877 suos
3296 3819 3468 3876 facere
3512 3820 3784 3887 Salvator,

2190 3916 2350 3986 jussit
2378 3918 2445 3972 ab
2474 3917 2558 3970 his
2587 3905 2894 3971 cautissime
2933 3915 3094 3968 etiam
3125 3913 3340 3967 minima
3371 3911 3544 3976 vitari,
3577 3912 3786 3968 scilicet

2195 4017 2254 4062 ut
2281 4023 2443 4077 quam
2472 4023 2604 4079 pura
2635 4016 2718 4062 est
2737 4005 2937 4076 pupilla
2961 4005 3102 4059 oculi
3119 4044 3132 4069 ,
3160 4014 3266 4058 tam
3293 4015 3421 4072 pura
3449 4010 3595 4056 esset
3620 4002 3784 4058 Chri-

2193 4101 2351 4154 stiani
2371 4101 2604 4156 hominis
2622 4100 2752 4164 vita,
2777 4106 2832 4153 ct
2851 4098 2986 4152 sicut
3007 4097 3154 4151 salva
3177 4096 3394 4150 intuitus
3412 4094 3785 4152 incolumitate

2194 4193 2428 4262 pulveris
2457 4192 2633 4246 labem
2677 4192 2729 4245 in
2773 4205 2832 4245 se
2876 4191 3064 4245 oculus
3094 4205 3200 4244 non
3230 4189 3522 4259 reciperet,
3566 4189 3646 4245 sic
3673 4190 3782 4245 vita

2194 4291 2378 4336 nostra
2407 4282 2582 4336 labem
2611 4283 2663 4336 in
2694 4297 2754 4336 se
2776 4282 2988 4352 penitus
3013 4280 3359 4352 impudicitia:
3385 4294 3494 4335 non
3533 4280 3780 4336 haberet.

2194 4375 2346 4430 Unde
2365 4383 2449 4430 est
2469 4375 2596 4430 illud
2618 4375 2776 4430 etiam
2798 4374 2941 4444 quod
2964 4373 3017 4429 in
3038 4373 3386 4444 sequentibus
3400 4373 3476 4426 ait
3489 4373 3778 4428 Dominus:

2194 4466 2255 4522 Si
2283 4467 2607 4522 scandalizat
2631 4476 2678 4520 te
2698 4466 2872 4521 oculus
2910 4477 3044 4532 tuus,
3074 4483 3193 4521 erue
3220 4483 3356 4520 eum.
3379 4464 3450 4520 Et
3477 4468 3523 4521 si
3551 4468 3780 4522 scanda-

499 4555 655 4627 jussit
674 4553 915 4610 Christus
953 4570 984 4609 a
1014 4554 1187 4609 nobis.
1213 4554 1284 4608 At
1304 4570 1405 4610 nos
1432 4564 1618 4611 contra
1641 4595 1656 4620 ,
1684 4573 1791 4613 non
1814 4564 2086 4617 extraneis
2111 4545 2163 4606 Ῑ)
2189 4557 2313 4611 lizat
2341 4568 2387 4612 te
2404 4574 2586 4611 manus
2609 4566 2717 4623 tua,
2741 4556 2988 4612 abscinde
3008 4575 3141 4612 eam.
3167 4556 3392 4629 Expedit
3413 4556 3504 4612 tibi
3523 4569 3580 4612 ut
3605 4567 3783 4631 pereat

501 4656 727 4714 tantum,
773 4648 869 4704 sed
911 4649 1074 4703 etiam
1113 4648 1374 4718 proximis
1412 4649 1738 4717 invidemus;
1783 4667 1882 4707 nec
1908 4655 2084 4709 solum

500 4741 778 4807 inimicos,
819 4740 913 4796 sed
943 4741 1104 4796 etiam
1141 4741 1343 4796 amicos
1369 4749 1582 4798 nostros
1611 4743 1778 4798 livore
1805 4745 2081 4814 perfundi-

499 4849 640 4888 mus.
659 4831 808 4888 Adeo
828 4848 999 4903 prope
1016 4834 1069 4887 in
1085 4833 1320 4888 omnium
1341 4849 1504 4890 sensu
1525 4836 1629 4891 hoc
1651 4837 1846 4892 malum
1870 4849 2078 4908 regnat;

498 4926 636 4980 adeo
680 4925 948 4980 esuriendi
993 4925 1154 4980 libido
1202 4928 1490 4982 terminum
1535 4928 1717 4992 habet,
1764 4929 2082 4987 detrahendi

496 5016 661 5072 libido
702 5016 991 5070 terminum
1039 5033 1146 5072 non
1182 5017 1362 5072 habet.
1389 5017 1521 5072 Nam
1551 5034 1764 5090 semper
1791 5019 2079 5077 admodum

495 5111 646 5177 cibo,
678 5123 952 5177 nunquam
980 5109 1314 5164 detractione
1335 5119 1656 5168 saturamur.
1682 5111 1786 5169 Sed
1815 5115 1947 5171 levis
1976 5115 2084 5171 for-

494 5203 634 5261 sitan
653 5216 813 5274 poena
835 5200 988 5256 istius
1009 5201 1144 5257 labis
1165 5209 1264 5256 est.
1284 5201 1592 5270 Detrahens,
1613 5206 1785 5276 inquit
1805 5207 2082 5278 Scriptura

494 5312 662 5362 sacra,
694 5293 1064 5351 eradicabitur.
1094 5293 1284 5351 Gravis
1311 5296 1554 5366 profecto
1579 5307 1634 5353 et
1664 5300 1937 5355 tremenda
1967 5302 2082 5356 ani-

496 5389 816 5455 madversio,
835 5387 931 5444 sed
946 5396 1128 5442 tamen
1150 5387 1294 5442 nulla
1313 5389 1596 5444 correctio.
1615 5389 1915 5447 Dummodo
1937 5393 2081 5447 enim

433 5538 442 5541 _
497 5480 857 5550 unusquisque
883 5481 1162 5538 hominum
1204 5480 1366 5535 alium
1407 5481 1646 5536 lacerare
1691 5499 1797 5537 non
1843 5484 2073 5550 desinat,

495 5571 632 5627 tanti
659 5579 810 5644 putat
833 5581 893 5627 ut
919 5575 1081 5654 etiam
1109 5571 1211 5628 sibi
1240 5572 1356 5643 ipse
1396 5588 1503 5627 non
1544 5582 1748 5643 parcat.
1781 5573 1888 5628 Sed
1916 5575 2075 5644 digna

2189 4668 2346 4705 unum
2385 4649 2724 4704 membrorum
2779 4659 2978 4704 tuorum
3025 4666 3176 4722 quam
3206 4658 3364 4704 totum
3411 4666 3594 4720 corpus
3639 4659 3777 4705 tuum

2188 4748 2419 4800 mittatur
2447 4746 2500 4798 in
2541 4745 2824 4815 gehennam
2847 4742 3041 4813 (Ibid,
3071 4742 3160 4810 29,
3195 4742 3316 4811 50).
3349 4741 3407 4798 Si
3437 4743 3599 4812 igitur
3621 4743 3776 4812 juxta

2189 4839 2283 4893 Dei
2326 4839 2548 4893 verbum
2594 4838 2649 4892 in
2695 4837 2992 4905 gehennam
3023 4835 3289 4890 scandalis
3316 4835 3598 4909 trahimur,
3628 4844 3777 4891 recte

2188 4930 2451 5000 profecto,
2484 4937 2541 4982 ut
2569 4929 2867 4998 gehennam
2890 4929 3059 4982 vitare
3086 4927 3374 4998 possimus,
3406 4927 3568 4982 etiam
3598 4929 3774 4982 mani-

2187 5021 2288 5076 bus
2315 5020 2514 5074 nostris
2545 5035 2644 5074 nos
2674 5020 2948 5088 oculisque
2971 5020 3289 5074 multamus:
3311 5035 3418 5074 non
3439 5020 3586 5090 quod
3605 5035 3776 5076 mem-

2187 5115 2298 5170 bris
2326 5114 2438 5169 suis
2464 5113 2584 5182 quis
2613 5113 2823 5183 privare
2850 5129 2910 5168 se
2936 5113 3147 5176 debeat,
3176 5112 3271 5166 sed
3299 5111 3424 5181 quia
3444 5119 3558 5166 tam
3587 5127 3776 5168 neces-
3817 5093 3821 5100 ’

2187 5207 2341 5262 saria:
2362 5206 2518 5262 nobis
2538 5213 2663 5261 sunt
2683 5205 2924 5274 quiedam
2949 5203 3366 5260 domesticorum
3388 5205 3772 5274 obsequiorum
3813 5197 3826 5292 ί

2186 5298 2624 5365 necessitudines,
2677 5306 2734 5352 ut
2779 5297 2861 5352 his
2906 5296 3058 5366 quasi
3107 5297 3212 5368 53
3260 5297 3451 5362 oculis,
3501 5297 3771 5353 interdum
3820 5293 3824 5305 ’

2185 5400 2364 5447 autem
2383 5391 2538 5462 quasi
2558 5391 2804 5446 manibus
2823 5398 3054 5453 utamur,
3078 5397 3227 5444 recte
3248 5389 3406 5445 nobis
3425 5390 3768 5460 prasentium

2184 5485 2602 5540 ministeriorum
2630 5484 2804 5540 officia
2843 5483 3232 5548 subtrahimus,
3264 5498 3333 5538 ne
3363 5492 3388 5520 ιι
3417 5483 3604 5538 aeterni
3632 5483 3768 5551 ignis
3820 5459 3830 5529 ἰ

2181 5585 2447 5632 tormenta
2476 5577 2758 5647 patiamur.
2792 5573 2893 5629 Ubi
2924 5574 3066 5628 enim
3091 5574 3159 5630 de
3187 5574 3484 5631 ministerio
3512 5575 3691 5644 agitur
3711 5581 3767 5630 et

1681 5675 2018 5740 STEPHANI
2054 5685 2320 5743 BALUZII
2359 5687 2583 5743 ΝΟΤΕ.

564 5787 591 5817 ι
609 5775 686 5835 le
711 5775 812 5835 fuit
835 5779 1077 5833 veterum
1119 5779 1417 5848 persuasio,
1453 5785 1515 5836 ut
1541 5778 1914 5838 existimarent
1951 5794 2071 5837 esse
2127 5864 2129 5866 η
2177 5788 2435 5838 aeternum
2464 5783 2640 5850 ignem
2668 5778 2806 5849 apud
2841 5779 3041 5840 inferos
3067 5795 3176 5849 quo
3202 5780 3441 5843 damnati
3475 5794 3761 5841 exureren-
