4088 6360
314 285 388 354 85
767 359 774 365 ,
1403 291 1489 350 ne
1527 292 2057 353 GUBERNATIONE
2096 294 2207 350 DEI
2245 293 2372 350 LIB.
2416 293 2502 352 ιιι.
3527 297 3598 362 es

310 411 446 478 vita,
476 410 678 467 rectius
696 411 939 482 profecto
957 406 1268 465 Christiano
1295 418 1380 466 est
1400 410 1698 468 ministerio
1718 426 1904 468 carere
1932 415 1982 477 Α
2008 411 2054 466 si
2082 426 2191 466 non
2220 409 2416 467 faciant
2439 412 2586 482 quod
2619 411 2896 483 jubeutur.
2919 411 3088 470 Porro
3110 423 3289 471 autem
3328 430 3428 474 nos
3451 419 3599 515 omni

349 517 478 558 nam
507 503 642 558 vita.

309 517 478 574 quam
507 517 642 558 vna.

380 595 474 652 IX.
517 595 703 666 Itaque
730 611 854 652 cum
892 596 948 652 in
985 595 1236 652 omnibus
1263 596 1347 652 his
1385 612 1504 668 qua:
1532 596 1765 651 diximus
1788 597 1913 652 obe-

305 689 427 747 dire
454 702 557 744 nos
603 687 706 743 sibi
732 687 990 743 Dominus
1017 696 1203 744 noster
1240 687 1492 758 jusserit,
1535 688 1624 742 ubi
1663 694 1789 743 sunt
1815 687 1910 756 qui

205 771 221 778 ”
305 790 404 838 ant
433 783 486 837 in
517 781 785 837 universis
811 781 1080 838 mandatis
1107 781 1241 847 Deo,
1274 789 1368 838 aut
1387 789 1535 837 certe
1562 781 1647 836 vel
1688 783 1742 836 in
1771 797 1906 852 pau-

303 874 540 930 cissimis
585 874 990 944 obsequantur?
1020 873 1124 930 Ubi
1171 883 1298 931 sunt
1341 875 1431 945 qui
1480 883 1574 929 aut
1603 883 1630 912 ι
1662 874 1907 929 inimicos

301 965 552 1034 diligant,
582 973 676 1022 aut
722 967 1168 1038 persequentibus
1214 968 1575 1032 benefaciant,
1606 976 1700 1023 aut
1734 967 1907 1022 malos

301 1059 360 1113 in
391 1060 538 1115 bono
563 1061 815 1125 vincant,
843 1062 936 1132 qui
973 1061 1220 1116 maxillas
1243 1061 1571 1117 caedentibus
1598 1061 1901 1132 praebeant,

303 1153 402 1220 qui
431 1152 787 1223 spoliantibus
825 1169 914 1210 res
954 1170 1078 1210 snas
1116 1155 1233 1210 sine
1271 1156 1365 1210 lite
1393 1145 1736 1211 concedant?
1775 1154 1906 1221 Quis

301 1253 394 1301 est
413 1245 554 1316 apud
583 1261 746 1317 quem
767 1247 795 1287 ι)
825 1248 1171 1304 delectationi
1196 1251 1412 1320 penitus
1442 1249 1575 1304 nihil
1602 1249 1788 1316 liceat,
1812 1251 1904 1318 qui

299 1339 554 1396 convicio
581 1355 681 1396 suo
709 1341 980 1397 neminem
1029 1342 1209 1409 laedat,
1239 1343 1332 1412 qui
1379 1343 1595 1398 silentio
1640 1359 1702 1398 os
1745 1357 1902 1398 coer-

251 1470 264 1475 -
299 1439 447 1498 ceat,
497 1447 566 1488 ne
612 1432 668 1486 in
714 1433 1127 1490 amaritudinem
1176 1434 1572 1490 maledictionis
1619 1436 1904 1505 erumpat?

296 1520 434 1590 Quis
459 1532 544 1579 est
562 1523 656 1595 qui
680 1522 841 1580 faciat
867 1525 983 1582 haec
1010 1526 1270 1581 minima?
1297 1534 1357 1581 ut
1383 1541 1493 1582 non
1521 1525 1694 1581 dicam
1718 1525 1807 1580 illa
1835 1525 1904 1582 de

295 1616 497 1686 quibus
542 1617 776 1672 diximus
821 1618 983 1689 paulo
1031 1626 1178 1683 ante,
1211 1618 1436 1688 majora.
1479 1617 1612 1685 Quae
1658 1633 1780 1674 cum
1826 1618 1901 1672 ita

302 1706 436 1774 sint,
467 1715 522 1762 et
563 1724 688 1764 cum
714 1723 747 1764 a
773 1709 932 1765 nobis
960 1710 1035 1765 nil
1064 1711 1282 1782 penitus
1309 1711 1602 1767 Dominicze
1641 1711 1902 1781 jussionis

2012 501 2212 569 studio,
2241 503 2388 558 omni
2409 503 2548 570 nisu,
2581 521 2688 560 non
2719 508 2892 563 solum
2917 507 3063 578 jussa
3091 524 3198 566 non
3225 507 3474 577 facimus,
3506 501 3603 566 s€d

2012 604 2200 653 contra
2230 596 2283 651 id
2307 596 2532 652 facimus
2551 597 2697 667 quod
2715 597 2994 666 jubemur.
3021 599 3180 657 lubet
3207 603 3353 658 enim
3377 602 3522 659 Deus
3541 609 3605 659 ut

2011 703 2200 744 omnes
2224 687 2379 742 nobis
2407 688 2636 744 invicem
2667 689 2816 744 chari
2844 692 3011 748 simus
3035 711 3048 747 :
3082 709 3268 751 omnes
3297 703 3475 751 autem
3501 710 3603 752 nos

2010 787 2197 833 mutua
2226 777 2570 834 infestatione
2611 781 2928 838 laceramns.
2957 781 3118 840 Jubet
3163 785 3306 842 Deus
3340 796 3399 842 ut
3423 787 3601 843 cuncti

2009 873 2291 942 egentibus
2330 889 2425 929 sua
2453 873 2723 941 tribuant;
2753 875 2934 930 cuncti
2961 876 3249 934 admodum
3278 880 3451 936 aliena
3478 897 3600 952 per-

2007 964 2229 1020 vadunt.
2278 965 2436 1020 Juhet
2485 965 2625 1021 Deus
2674 975 2732 1021 ut
2772 969 2946 1022 omnis
2989 971 3080 1039 qui
3125 969 3458 1027 Christianus
3496 981 3598 1039 est,

2009 1064 2171 1119 etiam
2203 1065 2392 1120 oculos
2429 1073 2610 1120 castos
2639 1065 2871 1132 habeat;
2901 1075 3099 1136 quotus
3139 1069 3366 1138 quisque
3403 1078 3483 1124 est
3510 1069 3601 1138 qui

2009 1173 2118 1213 non
2147 1174 2206 1213 se
2253 1159 2366 1213 luto
2418 1157 2789 1214 fornicationis
2836 1159 3109 1213 involvat?
3139 1158 3206 1212 Et
3245 1160 3374 1229 quid
3417 1161 3604 1231 plura?

2008 1250 2185 1305 Grave
2211 1257 2266 1305 et
2294 1250 2596 1306 luctuosum
2626 1260 2708 1305 est
2735 1249 2878 1319 quod
2909 1249 3148 1306 dicturus
3187 1265 3326 1304 sum.
3355 1249 3471 1320 Ipsa
3505 1250 3604 1305 Ec-

2008 1344 2171 1399 clesia
2201 1343 2316 1409 Dei,
2344 1359 2463 1412 qua:
2492 1345 2545 1398 in
2569 1343 2820 1398 omnibus
2847 1353 2965 1398 esse
2995 1342 3155 1398 debet
3184 1341 3445 1412 placatrix
3485 1341 3602 1408 Dei,

2007 1435 2137 1506 quid
2165 1435 2419 1490 estaliud
2464 1450 2626 1504 quam
2674 1435 3046 1490 exacerbatrix
3097 1433 3227 1489 Dei?
3271 1441 3362 1488 aut
3407 1442 3603 1504 praeter

2007 1525 2361 1596 paucissimos
2387 1526 2648 1597 quosdam
2669 1527 2759 1596 qui
2781 1527 2920 1581 mala
2943 1526 3170 1596 fugiunt,
3193 1525 3320 1595 quid
3351 1533 3433 1580 est
3460 1524 3601 1579 aliud

2007 1633 2147 1689 pene
2175 1619 2352 1673 omnis
2398 1627 2571 1674 cmtus
2615 1619 3045 1675 Christianorum
3075 1635 3234 1690 quam
3290 1619 3498 1674 sentina
3524 1618 3601 1671 vi-

2007 1711 2250 1766 tiorum?
2279 1710 2514 1778 Quotum
2545 1712 2687 1767 enim
2719 1726 2989 1783 quemque
3019 1711 3258 1766 invenies
3280 1711 3333 1765 in
3362 1709 3600 1766 Ecclesia

297 1799 414 1868 ﬁat,
446 1801 576 1872 quid
594 1811 678 1859 est
704 1803 848 1874 quod
870 1818 972 1860 nos
998 1819 1290 1876 queramur
1316 1804 1385 1861 de
1412 1805 1544 1868 Deo,
1579 1821 1700 1862 cum
1739 1806 1892 1875 queri
1925 1804 1973 1865 B
1999 1821 2110 1860 non
2159 1813 2253 1859 aut
2291 1805 2582 1869 ebriosum,
2615 1814 2709 1859 aut
2757 1805 3086 1870 helluonem,
3132 1812 3228 1858 aut
3271 1802 3599 1868 adulterum,

235 1932 241 1937 .
294 1893 468 1962 magis
504 1892 646 1950 Deus
669 1893 737 1950 de
763 1894 921 1951 nobis
965 1897 1217 1953 omnibus
1243 1897 1446 1967 possit?
1474 1895 1602 1964 Quae
1643 1898 1781 1952 ratio
1809 1906 1893 1953 est

304 1991 367 2038 ut
393 1983 672 2041 doleamus
699 2002 799 2042 nos
826 2003 936 2043 non
963 1987 1134 2043 audiri
1177 2003 1208 2042 a
1255 1988 1388 2054 Deo,
1423 2005 1544 2045 cum
1584 1990 1686 2060 ipsi
1723 1989 1896 2045 Deum

299 2089 408 2130 non
437 2075 714 2132 audiamus
740 2085 798 2133 et
825 2093 1168 2134 susurremus
1204 2094 1312 2135 non
1340 2079 1536 2150 respici
1579 2096 1610 2134 a
1640 2079 1752 2136 Deo
1780 2089 1896 2134 ter-

298 2187 410 2240 ras,
439 2191 561 2231 cum
591 2175 695 2247 ipsi
737 2191 848 2231 non
891 2178 1245 2248 respiciamus
1273 2179 1340 2231 ad
1379 2179 1608 2244 cmlum;
1651 2187 1710 2231 ut
1737 2179 1906 2232 mole;

299 2271 443 2320 stum
488 2267 558 2320 sit
589 2277 612 2306 ε
645 2266 848 2336 despici
897 2281 928 2321 a
977 2267 1210 2322 Domino
1256 2283 1447 2337 preces
1489 2276 1726 2335 nostras,
1779 2284 1900 2324 cum

300 2363 568 2427 praecepta
597 2355 714 2426 ejus
761 2355 1132 2426 deSpiciantur
1173 2371 1204 2410 a
1242 2356 1435 2412 nobis?
1463 2357 1570 2414 Fac
1607 2373 1707 2413 nos
1745 2374 1902 2430 pares

302 2445 532 2502 Domino
551 2456 741 2502 nostro
762 2462 900 2502 esse.
929 2446 1060 2514 Quis
1077 2447 1238 2517 iusta:
1257 2449 1609 2518 querimonias
1625 2450 1774 2506 locus
1794 2458 1895 2517 est,

303 2535 411 2594 hoc
436 2540 549 2609 pati
577 2553 845 2610 quemque
871 2539 1014 2609 quod
1052 2541 1282 2596 fecerit?
1309 2541 1471 2596 Salvo
1499 2557 1566 2596 eo
1590 2542 1734 2612 quod
1767 2559 1895 2613 pro-

304 2627 436 2685 bare
476 2628 632 2686 facile
675 2646 912 2701 possum,
964 2645 1304 2700 nequaquam
1349 2646 1451 2686 nos
1491 2631 1603 2702 pati
1645 2623 1734 2688 illa
1775 2648 1896 2704 quae

298 2717 543 2785 facimus,
574 2728 630 2776 et
655 2721 838 2777 mitius
865 2721 1034 2776 multo
1059 2721 1340 2777 nobiscum
1361 2722 1532 2779 Deum
1551 2738 1711 2793 agere
1730 2739 1892 2795 quam

297 2827 396 2868 nos
423 2827 547 2868 cum
584 2812 714 2869 Deo.
756 2812 864 2869 Sed
903 2815 1118 2870 interim
1149 2823 1330 2870 tamen
1374 2815 1476 2870 hac
1511 2830 1734 2886 agamus
1773 2818 1893 2887 lege

294 2919 402 2975 qua
440 2904 719 2975 capimus.
759 2904 850 2962 Sic
876 2906 1020 2960 enim
1050 2905 1165 2975 ipse
1205 2905 1370 2962 etiam
1419 2907 1678 2963 Dominus
1706 2908 1838 2964 dicit
1872 2928 1884 2962 :

293 2995 525 3052 Clamavi
553 2997 622 3051 ad
646 3014 753 3065 vos,
785 3006 836 3052 et
871 3015 977 3053 non
1015 2998 1235 3053 audistis
1263 3015 1372 3064 me;
1403 3008 1452 3053 et
1480 3016 1566 3054 vos
1597 2999 1888 3054 clamabitis

293 3090 364 3144 ad
382 3107 480 3156 me,
511 3099 561 3167 et
586 3108 691 3146 non
719 3091 997 3146 exaudiam
1025 3109 1112 3146 vos
1139 3090 1273 3164 (Jer.
1317 3108 1390 3156 ιιι,
1425 3090 1483 3145 il
1509 3110 1523 3158 ;
1577 3091 1741 3147 Zach.
1792 3109 1881 3158 vn,

2000 1905 2094 1953 aut
2122 1896 2527 1961 fomicatorem,
2557 1905 2650 1950 aut
2697 1906 2992 1967 raptorem,
3025 1903 3116 1949 aut
3155 1907 3476 1964 ganeonem,
3507 1900 3600 1947 aut

1999 1989 2292 2053 latronem,
2321 1997 2415 2042 aut
2435 1989 2794 2044 homicidam?
2819 1997 2874 2043 et
2902 1987 3046 2059 quod
3069 1988 3152 2042 his
3171 1986 3420 2042 omnibus
3447 1984 3600 2059 pejus

2001 2091 2106 2144 est,
2153 2097 2323 2152 prope
2375 2083 2488 2135 haec
2539 2090 2733 2136 cuncta
2778 2082 2896 2136 sine
2943 2080 3070 2136 fine.
3126 2080 3407 2148 Interrogo
3456 2077 3600 2132 enim

2005 2169 2435 2224 Christianorum
2486 2172 2727 2224 omnium
2773 2171 3159 2224 conscientiam
3212 2189 3224 2222 :
3277 2185 3343 2224 ex
3385 2169 3470 2223 bis
3516 2166 3600 2221 vel

2007 2261 2223 2330 ﬂagitiis
2271 2261 2356 2316 vel
2404 2261 2696 2316 sceleribus
2750 2277 2870 2330 qua:
2916 2276 3058 2315 nunc
3104 2259 3364 2326 diximus,
3405 2266 3602 2330 quotus

2005 2351 2236 2420 quisque
2262 2352 2540 2406 hominum
2569 2367 2676 2406 non
2707 2350 2905 2420 aliquid
2927 2358 3010 2406 est
3040 2352 3251 2416 horum,
3285 2358 3377 2404 aut
3401 2354 3600 2418 quotus

2003 2445 2233 2514 quisque
2261 2461 2367 2501 non
2400 2447 2608 2500 totum?
2637 2443 2868 2499 Facilius
2892 2445 3090 2515 quippe
3126 2443 3369 2498 invenias
3396 2441 3490 2511 qui
3513 2450 3599 2495 to-

2001 2545 2117 2592 tum
2145 2539 2214 2593 sit
2242 2553 2401 2608 quam
2429 2539 2520 2608 qui
2548 2539 2699 2594 nihil.
2724 2537 2791 2592 Et
2817 2537 2962 2608 quod
2989 2536 3222 2592 diximus
3260 2536 3413 2602 nihil,
3440 2536 3598 2590 nimis

1997 2630 2223 2687 forsitan
2275 2633 2452 2701 gravis
2496 2633 2740 2688 videatur
2782 2647 2902 2687 esse
2947 2647 3206 2687 censui-te.
3252 2629 3380 2686 Plus
3428 2630 3597 2685 multo

1996 2721 2196 2778 dicam.
2229 2723 2460 2780 Facilius
2482 2725 2722 2780 invenias
2741 2740 2866 2780 reos
2887 2725 3150 2778 malorum
3173 2723 3410 2778 omnium
3433 2736 3594 2790 quam

1996 2830 2108 2869 non
2144 2817 2417 2880 omnium;
2448 2815 2658 2872 facilius
2685 2814 2950 2884 majorum
2988 2814 3272 2870 criminum
3302 2828 3462 2882 quam
3493 2814 3594 2868 mi-

1995 2922 2194 2962 norum
2240 2926 2251 2959 :
2286 2907 2391 2978 55
2434 2907 2487 2961 id
2536 2917 2637 2971 est,
2668 2906 2874 2961 facilius
2901 2907 2993 2975 qui
3041 2914 3095 2960 et
3122 2902 3327 2973 majora
3373 2904 3596 2959 crimina

1993 3014 2120 3054 cum
2149 2999 2466 3066 minoribus,
2491 3014 2652 3069 quam
2680 2999 2770 3069 qui
2802 2997 3009 3054 minora
3042 3004 3248 3052 tantum
3279 2996 3396 3050 sine
3420 2994 3593 3064 majo-

1994 3091 2144 3147 ribus
2171 3091 2552 3162 perpetrarint.
2583 3091 2642 3146 In
2672 3092 2813 3147 hanc
2841 3091 2983 3146 enim
3016 3105 3228 3146 morum
3263 3088 3595 3160 probrosita-

292 3180 404 3253 15).
433 3182 572 3250 Quid
599 3183 743 3239 enim
768 3183 1011 3254 dignius,
1041 3191 1135 3238 aut
1158 3182 1288 3252 quid
1311 3182 1544 3252 justius?
1571 3182 1691 3238 Non
1732 3182 1886 3238 audi-
1915 3173 1964 3238 C
1996 3189 2108 3238 tem
2137 3198 2306 3253 prope
2335 3182 2511 3237 omnis
2549 3181 2914 3238 ecclesiastica
2952 3181 3103 3253 plebs
3145 3180 3360 3235 redacta
3391 3188 3505 3244 est,
3535 3185 3594 3233 ut

290 3275 485 3342 vimus,
518 3290 626 3331 non
671 3275 919 3331 audimur
946 3294 958 3329 :
985 3274 1092 3346 55,
1118 3291 1232 3330 non
1271 3276 1629 3346 respeximus,
1658 3292 1768 3332 non
1796 3293 1887 3333 re-

289 3370 564 3441 spicimur.
595 3369 744 3436 Quis,
775 3383 930 3438 rogo,
961 3383 1030 3423 ex
1057 3368 1362 3425 carnalibus
1387 3367 1623 3423 dominis
1642 3369 1744 3426 hac
1764 3385 1886 3425 cum

290 3465 401 3521 suis
423 3465 542 3535 lege
569 3477 730 3532 agere
756 3473 1042 3520 contentus
1071 3472 1184 3531 est,
1217 3473 1276 3520 ut
1303 3473 1615 3521 contemnat
1643 3474 1885 3522 tantum-

291 3556 455 3612 modo
483 3571 667 3611 servos
687 3571 833 3623 suos,
851 3557 978 3627 quia
997 3555 1155 3612 fuerit
1177 3556 1246 3611 ab
1266 3557 1346 3612 eis
1365 3557 1480 3626 ipse
1504 3559 1887 3629 contemptus?
1957 3618 1962 3622 ,

291 3645 608 3720 Quanquam
636 3663 736 3704 nos
762 3664 875 3704 non
903 3649 1005 3704 hac
1031 3648 1206 3703 solum
1235 3648 1431 3718 injuria
1477 3658 1887 3706 contemnamus

291 3740 480 3810 Deum,
508 3759 614 3814 qua
639 3742 912 3799 contemni
941 3757 973 3796 a
997 3741 1165 3798 servis
1188 3742 1300 3798 suis
1327 3739 1355 3780 ἀ
1395 3741 1598 3798 domini
1639 3744 1883 3799 carnales

289 3834 483 3902 solent,
511 3835 637 3905 quia
660 3850 938 3891 servorum
980 3835 1066 3890 hic
1103 3841 1446 3905 contemptus
1485 3845 1569 3892 est
1587 3839 1876 3904 maximus,

1998 3275 2054 3330 in
2109 3283 2302 3330 cuncto
2352 3275 2553 3346 populo
2613 3273 2921 3330 Christiano
2977 3289 3147 3344 genus
3191 3272 3592 3344 quodammodo

1993 3368 2296 3423 sanctitatis
2324 3368 2426 3431 sit,
2464 3379 2488 3406 ε
2518 3367 2696 3422 minus
2725 3383 2845 3423 esse
2875 3367 3147 3423 vitiosum.
3179 3365 3365 3435 Itaque
3413 3365 3590 3420 eccle-

1993 3461 2103 3516 sias
2131 3461 2216 3516 vel
2247 3461 2424 3532 potius
2455 3462 2655 3532 templa
2684 3470 2846 3530 atque
2883 3461 3075 3515 altaria
3124 3459 3219 3514 Dei
3249 3459 3472 3513 minoris
3500 3473 3590 3513 re-

1992 3553 2249 3608 verentia:
2286 3552 2504 3623 quidam
2543 3553 2743 3608 habent
2770 3567 2931 3622 quam
2971 3551 3258 3621 cujuslibet
3284 3550 3489 3605 minimi
3529 3563 3592 3604 ac

1993 3651 2334 3722 municipalis
2369 3651 2565 3721 judicis
2611 3649 2848 3706 domum.
2900 3648 3176 3720 Siquidem
3217 3648 3355 3703 intra
3397 3645 3592 3716 januas

1991 3759 2104 3798 non
2133 3743 2293 3799 modo
2325 3742 2344 3782 ί
2378 3743 2682 3801 inlustrium
2706 3749 3063 3815 potestatum,
3097 3740 3192 3798 sed
3222 3740 3384 3795 etiam
3406 3739 3592 3810 praesi-

1991 3836 2120 3891 dum
2161 3852 2224 3892 ac
2275 3836 2716 3906 prmpositorum,
2767 3850 2877 3890 non
2918 3849 3108 3890 omnes
3148 3832 3348 3903 passim
3389 3831 3590 3886 intrare

1474 3926 1814 3982 STEPHANI
1851 3926 2128 3983 BALUZII
2165 3924 2394 3981 NOTAE.

217 4009 232 4020 ”
291 4024 398 4072 tur.
446 4016 680 4086 Elegans
717 4026 802 4074 est
835 4018 989 4073 locus
1026 4015 1210 4070 Fausti
1249 4017 1490 4086 episcopi
1534 4017 1784 4086 Beiensis
1831 4019 1887 4072 in

293 4087 536 4157 epistola
558 4085 720 4157 ’sexta
748 4088 816 4141 ad
856 4085 1486 4157 Ruriciumﬂepiscopum
1530 4085 1886 4142 Lemovicen-

291 4154 409 4213 sem
443 4175 454 4208 :
493 4155 641 4210 Unde
664 4159 791 4229 ipse,
817 4156 1009 4225 inquit,
1036 4155 1417 4229 facileterrena
1439 4154 1677 4229 despicis,
1715 4157 1791 4211 vel
1809 4159 1887 4229 [e-

289 4229 526 4281 nerantis
556 4224 698 4281 more
717 4224 1006 4299 dispensus,
1036 4224 1160 4299 dum
1185 4224 1316 4280 illud
1345 4224 1538 4296 cogitas
1567 4224 1882 4299 tempusque

286 4305 572 4370 exui-eatur
589 4306 885 4367 peccatores
908 4298 1042 4370 sicut
1059 4298 1252 4370 ferrum,
1277 4313 1375 4368 quo
1397 4299 1665 4370 minantis
1687 4298 1880 4370 gehen—

287 4383 372 4423 πω
400 4369 578 4438 furore
621 4377 885 4438 perpetuo,
933 4367 1080 4438 cujus
1119 4367 1297 4438 fumus
1331 4367 1564 4422 ascendit
1599 4370 1654 4422 in
1685 4367 1878 4424 Saecula

286 4436 812 4522 stecuglorum‘,‘l.iiiqui
842 4436 1185 4522 ⁸τιεξςφιςίιξρεηυιι
1207 4436 1401 4522 oblata,
1425 4439 1537 4522 Atali
1579 4452 1740 4522 morte
1773 4459 1878 4522 pu-

285 4513 512 4574 nientur,
544 4517 600 4562 ut
621 4510 694 4562 eis
721 4507 854 4562 mori
872 4507 930 4562 iri
949 4507 1126 4562 dolore
1153 4525 1258 4563 non
1283 4510 1454 4574 liceat,
1477 4513 1713 4565 morituri
1737 4507 1874 4574 vitm,

283 4589 335 4635 et
354 4580 510 4635 morti
542 4579 655 4633 sine
681 4580 1000 4650 finevicturi.
1031 4578 1164 4650 Item
1193 4579 1246 4635 in
1272 4580 1501 4650 epistola
1530 4582 1734 4650 prima:
1765 4581 1881 4637 Ho-

282 4668 370 4706 mo
388 4667 510 4722 ergo
539 4666 631 4722 pro
651 4648 956 4722 mortalibus
982 4649 1134 4722 malis
1161 4648 1442 4705 moriturus
1469 4648 1546 4704 est
1572 4650 1702 4716 Deo,
1733 4663 1784 4707 et
1805 4656 1880 4707 vi-

1994 4035 2116 4080 nor,
2140 4018 2270 4085 quia
2299 4025 2618 4087 senescente
2652 4015 2913 4082 Ecclesia,
2957 4030 3172 4087 semper
3196 4015 3498 4087 recedimus
3521 4015 3591 4072 ab

1993 4084 2204 4156 origine
2230 4087 2462 4156 pietatis.
2496 4086 2725 4143 Videant
2753 4087 2947 4156 quibus
2975 4084 3142 4142 moris
3186 4095 3268 4142 est
3309 4084 3506 4142 Christi
3534 4095 3591 4142 et

1992 4155 2249 4212 Eculesiaé
2278 4158 2424 4226 leges
2450 4173 2602 4218 ,naso
2651 4155 2981 4228 suspendere
3026 4158 3110 4212 vel
3159 4157 3382 4214 ridicula
3431 4159 3590 4213 inter-

1989 4229 2297 4299 pretatione
2344 4228 2575 4299 mollire,
2623 4228 2922 4297 cuiusmodi
2971 4228 3193 4284 nimium
3245 4229 3397 4284 multi
3439 4239 3583 4294 sunt,

1984 4298 2166 4354 utrum
2213 4313 2404 4368 magna
2433 4298 2604 4354 virtus
2645 4301 2716 4356 sit
2769 4300 3018 4357 inimicos
3053 4299 3298 4369 diligere,
3339 4299 3429 4369 qui
3487 4314 3587 4356 nec

1986 4369 2233 4426 fortassis
2285 4371 2488 4426 amicos
2535 4387 2664 4426 suos
2719 4379 2902 4426 amant
2925 4413 2941 4436 ,
3002 4379 3064 4426 ut
3109 4372 3246 4426 dixit
3303 4370 3588 4427 Salvianus

1985 4439 2395 4568 pagIgiomnes
2421 4513 2704 4568 editiones.
2729 4510 2934 4578 Quibus
2955 4514 3226 4568 consentit
3253 4512 3424 4568 codex
3452 4513 3578 4569 Cor-

1985 4583 2242 4640 beiensis.
2275 4582 2389 4653 Ego
2420 4593 2601 4638 tamen
2637 4583 2885 4639 lubenter
2923 4584 3157 4653 legerem
3202 4584 3583 4650 detrectationi,

1984 4661 2167 4710 tamen
2197 4655 2298 4709 etsi
2341 4670 2445 4709 vox
2483 4654 2815 4709 delectationi
2857 4669 3074 4710 sensum
3124 4670 3342 4724 quoque
3380 4655 3582 4711 bonum

282 4719 463 4778 cturus
479 4719 704 4803 inferno.
729 4719 861 4803 {iam
885 4720 1148 4803 erit__illius
1169 4730 1406 4803 morskut
1434 4722 1567 4803 gnari
1585 4724 1713 4803 cii»
1733 4724 1883 4803 dolo-
1907 4740 1964 4802 Ῑ)
1985 4724 2196 4803 reddat.

283 4811 342 4848 re
368 4807 475 4847 non
515 4789 686 4846 liceat.
731 4789 917 4862 Neque
945 4791 1101 4862 aliter
1127 4792 1295 4847 sensit
1322 4790 1587 4848 Pacianus
1614 4793 1876 4849 Barcino-

283 4863 467 4920 nensis
496 4862 798 4934 episcopus,
829 4861 970 4934 apud
997 4876 1158 4934 quem
1187 4862 1265 4918 sic
1290 4862 1516 4932 legimus
1545 4863 1600 4917 in
1629 4879 1879 4934 parame-

281 4937 326 4993 si
360 4934 426 4989 ad
453 4931 876 5015 paenitentiam}
901 4931 1022 5015 Ipse
1048 4931 1146 5015 sibi
1181 4931 1452 5015 materiam
1483 4931 1876 5015 recrescentium

279 5001 560 5076 corporum
599 5001 967 5076 reparatignis
999 5013 1237 5076 internus.
1267 5002 1334 5076 Ιεξι
1362 5001 1613 5076 Prosper,
1643 5007 1756 5062 sive
1782 5005 1877 5062 Ju-

281 5020 560 5076 corporum
599 5020 807 5072 reparat
832 5020 967 5128 ignis
999 5020 1237 5061 wteruus.
1267 5020 1334 5058 bl
1362 5020 1613 5075 Prosper,
1643 5021 1756 5062 sive
1782 5020 1870 5062 Ju-

281 5078 459 5148 lianus
483 5073 786 5148 Pomerius,
810 5073 846 5127 li
889 5115 900 5126 .
930 5089 1006 5148 in,
1034 5073 1102 5128 de
1127 5073 1252 5128 Vita
1275 5073 1724 5144 Contemplativa,
1749 5093 1870 5148 cap.

281 5145 367 5210 ιε,
402 5146 544 5201 inter
571 5142 910 5201 infelicitates
934 5143 1310 5200 damnatorum
1335 5142 1580 5200 numerat
1601 5149 1731 5200 mori
1757 5142 1875 5203 vita:

283 5214 447 5272 beata:
493 5223 543 5271 et
568 5216 724 5270 morti
763 5215 925 5287 viuere
968 5215 1311 5287 sempiternae.
1349 5215 1518 5270 Atrox
1555 5217 1875 5287 supplicium

279 5287 429 5358 quod
458 5301 669 5358 semper
695 5286 898 5342 cruciat
925 5285 1172 5358 miseros,
1199 5301 1302 5342 nec
1330 5293 1505 5358 tamen
1544 5285 1778 5358 perimit.
1810 5288 1879 5344 Et

281 5355 664 5414 misericordia:
689 5372 858 5428 genus
883 5365 984 5424 est,
1016 5365 1076 5412 ut
1102 5355 1306 5413 Seneca
1335 5357 1436 5428 ait,
1453 5355 1562 5415 cito
1585 5359 1873 5427 occidere;

283 5427 635 5494 crudelitatis,
679 5426 840 5498 longo
880 5429 1123 5484 cruciatu
1149 5442 1363 5484 vexare.
1415 5426 1521 5484 Sed
1569 5430 1658 5485 hic
1686 5426 1875 5486 memi-

281 5498 441 5571 nisse,
454 5506 670 5571 oportet
689 5496 948 5571 Gri—genis.

354 5583 381 5610 ιι
411 5569 750 5640 Ρτὰθεθριιιιιι
777 5569 995 5641 Δ(ὶὶιιὶειί
1040 5579 1141 5637 est,
1190 5586 1299 5640 quo
1345 5570 1596 5641 jubemur
1623 5571 1870 5641 inimicos

281 5639 536 5713 diligere.
557 5637 736 5713 Atque
774 5637 882 5713 hoc
909 5637 1279 5713 argumentum
1322 5637 1477 5713 v'alde
1506 5650 1661 5713 urget
1688 5640 1869 5696 Caesa-

280 5709 402 5769 rius
413 5711 745 5769 Arelatensis
773 5709 826 5764 in
855 5709 1089 5764 homiliis
1110 5711 1177 5765 de
1191 5711 1478 5767 dilectione
1506 5709 1866 5767 inimicorum.

281 5781 457 5850 Hodie
481 5791 664 5841 tamen
693 5780 921 5838 multum
948 5779 1217 5837 receditur
1237 5783 1305 5836 ab
1333 5783 1436 5839 hoc
1455 5781 1726 5850 mandato,
1752 5784 1872 5854 opi—

2064 4807 2084 4867 f
2110 4795 2296 4867 Qolb.,
2329 4797 2523 4867 despici
2554 4813 2587 4849 a
2612 4795 2741 4850 Deo.

2056 4863 2081 4902 δ
2110 4864 2387 4921 Editiones
2413 4863 2430 4919 ξ
2460 4865 2730 4921 Contemni
2761 4884 2793 4919 a
2831 4868 2990 4921 seruis
3015 4868 3122 4920 suis
3152 4866 3373 4921 curiales
3391 4870 3576 4922 solent.

1982 4935 2042 4991 In
2073 4952 2169 4992 ora
2199 4935 2490 4992 Pithmana:
2520 4937 2770 4991 editionis
2796 4937 3056 5006 scriptum
3077 4943 3159 4992 est
3190 4938 3442 4992 camales.
3475 4937 3581 4993 Sed

1983 5007 2157 5062 codex
2201 5006 2542 5062 Corbeiensis
2605 5007 2769 5062 habet
2825 5005 3037 5062 Domini
3078 5009 3354 5074 carnales;
3411 5016 3580 5064 recte.

1983 5075 2118 5131 Nam
2165 5077 2334 5149 paulo?
2365 5086 2492 5133 ante
2531 5077 2742 5132 dixerat
2770 5075 3052 5132 Salvianus
3085 5097 3097 5130 :
3143 5076 3289 5142 Quis,
3327 5095 3470 5149 rogo,
3514 5093 3580 5149 ea:

1982 5147 2278 5221 carnalibus
2300 5148 2526 5221 dominis
2542 5149 2639 5221 liae
2661 5164 2776 5221 cum
2798 5150 2908 5203 suis
2922 5149 3048 5221 lege,
3067 5157 3172 5204 etc.
3199 5147 3578 5221 Agobardnsin

1982 5216 2122 5292 libro
2151 5219 2218 5274 de
2241 5218 2516 5290 Baptismo
2553 5217 2896 5292 Iudaicarum
2936 5215 3328 5292 mancipiorum
3360 5235 3373 5269 :
3410 5215 3580 5287 Repu-

1987 5287 2190 5361 diamus
2201 5360 2204 5361 ν
2217 5287 2425 5361 propter
2451 5291 2687 5354 carnales
2707 5291 2962 5361 dominos.

2061 5370 2084 5396 ο
2117 5355 2386 5417 Videndns
2428 5362 2648 5430 omnino
2698 5360 2963 5417 Cmsarius
2989 5361 3043 5414 in
3072 5357 3290 5414 homilia
3321 5355 3578 5430 adversus

1981 5571 2114 5626 lueri
2122 5580 2173 5626 nt
2184 5613 2196 5626 .

2055 5641 2074 5679 τ
2108 5643 2164 5716 Id
2194 5651 2296 5708 est,
2325 5645 2564 5716 virorum
2611 5638 3237 5716 illustri_ssimorum,_qui
3264 5643 3574 5716 provincias
3677 5654 3684 5661 '

1979 5714 2237 5782 regebant
2262 5716 2378 5770 vice
2406 5715 2682 5786 principis.
2717 5707 2851 5762 Vide
2876 5720 3040 5777 supra
3067 5711 3136 5768 ad
3162 5707 3283 5786 pag:
3318 5716 3369 5770 7.
3439 5748 3441 5750 -
