4088 6360
243 260 322 320 ’15
599 345 602 348 _
1315 255 1404 314 DE
1438 253 1964 318 GUBERNATIONE
2001 257 2113 316 DEI
2150 256 2276 316 LIB.
2318 257 2406 316 IV.
3409 260 3508 317 ,74

247 388 486 440 reamur,
507 371 608 428 etsi
637 385 743 429 non
771 371 982 442 inrogat
999 381 1118 442 quas
1136 385 1460 428 mereamur.
1513 371 1828 429 Clementis-
1855 381 1908 441 Α
1931 375 2165 429 animam
2210 388 2381 440 suam,
2437 387 2501 429 ac
2546 388 2643 444 per
2685 373 2788 429 hoc
2833 387 2939 428 non
2965 374 3096 428 satis
3124 389 3153 428 a
3173 376 3331 430 nobis
3359 390 3513 432 aecu-

246 469 384 524 sima
414 465 559 520 enim
606 480 668 520 ac
715 465 1093 535 benignissima
1121 466 1470 534 castigatione
1497 466 1700 520 mavult
1721 466 1827 536 63

247 578 350 616 nos
378 560 648 628 corrigere
672 575 831 628 quam
854 560 1048 629 perire.
1075 559 1184 613 Nos
1231 559 1512 628 siquidem,
1571 566 1829 628 quantum

246 653 316 706 ad
339 652 563 706 crimina
595 658 772 706 nostra
801 652 1054 720 pertinet,
1082 651 1366 706 lethalibus
1388 649 1661 720 suppliciis
1687 647 1829 716 digni

246 760 454 799 sumus.
487 741 591 796 Sed
624 742 710 796 ille
739 743 857 812 plus
879 742 1259 797 misericordia:
1289 743 1523 796 tribuens
1551 757 1710 810 quam
1742 755 1829 796 se—

245 836 484 900 veritati,
511 835 710 889 mavult
735 851 834 890 nos
846 835 1128 890 clementis
1148 851 1388 890 censura:
1409 841 1832 903 temperamento

231 929 561 994 .emendare,
593 944 753 998 quam
771 930 924 999 plaga
951 930 1108 998 justas
1143 938 1165 966 ι
1195 928 1535 984 coercitionis
1565 925 1828 981 occidere.

246 1019 524 1089 Ingratum
547 1021 700 1076 nobis
722 1036 840 1075 esse
867 1019 1012 1089 quod
1034 1018 1306 1086 aedimur,
1338 1019 1467 1074 satis
1492 1026 1672 1074 certus
1693 1032 1829 1082 sum;

247 1111 348 1168 sed
395 1110 521 1181 quid
568 1110 825 1164 miramur
852 1111 898 1164 si
943 1119 1230 1184 peccantes
1271 1126 1370 1165 nos
1398 1109 1538 1163 Deus
1568 1109 1829 1170 verberat,

245 1218 375 1257 cum
407 1202 506 1271 ipsi
538 1208 822 1272 peccantes
846 1201 1086 1256 servulos
1113 1201 1487 1266 verberemus?
1512 1198 1696 1268 lnjnsti
1744 1198 1832 1267 ju-

248 1292 404 1348 dices
425 1308 605 1347 sumus
630 1309 642 1344 :
674 1290 1028 1346 homunculus
1048 1307 1148 1346 nos
1176 1289 1430 1360 flagellari
1465 1306 1495 1344 a
1517 1289 1628 1344 Deo
1682 1289 1836 1343 nolu-

249 1400 395 1450 mus,
413 1399 532 1438 cum
555 1383 654 1452 ipsi
669 1382 992 1438 conditionis
1014 1390 1208 1437 nostra:
1228 1382 1471 1435 homines
1487 1379 1830 1449 ﬂagellemus.

251 1475 366 1533 Sed
396 1492 494 1532 nec
522 1477 687 1531 miror
707 1474 848 1545 quod
878 1484 985 1530 tam
1013 1473 1179 1543 iniqui
1202 1474 1252 1527 in
1277 1474 1377 1528 hac
1403 1489 1462 1528 re
1492 1488 1693 1526 sumus.
1726 1470 1834 1525 Na-

251 1577 378 1623 tura
410 1569 461 1622 in
483 1567 634 1622 nobis
655 1575 710 1621 et
736 1566 971 1635 nequitia
997 1565 1207 1621 servilis
1239 1572 1338 1620 est.
1371 1564 1630 1618 Volumus
1670 1563 1835 1618 delin-

251 1676 443 1731 quere,
468 1668 523 1714 et
544 1659 792 1714 nolumus
812 1659 1104 1713 verberari.
1139 1657 1244 1728 lpsi
1268 1658 1322 1710 in
1344 1656 1496 1710 nobis
1516 1670 1695 1710 mores
1714 1662 1837 1708 sunt

1933 465 2086 521 sandi
2114 473 2238 521 sunt
2257 465 2350 534 qui
2371 463 2554 520 divino
2577 481 2827 521 sermone
2851 476 3188 522 excusantur.
3222 467 3374 535 Quod
3415 485 3513 527 au-

1931 563 2041 610 tem
2069 555 2138 610 de
2169 555 2324 610 furtis
2343 570 2623 631 servorum
2645 555 2891 623 dicimus,
2921 557 3024 612 hoc
3051 559 3210 612 etiam
3237 558 3305 614 de
3350 559 3508 630 fuga;

1931 647 2096 701 immo
2124 644 2227 701 hoc
2249 646 2445 700 rectius
2473 645 2540 699 de
2562 643 2704 714 fuga,
2737 648 2863 714 quia
2887 647 2954 700 ad
2987 646 3160 716 fugam
3189 663 3374 704 servos
3403 665 3511 705 non

1932 736 2158 790 miseriae
2216 743 2442 800 tantum,
2500 734 2593 790 sed
2642 737 2804 789 etiam
2857 737 3118 806 supplicia
3165 739 3510 808 compellunt.

1935 825 2136 882 Pavent
2162 828 2360 896 quippe
2389 834 2619 892 actores,
2652 834 2852 896 pavent
2882 836 2904 862 ο
2936 827 3279 892 silentiarids,
3321 838 3516 899 pavent

1933 930 2346 990 procuratores:
2377 937 2545 990 prope
2568 929 2624 974 ut
2654 921 2793 974 inter
2843 921 2976 975 istos
3016 937 3205 977 omnes
3249 924 3516 979 nullorum

1934 1009 2110 1064 minus
2131 1011 2272 1064 servi
2301 1011 2408 1063 sint
2435 1026 2595 1079 quam
2623 1011 2963 1065 dominorum
2992 1027 3211 1066 suorum
3243 1033 3254 1066 :
3288 1016 3356 1069 ab
3397 1031 3514 1070 om-

1936 1101 2092 1155 nibus
2120 1101 2414 1168 aeduntur,
2441 1103 2508 1157 ab
2535 1103 2784 1158 omnibus
2812 1113 3181 1159 conteruntur.
3235 1105 3374 1172 Quid
3404 1124 3519 1162 am-

1936 1192 2075 1262 plius
2103 1193 2207 1248 dici
2227 1195 2438 1264 potest?
2467 1194 2616 1249 Multi
2645 1210 2923 1250 servorum
2956 1193 2974 1232 ι
3009 1194 3077 1249 ad
3115 1195 3362 1251 dominos
3391 1214 3519 1254 suos

1937 1284 2268 1354 confugiunt,
2300 1286 2426 1341 dum
2445 1303 2736 1342 conservos
2759 1288 2967 1342 timent.
3004 1285 3153 1342 Unde
3195 1288 3406 1343 illorum
3437 1290 3520 1344 fu-

1937 1390 2057 1444 gam
2114 1392 2222 1430 non
2270 1384 2378 1430 tam
2427 1377 2495 1432 ad
2534 1393 2627 1432 eos
2655 1378 2913 1433 debemus
2937 1379 3140 1433 relerre
3168 1380 3259 1448 qui
3287 1378 3514 1448 fugiunt,

1937 1480 2099 1535 quam
2141 1465 2208 1521 ad
2237 1481 2330 1523 eos
2373 1469 2464 1538 qui
2493 1467 2676 1538 fugere
2705 1469 3052 1540 compellunt.
3095 1469 3215 1524 Vim
3243 1472 3521 1540 patiuntur

1939 1558 2306 1615 infelicissimi.
2343 1560 2618 1628 Famulari
2653 1571 2864 1632 optant,
2924 1571 2980 1618 et
3025 1561 3207 1631 fugere
3237 1572 3518 1632 coguntur.

1939 1650 2226 1707 Discedere
2255 1669 2288 1707 a
2315 1655 2538 1710 servitio
2561 1654 2901 1710 dominorum
2930 1671 3148 1710 suorum
3175 1658 3393 1711 omnino
3421 1671 3522 1711 no-

254 1753 424 1824 quiin
454 1751 677 1807 servulis
705 1750 902 1806 nostris
927 1767 938 1802 :
972 1764 1160 1804 omnes
1181 1748 1426 1803 volumus
1450 1749 1666 1818 impune
1713 1762 1838 1816 pec-
1867 1743 1914 1804 Β
1941 1741 2076 1808 lunt,
2133 1752 2188 1798 et
2237 1761 2622 1801 conservorum
2675 1763 2894 1802 suorum
2923 1749 3235 1804 crudelitate
3264 1766 3370 1805 non
3396 1766 3522 1821 per-

255 1857 401 1897 care.
455 1842 710 1910 Denique,
764 1842 810 1894 si
855 1841 1106 1905 mentior,
1164 1847 1386 1893 cunctos
1419 1837 1660 1893 consulo.
1691 1836 1838 1905 Nego

256 1933 423 1988 ullum
446 1947 582 1998 esse,
609 1931 900 2005 quamlibet
941 1930 1119 1998 magni
1147 1930 1382 1984 criminis
1426 1945 1598 1993 reum,
1645 1929 1736 1997 qui
1781 1943 1839 1982 se

257 2024 565 2090 acquiescat
593 2022 786 2077 debere
815 2022 1071 2090 torqueri.
1099 2020 1233 2076 Hinc
1282 2035 1409 2090 ergo
1439 2019 1693 2088 cognosci
1744 2035 1841 2088 po-

258 2122 365 2168 test
391 2130 553 2184 quam
580 2114 760 2180 inique
789 2127 849 2166 ac
871 2112 1184 2182 pravissime
1227 2111 1346 2164 aliis
1386 2108 1710 2164 severissimi
1757 2123 1845 2162 su-

260 2220 399 2271 mus,
421 2205 577 2258 nobis
598 2202 1066 2270 indulgentissimi;
1091 2201 1207 2254 aliis
1227 2200 1423 2269 asperi,
1447 2199 1602 2252 nobis
1616 2197 1842 2250 remissi.

260 2294 322 2352 In
377 2295 570 2351 eodem
623 2293 848 2348 crimine
899 2291 1150 2361 punimus
1196 2289 1347 2354 alios,
1385 2303 1482 2342 nos
1503 2286 1844 2341 absolvimus.

261 2386 620 2442 lntolerabilis
633 2398 855 2453 prorsus
876 2389 931 2436 et
950 2379 1300 2436 contumaciae
1325 2387 1376 2434 et
1401 2376 1843 2448 praesumptionis.

263 2475 379 2530 Nec
410 2489 704 2542 agnoscere
729 2472 971 2528 volumus
1000 2473 1054 2526 in
1075 2471 1230 2525 nobis
1257 2477 1478 2535 reatum,
1513 2477 1565 2525 et
1591 2468 1847 2523 audemus

266 2564 338 2619 de
360 2565 478 2618 aliis
508 2578 766 2633 usurpare
797 2562 1072 2631 judicium.
1107 2559 1242 2628 Quid
1271 2575 1390 2615 esse
1417 2559 1663 2628 injustius
1693 2559 1846 2613 nobis

265 2664 361 2710 aut
381 2655 509 2724 quid
534 2656 838 2726 perversius
863 2655 1077 2724 potest?
1105 2653 1160 2707 ld
1190 2655 1363 2723 ipsum
1393 2654 1567 2708 scelus
1606 2654 1659 2708 in
1691 2655 1844 2709 nobis

262 2746 547 2816 probabile
572 2760 690 2800 esse
706 2743 963 2809 ducimus,
988 2742 1130 2813 quod
1159 2744 1212 2798 in
1234 2744 1352 2798 aliis
1373 2745 1708 2798 severissime
1729 2745 1845 2797 vin-

261 2837 522 2892 dicamus.
569 2835 636 2890 Et
673 2835 793 2891 ideo
848 2852 956 2890 non
1011 2836 1127 2890 sine
1154 2851 1314 2891 causa
1339 2834 1405 2889 ad
1433 2851 1528 2889 nos
1555 2834 1846 2904 Apostolus

261 2921 497 2985 clamat:
527 2927 750 2999 Propter
777 2927 910 3000 quod
938 2925 1304 2981 inexcusabilis
1332 2943 1404 2991 es,
1436 2943 1465 2980 ο
1495 2927 1644 2980 homo
1680 2928 1846 2980 omnis

260 3025 351 3095 qui
365 3022 591 3093 judicas.
610 3020 675 3075 In
699 3038 796 3093 quo
826 3022 961 3075 enim
987 3021 1146 3074 alium
1167 3022 1398 3092 judicas,
1428 3029 1473 3073 te
1501 3022 1668 3090 ipsum
1685 3019 1709 3056 δ
1727 3036 1849 3072 con-

1939 1835 2224 1891 mittuntur
2245 1846 2301 1892 ut
2321 1840 2576 1894 serviant.
2627 1839 2913 1896 Mendaces
2941 1856 3154 1912 quoque
3183 1859 3300 1898 esse
3345 1844 3525 1899 dicun-

1939 1934 2046 1982 tur.
2077 1928 2158 1982 Ad
2185 1929 2520 1986 mendacium
2561 1932 2908 1988 nihilominus
2931 1938 3037 2006 65
3067 1936 3350 1990 atrocitate
3396 1952 3526 2006 pne-

1943 2019 2111 2072 sentis
2139 2021 2385 2089 supplicii
2412 2029 2772 2075 coarctantur.
2805 2023 3077 2091 Siquidem
3099 2024 3225 2078 dum
3247 2027 3527 2079 tormentis

1945 2125 2004 2164 se
2033 2111 2220 2164 volunt
2246 2111 2506 2176 eximere,
2539 2113 2890 2167 mentiuntur.
2922 2113 3060 2179 Quid
3112 2124 3291 2169 autem
3337 2117 3529 2172 mirum

1948 2207 2032 2254 est
2085 2200 2129 2253 si
2175 2199 2390 2271 positus
2430 2203 2484 2255 in
2513 2211 2660 2256 metu
2699 2219 2886 2258 servus
2906 2206 3120 2259 mentiri
3149 2207 3353 2260 mavult
3371 2223 3530 2277 quam

1949 2290 2239 2360 ﬂagellari?
2282 2293 2618 2350 Accusantur
2669 2299 2831 2350 etiam
2872 2297 3006 2364 gula":
3055 2305 3111 2352 et
3138 2299 3342 2352 ventris
3368 2299 3530 2354 avidi.

1947 2385 2057 2440 Nec
2084 2386 2189 2440 hoc
2216 2401 2412 2440 novum
2441 2395 2541 2442 est.
2577 2385 2744 2456 Magis
2768 2389 3037 2444 desiderat
3059 2391 3413 2456 saturitatem,
3439 2393 3530 2461 qui

1944 2478 2141 2533 famem
2165 2494 2304 2550 saape
2325 2480 2592 2534 toleravit.
2624 2480 2730 2535 Sed
2758 2490 2896 2547 esto,
2929 2499 3037 2537 non
3068 2483 3304 2553 perferat
3333 2484 3530 2539 famem

1944 2572 2116 2642 panis,
2149 2571 2343 2627 famem
2369 2581 2515 2627 certe
2538 2573 2738 2643 perfert
2764 2574 3107 2642 deliCiarum;
3141 2586 3196 2630 et
3226 2577 3346 2631 ideo
3381 2579 3531 2647 igno—

1945 2663 2198 2716 scendum
2229 2664 2374 2718 estsi
2403 2664 2611 2718 avidius
2640 2666 2843 2733 expetit
2868 2666 3012 2733 quod
3042 2668 3090 2720 ei
3107 2666 3308 2735 jngiter
3355 2669 3528 2723 deest.

1947 2750 2028 2805 Tu
2049 2768 2177 2807 vero
2205 2754 2419 2817 nobilis,
2445 2762 2504 2808 tu
2527 2769 2656 2808 vero
2684 2754 2852 2820 dives,
2875 2757 2966 2824 qui
2991 2766 3015 2803 Β
3042 2757 3360 2812 immanibus
3375 2759 3533 2813 bonis

1947 2843 2140 2908 aﬂluis,
2173 2848 2262 2914 qui
2292 2847 2395 2901 hoc
2424 2848 2540 2916 ipso
2564 2847 2727 2900 Deum
2750 2849 2948 2902 sanctis
2982 2850 3234 2918 operibus
3264 2851 3532 2906 honorare

1947 2937 2067 3005 plus
2092 2937 2256 2992 debes
2275 2938 2421 3006 quod
2447 2936 2724 2995 beneﬁciis
2746 2938 2885 2993 illius
2905 2941 3021 2994 sine
3061 2943 3361 2997 cessatione
3416 2959 3534 3013 per-

1953 3025 2179 3093 frueris;
2211 3028 2486 3084 videamus
2506 3031 2550 3083 si
2579 3037 2749 3096 actus,
2783 3047 2889 3085 non
2921 3031 3040 3087 dico
3070 3042 3304 3100 sanctos,
3329 3035 3424 3089 sed
3449 3037 3535 3091 vel

261 3114 513 3179 damnas;
553 3112 730 3167 eadem
769 3115 906 3167 enim
939 3115 1053 3184 agis
1087 3129 1200 3184 qua:
1231 3111 1440 3182 judicas
1481 3109 1656 3182 (Rom.
1690 3127 1745 3174 ιι,
1777 3109 1852 3179 i).
1881 3106 1927 3169 C
1960 3117 2206 3174 innoxios
2253 3120 2437 3176 habes.
2479 3119 2548 3174 Et
2600 3122 2738 3190 quis,
2772 3130 2831 3176 ut
2857 3125 3101 3194 superius
3130 3126 3258 3192 dixi,
3291 3126 3533 3194 divitum,
3603 3165 3620 3176 .

336 3205 422 3258 ΠΙ.
457 3203 561 3259 Sed
584 3221 691 3260 non
713 3203 924 3269 eadem,
948 3203 1120 3272 inquit
1148 3203 1338 3271 aliquis
1360 3217 1428 3256 ex
1448 3201 1716 3263 divitibus,
1742 3218 1849 3255 non

260 3295 455 3352 eadem
484 3311 580 3350 nos
609 3296 814 3364 agimus
835 3309 953 3363 quae
976 3294 1117 3348 servi
1148 3302 1329 3362 agunt.
1371 3291 1452 3346 Ex
1497 3293 1665 3348 servis
1707 3293 1850 3347 enim

259 3390 412 3446 fures
438 3405 501 3443 ac
529 3388 733 3457 fugitivi
761 3395 903 3452 sunt,
938 3403 1005 3441 ex
1034 3387 1203 3442 servis
1229 3387 1364 3454 gul-.c
1393 3402 1455 3441 ac
1484 3387 1658 3440 ventri
1704 3386 1847 3455 jugi-

260 3490 350 3538 ter
377 3481 691 3536 servientes.
723 3480 919 3536 Verum
946 3488 1028 3535 est
1056 3496 1174 3535 esse
1200 3480 1313 3534 haec
1343 3481 1472 3533 vitia
1500 3480 1608 3551 64
1661 3494 1847 3534 servo-

261 3590 406 3630 rum.
439 3573 544 3630 Sed
584 3573 736 3644 plura
765 3581 948 3628 tamen
991 3581 1116 3627 sunt
1144 3588 1208 3627 ac
1253 3571 1455 3640 majora
1489 3570 1845 3636 dominorum,

260 3666 513 3735 quamvis
541 3681 651 3720 non
673 3665 930 3720 omnium.
956 3663 1268 3734 Excipiendi
1289 3664 1432 3718 enim
1461 3664 1675 3734 quidam
1704 3673 1846 3729 sunt,

259 3755 362 3813 sed
392 3744 699 3825 paucissimi
726 3773 737 3807 :
769 3771 904 3825 quos
933 3755 1056 3809 ideo
1087 3770 1192 3808 non
1239 3754 1477 3820 nomino,
1511 3769 1577 3808 ne
1607 3770 1712 3807 non
1744 3762 1851 3807 tam

259 3861 366 3902 eos
413 3845 739 3901 nominando
774 3845 1012 3908 laudare,
1045 3861 1204 3913 quam
1234 3845 1366 3898 alios
1395 3861 1500 3899 non
1527 3844 1852 3898 nominando

259 3937 455 3995 videar
483 3939 773 4008 publicare.
825 3939 899 3992 Ac
928 3938 1159 4006 primum
1195 3938 1356 4002 servi,
1381 3938 1426 3990 si
1447 3938 1589 3989 fures
1615 3944 1756 3996 sunt,
1790 3935 1857 3986 ad

259 4029 562 4082 furandum
596 4028 830 4084 forsitan
883 4033 1124 4094 egestate
1168 4033 1468 4093 coguntur:
1501 4025 1626 4092 quia
1649 4024 1859 4078 etiamsi

261 4118 354 4174 eis
387 4117 650 4186 stipendia
701 4119 895 4172 usitata
940 4124 1279 4185 praestentur,
1331 4115 1702 4170 consuetudini
1749 4116 1861 4170 lucc

183 4234 196 4243 -
259 4209 451 4277 magis
471 4225 631 4278 quam
656 4207 988 4268 sufﬁcientia:
1018 4209 1378 4275 satisfaciunt;
1413 4218 1466 4263 et
1496 4211 1565 4264 ita
1589 4221 1610 4248 ε
1636 4210 1859 4279 implent

257 4315 541 4357 canonem
583 4300 727 4369 quod
774 4316 880 4355 non
929 4300 1147 4368 explent
1175 4301 1503 4366 satietatem;
1552 4316 1615 4355 ac
1637 4316 1732 4370 per
1755 4302 1859 4354 hoc

258 4392 487 4460 culpam
512 4391 682 4460 ipsam
706 4391 887 4461 inopia
909 4391 1086 4446 minus
1105 4392 1425 4462 culpabilem
1453 4391 1598 4458 facit,
1629 4394 1753 4461 quia
1771 4408 1858 4447 cx-

1951 3217 2147 3278 przcter
2166 3225 2387 3280 paucos,
2425 3226 2532 3266 non
2561 3213 2769 3267 cunctis
2799 3214 3109 3269 criminibus
3139 3216 3366 3272 infectus
3419 3221 3537 3272 est?

1949 3297 2017 3354 Et
2043 3301 2187 3370 quod
2211 3317 2411 3371 paucos
2440 3303 2670 3372 excipio,
2694 3304 2899 3358 utinam
2928 3306 3107 3375 plures
3146 3315 3305 3376 atque
3351 3324 3538 3362 omnes

1950 3394 2123 3463 excipi
2164 3393 2367 3448 liceret.
2401 3392 2558 3448 Salus
2584 3401 2701 3449 erat
2730 3395 2988 3462 omnium,
3034 3398 3341 3452 innocentia
3370 3398 3537 3468 pluri—

1950 3497 2178 3536 morum.
2225 3482 2407 3551 Neque
2455 3499 2555 3552 ego
2594 3501 2736 3539 nunc
2774 3484 2842 3539 de
2881 3487 2990 3541 ullo
3031 3487 3172 3554 dico,
3222 3489 3322 3543 nisi
3361 3488 3429 3544 de
3470 3505 3536 3544 eo

1951 3580 2157 3627 tantum
2199 3574 2292 3642 qui
2331 3574 2382 3627 in
2424 3590 2482 3630 se
2530 3573 2584 3628 id
2633 3575 2777 3644 quod
2821 3574 2942 3631 dico
2988 3593 3106 3633 esse
3147 3580 3441 3648 cognoscit.
3476 3581 3531 3634 Si

1952 3667 2093 3719 enim
2115 3674 2266 3720 extra
2289 3667 2672 3722 conscientiam
2694 3683 2847 3722 suam
2871 3677 2994 3723 sunt
3017 3684 3369 3738 quascumque
3393 3671 3535 3735 dico,

1954 3772 2288 3826 nequaquam
2333 3758 2399 3812 ad
2442 3757 2690 3826 injuriam
2738 3759 2855 3827 ejus
2894 3769 3140 3829 spectant
3181 3769 3372 3814 cuncta
3421 3774 3539 3827 quae

1954 3847 2094 3901 dico.
2137 3847 2193 3900 Si
2223 3855 2400 3900 autem
2440 3849 2491 3900 in
2536 3864 2594 3901 se
2636 3862 2756 3901 esse
2794 3848 2944 3900 novit
2979 3863 3097 3913 qua:
3126 3848 3337 3914 loquor,
3372 3861 3478 3899 non
3509 3863 3539 3901 a

1957 3950 2076 3988 mea
2113 3935 2214 3988 sibi
2252 3935 2355 3986 hoc
2398 3935 2576 4000 lingua
2603 3935 2708 3987 dici
2748 3934 2998 3995 aestimet,
3029 3933 3124 3988 sed
3153 3949 3183 3986 a
3211 3934 3540 3988 conscientia

1961 4038 2075 4076 sua.
2100 4022 2176 4076 Ac
2207 4022 2435 4091 primum
2459 4030 2516 4075 ut
2541 4022 2608 4076 de
2635 4023 2778 4077 vitiis
2799 4023 3080 4078 servilibus
3107 4024 3300 4090 dicam,
3325 4025 3369 4078 si
3399 4025 3538 4094 fugi-

1960 4113 2100 4167 tivus
2121 4121 2203 4167 est
2223 4129 2427 4178 servus,
2452 4112 2704 4182 fugitivus
2726 4130 2783 4170 es
2805 4115 2968 4170 etiam
2990 4124 3046 4170 tu
3067 4115 3216 4171 dives
3237 4132 3300 4172 ac
3321 4117 3533 4172 nobilis.

1960 4201 2156 4259 Omnes
2183 4205 2325 4258 enim
2362 4204 2644 4260 Dominum
2673 4221 2827 4260 suum
2862 4206 3087 4276 fugiunt,
3119 4209 3211 4278 qui
3241 4208 3411 4278 legem
3435 4209 3540 4265 Do-

1961 4297 2090 4351 mini
2118 4297 2512 4365 dcrelinquunt.
2540 4297 2676 4364 Quid
2703 4311 2850 4365 ergo,
2877 4297 3254 4370 dives,.culpas
3275 4301 3328 4353 in
3349 4302 3540 4354 servo?

1958 4387 2062 4441 hoc
2090 4386 2220 4441 facis
2248 4387 2391 4456 quod
2425 4395 2480 4441 et
2514 4387 2619 4442 ille.
2671 4389 2778 4443 Ille.
2805 4387 3059 4458 fugitivus
3089 4399 3170 4445 est
3207 4391 3409 4445 domini
3435 4392 3536 4455 sui,

259 4482 525 4540 cusabilis
552 4481 678 4537 furti
699 4499 822 4538 reus
850 4492 932 4539 est
959 4485 1051 4553 qui
1077 4485 1143 4538 ad
1173 4485 1369 4539 furtum
1399 4487 1517 4554 cogi
1547 4486 1756 4540 videtur
1776 4487 1858 4540 in-
1888 4471 1939 4532 Ῐ)
1963 4489 2016 4532 et
2053 4487 2109 4532 tu
2148 4479 2244 4532 tui.
2279 4478 2385 4532 Sed
2413 4479 2516 4533 hoc
2541 4479 2855 4548 culpabilior
2885 4487 2939 4533 tu
2963 4496 3122 4548 qnam
3151 4481 3258 4544 ille,
3291 4481 3417 4550 quia
3452 4481 3542 4536 ille

259 4575 593 4655 vitus._Nam
615 4585 669 4630 et
696 4575 970 4647 Scriptura
991 4578 1350 4632 ecclesiastica
1388 4579 1540 4646 quasi
1589 4579 1856 4633 subexcu-

261 4683 396 4726 sare
424 4667 816 4736 quodammodo
846 4669 1162 4723 miserorum
1186 4671 1421 4724 omnium
1453 4686 1620 4723 noxas
1653 4670 1860 4725 videtur

262 4761 462 4816 dicens
507 4777 546 4816 :.
573 4756 696 4813 Non
735 4759 947 4830 grandis
994 4768 1071 4814 est
1116 4761 1280 4831 culpa:
1335 4777 1448 4814 cum
1499 4763 1610 4832 quis
1661 4765 1860 4832 furatus

261 4853 482 4924 fuerit:
529 4852 730 4921 furatur
771 4853 904 4904 enim
943 4861 1000 4904 ut
1043 4855 1346 4906 esurientem
1390 4854 1597 4923 impleat
1635 4856 1862 4907 animam

264 4941 462 5014 (Prov.
487 4956 560 5007 v1,
588 4940 700 5010 50).
731 4939 757 4978 α
792 4941 850 4996 ιη
900 4942 1205 4998 Salomone.
1260 4943 1493 4998 Furatur
1545 4952 1601 4998 ut
1650 4945 1863 5013 expleat

1963 4572 2095 4640 fugit
2118 4571 2338 4626 forsitan
2367 4573 2566 4626 malum
2600 4572 2898 4638 dominum,
2927 4583 2981 4628 ct
3013 4582 3068 4626 tu
3095 4574 3314 4629 bomnn.
3349 4573 3541 4628 lncon-

1966 4666 2244 4719 tinentiam
2274 4680 2487 4733 quoque
2508 4665 2710 4718 ventris
2735 4666 2787 4718 in
2815 4680 2973 4719 servo
2993 4665 3190 4732 arguis.
3216 4664 3273 4718 In
3303 4664 3394 4718 illo
3422 4680 3543 4718 rara

1967 4768 2049 4814 est
2089 4776 2184 4830 per
2223 4758 2586 4825 indigentiam,
2633 4758 2687 4811 in
2729 4766 2782 4812 te
2825 4756 3136 4825 quotidiana
3181 4772 3276 4826 per
3310 4758 3541 4827 copiam.

1973 4851 2130 4906 Vides
2150 4865 2278 4918 ergo
2298 4850 2592 4920 apostolica
2622 4849 2888 4904 sententia
2913 4857 2966 4902 te
2994 4847 3331 4918 potissimum
3357 4849 3546 4903 verbe-

1970 4944 2096 5010 rari,
2147 4943 2309 4996 immo
2359 4949 2412 4995 te
2457 4941 2650 5006 solum,
2694 4939 2820 5008 quia
2865 4940 2919 4994 in
2964 4954 3072 5008 quo
3119 4939 3280 4995 alium
3315 4939 3545 5009 judicas,

1457 5058 1795 5116 STEPHANI
1832 5056 2101 5114 BALUZII
2138 5053 2364 5110 NOTAE.

2038 5158 2062 5186 ο
2093 5146 2357 5200 Admonet
2404 5144 2790 5202 Rittershusius
2818 5144 2923 5201 hoc
2965 5142 3087 5200 loco
3115 5145 3423 5198 Salvianum
3468 5141 3551 5193 in—

1967 5234 2134 5275 nuerc
2172 5215 2439 5284 quoddam
2486 5231 2763 5271 servorum
2810 5230 2978 5284 genus
3023 5215 3115 5284 qui
3145 5209 3551 5284 compescenda;

1966 5278 2350 5358 conservorum
2378 5302 2603 5358 suorum
2639 5278 2937 5358 garrulitati
2968 5278 3239 5358 praepositi
3267 5278 3442 5358 erant,
3474 5278 3548 5358 si-

1968 5359 2199 5414 lentiarii
2227 5357 2473 5413 videlicet
2497 5358 2568 5413 ob
2593 5352 2697 5411 hoc
2723 5356 2848 5410 dicti
2875 5352 3019 5424 quod
3046 5352 3316 5407 silentium
3338 5352 3554 5404 caeteris

1969 5437 2314 5500 imperarent.

2048 5501 2064 5537 ί
2096 5497 2311 5552 Juretus
2341 5498 2394 5550 in
2430 5497 2784 5553 Miscellaneis
2834 5493 2901 5546 ad
2951 5489 3332 5560 Symmachum
3372 5489 3464 5546 lib.
3494 5505 3554 5560 x,

1973 5572 2144 5640 epist.
2167 5568 2246 5634 10,
2273 5569 2547 5640 contendit
2569 5566 2853 5640 legendum
2881 5575 3078 5640 esse,_a
3103 5561 3324 5640 dominia
3343 5564 3480 5640 suis.

342 5158 370 5186 ⁸
403 5145 593 5202 Codex
619 5146 878 5216 Colbert.,
911 5151 1180 5204 coertionis
1210 5149 1452 5204 incidere.

338 5218 369 5257 ι)
401 5218 485 5272 Ita
508 5232 726 5283 prorsus
778 5221 951 5274 codex
987 5219 1327 5276 Corbeiensis
1366 5229 1421 5274 et
1448 5221 1708 5283 Colbert.,
1738 5237 1858 5275 cum

266 5289 445 5362 editio
489 5289 715 5362 iPitbuai
744 5290 966 5362 haberet
1003 5290 1231 5362 judicas.
1279 5291 1630 5344 Existimabat
1679 5299 1858 5345 autem

266 5359 671 5432 Rittershusius
705 5360 790 5414 hic
818 5359 1101 5432 legendum
1131 5377 1250 5416 esse
1283 5362 1612 5416 condemnas.
1648 5362 1862 5432 Repetit

268 5431 413 5488 infra
437 5428 722 5500 Salvianus
744 5444 862 5500 pag.
880 5428 984 5494 '65,
1017 5431 1104 5485 66.

347 5513 370 5540 ο
401 5499 464 5572 id
494 5508 598 5572 est,
627 5499 948 5572 stipendium
975 5503 1116 5572 quod
1143 5503 1313 5557 servis
1347 5502 1461 5572 dari
1489 5502 1786 5556 consuevit.

343 5572 371 5610 ά
399 5569 586 5624 Verba
607 5571 750 5642 _baec
778 5569 1024 5625 videntur
1064 5587 1182 5628 esse
1220 5571 1507 5642 superflua,
1553 5580 1608 5625 et
1654 5573 1866 5641 sapiunt
1973 5572 2145 5642 epist._
2167 5569 2246 5634 10,
2273 5569 2547 5642 contendit
2569 5569 2853 5642 legenda"!
2881 5575 3036 5641 e§se:_

272 5643 571 5714 glossema.
601 5639 804 5714 yerum
834 5649 1046 5695 exstant
1084 5643 1138 5698 in
1175 5631 1423 5699 omnibus
1450 5631 1681 5711 antiquis
1717 5631 1865 5700 codi-
2008 5631 2071 5714 ’-ᾳ
2092 5631 2336 5714 ﬂaccest
2382 5638 2539 5714 lectio
2569 5631 2689 5691 libri
2729 5631 3087 5686 Corbeiensis.
3137 5631 3475 5690 Colbertinus
3502 5637 3575 5705 et.

276 5706 436 5775 cibus
462 5719 521 5767 et
549 5709 891 5765 editionibus.
1579 5706 1597 5711 ’
1976 5711 2262 5784 editiones,
2292 5706 2545 5764 omnibus,
2753 5765 2761 5776 ⁸
2813 5717 2827 5727 ⁸

580 5759 1056 5870 ιῖξξιῖξζίιιι.

2753 5765 2761 5776 .
2940 5759 2942 5761 .
3071 5796 3120 5864 ³
