4088 6360
548 322 621 377 75
1495 319 1551 375 S.
1590 315 1904 374 SALVIANI
1948 312 2406 371 IASSILIENSIS
2443 315 2865 373 PRESBYTER]
3757 319 3832 376 76

554 439 897 507 temetipsum
947 434 1286 491 condemnas.
1329 433 1440 503 σε
1470 431 1672 488 Eadem
1701 433 1842 486 enim
1874 433 1986 499 agis
2017 446 2136 500 quae
2165 435 2214 492 Α
2241 447 2304 486 ac
2324 439 2470 487 metu
2497 433 2720 498 mortis;
2746 433 2798 487 in
2827 429 3081 487 divitibus
3103 431 3336 499 assidua,
3369 445 3466 502 spe
3495 445 3559 489 ac
3579 441 3606 472 ο
3627 429 3828 491 Mucia

548 531 758 603 judicas
801 549 811 582 :
855 529 1016 584 immo
1063 543 1168 582 non
1221 525 1428 590 eadem,
1474 526 1569 580 sed
1614 525 1822 596 majora
1864 526 2033 580 multo
2073 539 2138 579 ac

551 622 832 692 nequiora.
864 619 922 675 ln
955 619 1045 673 illo
1072 619 1272 688 quippe
1299 618 1462 671 etiam
1500 617 1894 688 infrequentem
1931 618 2137 672 ventris

549 711 1014 782 intemperantiam
1040 710 1216 780 punis,
1236 717 1292 764 et
1315 716 1374 768 tu
1397 708 1610 764 assidua
1639 709 1908 764 cruditate
1935 709 2137 764 disten-

549 805 714 864 deris.
732 805 954 860 Furtum
973 817 1210 872 quoque,
1237 810 1296 856 ut
1310 811 1490 872 putas,
1516 802 1712 858 servile
1725 803 1910 857 vitium
1941 811 2040 857 est.
2071 801 2137 856 Et

549 895 837 962 Iliurtum,
855 895 1025 960 dives,
1039 893 1190 959 iacis,
1209 894 1426 962 quando
1442 910 1473 948 a
1500 894 1614 950 Deo
1635 895 1803 950 vetita
1823 894 2133 965 praesumis:

548 1001 738 1046 omnes
755 987 1020 1057 siquidem
1034 985 1174 1040 furta
1195 985 1415 1051 faciunt,
1432 989 1522 1055 qui
1540 987 1745 1042 inlicita
1771 988 2131 1042 committunt.

613 1081 705 1138 Π.
745 1081 854 1138 Sed
878 1080 1006 1152 quid
1031 1095 1134 1149 ego
1168 1089 1278 1134 tam
1310 1081 1516 1135 minute
1560 1089 1616 1134 et
1656 1081 1810 1151 quasi
1851 1081 2138 1150 allegorice

547 1171 619 1230 de
638 1171 743 1229 hoc
762 1173 974 1240 loquor,
1001 1187 1124 1227 cum
1145 1171 1474 1226 facinoribus
1496 1173 1850 1242 apertissimis
1870 1188 1977 1226 non
1999 1171 2137 1226 furta

546 1270 755 1320 tantum
787 1263 1031 1328 divitum,
1064 1264 1158 1318 sed
1185 1264 1466 1319 latrocinia
1506 1265 1963 1335 comprobentur?
1995 1265 2140 1331 Quo-

547 1363 638 1412 tus
655 1356 884 1425 quisque
907 1356 1048 1410 enim
1073 1355 1225 1424 juxta
1248 1356 1468 1412 divitem
1499 1371 1607 1412 non
1630 1373 1838 1428 pauper
1857 1368 1880 1394 ³·
1905 1367 1995 1412 aut
2016 1367 2138 1414 actu

549 1444 645 1514 aut
670 1457 814 1503 statu
856 1450 974 1504 est?
1005 1449 1278 1519 Siquidem
1311 1451 1721 1519 pervasionibus
1749 1458 2138 1520 pracpotcntum

549 1548 644 1596 aut
679 1555 776 1595 sua
815 1541 1060 1596 homines
1103 1542 1374 1607 imbecilli,
1417 1548 1508 1597 aut
1544 1544 1707 1597 etiam
1747 1559 1804 1598 se
1843 1545 1988 1613 ipsos
2015 1560 2136 1598 cum

548 1633 662 1690 suis
686 1634 888 1704 pariter
922 1635 1193 1689 amittunt.
1231 1633 1302 1689 Ut
1330 1649 1437 1689 non
1467 1635 1735 1690 immerito
1765 1635 1832 1690 de
1859 1637 2139 1704 utriusque

548 1725 796 1793 personis
837 1739 990 1779 sacer
1028 1740 1208 1779 sermo
1247 1733 1482 1780 testatus
1533 1727 1603 1780 sit
1650 1726 1834 1780 dicens
1870 1745 1880 1778 :
1922 1725 2138 1782 Venatio

2239 525 2592 596 impunitatis.
2624 525 2732 580 Nisi
2765 525 2902 581 forte
2923 525 3089 595 iniqui
3110 539 3313 593 sumus,
3337 525 3442 582 hoc
3461 525 3606 595 quod
3627 527 3828 584 divites

2237 615 2439 673 iaciunt
2466 617 2534 672 ad
2563 623 2842 688 peccatum
2870 615 3171 684 referendo,
3201 617 3326 688 quia
3360 615 3438 673 illi
3467 631 3588 674 cum
3619 615 3642 658 ί
3675 620 3828 677 occi-

2239 710 2374 766 dunt
2401 710 2644 767 servulos
2667 725 2813 776 suos,
2841 710 2930 780 jus
2948 717 3140 780 putant
3166 725 3304 775 esse,
3337 725 3446 767 non
3468 711 3694 770 crimen.
3719 711 3831 768 Nec

2238 803 2344 860 hoc
2372 804 2566 870 solum,
2598 803 2694 858 sed
2713 802 2904 858 eodem
2933 803 3214 873 privilegio
3239 802 3403 858 etiam
3431 802 3487 858 in
3514 803 3828 861 exercendo

2240 897 2586 968 impudicitia:
2615 913 2772 954 anno
2819 897 3129 951 abutuntur.
3163 896 3371 963 Quotus
3411 896 3555 952 enim
3601 897 3831 968 quisque

2240 996 2322 1044 est
2368 988 2592 1043 divitum
2621 987 2874 1044 connubii
2928 995 3263 1042 sacramenta
3291 1001 3637 1054 conservans,
3669 1003 3830 1058 quem

2243 1097 2348 1136 non
2377 1081 2608 1137 libidinis
2635 1081 2784 1136 furor
2805 1081 2983 1150 rapiat
3007 1080 3060 1136 in
3081 1095 3341 1152 praeceps,
3367 1081 3453 1136 cui
3496 1097 3610 1138 non
3639 1081 3832 1140 domus

2241 1187 2306 1228 ac
2331 1171 2532 1226 familia
2552 1188 2649 1227 sua
2678 1179 2916 1228 scortum
2944 1173 3032 1237 sit,
3063 1182 3118 1226 et
3144 1173 3237 1241 qui
3260 1187 3387 1238 non,
3421 1173 3474 1226 in
3504 1187 3828 1242 quamcum-

2241 1279 2346 1335 que
2359 1279 2645 1334 personam
2662 1261 2966 1335 cupiditatis
2985 1263 3241 1334 improba:
3255 1263 3404 1319 calor
3416 1264 3664 1331 traxerit,
3689 1280 3834 1321 men-

2242 1355 2312 1411 tis
2338 1364 2596 1427 sequatur
2624 1357 2925 1411 insaniam?
2953 1355 3246 1411 secundum
3274 1354 3404 1410 illud
3431 1355 3638 1412 scilicet
3685 1357 3831 1430 quod

2243 1446 2312 1502 de
2358 1447 2556 1503 talibus
2598 1447 2727 1502 dicit
2772 1462 2948 1504 sermo
2977 1446 3225 1502 divinus:
3257 1444 3395 1518 Equi
3432 1447 3752 1502 insanientes
3779 1450 3834 1504 in

2243 1543 2467 1615 feminas
2508 1543 2633 1614 facti
2673 1552 2794 1608 sum
2826 1540 2958 1611 (Jer.
2982 1557 3035 1605 v,
3068 1540 3147 1609 8).
3177 1538 3313 1606 Quid
3335 1540 3476 1595 enim
3501 1539 3645 1595 aliud
3673 1555 3833 1611 quam

2243 1631 2312 1687 de
2340 1647 2399 1687 se
2424 1632 2625 1688 dictum
2649 1632 2759 1686 hoc
2783 1632 2996 1701 probat,
3029 1630 3120 1698 qui
3148 1636 3325 1684 totum
3378 1628 3677 1700 pervadere
3724 1630 3835 1686 vult

2243 1724 2534 1779 concubitu
2580 1722 2839 1793 quidquid
2897 1721 3234 1790 concupierit
3286 1721 3542 1791 aspectu?
3581 1719 3716 1776 Nam
3768 1720 3836 1778 de

549 1815 736 1880 leonis,
761 1832 954 1885 onager
972 1817 1027 1868 in
1048 1832 1217 1869 eremo
1241 1833 1256 1869 :
1286 1818 1360 1868 sic
1390 1832 1582 1886 pascua
1611 1826 1729 1870 sunt
1760 1815 1973 1870 divitum
2004 1833 2135 1886 pau»
2171 1820 2219 1882 Β
2243 1815 2558 1872 concubinis
2578 1815 2852 1885 quippiam
2874 1813 2980 1870 dici
3000 1813 3222 1868 forsitan
3251 1813 3416 1869 etiam
3437 1813 3695 1883 iniustum
3715 1829 3835 1871 esse

547 1921 695 1976 pere:
725 1903 910 1973 (Eccli.
946 1922 1058 1970 xui,
1088 1905 1200 1976 25).
1235 1906 1488 1972 Quamvis
1519 1907 1854 1978 tyrannidem
1872 1909 2008 1964 hanc
2030 1923 2135 1964 non

546 2007 815 2064 palmeres
857 2005 1086 2062 tantum,
1127 1998 1222 2051 sed
1258 2013 1395 2067 pene
1428 1999 1753 2054 universitas
1782 2001 2018 2070 patiatur
2047 2016 2140 2070 ge-

549 2085 695 2140 neris
722 2085 958 2140 humani.
985 2087 1121 2152 Quid
1143 2096 1224 2143 est
1244 2090 1388 2143 enim
1409 2089 1552 2144 aliud
1572 2091 1806 2159 dignitas
1831 2092 2137 2147 sublimium

546 2187 711 2244 quam
739 2177 1062 2246 proscriptio
1092 2179 1386 2246 civitatum,
1421 2192 1514 2234 aut
1541 2183 1670 2250 quid
1700 2182 1845 2237 aliud
1875 2199 2137 2253 quorum-

544 2266 675 2324 dam
701 2283 840 2337 quos
881 2277 1056 2335 taceo,
1088 2269 1115 2308 δ
1156 2271 1472 2340 praefectura
1515 2287 1678 2342 quam
1722 2275 1937 2345 praeda?
1981 2276 2139 2331 Nulla

543 2361 810 2430 siquidem
877 2363 1050 2430 major
1105 2367 1558 2433 pauperculorum
1614 2378 1698 2422 est
1762 2367 2133 2440 depopuiatio,

546 2464 715 2520 quam
745 2461 1006 2520 potestas.
1040 2453 1120 2511 Ad
1144 2455 1250 2510 hoc
1277 2457 1418 2510 enim
1453 2468 1474 2496 ο
1506 2458 1683 2512 honor
1711 2475 1740 2512 a
1773 2462 1955 2528 paucis
2002 2463 2138 2516 emi-

547 2549 654 2608 tur,
688 2550 747 2596 ut
772 2551 1089 2598 cunctorum
1118 2546 1422 2599 vastatione
1440 2547 1698 2601 solvatur.
1723 2547 1843 2614 Quo
1873 2550 2001 2618 quid
2021 2565 2141 2606 esse

546 2631 836 2701 indignius,
888 2635 1015 2702 quid
1043 2634 1276 2703 iniquius
1304 2638 1520 2705 potest?
1548 2637 1801 2692 Reddunt
1847 2640 2027 2694 miseri
2054 2641 2140 2696 di-

547 2723 812 2792 gnitatum
860 2725 1031 2794 pretia
1083 2739 1216 2794 quas
1247 2741 1354 2780 non
1379 2735 1584 2782 emunt.
1613 2727 2010 2783 Commercium
2040 2745 2138 2785 ne-

548 2814 746 2880 sciunt,
778 2822 834 2869 et
875 2815 1201 2870 solutionem
1229 2817 1424 2871 sciunt.
1473 2815 1547 2872 Ut
1581 2818 1739 2889 pauci
1786 2817 2138 2886 illustrentur,

545 2905 780 2961 mundus
807 2907 1086 2960 evertitur.
1125 2905 1289 2962 Unius
1317 2908 1512 2976 honor,
1546 2909 1704 2965 orbis
1737 2910 2005 2968 excidium
2034 2921 2136 2967 est.

546 2996 792 3064 Denique
829 2998 1007 3052 sciunt
1031 2999 1136 3054 hoc
1183 2998 1470 3070 Hispaniae,
1515 3003 1710 3070 quibus
1737 3004 1912 3058 solum
1942 3020 2139 3060 nomen

545 3087 794 3141 relictum
826 3098 926 3142 est.
960 3087 985 3124 ἀ
1021 3088 1210 3144 Sciunt
1249 3091 1456 3159 Africae,
1507 3108 1628 3163 quae
1677 3094 1910 3150 fuerunt.
1953 3095 2140 3151 Sciunt

2245 1905 2510 1973 videatur,
2539 1907 2665 1977 quia
2693 1907 2798 1961 hoc
2827 1906 2881 1960 in
2929 1905 3336 1975 comparatione
3380 1921 3540 1976 supra
3563 1905 3832 1962 dictorum

2245 1998 2568 2069 ﬂagitiorum
2598 1998 2752 2067 quasi
2778 2003 2948 2067 genus
2976 2005 3059 2052 est
3087 1997 3370 2062 castitatis,
3413 1996 3672 2052 uxoribus
3699 2013 3836 2069 pau-

2244 2090 2326 2146 cis
2353 2104 2471 2145 esse
2500 2097 2834 2155 contentum,
2867 2095 2921 2143 et
2949 2087 3088 2141 intra
3139 2095 3344 2142 certum
3398 2087 3684 2158 conjugum
3736 2103 3837 2144 nu-

2242 2195 2452 2238 merum
2499 2180 2683 2236 i'renos
2734 2179 3013 2235 libidinum
3043 2180 3340 2234 continere.
3373 2176 3673 2248 Conjugum
3703 2178 3835 2244 dixi,

2242 2274 2368 2343 quia
2415 2273 2482 2327 ad
2530 2279 2736 2326 tantam
2783 2286 2871 2326 res
2914 2269 3301 2340 impudentiam
3330 2268 3499 2334 venit,
3529 2276 3589 2324 ut
3617 2268 3839 2324 ancillas

2243 2380 2368 2422 suas
2395 2364 2551 2419 multi
2572 2377 2771 2418 uxores
2800 2369 3008 2432 putent.
3035 2361 3210 2431 Atque
3238 2361 3442 2414 utinam
3477 2359 3612 2413 sicut
3641 2367 3840 2428 putan-

2243 2468 2332 2513 tur
2361 2471 2478 2512 esse
2499 2457 2654 2526 quasi
2681 2457 2956 2526 conjuges,
2989 2455 3062 2509 ita
3092 2453 3220 2508 solte
3260 2453 3581 2508 haberentur
3601 2451 3838 2507 uxores!

2243 2553 2356 2625 68
2380 2551 2514 2606 illud
2541 2552 2711 2620 magis
2739 2558 2936 2606 tetrum
2975 2565 3037 2604 ac
3083 2547 3421 2612 detestabile,
3449 2544 3594 2616 quod
3615 2545 3837 2615 quidam

2245 2645 2588 2700 matrimonia
2616 2641 2881 2700 honorata
2910 2641 3105 2708 sortiti,
3139 2640 3272 2695 alias
3320 2639 3421 2696 sibi
3467 2653 3682 2692 rursum
3721 2652 3837 2693 ser-

2244 2736 2366 2791 vilis
2389 2745 2560 2792 status
2589 2735 2842 2805 conjuges
2863 2741 3099 2799 sumunt,
3125 2730 3488 2788 deformantes
3515 2728 3685 2784 sancti
3705 2744 3836 2783 con-

2246 2829 2395 2884 nubii
2424 2828 2686 2883 honorem
2732 2841 2830 2896 per
2857 2807 3139 2893 degeneris
3186 2821 3526 2877 contubemii
3556 2819 3832 2886 vilitatem,

2248 2935 2357 2975 non
2378 2919 2757 2974 erubescentes
2785 2917 3009 2971 maritos
3031 2931 3087 2970 se
3115 2914 3230 2969 ﬁeri
3253 2913 3568 2968 ancillarum
3596 2928 3832 2980 suarum,

2245 3013 2644 3084 praecipitantes
2684 3011 2896 3080 fastigia
2948 3009 3204 3064 nobilium
3260 3005 3729 3062 matrimoniorum
3785 3005 3835 3062 in

2248 3106 2444 3162 cubilia
2493 3107 2725 3163 obscena
2780 3115 3057 3160 servarum
3088 3101 3267 3170 :digni
3290 3115 3512 3172 prorsus
3539 3100 3703 3154 etiam
3731 3097 3836 3154 illa-

547 3175 735 3234 (ἶθῙῙίω
762 3179 1072 3246 densum,
1103 3181 1196 3236 sed
1239 3199 1346 3238 ιιοιι
1391 3184 1459 3239 ab
1493 3186 1766 3252 omnibus,
1818 3195 1873 3241 ει
1920 3187 2042 3243 ideo
2083 3189 2137 3242 ίη
2166 3201 2213 3264 C
2243 3213 2361 3255 rum
2401 3207 2565 3265 statu,
2597 3213 2824 3269 quarum
2865 3211 2924 3252 se
2952 3202 3142 3266 putant
3161 3193 3351 3262 dignos
3380 3209 3506 3248 esse
3535 3191 3832 3249 consortio.

546 3271 884 3340 paucissimis
897 3272 1072 3327 adhuc
1085 3273 1292 3343 angulis
1305 3275 1390 3330 vel
1405 3283 1624 3339 tenuem
1639 3279 1883 3348 spiritum
1900 3288 2138 3348 agentes,

548 3362 675 3433 quia
712 3378 804 3419 eas
849 3364 1117 3419 interdum
1146 3382 1444 3435 paucorum
1489 3368 1771 3441 integritas
1822 3371 1970 3438 aluit,
2011 3387 2143 3441 quas

546 3457 838 3514 multorum
867 3461 1051 3530 rapina
1075 3462 1340 3516 vacua'vit.

621 3548 687 3603 ν.
739 3549 843 3605 Sed
892 3551 1102 3619 evagati
1141 3552 1354 3620 longius
1400 3567 1608 3622 sumus,
1637 3555 1744 3626 67
1774 3555 1962 3612 dolore
1988 3573 2140 3612 com-

549 3642 709 3712 pulsi.
754 3641 913 3708 Ergo,
959 3652 1017 3697 ut
1055 3645 1124 3698 ad
1177 3646 1455 3714 superiora
1496 3647 1799 3711 redeamus,
1829 3648 1957 3719 quid
1984 3650 2142 3704 estin

554 3749 664 3804 quo
710 3750 820 3790 non
861 3735 1146 3791 servilibus
1197 3738 1342 3792 vitiis
1383 3739 1546 3792 etiam
1575 3739 1784 3795 nobiles
1812 3741 2138 3811 polluantur,

553 3829 657 3884 nisi
709 3829 849 3885 forte
896 3829 1018 3885 ideo
1066 3832 1190 3901 quia
1238 3832 1327 3886 illa
1372 3848 1491 3902 qum
1516 3833 1569 3887 in
1598 3834 1768 3888 servis
1795 3845 2017 3905 peccata
2043 3850 2144 3906 pu-

550 3921 721 3988 niunt,
769 3923 871 3993 ipsi
901 3925 1054 3992 quasi
1082 3924 1227 3980 licita
1269 3926 1650 3981 committunt?
1673 3927 1915 3998 Denique
1945 3929 2011 3984 ad
2046 3929 2144 3984 has

549 4019 911 4087 pervasiones,
942 4033 1094 4088 quas,
1129 4027 1186 4074 ut
1215 4036 1375 4090 supra
1397 4020 1526 4087 dixi,
1570 4021 1779 4077 nobiles
1807 4031 1991 4091 agunt,
2025 4038 2140 4078 ser-

548 4123 648 4164 vus
676 4123 774 4162 nec
803 4109 1040 4178 aspirare
1061 4111 1410 4178 permittitur.
1441 4111 1699 4177 Quamvis
1725 4114 1972 4168 mentiar.
2008 4113 2142 4181 Qui-

551 4197 673 4250 dam
695 4197 835 4252 enim
857 4214 924 4252 ex
943 4200 1112 4254 servis
1138 4201 1343 4255 nobiles
1364 4201 1509 4267 facti,
1535 4210 1628 4256 aut
1645 4204 1796 4273 paria
1822 4209 1914 4258 aut
1935 4205 2138 4273 majora

551 4287 811 4343 fecerunt.
844 4287 952 4343 Sed
978 4290 1082 4344 hoc
1110 4299 1287 4345 tamen
1318 4292 1571 4360 imputari
1599 4295 1769 4348 servis
1799 4309 2141 4364 nequaquam

551 4385 748 4448 potest,
771 4380 914 4448 quod
934 4381 1252 4449 quibusdam
1275 4383 1483 4437 servilis
1509 4385 1745 4439 conditio
1775 4393 1882 4439 tam
1915 4384 2143 4443 feliciter

553 4473 731 4528 cessit.
763 4473 1062 4530 Homicidia
1087 4490 1301 4545 quoque
1333 4476 1383 4529 in
1413 4476 1582 4531 servis
1609 4491 1730 4531 rara
1759 4486 1899 4545 sunt,
1936 4487 2142 4535 terrore

2315 3290 2401 3346 Vl.
2433 3291 2552 3346 Non
2572 3290 2756 3345 dubito
2778 3305 2846 3344 ex
2867 3289 2931 3344 iis
2951 3287 3208 3357 plurimos
3228 3286 3320 3362 qui
3341 3294 3433 3340 aut
3454 3295 3580 3341 sunt
3601 3283 3826 3349 nobiles,

2247 3385 2341 3437 aut
2367 3381 2538 3436 videri
2566 3379 2773 3434 nobiles
2800 3378 3006 3441 volunt,
3031 3377 3261 3448 superbe
3301 3384 3355 3430 et
3376 3384 3730 3446 aspernanter
3757 3390 3836 3431 ac-

2247 3474 2446 3545 cipere,
2477 3471 2620 3541 quod
2643 3471 2768 3526 dum
2799 3467 3201 3525 consideramus
3229 3467 3346 3523 haec
3373 3467 3498 3521 talia
3528 3481 3646 3536 qua:
3673 3464 3836 3521 locuti

2244 3580 2448 3628 sumus,
2470 3563 2644 3616 minus
2665 3558 2954 3629 ﬂagitiosos
2975 3559 3204 3614 diximus
3228 3574 3414 3614 servos
3434 3561 3695 3628 quosdam
3719 3569 3836 3612 esse

2245 3672 2405 3727 quam
2423 3655 2685 3711 dominos.
2710 3651 2817 3708 Sed
2838 3668 2959 3707 cum
2988 3652 3092 3706 hoc
3107 3666 3209 3721 ego
3239 3667 3347 3706 non
3369 3649 3438 3706 de
3458 3650 3728 3715 omnibus,
3742 3645 3835 3703 sed

2246 3748 2314 3804 de
2340 3748 2423 3802 his
2442 3747 2534 3816 qui
2557 3745 2692 3799 tales
2721 3752 2846 3799 sunt
2871 3741 3292 3814 praedicaverim,
3317 3742 3495 3797 nullus
3526 3741 3682 3796 irasci
3720 3754 3835 3796 om-

2247 3840 2377 3895 nino
2406 3838 2564 3892 debet
2599 3837 2692 3906 qui
2729 3850 3070 3904 nequaquam
3099 3851 3157 3890 se
3187 3834 3349 3889 talem
3378 3848 3496 3888 esse
3524 3831 3832 3902 cognoscit;

2249 3941 2276 3980 ε
2297 3946 2365 3986 ne
2385 3931 2489 3986 hoc
2512 3931 2626 3999 ipso
2647 3928 2792 3999 quod
2814 3928 3079 3991 irascitur,
3105 3927 3172 3981 de
3195 3933 3336 3981 ctetu
3359 3925 3591 3994 ipsorum
3615 3938 3734 3977 esse
3756 3922 3840 3991 vi-

2245 4023 2452 4080 deatur.
2486 4021 2620 4088 Quin
2645 4021 2824 4090 potius
2843 4019 3164 4088 quicumque
3178 4033 3245 4072 ex
3265 4014 3527 4070 nobilibus
3551 4011 3664 4067 haec
3687 4011 3839 4068 male

2244 4115 2487 4179 horrent,
2521 4110 2679 4166 irasci
2708 4109 2902 4164 talibus
2930 4106 3152 4173 debent,
3183 4104 3322 4177 quod
3347 4099 3672 4158 facinoribus
3711 4116 3840 4157 sor.

2246 4203 2536 4259 didissimis
2561 4201 2855 4256 nobilitatis
2893 4213 3090 4254 nomen
3132 4197 3432 4252 infament:
3463 4193 3585 4266 quia
3626 4192 3753 4250 licet
3779 4191 3840 4249 hi
3935 4258 3946 4265 η

2247 4294 2339 4364 qui
2368 4294 2502 4348 tales
2525 4300 2648 4347 sunt
2669 4307 2882 4346 omnem
2911 4298 3134 4360 gravent
3161 4288 3415 4360 populum
3445 4283 3832 4351 Christianum,

2247 4385 2551 4456 specialiter
2584 4393 2761 4439 tamen
2800 4385 2920 4439 illos
2959 4383 3202 4438 sordibus
3240 4382 3349 4436 suis
3387 4379 3649 4451 polluunt,
3693 4394 3833 4449 quo-

2248 4495 2365 4534 rum
2381 4494 2506 4549 pars
2534 4492 2652 4535 esse
2681 4477 2947 4533 dicuntur.
2965 4477 3205 4532 Diximus
3233 4476 3414 4544 itaque
3434 4473 3642 4530 nobiles
3670 4470 3836 4545 quos-

1349 4659 1359 4669 .
1693 4570 2067 4651 .STEPilANI
2102 4594 2377 4652 BALUle
2415 4593 2644 4649 NOTAE.

623 4693 661 4770 ι.
679 4684 802 4770 ΗΕ
829 4683 1132 4770 .ectio‘visa
1162 4689 1246 4766 est
1281 4683 1463 4766 sanior
1489 4698 1650 4770 quam
1679 4682 1979 4770 l’i‘thoeana,
2010 4704 2130 4759 quae
2159 4694 2209 4753 D
2233 4698 2387 4770 queat
2415 4686 2791 4762 quodammodo
2821 4685 3084 4756 violenter.
3134 4685 3270 4742 Vide
3304 4683 3412 4744 hoc
3451 4682 3574 4742 loco
3617 4682 3834 4741 Ritter-

554 4758 630 4812 sic
649 4743 808 4809 halft
843 4773 853 4807 :
881 4750 1077 4818 Quotus
1117 4754 1326 4828 quisque
1349 4755 1482 4828 enim
1505 4743 1908 4828 .juxta’tlivitem
1937 4743 2132 4828 p'au'per

554 4836 645 4880 aut
667 4829 888 4898 intactus
915 4834 1002 4878 aut
1033 4824 1166 4898 mtas
1207 4824 1317 4898 eat?
1360 4824 1605 4879 Nostram
1645 4826 1860 4894 adjuvat
1905 4824 2130 4898 quodin

552 4911 649 4950 ora
695 4893 983 4950 Pithuaanaa
1012 4896 1612 4968 editionisannotatum
1626 4893 1722 4968 est
1740 4898 1867 4968 alibi
1898 4893 2021 4966 legi,
2045 4916 2130 4954 au-

551 4977 660 5020 ctus
691 4975 778 5017 aut
799 4974 1032 5020 statutus.
1058 4963 1186 5031 Qua:
1214 4963 1296 5020 est
1324 4965 1486 5021 lectio
1516 4965 1715 5022 codicis
1744 4963 2058 5025 Colbert'ini.

626 5035 652 5074 δ
677 5033 927 5110 Sidonius
972 5037 1064 5110 lib.
1095 5049 1132 5102 ι,
1178 5037 1333 5110 epist.
1381 5036 1431 5102 7,
1475 5037 1541 5110 de
1571 5037 1819 5094 Arvando
1859 5038 2084 5110 loquens
2116 5061 2128 5095 :

552 5106 930 5183 Praefecturam
973 5108 1194 5176 primam
1218 5108 1518 5177 gubernavit
1545 5124 1658 5183 eum
1698 5126 1887 5183 magna
1914 5106 2134 5183 popule-

551 5180 723 5251 ritate,
747 5187 1373 5251 consequentemqyecum
1414 5179 1650 5251 quima.
1664 5179 2011 5251 populatione.
2044 5182 2136 5240 Vi-

549 5250 615 5303 de
644 5261 858 5321 rqrsum
886 5247 1130 5321 eumdem
1150 5247 1439 5321 Sidonium
1469 5248 1558 5304 lib.
1592 5267 1645 5315 ιι,
1664 5247 1828 5321 epist.
1866 5251 1914 5305 l.

627 5331 648 5358 ε
680 5312 769 5373 Sic
794 5317 1134 5390 Innocentius
1157 5315 1245 5383 iV,
1277 5319 1328 5372 in
1351 5319 1575 5390 cpistola
1605 5312 1801 5390 scripta
1830 5323 1896 5376 ad
1925 5323 2135 5380 archie-

552 5390 830 5464 piscopum
853 5389 1253 5444 Narbonensem
1276 5396 1330 5444 et
1351 5389 1412 5442 ad
1432 5392 1609 5459 cpisco
1650 5389 1737 5444 um
1755 5389 2131 5461 Helenensem,

556 5457 674 5512 mia:
695 5453 834 5512 edita
851 5469 931 5512 est
947 5463 998 5512 in
1023 5459 1292 5512 additione
1310 5457 1376 5512 ad
1400 5469 1560 5512 caput
1584 5407 1647 5512 lg
1670 5460 1760 5512 lib.
1788 5477 1876 5512 vm
1896 5462 1963 5512 de
1985 5464 2131 5512 Cnn-

556 5453 674 5524 quas
695 5453 834 5512 edita
851 5463 998 5514 estin
1023 5459 1292 5514 additione
1310 5457 1376 5513 ad
1400 5453 1560 5524 caput
1584 5453 1647 5512 l7
1670 5460 1760 5513 lib.
1788 5477 1876 5514 vm
1896 5462 1963 5517 de
1985 5453 2131 5520 Con-1

556 5525 1041 5604 Coldigsgeerdotii
1071 5540 1125 5587 et
1163 5531 1374 5600 imperii
1409 5549 1441 5604 :L
1455 5525 1718 5604 eruntur
1743 5533 1895 5584 etiam
1924 5535 2132 5604 quidam

557 5597 668 5673 esse
685 5589 907 5673 LBallivi,
948 5589 1322 5673 prwpositifet
1362 5601 1601 5673 ofﬁciales
1641 5617 1814 5673 eorum
1852 5589 1949 5673 qui,
1974 5606 2134 5660 multo

557 5654 1078 5748 cltgﬁtgsi‘s'olito'sunr
1096 5654 1269 5748 enim
1305 5654 1513 5748 ofﬁciat
1535 5689 1673 5748 spem
1708 5654 2133 5748 damn'aliilis

655 5737 911 5814 proﬁcit-tes.
924 5737 973 5788 in
993 5741 1205 5794 servitiis
1234 5737 1697 5808 sett'exactiouibus
1719 5760 1832 5814 qua:
1871 5742 1933 5796 ab
1962 5742 2136 5799 Eccle-

558 5806 676 5876 u'is,
698 5803 988 5860 hominibus
1013 5825 1209 5878 earum,
1236 5821 1285 5865 et
1311 5803 1545 5882 personis
1588 5803 1944 5871 ecclesiasticis
1971 5828 2136 5874 extor-

2241 4760 2502 4815 Shusium.

2311 4826 2341 4867 ἀ
2369 4828 2522 4883 Haud
2547 4829 2658 4884 scio
2697 4843 2763 4882 an
2784 4827 2993 4884 usniam
3022 4823 3147 4881 alibi
3176 4823 3352 4880 Africa
3391 4819 3692 4881 dicatur—in
3722 4819 3829 4880 nn.

2239 4915 2392 4956 meno
2419 4900 2633 4979 plurali.
2663 4897 2767 4953 Sed
2790 4892 3214 4979 Salvianus,_qui
3241 4895 3452 4951 sciebat
3470 4907 3566 4979 sex
3583 4894 3651 4979 ‘in
3676 4892 3827 4950 Αωι

2241 4987 2304 5027 ca
2333 4963 2640 5053 provincias
2659 4984 2796 5035 esse,
2830 4968 3024 5040 plurali
3051 4963 3158 5024 sibi
3181 4981 3407 5022 numero
3436 4963 3698 5026 utendum
3721 4979 3832 5036 pilo

2241 5049 2376 5096 tavit
2399 5049 2459 5095 ut
2487 5055 2675 5095 omnes
2698 5037 3040 5096 significaret.

2267 5054 2376 5096 8V“.
2399 5054 2459 5095 ut
2487 5055 2675 5095 omnes
2698 5054 3040 5096 smnmcaret.

2318 5054 2376 5096 nt
2399 5054 2459 5095 ut
2487 5055 2675 5095 omnes
2698 5054 3040 5108 sngnmcaret.

2318 5122 2342 5150 ο
2372 5110 2553 5182 Lupus
2572 5109 2933 5182 ‘Ferrariensis
2962 5109 3016 5163 in
3045 5109 3182 5182 libro
3207 5106 3275 5162 de
3300 5107 3471 5162 tribus
3498 5104 3831 5182 Quaestioni:

2241 5183 2344 5237 bus
2371 5175 2493 5252 pag.
2525 5180 2628 5252 27H)
2664 5198 2674 5232 :
2709 5179 2842 5251 Spes
2881 5179 3202 5252 impunitatis
3237 5193 3430 5252 magna
3465 5187 3543 5232 est
3578 5175 3832 5248 petendi

2238 5247 2496 5307 illecebris.
2530 5249 2663 5306 Vide
2691 5247 2808 5307 quae
2837 5266 2936 5306 nos
2955 5247 3070 5304 illic
3101 5247 3497 5304 annotavimus.

2318 5322 2337 5360 τ
2369 5321 2481 5377 Sibi
2511 5322 2653 5376 enim
2682 5316 2732 5376 id
2761 5323 2922 5376 licere
2947 5320 3148 5375 domini
3179 5319 3443 5389 putabant
3468 5325 3693 5389 propter
3716 5316 3832 5389 vim

2238 5393 2532 5469 potestatis
2576 5392 2777 5469 herilis,
2830 5401 2888 5469 ut
2934 5387 3372 5469 pluribus;doc_et
3413 5387 3829 5469 Rittershmius;

2240 5455 2410 5518 Aliter
2438 5457 2710 5528 Germani,
2743 5455 2880 5532 apud
2903 5455 3056 5530 quos,
3089 5468 3147 5514 ut
3175 5459 3391 5513 Tacitus
3413 5459 3619 5522 scribit,
3660 5455 3834 5514 uerbe-

2236 5552 2357 5589 rare
2407 5550 2607 5589 servum
2659 5551 2718 5588 ac
2773 5533 2988 5587 vinculis
3025 5541 3086 5602 et,
3126 5546 3278 5600 opere
3333 5546 3592 5602 coercere,
3633 5536 3830 5602 rauim.

2246 5605 2492 5661 Occidere
2518 5604 2702 5668 solent,
2753 5620 2857 5658 non
2905 5599 3179 5672 disciplina
3208 5608 3256 5672 et
3284 5601 3572 5665 severitate,
3614 5599 3710 5653 sed
3730 5600 3835 5652 im-

2243 5686 2362 5746 petu
2384 5685 2441 5746 ret
2467 5678 2569 5742 ira,
2593 5683 2648 5729 ut
2667 5675 2949 5746 inimicum,
2981 5670 3082 5726 nisi
3112 5670 3249 5742 quod
3274 5673 3500 5746 impune.

2318 5757 2342 5790 κ
2373 5735 2587 5802 Tacitus
2620 5764 2638 5816 :_
2667 5735 2807 5796 Nam
2836 5735 2948 5816 qua:
2995 5735 3167 5814 spret'd
3196 5735 3514 5807 exolescunt,
3547 5741 3597 5794 si
3621 5741 3836 5795 irasca-

2245 5835 2322 5886 re,
2352 5821 2527 5886 aquita
2555 5814 2808 5872 videntur.

2194 5919 2230 5954 ρ]
2259 5939 2280 5966 δ
2371 5934 2475 5952 ο...-
