4088 6360
276 298 349 356 77
1353 291 1438 349 DE
1474 291 1997 350 GUBERNATIONE
2036 292 2147 349 DEI
2186 293 2311 348 LIB.
2350 294 2437 350 IV.
3461 294 3530 353 78

272 411 398 467 dam
421 423 543 465 esse
569 407 736 464 servis
757 404 1068 462 deteriores.
1093 403 1331 462 Diximus
1360 407 1540 476 utique
1567 414 1622 462 et
1649 407 1850 477 impro-
1878 413 1932 472 Α
1955 406 2115 461 modo
2134 405 2259 460 mali
2288 421 2409 462 esse
2429 414 2713 475 coguntur,
2737 422 2804 463 ne
2825 407 2957 464 viles
2975 407 3290 464 habeantur.
3315 407 3383 464 Et
3410 399 3531 466 ide'o

227 577 232 581 η
271 506 525 564 habiliter
563 504 808 570 diximus,
839 503 942 558 nisi
968 502 1114 571 quod
1157 501 1389 558 diximus
1414 502 1842 571 comprobamus.

269 595 414 653 Ecce
431 596 584 652 enim
611 596 679 650 ab
707 595 810 650 hoc
849 593 1054 650 scelere
1075 593 1162 648 vel
1205 595 1436 648 maxime
1482 608 1650 663 prope
1678 593 1852 647 omnis

270 703 554 748 servorum
598 702 849 744 numerus
876 688 1123 742 immunis
1151 695 1250 743 est.
1278 681 1546 758 Nummtid
1574 686 1718 742 enim
1756 685 1854 740 ali-

272 782 401 854 quid
429 795 496 836 ex
523 780 692 835 servis
718 780 901 835 turbas
928 780 1345 836 concubinarum
1388 779 1568 845 habet,
1599 777 1852 846 numquid

273 875 566 931 multarum
586 889 813 929 uxorum
837 874 957 928 labe
985 873 1258 944 polluitur,
1290 881 1344 927 et
1370 887 1561 927 canum
1585 871 1671 926 vel
1699 887 1852 926 suum

274 982 432 1022 more
458 972 636 1022 tantas
653 971 807 1035 putat
833 964 1085 1033 conjuges
1107 972 1230 1020 suas
1249 979 1386 1030 esse,
1413 973 1641 1032 quantas
1665 970 1855 1032 potue-

274 1059 350 1114 rit
374 1059 579 1114 libidini
621 1057 941 1126 subjugare?
973 1068 994 1094 ⁸
1035 1056 1139 1111 Sed
1179 1055 1486 1126 responderi
1517 1055 1762 1110 videlicet
1788 1054 1855 1110 ad

274 1150 391 1208 Imc
427 1159 626 1221 potest,
664 1149 808 1219 quod
835 1149 1009 1205 facere
1033 1149 1200 1204 servis
1229 1149 1328 1204 ista
1376 1164 1484 1203 non
1513 1148 1690 1206 liceat.
1722 1146 1854 1202 Nam

275 1241 520 1314 profecto
540 1241 798 1306 facerent,
817 1241 861 1296 si
883 1240 1082 1296 liceret.
1107 1238 1299 1296 Credo.
1328 1239 1432 1294 Sed
1461 1255 1580 1308 qua:
1605 1239 1720 1293 ﬁeri
1750 1253 1854 1294 non

279 1333 460 1397 video,
488 1331 640 1403 quasi
667 1329 805 1386 facta
843 1331 1042 1386 habere
1070 1347 1177 1385 non
1225 1347 1460 1400 possum.
1496 1331 1522 1370 δ
1553 1331 1856 1397 Quamlibet

279 1424 424 1480 enim
444 1423 554 1494 69
579 1423 633 1477 in
657 1422 738 1478 eis
761 1421 1016 1492 improba:
1045 1431 1270 1486 mentes,
1289 1422 1579 1492 quamlibet
1608 1422 1746 1475 male
1766 1437 1858 1477 cu-

281 1515 490 1587 pidates
517 1513 641 1578 sint,
666 1514 839 1568 nullus
865 1529 964 1582 pro
992 1528 1058 1568 eo
1086 1512 1232 1583 quod
1264 1530 1370 1567 non
1401 1512 1633 1566 admittit
1657 1512 1859 1567 scelere

281 1605 518 1678 punitur.
544 1603 708 1660 Malos
729 1619 847 1660 esse
867 1619 1050 1659 servos
1069 1619 1134 1659 ac
1146 1604 1487 1660 detestabiles
1505 1603 1635 1658 satis
1655 1610 1857 1658 certum

283 1706 381 1754 est.
414 1697 519 1752 Sed
557 1697 661 1751 hoc
688 1697 869 1765 utique
909 1696 1124 1763 ingenui
1149 1710 1214 1749 ac
1240 1695 1446 1750 nobiles
1491 1695 1658 1762 magis
1703 1709 1856 1748 exse—

1913 526 1918 530 ι
1955 514 2062 554 non
2090 499 2205 554 sine
2223 513 2384 553 causa
2414 498 2704 567 Apostolus
2731 500 2927 555 clamat
2954 519 2965 552 :
2993 499 3250 556 Scottiam
3279 509 3440 558 totum
3476 502 3531 556 in

1955 591 2093 645 malo
2120 593 2340 662 positum
2366 599 2445 645 est
2465 589 2507 661 (I
2527 588 2683 646 Joan.
2715 606 2766 653 v,
2792 590 2902 661 I9).
2930 590 3000 646 Et
3021 609 3200 648 verum
3220 601 3321 648 est.
3345 592 3533 652 Merito

1956 684 2100 738 enim
2129 692 2302 738 totum
2326 698 2447 739 esse
2474 683 2526 737 in
2556 683 2700 738 malo
2727 683 2941 750 dicitur,
2970 684 3058 740 ubi
3086 685 3215 741 boni
3233 686 3414 743 locum
3434 685 3534 744 ha-

1956 780 2086 835 bere
2126 797 2236 836 non
2277 787 2518 850 possunt.
2550 777 2826 847 Siquidem
2849 779 2922 833 ita
2962 788 3138 835 totum
3174 780 3534 850 iniquitatibus

1958 872 2176 942 plenum
2200 880 2301 937 est,
2344 879 2401 926 ut
2429 877 2522 925 aut
2547 870 2677 926 mali
2704 871 2812 925 sint
2834 870 2926 939 qui
2955 877 3080 926 sunt
3105 872 3160 925 in
3188 870 3304 936 illo,
3329 879 3424 926 aut
3445 870 3536 939 qui

1959 965 2087 1020 boni
2108 971 2251 1030 sunt,
2276 964 2568 1019 multorum
2585 963 2964 1034 persecutione
2981 963 3310 1020 crucientur.
3332 962 3535 1032 Itaque,

1961 1066 2019 1113 ut
2044 1057 2293 1122 diximus,
2317 1057 2362 1111 si
2383 1056 2699 1112 honoratior
2719 1053 2984 1124 quispiam
3003 1053 3253 1122 religioni
3279 1069 3342 1109 se
3366 1053 3535 1124 appli-

1960 1151 2156 1216 cuerit,
2190 1150 2334 1205 illico
2360 1150 2656 1204 honoratus
2693 1162 2814 1204 esse
2857 1147 3088 1202 desistit.
3121 1143 3222 1201 Ubi
3247 1147 3393 1201 enim
3419 1146 3540 1215 quis

1965 1255 1986 1283 ε
2001 1244 2288 1299 mutaverit
2309 1251 2534 1308 vestem,
2547 1249 2719 1296 mutat
2738 1240 2987 1311 protinus
3003 1238 3320 1309 dignitatem
3335 1254 3350 1302 ;
3368 1238 3416 1292 si
3435 1238 3542 1293 fue-

1960 1338 2032 1392 rit
2050 1337 2310 1402 sublimis,
2335 1335 2393 1390 iit
2419 1335 2789 1405 despicabilis;
2811 1334 2858 1390 si
2879 1333 3040 1388 fuerit
3058 1330 3537 1403 splendidissimus,

1964 1428 2022 1482 Iit
2051 1428 2362 1493 vilissimus;
2389 1429 2433 1481 si
2455 1427 2616 1482 fuerit
2636 1435 2780 1482 totus
2797 1426 3038 1489 honoris,
3061 1424 3118 1476 lit
3145 1431 3292 1478 totus
3312 1421 3538 1490 injuriae.

1962 1521 2029 1576 Et
2049 1522 2310 1578 mirantur
2337 1519 2591 1574 mundani
2608 1519 2827 1588 quidam
2851 1527 2906 1574 et
2926 1515 3188 1581 inﬁdeles,
3213 1516 3262 1571 si
3286 1514 3542 1571 oﬂ’emam

1963 1616 2057 1670 Dei
2086 1624 2177 1669 aut
2221 1613 2550 1668 iracundiam
2577 1611 2872 1683 perferunt,
2901 1610 2992 1678 qui
3022 1609 3186 1664 Deum
3211 1607 3238 1646 ά
3269 1607 3324 1662 in
3345 1607 3544 1663 sanctis

1961 1708 2212 1763 omnibus
2234 1678 2664 1777 persequuntur?
2691 1702 2950 1758 Perversa
2975 1701 3122 1756 enim
3147 1707 3273 1754 sunt
3299 1707 3355 1754 et
3383 1699 3434 1752 in
3462 1698 3540 1752 di-
3597 1678 3614 1692 ’

283 1789 487 1854 orandi,
519 1789 565 1842 si
606 1789 659 1842 in
696 1795 839 1842 statu
877 1787 1187 1842 honestiore
1231 1785 1441 1856 pejores
1486 1793 1625 1840 sunt.
1659 1784 1776 1852 Quo
1805 1783 1863 1838 Iit
1896 1793 1939 1851 Β
1967 1816 2175 1856 versum
2197 1806 2389 1855 cuncta
2417 1804 2642 1852 mutata.
2668 1795 2726 1850 Si
2757 1796 2930 1851 bonus
2955 1803 3037 1849 es.
3065 1793 3364 1862 quispiam,
3391 1791 3542 1859 quasi

285 1888 344 1937 ιι
369 1879 438 1936 ad
482 1879 628 1934 illum
656 1879 922 1948 perveniri
956 1878 1159 1934 exitum
1185 1876 1263 1931 rei
1310 1876 1466 1946 hujus
1503 1891 1723 1932 necesse
1768 1875 1854 1940 sit,

285 1987 394 2030 non
422 1980 480 2027 ll.
498 1971 635 2026 servi
663 1972 772 2024 sint
797 1986 828 2024 a
850 1979 1002 2046 reatu
1020 1969 1268 2039 nequitia:
1287 1983 1397 2022 suae
1416 1965 1745 2031 absolvendi,
1767 1965 1860 2021 sed

287 2073 344 2120 ut
369 2064 582 2135 plurimi
607 2063 798 2118 divites
825 2061 994 2131 magis
1026 2062 1134 2116 sint
1153 2074 1432 2115 servorum
1459 2058 1864 2127 comparatione

286 2154 588 2211 damnandi.
622 2153 754 2208 Nam
796 2152 924 2206 illud
962 2151 1304 2206 latrocinium
1331 2166 1396 2204 ac
1423 2149 1597 2204 scelus
1634 2148 1755 2217 quis
1781 2147 1864 2201 di-

284 2260 389 2316 gne
415 2245 594 2314 eloqui
623 2244 812 2314 possit,
842 2242 985 2310 quod
1032 2256 1154 2295 cum
1183 2241 1424 2294 Romana
1453 2237 1752 2308 respublica
1783 2236 1869 2291 vel

283 2338 395 2410 jam
435 2343 668 2399 mortua,
695 2334 784 2388 vel
807 2341 956 2388 certe
978 2339 1280 2386 extremum
1306 2330 1550 2400 spiritum
1594 2343 1785 2398 agens,
1817 2328 1870 2382 in

284 2444 356 2486 ea
375 2435 530 2498 parte
555 2441 660 2496 qua
690 2425 864 2480 adhuc
893 2423 1072 2478 vivere
1091 2421 1322 2486 videtur,
1346 2421 1664 2475 tributorum
1691 2419 1869 2474 vincu-

287 2518 358 2574 lis
385 2517 542 2586 quasi
580 2514 887 2585 praedonum
932 2512 1178 2567 manibus
1221 2510 1547 2579 strangulata
1588 2509 1866 2574 moriatur,

292 2607 637 2664 Inveniuntur
665 2615 842 2661 tamen
887 2605 1102 2675 plurimi
1131 2604 1351 2658 divitum
1393 2618 1619 2682 quorum
1665 2603 1865 2657 tributa

289 2715 556 2772 pauperes
599 2697 817 2753 ferunt?
842 2697 946 2752 hoc
972 2703 1071 2762 est,
1121 2696 1464 2751 inveniuntur
1488 2695 1702 2765 plurimi
1732 2694 1865 2750 divi-

288 2801 402 2849 tum
438 2805 665 2862 quorum
695 2790 888 2844 tributa
917 2803 1181 2860 pauperes
1206 2796 1420 2843 necant.
1449 2786 1516 2843 Et
1541 2787 1685 2856 quod
1714 2787 1856 2842 inve-

287 2883 390 2942 niri
419 2882 643 2937 dicimus
661 2880 937 2950 plurimos,
964 2881 1125 2934 timeo
1146 2895 1214 2934 ne
1236 2879 1411 2934 verius
1431 2878 1730 2933 diceremus
1751 2893 1867 2933 om-

287 2989 407 3031 nes.
438 2973 570 3027 Tam
598 2973 754 3043 pauci
781 2973 924 3028 enim
946 2971 1071 3026 mali
1099 2970 1254 3040 hujus
1272 2978 1520 3040 expertes
1548 2979 1691 3036 sunt,
1721 2970 1766 3023 si
1788 2976 1868 3023 ta-

288 3079 413 3121 men
444 3063 539 3118 ulli
577 3070 719 3126 sunt,
768 3071 827 3116 ut
854 3063 908 3116 in
948 3077 1012 3117 ea
1058 3069 1210 3131 parte
1236 3075 1340 3130 qua
1378 3061 1573 3115 multos
1615 3059 1863 3125 diximus,

1962 1893 2134 1948 malus
2163 1892 2464 1962 spernitur,
2496 1890 2544 1945 si
2563 1889 2742 1943 malus
2776 1895 2878 1951 est,
2917 1885 3072 1956 quasi
3115 1885 3288 1939 bonus
3315 1882 3543 1937 honora-

1960 1991 2065 2038 tur.
2093 1983 2233 2036 Nihil
2257 1983 2437 2051 itaque
2475 1981 2666 2033 mirum
2693 1988 2777 2033 est
2803 1979 2850 2032 si
2877 1977 3150 2032 deteriora
3179 1972 3419 2044 quotidie
3447 1987 3545 2042 pa-

1962 2075 2143 2136 timur,
2173 2074 2266 2140 qui
2291 2073 2589 2126 deteriores
2614 2069 2856 2138 quotidie
2882 2084 3085 2123 sumus.
3112 2067 3181 2120 Et
3225 2082 3362 2121 nova
3402 2066 3547 2119 enim

1965 2162 2206 2232 quotidie
2244 2162 2489 2215 homines
2532 2159 2672 2213 mala
2703 2158 2926 2222 faciunt,
2958 2164 3013 2210 et
3035 2164 3218 2210 vetera
3246 2170 3356 2208 non
3382 2152 3548 2209 relin-

1967 2259 2159 2322 quunt.
2183 2251 2420 2320 Surgunt
2446 2248 2685 2305 recentia
2703 2247 2948 2314 crimina,
2972 2261 3072 2302 nec
3092 2243 3440 2316 repudiantur
3455 2258 3545 2299 al-

1968 2343 2139 2411 tiqua.

2037 2427 2166 2483 VIII.
2199 2429 2330 2495 Quis
2354 2442 2482 2497 ergo
2523 2435 2606 2483 est
2651 2426 2976 2484 causationis
3024 2425 3216 2482 locus?
3243 2423 3549 2491 Quamlibet

1964 2536 2154 2592 aspera
2180 2529 2236 2575 et
2281 2521 2502 2576 adversa
2552 2520 2837 2590 patiamur,
2865 2520 3072 2575 minora
3111 2518 3344 2588 patimur
3380 2531 3546 2588 quam

1965 2625 2251 2666 meremur.
2277 2609 2416 2675 Quid
2446 2610 2720 2678 querimur
2759 2609 2904 2679 quod
2936 2609 3068 2663 dure
3105 2616 3228 2677 agat
3266 2608 3548 2663 nobiscum

1965 2699 2144 2755 Deus?
2166 2699 2333 2754 Multo
2359 2715 2456 2754 nos
2493 2715 2615 2754 cum
2643 2698 2756 2753 Deo
2784 2697 2968 2753 durius
2991 2699 3216 2764 agimus.
3249 2695 3551 2751 Exacerba-

1966 2808 2084 2847 mus
2111 2791 2312 2862 quippe
2333 2805 2457 2844 eum
2487 2788 2883 2858 impuritatibus
2911 2787 3128 2852 nostris,
3151 2794 3206 2842 et
3234 2785 3302 2840 ad
3322 2784 3552 2854 punien-

1968 2884 2070 2940 dos
2094 2897 2194 2937 nos
2233 2881 2492 2935 trahimus
2520 2880 2764 2933 invitum.
2792 2879 2895 2949 71
2920 2877 3162 2945 Cumque
3197 2875 3314 2945 ejus
3347 2881 3554 2932 natura

1968 2975 2039 3031 sit
2067 2987 2218 3029 mens
2238 2973 2333 3029 Dei
2363 2979 2524 3042 atque
2551 2970 2823 3040 majestas,
2857 2978 2916 3025 ut
2942 2969 3087 3025 nulla
3117 2967 3404 3024 iracundia
3429 2981 3555 3038 pas-

1969 3066 2122 3123 sione
2145 3072 2445 3128 moveatur,
2469 3071 2618 3118 tanta
2640 3071 2819 3118 tamen
2843 3062 2897 3116 in
2919 3061 3074 3117 nobis
3091 3067 3435 3131 peccatorum
3456 3073 3556 3116 ex-

290 3169 478 3210 omues
493 3169 629 3224 pene
640 3153 832 3208 divites
843 3153 1078 3223 reperire
1098 3153 1382 3222 possimus.
1401 3150 1541 3206 Ecce
1553 3151 1695 3206 enim
1707 3163 1874 3206 reme-
1900 3151 1946 3215 C
1976 3158 2246 3214 acer-banc
2273 3164 2375 3220 est,
2406 3163 2466 3210 ut
2492 3171 2589 3227 per
2617 3170 2715 3211 nos
2741 3161 2962 3224 cogatur
2987 3155 3165 3210 irasci.
3195 3152 3344 3219 Vim,
3373 3159 3435 3208 ut
3480 3151 3555 3208 ita

289 3248 376 3304 (ia
405 3248 608 3319 pridem
634 3247 906 3302 nonnullis
933 3245 1150 3301 urbibus
1169 3244 1292 3299 data
1321 3244 1448 3314 quid
1477 3244 1618 3300 aliud
1645 3251 1869 3313 egerunt

289 3355 452 3411 quam
482 3349 541 3393 ut
559 3339 750 3393 divites
775 3344 997 3393 cunctos
1026 3337 1287 3390 immunes
1315 3335 1619 3400 redderent,
1642 3335 1867 3390 misero-

291 3446 412 3488 rum
437 3431 634 3486 triiuta
661 3428 1022 3494 cumularent;
1053 3428 1156 3483 illis
1182 3435 1240 3482 ut
1267 3427 1608 3482 demerentur
1636 3426 1870 3493 vectiga~

293 3522 362 3577 lia
387 3530 590 3588 vetera,
623 3522 740 3576 istis
761 3528 818 3574 ut
845 3519 1168 3575 adderentur
1195 3534 1365 3584 nova;
1399 3519 1518 3574 illos
1549 3528 1604 3572 ut
1629 3517 1869 3574 decessio

293 3615 458 3670 etiam
486 3613 822 3668 minimarum
869 3609 1199 3666 functionum
1239 3609 1620 3679 locupletaret,
1654 3610 1785 3662 istos
1814 3615 1871 3662 ut

294 3707 532 3763 accessio
561 3705 909 3760 maximarum
939 3701 1222 3772 aﬂligeret;
1255 3703 1330 3756 illi
1351 3710 1409 3755 ut
1432 3717 1617 3756 eorum
1645 3713 1764 3770 quae
1792 3701 1869 3755 le-

294 3798 433 3852 viter
459 3796 702 3852 ferebant
729 3796 1102 3850 imminutione
1125 3795 1469 3860 ditescerent,
1485 3794 1571 3848 isti
1599 3802 1658 3846 ut
1685 3809 1869 3847 eorum

291 3902 414 3957 qua:
435 3887 544 3956 jam
567 3887 705 3942 ferre
728 3903 833 3941 non
853 3894 1103 3956 poterant
1131 3885 1570 3954 multiplicatione
1595 3897 1872 3936 moreren-

295 3986 412 4044 tur;
427 3993 500 4034 ,ac
523 3979 599 4031 sic
621 3977 914 4032 remedium
945 3975 1073 4028 illud
1102 3975 1236 4028 alios
1263 3973 1607 4042 injustissime
1627 3973 1874 4036 erigeret,

297 4068 435 4122 alios
463 4066 804 4134 injustissime
830 4073 1077 4127 necaret;
1109 4063 1226 4116 aliis
1253 4069 1394 4116 esset
1415 4061 1878 4114 sceleratissimum

297 4156 602 4228 prmmium,
616 4155 734 4208 aliis
746 4155 1214 4208 sceleratissimum
1225 4167 1507 4207 venenum.
1537 4149 1686 4205 Unde
1699 4150 1881 4205 adver-

296 4250 466 4304 timus
493 4247 636 4318 quod
666 4247 795 4300 nihil
838 4261 956 4301 esse
982 4255 1035 4300 et
1061 4246 1312 4300 divitibus
1341 4244 1650 4300 sceleratius
1679 4250 1874 4312 potest,

294 4339 390 4412 qui
418 4337 668 4394 remediis
695 4337 804 4391 suis
831 4351 1093 4406 pauperes
1121 4336 1405 4406 perimunt,
1436 4343 1491 4388 et
1517 4333 1647 4387 nihil
1673 4348 1875 4402 paupe-

295 4422 446 4486 ribus
474 4427 734 4482 infelicius
769 4441 905 4495 quos
937 4426 1042 4495 70
1062 4425 1222 4480 etiam
1247 4424 1334 4477 illa
1372 4439 1490 4494 qua:
1517 4440 1615 4494 pro
1642 4423 1877 4477 remedio

295 4520 508 4578 cunctis
535 4519 728 4574 dantur
749 4517 1015 4573 occidunt.

373 4612 480 4669 VII.
504 4610 622 4666 Jam
648 4626 776 4666 vero
807 4609 933 4664 illud
958 4609 1136 4679 quale,
1168 4623 1326 4678 quam
1367 4618 1629 4673 sanctum,
1660 4607 1802 4676 quod
1832 4610 1874 4663 si

297 4705 422 4777 quis
448 4721 516 4762 ex
545 4703 808 4760 nobilibus
835 4703 1075 4758 converti
1121 4701 1186 4756 ad
1215 4701 1383 4756 Deum
1413 4703 1654 4771 coeperit,
1694 4702 1875 4756 statim

298 4796 565 4854 honorem
586 4793 876 4851 nobilitatis
898 4793 1125 4846 amittit?
1153 4793 1257 4846 Aut
1277 4800 1509 4860 quantus
1538 4794 1590 4846 in
1619 4792 1875 4847 Christia-

251 4896 258 4958 ξ
300 4903 376 4952 no
401 4887 602 4958 populo
627 4887 801 4942 honor
819 4883 1014 4939 Christi
1041 4892 1140 4950 est,
1165 4883 1254 4938 ubi
1275 4884 1462 4952 religio
1492 4885 1778 4951 ignobilem
1801 4883 1878 4937 fa-

241 4945 257 4984 ³
300 4945 419 5037 citi;
437 4945 627 5033 Statim
642 4979 784 5033 enim
805 4985 864 5031 ut
890 4976 1009 5045 quis
1036 4977 1227 5030 melior
1254 4991 1372 5030 esse
1402 4977 1706 5041 tentaverit,
1731 4976 1881 5032 dete-

301 5070 466 5126 rioris
494 5069 792 5139 abjectione
812 5069 1070 5134 calcatur;
1095 5081 1159 5122 ac
1172 5082 1268 5138 per
1292 5067 1394 5122 hoc
1418 5073 1604 5122 omnes
1624 5065 1884 5136 quodam-

269 5161 284 5208 ι

385 5323 412 5355 ι
456 5312 638 5372 Codex
663 5312 1003 5388 Colbertinus
1035 5332 1048 5369 :
1079 5313 1188 5371 Sed
1227 5315 1296 5369 ad
1334 5315 1428 5370 hoc
1468 5316 1763 5388 responderi
1791 5337 1884 5390 ρο-

310 5393 582 5584 ΐὲἑῗῗέη
619 5455 789 5512 codex
832 5463 887 5511 et
931 5457 1020 5512 hic
1056 5463 1114 5512 et
1163 5457 1324 5526 paulo
1370 5465 1494 5527 post
1534 5458 1697 5514 habet
1722 5477 1886 5531 quan-

385 5607 408 5636 ι
439 5593 574 5668 Hinc
600 5595 690 5668 illa
738 5594 1018 5668 adversus_
1035 5595 1420 5668 Tertullianum
1469 5601 1707 5668 querela,
1736 5601 1826 5668 qui
1855 5616 1888 5654 a

313 5673 438 5748 toga
465 5667 532 5748 ad
559 5667 775 5748 pallium
802 5674 860 5747 et
881 5663 1268 5748 iut‘Salvianus
1294 5663 1368 5748 ait
1392 5663 1510 5748 pag.
1537 5663 1888 5748 ῃιηᾷριιξ-

659 5735 939 5809 religionis
967 5735 1270 5793 transierat.
1324 5735 1431 5793 Sed
1465 5735 1601 5810 quid
1644 5735 1746 5796 sibi
1773 5735 1891 5793 vult

1968 3251 2212 3314 dixerim,
2241 3250 2464 3305 facimus
2482 3249 2670 3319 pietati
2695 3263 2824 3312 sum,
2852 3263 2915 3302 ac
2935 3262 3127 3302 manus
3154 3244 3555 3316 quodammodo

1970 3344 2239 3400 aﬂ'erimus
2266 3341 2644 3399 misericordia:
2671 3357 2799 3396 suae.
2830 3340 3073 3408 Cumque
3100 3337 3216 3407 ejus
3251 3336 3555 3405 benignita-

1970 3437 2037 3492 tis
2079 3437 2234 3490 situt
2278 3435 2405 3489 velit
2436 3433 2588 3489 nobis
2631 3432 2830 3502 jugiter
2868 3444 3111 3499 parcere,
3155 3427 3362 3496 cogitur
3400 3424 3556 3480 malis

1971 3528 2167 3583 nostris
2204 3527 2408 3582 scelera
2437 3541 2556 3594 qua:
2596 3523 2928 3579 admittimus
2974 3520 3266 3577 vindicare.
3297 3519 3374 3574 Ac
3415 3517 3555 3573 sicut

1973 3621 2046 3674 illi
2077 3620 2251 3674 solent
2284 3619 2376 3687 qui
2407 3617 2786 3672 munitissimas
2825 3617 2984 3672 urbes
3025 3615 3292 3678 obsident,
3322 3621 3416 3668 aut
3461 3611 3554 3666 ﬁr-

1972 3711 2237 3765 missimas
2265 3724 2415 3764 arces
2444 3709 2653 3762 urbium
2681 3721 2877 3777 capere
2904 3715 2959 3761 et
2985 3707 3244 3761 subruere
3271 3711 3553 3763 conantur,

1974 3803 2222 3858 onmibus
2249 3801 2448 3867 absque
2473 3798 2635 3852 dubio
2663 3813 2756 3852 eas
2785 3807 2840 3850 et
2861 3797 3090 3850 telorum
3111 3802 3168 3847 et
3191 3793 3555 3846 machinarum

1977 3893 2261 3958 generibus
2289 3897 2621 3957 oppugnant,
2636 3889 2709 3942 ita
2739 3902 2837 3940 nos
2867 3885 2933 3938 ad
2962 3882 3370 3952 expugnandam
3399 3881 3559 3936 mise.

1981 3980 2262 4035 ricordiam
2309 3979 2402 4032 Dei
2434 3979 2579 4032 omni
2625 3984 2968 4046 peccatorum
2998 3974 3306 4028 immanium
3329 3973 3554 4038 scelere,

1981 4070 2132 4139 quasi
2151 4069 2291 4122 omni
2307 4069 2531 4122 telorum
2546 4082 2740 4136 genere
2750 4081 3047 4138 pugnamus
3056 4074 3110 4121 et
3121 4065 3434 4134 injuriosum
3453 4079 3555 4121 no-

1981 4162 2062 4217 bis
2084 4162 2249 4215 Deum
2271 4161 2650 4224 existimamus,
2675 4174 2797 4214 cum
2814 4159 2910 4228 ipsi
2941 4157 3329 4228 injuriosissimi
3348 4157 3460 4213 Deo
3488 4158 3555 4212 si-

1981 4269 2116 4307 mus.
2147 4250 2328 4306 Omnis
2374 4251 2631 4320 siquidem
2659 4251 3083 4306 Christianorum
3113 4250 3350 4304 omnium
3376 4251 3557 4320 culpa,

1980 4345 2273 4402 divinitatis
2318 4342 2513 4412 injuria
2565 4351 2664 4397 est.
2701 4341 2834 4396 Nam
2880 4358 3001 4396 cum
3047 4341 3140 4400 illa
3161 4356 3282 4409 quae
3325 4341 3499 4396 facere
3527 4353 3558 4395 a

1983 4435 2092 4489 Deo
2119 4443 2359 4488 vetamur
2387 4433 2732 4498 admittimus,
2762 4433 2992 4486 vetantis
3006 4431 3153 4501 jussa
3174 4431 3473 4496 calcamus;
3495 4446 3559 4486 ac

1904 4525 1956 4584 D
1980 4541 2076 4596 per
2121 4527 2225 4581 hoc
2252 4526 2409 4596 impie
2440 4526 2492 4578 in
2541 4524 2931 4580 calamitatibus
2979 4525 3174 4579 nostris
3220 4524 3560 4578 severitatem

1985 4618 2219 4672 divinam
2247 4632 2577 4671 accusamus.
2609 4615 2716 4670 Nos
2745 4616 2943 4685 quippe
2982 4615 3134 4670 nobis
3163 4614 3446 4669 accusandi
3473 4627 3563 4668 su-

1983 4723 2120 4760 mus.
2154 4705 2283 4759 Nam
2323 4722 2443 4760 cum
2472 4721 2534 4760 ea
2573 4705 2764 4774 quibus
2807 4713 3153 4774 torqueamur
3199 4704 3561 4770 admittimus,

1984 4799 2084 4867 ipsi
2134 4786 2522 4852 tormentorum
2571 4799 2876 4851 nostrorum
2914 4806 3159 4851 auctores
3190 4811 3393 4852 sumus.
3425 4795 3563 4863 Quid

1984 4903 2112 4958 ergo
2139 4888 2206 4942 de
2241 4903 2520 4957 pmnarum
2549 4886 2838 4941 acerbitate
2865 4886 3168 4956 querimur?
3193 4886 3566 4957 Unusquisque

1987 4988 2227 5034 nostrum
2269 4979 2380 5048 ipse
2409 4994 2467 5031 se
2496 4978 2666 5046 punit.
2696 4976 2763 5029 Et
2791 4977 2912 5032 ideo
2941 4977 3070 5032 illud
3099 4979 3467 5048 prepheticum
3498 4975 3567 5027 ad

1990 5086 2088 5124 nos
2115 5067 2308 5124 dicitur
2351 5087 2360 5119 :
2394 5068 2527 5122 Ecce
2554 5084 2727 5123 omnes
2748 5086 2835 5124 vos
2863 5070 3030 5140 ignem
3076 5071 3374 5132 accenditis,
3404 5077 3452 5120 et
3489 5065 3566 5117 vi-

1489 5199 1825 5258 sreruam
1860 5195 2128 5259 BALUZII
2163 5199 2388 5279 nom.

1990 5321 2117 5398 illud
2146 5319 2289 5390 quod
2326 5319 2606 5374 Salvianus
2633 5321 2726 5385 ait,
2759 5336 2853 5375 eos
2897 5321 2986 5398 qui
3014 5316 3361 5398 se‘IIeIigioni
3391 5313 3567 5398 appli-

1990 5385 2202 5452 cabani,
2234 5398 2434 5443 vestem
2461 5398 2668 5444 mutare
2707 5385 3086 5445 consuevisse?
3115 5389 3196 5440 An
3224 5385 3471 5441 monachi
3500 5385 3566 5442 il-

1991 5460 2162 5515 lorum
2188 5469 2485 5528 temporum
2529 5460 2705 5527 aliqua
2735 5459 2989 5530 peculiari
3004 5458 3163 5530 veste
3190 5453 3567 5530 discemeban—

1992 5537 2077 5585 tur
2101 5545 2130 5583 a
2161 5525 2364 5584 ueteris
2408 5525 2748 5584 hominibus?
2773 5529 2902 5583 Vide
2929 5525 3162 5595 Salvian.
3207 5539 3328 5595 pag.
3382 5527 3483 5582 I08
3510 5538 3568 5584 et

1992 5615 2110 5668 qua}
2139 5608 2464 5654 annotantur
2490 5599 2623 5652 infra
2647 5600 2713 5652 ad
2742 5611 2863 5664 pag.
2892 5592 2994 5645 586
3015 5600 3068 5645 ct
3086 5592 3213 5668 seq.

2063 5669 2088 5706 ά
2121 5669 2176 5730 Id
2205 5678 2306 5732 est,
2334 5669 2383 5721 in
2415 5669 2478 5722 iis
2504 5669 2596 5734 qui
2623 5663 3004 5734 convertuntur
3034 5663 3102 5718 ad
3132 5663 3317 5733 Deum,
3348 5677 3408 5722 ut
3433 5667 3580 5721 dixit

1995 5739 2158 5808 paulo
2185 5747 2332 5792 ante.
2360 5737 2492 5790 Vide
2520 5732 2642 5802 pag.
2673 5732 2797 5783 108.
