  <div class='ocr_page' id='page_1' title='image "/cluster/home/n/w/nwhite01/storage/ocr_20150623/53/hvd.32044015471576/045.png"; bbox 0 0 4088 6360; ppageno 0'>
   <div class='ocr_carea' id='block_1_1' title="bbox 585 243 2892 319">
    <p class='ocr_par' dir='ltr' id='par_1_1' title="bbox 585 243 2892 319">
     <span class='ocr_line' id='line_1_1' title="bbox 585 243 2892 319; baseline -0.001 0"><span class='ocrx_word' id='word_1_1' title='bbox 585 243 658 319; x_wconf 75' lang='lat'><strong>‘19</strong></span> <span class='ocrx_word' id='word_1_2' title='bbox 1535 261 1590 316; x_wconf 93' lang='lat' dir='ltr'><strong>s.</strong></span> <span class='ocrx_word' id='word_1_3' title='bbox 1628 257 1941 316; x_wconf 79' lang='lat' dir='ltr'><strong>SALVIANI</strong></span> <span class='ocrx_word' id='word_1_4' title='bbox 1979 249 2434 319; x_wconf 84' lang='lat' dir='ltr'><strong>MASSILIENSIS</strong></span> <span class='ocrx_word' id='word_1_5' title='bbox 2474 261 2892 318; x_wconf 76' lang='lat' dir='ltr'><strong>PRESBYTER]</strong></span> 
     </span>
    </p>
   </div>
   <div class='ocr_carea' id='block_1_2' title="bbox 3748 257 3861 322">
    <p class='ocr_par' dir='ltr' id='par_1_2' title="bbox 3748 257 3861 322">
     <span class='ocr_line' id='line_1_2' title="bbox 3748 257 3861 322; baseline 0 0"><span class='ocrx_word' id='word_1_6' title='bbox 3748 257 3861 322; x_wconf 66' lang='lat'><strong>&#39;80</strong></span> 
     </span>
    </p>
   </div>
   <div class='ocr_carea' id='block_1_3' title="bbox 571 354 3850 453">
    <p class='ocr_par' dir='ltr' id='par_1_3' title="bbox 571 354 3850 453">
     <span class='ocr_line' id='line_1_3' title="bbox 571 354 3850 453; baseline -0 -16"><span class='ocrx_word' id='word_1_7' title='bbox 571 354 664 437; x_wconf 67' lang='lat' dir='ltr'><strong>&#39;m</strong></span> <span class='ocrx_word' id='word_1_8' title='bbox 693 381 929 453; x_wconf 72' lang='lat' dir='ltr'><strong>praebetis</strong></span> <span class='ocrx_word' id='word_1_9' title='bbox 967 380 1226 450; x_wconf 65' lang='lat' dir='ltr'><strong>flamma:</strong></span> <span class='ocrx_word' id='word_1_10' title='bbox 1256 376 1579 448; x_wconf 84' lang='lat' dir='ltr'><strong>ingredimini</strong></span> <span class='ocrx_word' id='word_1_11' title='bbox 1618 379 1673 431; x_wconf 90' lang='lat' dir='ltr'><strong>in</strong></span> <span class='ocrx_word' id='word_1_12' title='bbox 1701 379 1865 432; x_wconf 89' lang='lat' dir='ltr'><strong>lucem</strong></span> <span class='ocrx_word' id='word_1_13' title='bbox 1903 379 2038 449; x_wconf 88' lang='lat' dir='ltr'><strong>ignis</strong></span> <span class='ocrx_word' id='word_1_14' title='bbox 2067 394 2150 431; x_wconf 81' lang='lat' dir='ltr'><strong>ve-</strong></span> <span class='ocrx_word' id='word_1_15' title='bbox 2180 381 2234 443; x_wconf 78' lang='grc' dir='ltr'>Α</span> <span class='ocrx_word' id='word_1_16' title='bbox 2257 394 2376 434; x_wconf 89' lang='lat' dir='ltr'><strong>rum</strong></span> <span class='ocrx_word' id='word_1_17' title='bbox 2403 380 2662 436; x_wconf 76' lang='lat' dir='ltr'><strong>mentium</strong></span> <span class='ocrx_word' id='word_1_18' title='bbox 2683 393 2872 434; x_wconf 89' lang='lat' dir='ltr'><strong>manus</strong></span> <span class='ocrx_word' id='word_1_19' title='bbox 2899 369 3140 445; x_wconf 71' lang='lat' dir='ltr'><strong>injiciani</strong></span> <span class='ocrx_word' id='word_1_20' title='bbox 3161 376 3322 433; x_wconf 89' lang='lat' dir='ltr'><strong>etiam</strong></span> <span class='ocrx_word' id='word_1_21' title='bbox 3351 377 3403 431; x_wconf 92' lang='lat' dir='ltr'><strong>in</strong></span> <span class='ocrx_word' id='word_1_22' title='bbox 3433 366 3621 435; x_wconf 59' lang='lat' dir='ltr'><strong>De&quot;.</strong></span> <span class='ocrx_word' id='word_1_23' title='bbox 3647 375 3850 436; x_wconf 76' lang='lat' dir='ltr'><strong>Posue-</strong></span> 
     </span>
    </p>
   </div>
   <div class='ocr_carea' id='block_1_4' title="bbox 581 457 2164 542">
    <p class='ocr_par' dir='ltr' id='par_1_4' title="bbox 581 457 2164 542">
     <span class='ocr_line' id='line_1_4' title="bbox 581 457 2164 542; baseline -0.005 -13"><span class='ocrx_word' id='word_1_24' title='bbox 581 457 682 530; x_wconf 66' lang='lat' dir='ltr'><strong>stri</strong></span> <span class='ocrx_word' id='word_1_25' title='bbox 721 482 770 527; x_wconf 88' lang='lat' dir='ltr'><strong>et</strong></span> <span class='ocrx_word' id='word_1_26' title='bbox 795 473 1022 542; x_wconf 66' lang='lat' dir='ltr'><strong>ﬂamma</strong></span> <span class='ocrx_word' id='word_1_27' title='bbox 1059 487 1207 542; x_wconf 88' lang='lat' dir='ltr'><strong>quam</strong></span> <span class='ocrx_word' id='word_1_28' title='bbox 1251 468 1550 522; x_wconf 84' lang='lat' dir='ltr'><strong>accendistis</strong></span> <span class='ocrx_word' id='word_1_29' title='bbox 1580 467 1736 537; x_wconf 88' lang='lat' dir='ltr'><strong>(Isai.</strong></span> <span class='ocrx_word' id='word_1_30' title='bbox 1779 485 1835 534; x_wconf 80' lang='lat'><strong>1.,</strong></span> <span class='ocrx_word' id='word_1_31' title='bbox 1865 467 1941 538; x_wconf 90' lang='lat'><strong>2).</strong></span> <span class='ocrx_word' id='word_1_32' title='bbox 1969 467 2164 521; x_wconf 89' lang='lat' dir='ltr'><strong>Totum</strong></span> 
     </span>
    </p>
   </div>
   <div class='ocr_carea' id='block_1_5' title="bbox 582 557 2164 637">
    <p class='ocr_par' dir='ltr' id='par_1_5' title="bbox 582 557 2164 637">
     <span class='ocr_line' id='line_1_5' title="bbox 582 557 2164 637; baseline -0.007 -14"><span class='ocrx_word' id='word_1_33' title='bbox 582 582 818 637; x_wconf 82' lang='lat' dir='ltr'><strong>namque</strong></span> <span class='ocrx_word' id='word_1_34' title='bbox 838 567 1125 621; x_wconf 88' lang='lat' dir='ltr'><strong>humanum</strong></span> <span class='ocrx_word' id='word_1_35' title='bbox 1151 577 1318 632; x_wconf 89' lang='lat' dir='ltr'><strong>genus</strong></span> <span class='ocrx_word' id='word_1_36' title='bbox 1345 562 1450 617; x_wconf 86' lang='lat' dir='ltr'><strong>hoc</strong></span> <span class='ocrx_word' id='word_1_37' title='bbox 1469 561 1656 616; x_wconf 86' lang='lat' dir='ltr'><strong>ordine</strong></span> <span class='ocrx_word' id='word_1_38' title='bbox 1685 561 1738 615; x_wconf 92' lang='lat' dir='ltr'><strong>in</strong></span> <span class='ocrx_word' id='word_1_39' title='bbox 1767 557 1980 630; x_wconf 72' lang='lat' dir='ltr'><strong>poenam</strong></span> <span class='ocrx_word' id='word_1_40' title='bbox 2009 568 2164 614; x_wconf 76' lang='lat' dir='ltr'><strong>aeter-</strong></span> 
     </span>
    </p>
   </div>
   <div class='ocr_carea' id='block_1_6' title="bbox 581 652 2162 728">
    <p class='ocr_par' dir='ltr' id='par_1_6' title="bbox 581 652 2162 728">
     <span class='ocr_line' id='line_1_6' title="bbox 581 652 2162 728; baseline -0.006 -12"><span class='ocrx_word' id='word_1_41' title='bbox 581 677 709 716; x_wconf 90' lang='lat' dir='ltr'><strong>nam</strong></span> <span class='ocrx_word' id='word_1_42' title='bbox 757 661 882 726; x_wconf 82' lang='lat' dir='ltr'><strong>ruit,</strong></span> <span class='ocrx_word' id='word_1_43' title='bbox 910 674 1016 728; x_wconf 89' lang='lat' dir='ltr'><strong>quo</strong></span> <span class='ocrx_word' id='word_1_44' title='bbox 1062 656 1337 727; x_wconf 80' lang='lat' dir='ltr'><strong>Scriptura</strong></span> <span class='ocrx_word' id='word_1_45' title='bbox 1365 655 1701 710; x_wconf 86' lang='lat' dir='ltr'><strong>memoravit.</strong></span> <span class='ocrx_word' id='word_1_46' title='bbox 1735 652 1970 708; x_wconf 89' lang='lat' dir='ltr'><strong>Primum</strong></span> <span class='ocrx_word' id='word_1_47' title='bbox 2019 653 2162 708; x_wconf 88' lang='lat' dir='ltr'><strong>enim</strong></span> 
     </span>
    </p>
   </div>
   <div class='ocr_carea' id='block_1_7' title="bbox 579 747 2163 825">
    <p class='ocr_par' dir='ltr' id='par_1_7' title="bbox 579 747 2163 825">
     <span class='ocr_line' id='line_1_7' title="bbox 579 747 2163 825; baseline -0.006 -15"><span class='ocrx_word' id='word_1_48' title='bbox 579 755 758 825; x_wconf 92' lang='lat' dir='ltr'><strong>ignem</strong></span> <span class='ocrx_word' id='word_1_49' title='bbox 780 751 1039 818; x_wconf 86' lang='lat' dir='ltr'><strong>accendit,</strong></span> <span class='ocrx_word' id='word_1_50' title='bbox 1070 756 1259 820; x_wconf 88' lang='lat' dir='ltr'><strong>postea</strong></span> <span class='ocrx_word' id='word_1_51' title='bbox 1290 749 1430 804; x_wconf 87' lang='lat' dir='ltr'><strong>vires</strong></span> <span class='ocrx_word' id='word_1_52' title='bbox 1475 748 1683 816; x_wconf 77' lang='lat' dir='ltr'><strong>ignibus</strong></span> <span class='ocrx_word' id='word_1_53' title='bbox 1702 747 1922 817; x_wconf 64' lang='lat' dir='ltr'><strong>praebet,</strong></span> <span class='ocrx_word' id='word_1_54' title='bbox 1950 753 2163 816; x_wconf 90' lang='lat' dir='ltr'><strong>postre-</strong></span> 
     </span>
    </p>
   </div>
   <div class='ocr_carea' id='block_1_8' title="bbox 577 837 2164 911">
    <p class='ocr_par' dir='ltr' id='par_1_8' title="bbox 577 837 2164 911">
     <span class='ocr_line' id='line_1_8' title="bbox 577 837 2164 911; baseline -0.006 -11"><span class='ocrx_word' id='word_1_55' title='bbox 577 861 671 900; x_wconf 89' lang='lat' dir='ltr'><strong>mo</strong></span> <span class='ocrx_word' id='word_1_56' title='bbox 693 844 958 898; x_wconf 82' lang='lat' dir='ltr'><strong>ﬂammam</strong></span> <span class='ocrx_word' id='word_1_57' title='bbox 986 841 1280 911; x_wconf 79' lang='lat' dir='ltr'><strong>ingreditur</strong></span> <span class='ocrx_word' id='word_1_58' title='bbox 1302 856 1463 910; x_wconf 90' lang='lat' dir='ltr'><strong>quam</strong></span> <span class='ocrx_word' id='word_1_59' title='bbox 1489 839 1716 910; x_wconf 89' lang='lat' dir='ltr'><strong>paravit.</strong></span> <span class='ocrx_word' id='word_1_60' title='bbox 1748 837 1973 904; x_wconf 85' lang='lat' dir='ltr'><strong>Quando</strong></span> <span class='ocrx_word' id='word_1_61' title='bbox 2003 838 2164 906; x_wconf 78' lang='lat' dir='ltr'><strong>igitur</strong></span> 
     </span>
    </p>
   </div>
   <div class='ocr_carea' id='block_1_9' title="bbox 575 927 2161 1008">
    <p class='ocr_par' dir='ltr' id='par_1_9' title="bbox 575 927 2161 1008">
     <span class='ocr_line' id='line_1_9' title="bbox 575 927 2161 1008; baseline -0.008 -17"><span class='ocrx_word' id='word_1_62' title='bbox 575 937 806 1008; x_wconf 81' lang='lat' dir='ltr'><strong>primum</strong></span> <span class='ocrx_word' id='word_1_63' title='bbox 835 934 936 989; x_wconf 89' lang='lat' dir='ltr'><strong>sibi</strong></span> <span class='ocrx_word' id='word_1_64' title='bbox 979 934 1142 988; x_wconf 91' lang='lat' dir='ltr'><strong>homo</strong></span> <span class='ocrx_word' id='word_1_65' title='bbox 1171 941 1430 987; x_wconf 59' lang='lat' dir='ltr'><strong>aeternum</strong></span> <span class='ocrx_word' id='word_1_66' title='bbox 1474 929 1715 985; x_wconf 79' lang='lat' dir='ltr'><strong>accendit</strong></span> <span class='ocrx_word' id='word_1_67' title='bbox 1763 928 1973 996; x_wconf 88' lang='lat' dir='ltr'><strong>ignem?</strong></span> <span class='ocrx_word' id='word_1_68' title='bbox 2003 927 2161 981; x_wconf 88' lang='lat' dir='ltr'><strong>Scili-</strong></span> 
     </span>
    </p>
   </div>
   <div class='ocr_carea' id='block_1_10' title="bbox 573 1019 2163 1095">
    <p class='ocr_par' dir='ltr' id='par_1_10' title="bbox 573 1019 2163 1095">
     <span class='ocr_line' id='line_1_10' title="bbox 573 1019 2163 1095; baseline -0.008 -12"><span class='ocrx_word' id='word_1_69' title='bbox 573 1037 664 1084; x_wconf 90' lang='lat' dir='ltr'><strong>cet</strong></span> <span class='ocrx_word' id='word_1_70' title='bbox 688 1041 808 1082; x_wconf 93' lang='lat' dir='ltr'><strong>cum</strong></span> <span class='ocrx_word' id='word_1_71' title='bbox 828 1025 1061 1095; x_wconf 90' lang='lat' dir='ltr'><strong>primum</strong></span> <span class='ocrx_word' id='word_1_72' title='bbox 1089 1038 1312 1094; x_wconf 87' lang='lat' dir='ltr'><strong>peccare</strong></span> <span class='ocrx_word' id='word_1_73' title='bbox 1340 1021 1544 1091; x_wconf 87' lang='lat' dir='ltr'><strong>incipit.</strong></span> <span class='ocrx_word' id='word_1_74' title='bbox 1563 1019 1788 1087; x_wconf 84' lang='lat' dir='ltr'><strong>Quando</strong></span> <span class='ocrx_word' id='word_1_75' title='bbox 1815 1027 1995 1073; x_wconf 90' lang='lat' dir='ltr'><strong>autem</strong></span> <span class='ocrx_word' id='word_1_76' title='bbox 2019 1019 2163 1071; x_wconf 89' lang='lat' dir='ltr'><strong>vires</strong></span> 
     </span>
    </p>
   </div>
   <div class='ocr_carea' id='block_1_11' title="bbox 571 1114 2161 1189">
    <p class='ocr_par' dir='ltr' id='par_1_11' title="bbox 571 1114 2161 1189">
     <span class='ocr_line' id='line_1_11' title="bbox 571 1114 2161 1189; baseline -0.007 -15"><span class='ocrx_word' id='word_1_77' title='bbox 571 1120 785 1188; x_wconf 86' lang='lat' dir='ltr'><strong>ignibus</strong></span> <span class='ocrx_word' id='word_1_78' title='bbox 823 1118 1064 1188; x_wconf 74' lang='lat' dir='ltr'><strong>praebet?</strong></span> <span class='ocrx_word' id='word_1_79' title='bbox 1091 1115 1226 1170; x_wconf 90' lang='lat' dir='ltr'><strong>Cum</strong></span> <span class='ocrx_word' id='word_1_80' title='bbox 1273 1115 1472 1189; x_wconf 89' lang='lat' dir='ltr'><strong>utique</strong></span> <span class='ocrx_word' id='word_1_81' title='bbox 1505 1114 1742 1184; x_wconf 82' lang='lat' dir='ltr'><strong>peccatis</strong></span> <span class='ocrx_word' id='word_1_82' title='bbox 1789 1115 1893 1182; x_wconf 79' lang='lat'><strong>72</strong></span> <span class='ocrx_word' id='word_1_83' title='bbox 1941 1116 2161 1181; x_wconf 85' lang='lat' dir='ltr'><strong>peccata</strong></span> 
     </span>
    </p>
   </div>
   <div class='ocr_carea' id='block_1_12' title="bbox 567 1203 2160 1277">
    <p class='ocr_par' dir='ltr' id='par_1_12' title="bbox 567 1203 2160 1277">
     <span class='ocr_line' id='line_1_12' title="bbox 567 1203 2160 1277; baseline -0.008 -9"><span class='ocrx_word' id='word_1_84' title='bbox 567 1211 878 1270; x_wconf 88' lang='lat' dir='ltr'><strong>cumularit.</strong></span> <span class='ocrx_word' id='word_1_85' title='bbox 911 1209 1135 1277; x_wconf 85' lang='lat' dir='ltr'><strong>Quando</strong></span> <span class='ocrx_word' id='word_1_86' title='bbox 1183 1223 1309 1263; x_wconf 91' lang='lat' dir='ltr'><strong>vero</strong></span> <span class='ocrx_word' id='word_1_87' title='bbox 1358 1208 1534 1275; x_wconf 87' lang='lat' dir='ltr'><strong>ignem</strong></span> <span class='ocrx_word' id='word_1_88' title='bbox 1580 1213 1838 1259; x_wconf 85' lang='lat' dir='ltr'><strong>aeternum</strong></span> <span class='ocrx_word' id='word_1_89' title='bbox 1881 1203 2160 1258; x_wconf 86' lang='lat' dir='ltr'><strong>introibit?</strong></span> 
     </span>
    </p>
   </div>
   <div class='ocr_carea' id='block_1_13' title="bbox 572 1295 2160 1371">
    <p class='ocr_par' dir='ltr' id='par_1_13' title="bbox 572 1295 2160 1371">
     <span class='ocr_line' id='line_1_13' title="bbox 572 1295 2160 1371; baseline -0.008 -13"><span class='ocrx_word' id='word_1_90' title='bbox 572 1303 800 1371; x_wconf 89' lang='lat' dir='ltr'><strong>Quando</strong></span> <span class='ocrx_word' id='word_1_91' title='bbox 829 1299 1284 1356; x_wconf 90' lang='lat' dir='ltr'><strong>inremediabilem</strong></span> <span class='ocrx_word' id='word_1_92' title='bbox 1311 1298 1418 1366; x_wconf 88' lang='lat' dir='ltr'><strong>jam</strong></span> <span class='ocrx_word' id='word_1_93' title='bbox 1450 1297 1716 1352; x_wconf 86' lang='lat' dir='ltr'><strong>malorum</strong></span> <span class='ocrx_word' id='word_1_94' title='bbox 1745 1295 1984 1350; x_wconf 89' lang='lat' dir='ltr'><strong>omnium</strong></span> <span class='ocrx_word' id='word_1_95' title='bbox 2016 1309 2160 1348; x_wconf 83' lang='lat' dir='ltr'><strong>sum—</strong></span> 
     </span>
    </p>
   </div>
   <div class='ocr_carea' id='block_1_14' title="bbox 571 1386 2156 1456">
    <p class='ocr_par' dir='ltr' id='par_1_14' title="bbox 571 1386 2156 1456">
     <span class='ocr_line' id='line_1_14' title="bbox 571 1386 2156 1456; baseline -0.008 -6"><span class='ocrx_word' id='word_1_96' title='bbox 571 1411 719 1450; x_wconf 88' lang='lat' dir='ltr'><strong>mam</strong></span> <span class='ocrx_word' id='word_1_97' title='bbox 747 1393 1101 1450; x_wconf 89' lang='lat' dir='ltr'><strong>crescentium</strong></span> <span class='ocrx_word' id='word_1_98' title='bbox 1131 1392 1448 1446; x_wconf 85' lang='lat' dir='ltr'><strong>delictorum</strong></span> <span class='ocrx_word' id='word_1_99' title='bbox 1478 1389 1756 1443; x_wconf 88' lang='lat' dir='ltr'><strong>nimietate</strong></span> <span class='ocrx_word' id='word_1_100' title='bbox 1786 1386 2156 1456; x_wconf 84' lang='lat' dir='ltr'><strong>compleverit,</strong></span> 
     </span>
    </p>
   </div>
   <div class='ocr_carea' id='block_1_15' title="bbox 571 1479 2156 1551">
    <p class='ocr_par' dir='ltr' id='par_1_15' title="bbox 571 1479 2156 1551">
     <span class='ocr_line' id='line_1_15' title="bbox 571 1479 2156 1551; baseline -0.008 -8"><span class='ocrx_word' id='word_1_101' title='bbox 571 1489 712 1543; x_wconf 89' lang='lat' dir='ltr'><strong>sicut</strong></span> <span class='ocrx_word' id='word_1_102' title='bbox 741 1486 988 1541; x_wconf 85' lang='lat' dir='ltr'><strong>Salvator</strong></span> <span class='ocrx_word' id='word_1_103' title='bbox 1030 1492 1213 1540; x_wconf 86' lang='lat' dir='ltr'><strong>noster</strong></span> <span class='ocrx_word' id='word_1_104' title='bbox 1263 1483 1329 1537; x_wconf 91' lang='lat' dir='ltr'><strong>ad</strong></span> <span class='ocrx_word' id='word_1_105' title='bbox 1356 1481 1660 1536; x_wconf 70' lang='lat' dir='ltr'><strong>Iudaeorum</strong></span> <span class='ocrx_word' id='word_1_106' title='bbox 1705 1481 1975 1551; x_wconf 89' lang='lat' dir='ltr'><strong>principes</strong></span> <span class='ocrx_word' id='word_1_107' title='bbox 2021 1479 2098 1532; x_wconf 90' lang='lat' dir='ltr'><strong>ait</strong></span> <span class='ocrx_word' id='word_1_108' title='bbox 2143 1495 2156 1531; x_wconf 89' lang='lat'><strong>:</strong></span> 
     </span>
    </p>
   </div>
   <div class='ocr_carea' id='block_1_16' title="bbox 573 1578 2157 1652">
    <p class='ocr_par' dir='ltr' id='par_1_16' title="bbox 573 1578 2157 1652">
     <span class='ocr_line' id='line_1_16' title="bbox 573 1578 2157 1652; baseline -0.007 -17"><span class='ocrx_word' id='word_1_109' title='bbox 573 1578 792 1650; x_wconf 80' lang='lat' dir='ltr'><strong>Implete</strong></span> <span class='ocrx_word' id='word_1_110' title='bbox 826 1594 1119 1632; x_wconf 73' lang='lat' dir='ltr'><strong>mensuram</strong></span> <span class='ocrx_word' id='word_1_111' title='bbox 1148 1586 1351 1647; x_wconf 81' lang='lat' dir='ltr'><strong>patrum</strong></span> <span class='ocrx_word' id='word_1_112' title='bbox 1379 1583 1678 1652; x_wconf 85' lang='lat' dir='ltr'><strong>vestrorum,</strong></span> <span class='ocrx_word' id='word_1_113' title='bbox 1711 1580 1990 1644; x_wconf 83' lang='lat' dir='ltr'><strong>serpentes,</strong></span> <span class='ocrx_word' id='word_1_114' title='bbox 2033 1587 2157 1642; x_wconf 90' lang='lat' dir='ltr'><strong>pro-</strong></span> 
     </span>
    </p>
   </div>
   <div class='ocr_carea' id='block_1_17' title="bbox 573 1663 2159 1743">
    <p class='ocr_par' dir='ltr' id='par_1_17' title="bbox 573 1663 2159 1743">
     <span class='ocr_line' id='line_1_17' title="bbox 573 1663 2159 1743; baseline -0.007 -18"><span class='ocrx_word' id='word_1_115' title='bbox 573 1673 744 1743; x_wconf 86' lang='lat' dir='ltr'><strong>genies</strong></span> <span class='ocrx_word' id='word_1_116' title='bbox 767 1672 1053 1741; x_wconf 84' lang='lat' dir='ltr'><strong>viperarum</strong></span> <span class='ocrx_word' id='word_1_117' title='bbox 1084 1666 1295 1740; x_wconf 81' lang='lat' dir='ltr'><strong>(Matth.</strong></span> <span class='ocrx_word' id='word_1_118' title='bbox 1330 1683 1478 1732; x_wconf 79' lang='lat' dir='ltr'><strong>mn,</strong></span> <span class='ocrx_word' id='word_1_119' title='bbox 1519 1665 1606 1731; x_wconf 81' lang='lat'><strong>&#39;52,</strong></span> <span class='ocrx_word' id='word_1_120' title='bbox 1639 1665 1750 1734; x_wconf 75' lang='grc'><strong>55).</strong></span> <span class='ocrx_word' id='word_1_121' title='bbox 1782 1663 1899 1717; x_wconf 86' lang='lat' dir='ltr'><strong>Non</strong></span> <span class='ocrx_word' id='word_1_122' title='bbox 1941 1663 2099 1730; x_wconf 86' lang='lat' dir='ltr'><strong>longe</strong></span> <span class='ocrx_word' id='word_1_123' title='bbox 2128 1677 2159 1715; x_wconf 90' lang='lat' dir='ltr'><strong>a</strong></span> 
     </span>
    </p>
   </div>
   <div class='ocr_carea' id='block_1_18' title="bbox 2266 459 3853 539">
    <p class='ocr_par' dir='ltr' id='par_1_18' title="bbox 2266 459 3853 539">
     <span class='ocr_line' id='line_1_18' title="bbox 2266 459 3853 539; baseline 0.001 -16"><span class='ocrx_word' id='word_1_124' title='bbox 2266 479 2385 524; x_wconf 87' lang='lat' dir='ltr'><strong>runt</strong></span> <span class='ocrx_word' id='word_1_125' title='bbox 2402 473 2557 536; x_wconf 85' lang='lat' dir='ltr'><strong>enim,</strong></span> <span class='ocrx_word' id='word_1_126' title='bbox 2581 471 2718 526; x_wconf 87' lang='lat' dir='ltr'><strong>sicut</strong></span> <span class='ocrx_word' id='word_1_127' title='bbox 2749 469 2816 524; x_wconf 92' lang='lat' dir='ltr'><strong>de</strong></span> <span class='ocrx_word' id='word_1_128' title='bbox 2841 468 3018 539; x_wconf 91' lang='lat' dir='ltr'><strong>impiis</strong></span> <span class='ocrx_word' id='word_1_129' title='bbox 3047 467 3303 538; x_wconf 89' lang='lat' dir='ltr'><strong>scriptum</strong></span> <span class='ocrx_word' id='word_1_130' title='bbox 3333 476 3434 533; x_wconf 88' lang='lat' dir='ltr'><strong>est,</strong></span> <span class='ocrx_word' id='word_1_131' title='bbox 3465 459 3764 523; x_wconf 67' lang='lat' dir='ltr'><strong>Pulli-runt</strong></span> <span class='ocrx_word' id='word_1_132' title='bbox 3789 473 3853 525; x_wconf 84' lang='lat' dir='ltr'><strong>in</strong></span> 
     </span>
    </p>
   </div>
   <div class='ocr_carea' id='block_1_19' title="bbox 2263 563 3878 634">
    <p class='ocr_par' dir='ltr' id='par_1_19' title="bbox 2263 563 3878 634">
     <span class='ocr_line' id='line_1_19' title="bbox 2263 563 3878 634; baseline -0.001 -15"><span class='ocrx_word' id='word_1_133' title='bbox 2263 565 2443 621; x_wconf 73' lang='lat' dir='ltr'><strong>coelum</strong></span> <span class='ocrx_word' id='word_1_134' title='bbox 2469 581 2526 619; x_wconf 90' lang='lat' dir='ltr'><strong>os</strong></span> <span class='ocrx_word' id='word_1_135' title='bbox 2553 581 2718 630; x_wconf 91' lang='lat' dir='ltr'><strong>suum,</strong></span> <span class='ocrx_word' id='word_1_136' title='bbox 2737 572 2786 618; x_wconf 87' lang='lat' dir='ltr'><strong>et</strong></span> <span class='ocrx_word' id='word_1_137' title='bbox 2811 563 2990 634; x_wconf 83' lang='lat' dir='ltr'><strong>lingua</strong></span> <span class='ocrx_word' id='word_1_138' title='bbox 3016 577 3193 616; x_wconf 88' lang='lat' dir='ltr'><strong>eorum</strong></span> <span class='ocrx_word' id='word_1_139' title='bbox 3220 564 3427 616; x_wconf 88' lang='lat' dir='ltr'><strong>transiit</strong></span> <span class='ocrx_word' id='word_1_140' title='bbox 3453 575 3598 630; x_wconf 65' lang='lat' dir='ltr'><strong>supra</strong></span> <span class='ocrx_word' id='word_1_141' title='bbox 3616 572 3878 631; x_wconf 44' lang='lat' dir='ltr'><strong>ituram,</strong></span> 
     </span>
    </p>
   </div>
   <div class='ocr_carea' id='block_1_20' title="bbox 2263 652 3857 728">
    <p class='ocr_par' dir='ltr' id='par_1_20' title="bbox 2263 652 3857 728">
     <span class='ocr_line' id='line_1_20' title="bbox 2263 652 3857 728; baseline 0.001 -18"><span class='ocrx_word' id='word_1_142' title='bbox 2263 667 2313 710; x_wconf 87' lang='lat' dir='ltr'><strong>ct</strong></span> <span class='ocrx_word' id='word_1_143' title='bbox 2341 656 2584 710; x_wconf 73' lang='lat' dir='ltr'><strong>dixerunt</strong></span> <span class='ocrx_word' id='word_1_144' title='bbox 2611 673 2628 708; x_wconf 91' lang='lat'><strong><em>:</em></strong></span> <span class='ocrx_word' id='word_1_145' title='bbox 2661 653 2926 728; x_wconf 82' lang='lat' dir='ltr'><strong>Quomodo</strong></span> <span class='ocrx_word' id='word_1_146' title='bbox 2942 655 3094 708; x_wconf 88' lang='lat' dir='ltr'><strong>scibit</strong></span> <span class='ocrx_word' id='word_1_147' title='bbox 3120 652 3279 718; x_wconf 88' lang='lat' dir='ltr'><strong>Deus,</strong></span> <span class='ocrx_word' id='word_1_148' title='bbox 3310 663 3360 708; x_wconf 85' lang='lat' dir='ltr'><strong>et</strong></span> <span class='ocrx_word' id='word_1_149' title='bbox 3387 655 3432 708; x_wconf 89' lang='lat' dir='ltr'><strong>si</strong></span> <span class='ocrx_word' id='word_1_150' title='bbox 3455 664 3531 708; x_wconf 84' lang='lat' dir='ltr'><strong>est</strong></span> <span class='ocrx_word' id='word_1_151' title='bbox 3557 658 3772 710; x_wconf 79' lang='lat' dir='ltr'><strong>scicntia</strong></span> <span class='ocrx_word' id='word_1_152' title='bbox 3791 659 3857 711; x_wconf 77' lang='lat' dir='ltr'><strong>in</strong></span> 
     </span>
    </p>
   </div>
   <div class='ocr_carea' id='block_1_21' title="bbox 2263 745 3860 818">
    <p class='ocr_par' dir='ltr' id='par_1_21' title="bbox 2263 745 3860 818">
     <span class='ocr_line' id='line_1_21' title="bbox 2263 745 3860 818; baseline 0.002 -15"><span class='ocrx_word' id='word_1_153' title='bbox 2263 749 2465 804; x_wconf 77' lang='lat' dir='ltr'><strong>excelso</strong></span> <span class='ocrx_word' id='word_1_154' title='bbox 2491 747 2660 818; x_wconf 86' lang='lat' dir='ltr'><strong>(Psal.</strong></span> <span class='ocrx_word' id='word_1_155' title='bbox 2707 764 2870 813; x_wconf 79' lang='lat' dir='ltr'><strong>Lxxn,</strong></span> <span class='ocrx_word' id='word_1_156' title='bbox 2903 745 2964 808; x_wconf 86' lang='lat'><strong>9,</strong></span> <span class='ocrx_word' id='word_1_157' title='bbox 3008 745 3136 816; x_wconf 71' lang='lat' dir='ltr'><strong>ii)?</strong></span> <span class='ocrx_word' id='word_1_158' title='bbox 3183 747 3251 800; x_wconf 87' lang='lat' dir='ltr'><strong>Et</strong></span> <span class='ocrx_word' id='word_1_159' title='bbox 3287 745 3414 800; x_wconf 91' lang='lat' dir='ltr'><strong>illud</strong></span> <span class='ocrx_word' id='word_1_160' title='bbox 3449 765 3461 800; x_wconf 94' lang='lat'>:</span> <span class='ocrx_word' id='word_1_161' title='bbox 3497 745 3620 802; x_wconf 83' lang='lat' dir='ltr'><strong>Non</strong></span> <span class='ocrx_word' id='word_1_162' title='bbox 3665 749 3860 805; x_wconf 77' lang='lat' dir='ltr'><strong>videbit</strong></span> 
     </span>
    </p>
   </div>
   <div class='ocr_carea' id='block_1_22' title="bbox 2263 837 3858 912">
    <p class='ocr_par' dir='ltr' id='par_1_22' title="bbox 2263 837 3858 912">
     <span class='ocr_line' id='line_1_22' title="bbox 2263 837 3858 912; baseline 0.002 -18"><span class='ocrx_word' id='word_1_163' title='bbox 2263 857 2355 894; x_wconf 88' lang='lat' dir='ltr'><strong>nec</strong></span> <span class='ocrx_word' id='word_1_164' title='bbox 2382 841 2628 912; x_wconf 81' lang='lat' dir='ltr'><strong>intelliget</strong></span> <span class='ocrx_word' id='word_1_165' title='bbox 2666 839 2805 895; x_wconf 89' lang='lat' dir='ltr'><strong>Deus</strong></span> <span class='ocrx_word' id='word_1_166' title='bbox 2849 838 3012 892; x_wconf 85' lang='lat' dir='ltr'><strong>Jacob</strong></span> <span class='ocrx_word' id='word_1_167' title='bbox 3061 837 3230 909; x_wconf 88' lang='lat' dir='ltr'><strong>(Psal.</strong></span> <span class='ocrx_word' id='word_1_168' title='bbox 3272 855 3426 904; x_wconf 80' lang='lat' dir='ltr'><strong>xcm,</strong></span> <span class='ocrx_word' id='word_1_169' title='bbox 3463 838 3535 909; x_wconf 93' lang='lat'><strong>7).</strong></span> <span class='ocrx_word' id='word_1_170' title='bbox 3589 838 3669 895; x_wconf 80' lang='lat' dir='ltr'><strong>Ad</strong></span> <span class='ocrx_word' id='word_1_171' title='bbox 3714 856 3858 910; x_wconf 83' lang='lat' dir='ltr'><strong>quos</strong></span> 
     </span>
    </p>
   </div>
   <div class='ocr_carea' id='block_1_23' title="bbox 2263 928 3858 1006">
    <p class='ocr_par' dir='ltr' id='par_1_23' title="bbox 2263 928 3858 1006">
     <span class='ocr_line' id='line_1_23' title="bbox 2263 928 3858 1006; baseline 0.001 -22"><span class='ocrx_word' id='word_1_172' title='bbox 2263 931 2448 1000; x_wconf 89' lang='lat' dir='ltr'><strong>utique</strong></span> <span class='ocrx_word' id='word_1_173' title='bbox 2478 931 2610 984; x_wconf 82' lang='lat' dir='ltr'><strong>tales</strong></span> <span class='ocrx_word' id='word_1_174' title='bbox 2639 929 2934 985; x_wconf 90' lang='lat' dir='ltr'><strong>rectissime</strong></span> <span class='ocrx_word' id='word_1_175' title='bbox 2963 928 3335 1006; x_wconf 72' lang='lat' dir='ltr'><strong>propheticum</strong></span> <span class='ocrx_word' id='word_1_176' title='bbox 3365 928 3494 984; x_wconf 88' lang='lat' dir='ltr'><strong>illud</strong></span> <span class='ocrx_word' id='word_1_177' title='bbox 3520 929 3707 985; x_wconf 84' lang='lat' dir='ltr'><strong>referri</strong></span> <span class='ocrx_word' id='word_1_178' title='bbox 3755 947 3858 1002; x_wconf 86' lang='lat' dir='ltr'><strong>po-</strong></span> 
     </span>
    </p>
   </div>
   <div class='ocr_carea' id='block_1_24' title="bbox 2262 1019 3858 1092">
    <p class='ocr_par' dir='ltr' id='par_1_24' title="bbox 2262 1019 3858 1092">
     <span class='ocr_line' id='line_1_24' title="bbox 2262 1019 3858 1092; baseline 0.003 -19"><span class='ocrx_word' id='word_1_179' title='bbox 2262 1029 2368 1076; x_wconf 89' lang='lat' dir='ltr'><strong>test</strong></span> <span class='ocrx_word' id='word_1_180' title='bbox 2401 1039 2413 1073; x_wconf 93' lang='lat'>:</span> <span class='ocrx_word' id='word_1_181' title='bbox 2443 1020 2588 1074; x_wconf 71' lang='lat' dir='ltr'><strong>Dixit</strong></span> <span class='ocrx_word' id='word_1_182' title='bbox 2633 1022 2881 1092; x_wconf 82' lang='lat' dir='ltr'><strong>insipiens</strong></span> <span class='ocrx_word' id='word_1_183' title='bbox 2929 1024 2983 1074; x_wconf 91' lang='lat' dir='ltr'><strong>in</strong></span> <span class='ocrx_word' id='word_1_184' title='bbox 3028 1019 3182 1074; x_wconf 87' lang='lat' dir='ltr'><strong>corde</strong></span> <span class='ocrx_word' id='word_1_185' title='bbox 3225 1037 3318 1074; x_wconf 88' lang='lat' dir='ltr'><strong>suo</strong></span> <span class='ocrx_word' id='word_1_186' title='bbox 3373 1037 3390 1074; x_wconf 91' lang='lat'><strong><em>:</em></strong></span> <span class='ocrx_word' id='word_1_187' title='bbox 3432 1019 3556 1075; x_wconf 89' lang='lat' dir='ltr'><strong>Non</strong></span> <span class='ocrx_word' id='word_1_188' title='bbox 3597 1032 3674 1076; x_wconf 87' lang='lat' dir='ltr'><strong>est</strong></span> <span class='ocrx_word' id='word_1_189' title='bbox 3711 1021 3858 1078; x_wconf 81' lang='lat' dir='ltr'><strong>Deus</strong></span> 
     </span>
    </p>
   </div>
   <div class='ocr_carea' id='block_1_25' title="bbox 2266 1111 3853 1182">
    <p class='ocr_par' dir='ltr' id='par_1_25' title="bbox 2266 1111 3853 1182">
     <span class='ocr_line' id='line_1_25' title="bbox 2266 1111 3853 1182; baseline 0.003 -19"><span class='ocrx_word' id='word_1_190' title='bbox 2266 1113 2434 1182; x_wconf 86' lang='lat' dir='ltr'><strong>(Psal.</strong></span> <span class='ocrx_word' id='word_1_191' title='bbox 2469 1129 2557 1176; x_wconf 84' lang='lat' dir='ltr'><strong>LII,</strong></span> <span class='ocrx_word' id='word_1_192' title='bbox 2592 1111 2666 1181; x_wconf 83' lang='lat' dir='ltr'><strong>l).</strong></span> <span class='ocrx_word' id='word_1_193' title='bbox 2698 1111 2831 1165; x_wconf 83' lang='lat' dir='ltr'><strong>Nam</strong></span> <span class='ocrx_word' id='word_1_194' title='bbox 2860 1111 2950 1180; x_wconf 90' lang='lat' dir='ltr'><strong>qui</strong></span> <span class='ocrx_word' id='word_1_195' title='bbox 2990 1111 3122 1165; x_wconf 90' lang='lat' dir='ltr'><strong>nihil</strong></span> <span class='ocrx_word' id='word_1_196' title='bbox 3151 1112 3316 1181; x_wconf 87' lang='lat' dir='ltr'><strong>aspici</strong></span> <span class='ocrx_word' id='word_1_197' title='bbox 3361 1126 3390 1165; x_wconf 92' lang='lat' dir='ltr'><strong>a</strong></span> <span class='ocrx_word' id='word_1_198' title='bbox 3418 1111 3532 1167; x_wconf 87' lang='lat' dir='ltr'><strong>Deo</strong></span> <span class='ocrx_word' id='word_1_199' title='bbox 3562 1111 3853 1180; x_wconf 81' lang='lat' dir='ltr'><strong>afﬁrmant,</strong></span> 
     </span>
    </p>
   </div>
   <div class='ocr_carea' id='block_1_26' title="bbox 2262 1202 3853 1273">
    <p class='ocr_par' dir='ltr' id='par_1_26' title="bbox 2262 1202 3853 1273">
     <span class='ocr_line' id='line_1_26' title="bbox 2262 1202 3853 1273; baseline 0.003 -16"><span class='ocrx_word' id='word_1_200' title='bbox 2262 1218 2432 1273; x_wconf 90' lang='lat' dir='ltr'><strong>prope</strong></span> <span class='ocrx_word' id='word_1_201' title='bbox 2455 1211 2536 1257; x_wconf 89' lang='lat' dir='ltr'><strong>est</strong></span> <span class='ocrx_word' id='word_1_202' title='bbox 2567 1211 2624 1256; x_wconf 92' lang='grc' dir='ltr'><strong>ιιι</strong></span> <span class='ocrx_word' id='word_1_203' title='bbox 2651 1205 2737 1258; x_wconf 88' lang='lat' dir='ltr'><strong>cui</strong></span> <span class='ocrx_word' id='word_1_204' title='bbox 2766 1211 3039 1273; x_wconf 89' lang='lat' dir='ltr'><strong>aspectum</strong></span> <span class='ocrx_word' id='word_1_205' title='bbox 3069 1202 3330 1269; x_wconf 88' lang='lat' dir='ltr'><strong>adimunt,</strong></span> <span class='ocrx_word' id='word_1_206' title='bbox 3359 1204 3522 1258; x_wconf 91' lang='lat' dir='ltr'><strong>etiam</strong></span> <span class='ocrx_word' id='word_1_207' title='bbox 3547 1203 3574 1242; x_wconf 75' lang='grc' dir='ltr'>δ</span> <span class='ocrx_word' id='word_1_208' title='bbox 3604 1205 3853 1262; x_wconf 77' lang='lat' dir='ltr'><strong>substan-</strong></span> 
     </span>
    </p>
   </div>
   <div class='ocr_carea' id='block_1_27' title="bbox 2263 1296 3853 1366">
    <p class='ocr_par' dir='ltr' id='par_1_27' title="bbox 2263 1296 3853 1366">
     <span class='ocr_line' id='line_1_27' title="bbox 2263 1296 3853 1366; baseline 0.003 -16"><span class='ocrx_word' id='word_1_209' title='bbox 2263 1297 2394 1350; x_wconf 87' lang='lat' dir='ltr'><strong>tiam</strong></span> <span class='ocrx_word' id='word_1_210' title='bbox 2441 1296 2669 1363; x_wconf 90' lang='lat' dir='ltr'><strong>tollant,</strong></span> <span class='ocrx_word' id='word_1_211' title='bbox 2701 1305 2756 1350; x_wconf 92' lang='lat' dir='ltr'><strong>et</strong></span> <span class='ocrx_word' id='word_1_212' title='bbox 2782 1312 2942 1365; x_wconf 89' lang='lat' dir='ltr'><strong>quem</strong></span> <span class='ocrx_word' id='word_1_213' title='bbox 2991 1297 3177 1351; x_wconf 87' lang='lat' dir='ltr'><strong>dicunt</strong></span> <span class='ocrx_word' id='word_1_214' title='bbox 3222 1297 3446 1351; x_wconf 91' lang='lat' dir='ltr'><strong>omnino</strong></span> <span class='ocrx_word' id='word_1_215' title='bbox 3489 1297 3562 1352; x_wconf 90' lang='lat' dir='ltr'><strong>nil</strong></span> <span class='ocrx_word' id='word_1_216' title='bbox 3606 1313 3853 1366; x_wconf 86' lang='lat' dir='ltr'><strong>cernere,</strong></span> 
     </span>
    </p>
   </div>
   <div class='ocr_carea' id='block_1_28' title="bbox 2261 1388 3851 1462">
    <p class='ocr_par' dir='ltr' id='par_1_28' title="bbox 2261 1388 3851 1462">
     <span class='ocr_line' id='line_1_28' title="bbox 2261 1388 3851 1462; baseline 0.004 -18"><span class='ocrx_word' id='word_1_217' title='bbox 2261 1388 2442 1444; x_wconf 86' lang='lat' dir='ltr'><strong>dicant</strong></span> <span class='ocrx_word' id='word_1_218' title='bbox 2495 1390 2656 1443; x_wconf 89' lang='lat' dir='ltr'><strong>etiam</strong></span> <span class='ocrx_word' id='word_1_219' title='bbox 2705 1390 2923 1444; x_wconf 92' lang='lat' dir='ltr'><strong>omnino</strong></span> <span class='ocrx_word' id='word_1_220' title='bbox 2977 1407 3089 1446; x_wconf 91' lang='lat' dir='ltr'><strong>non</strong></span> <span class='ocrx_word' id='word_1_221' title='bbox 3137 1406 3275 1446; x_wconf 91' lang='lat' dir='ltr'><strong>esse.</strong></span> <span class='ocrx_word' id='word_1_222' title='bbox 3335 1389 3401 1445; x_wconf 86' lang='lat' dir='ltr'><strong>Et</strong></span> <span class='ocrx_word' id='word_1_223' title='bbox 3450 1392 3669 1462; x_wconf 88' lang='lat' dir='ltr'><strong>quidem</strong></span> <span class='ocrx_word' id='word_1_224' title='bbox 3726 1395 3851 1451; x_wconf 89' lang='lat' dir='ltr'><strong>licet</strong></span> 
     </span>
    </p>
   </div>
   <div class='ocr_carea' id='block_1_29' title="bbox 2261 1481 3851 1555">
    <p class='ocr_par' dir='ltr' id='par_1_29' title="bbox 2261 1481 3851 1555">
     <span class='ocr_line' id='line_1_29' title="bbox 2261 1481 3851 1555; baseline 0.006 -21"><span class='ocrx_word' id='word_1_225' title='bbox 2261 1481 2788 1538; x_wconf 78' lang='lat' dir='ltr'><strong>nullum‘admodum</strong></span> <span class='ocrx_word' id='word_1_226' title='bbox 2835 1483 3034 1537; x_wconf 90' lang='lat' dir='ltr'><strong>malum</strong></span> <span class='ocrx_word' id='word_1_227' title='bbox 3062 1484 3269 1540; x_wconf 78' lang='lat' dir='ltr'><strong>facinus</strong></span> <span class='ocrx_word' id='word_1_228' title='bbox 3310 1485 3522 1541; x_wconf 89' lang='lat' dir='ltr'><strong>ratione</strong></span> <span class='ocrx_word' id='word_1_229' title='bbox 3572 1487 3851 1555; x_wconf 78' lang='lat' dir='ltr'><strong>subsistat,</strong></span> 
     </span>
    </p>
   </div>
   <div class='ocr_carea' id='block_1_30' title="bbox 2261 1575 3847 1650">
    <p class='ocr_par' dir='ltr' id='par_1_30' title="bbox 2261 1575 3847 1650">
     <span class='ocr_line' id='line_1_30' title="bbox 2261 1575 3847 1650; baseline 0.005 -20"><span class='ocrx_word' id='word_1_230' title='bbox 2261 1575 2386 1644; x_wconf 88' lang='lat' dir='ltr'><strong>quia</strong></span> <span class='ocrx_word' id='word_1_231' title='bbox 2434 1577 2629 1631; x_wconf 85' lang='lat' dir='ltr'><strong>rationi</strong></span> <span class='ocrx_word' id='word_1_232' title='bbox 2673 1593 2782 1632; x_wconf 90' lang='lat' dir='ltr'><strong>non</strong></span> <span class='ocrx_word' id='word_1_233' title='bbox 2821 1587 3044 1648; x_wconf 90' lang='lat' dir='ltr'><strong>possunt</strong></span> <span class='ocrx_word' id='word_1_234' title='bbox 3071 1578 3272 1632; x_wconf 86' lang='lat' dir='ltr'><strong>scelera</strong></span> <span class='ocrx_word' id='word_1_235' title='bbox 3311 1578 3598 1650; x_wconf 88' lang='lat' dir='ltr'><strong>conjungi,</strong></span> <span class='ocrx_word' id='word_1_236' title='bbox 3647 1582 3847 1639; x_wconf 89' lang='lat' dir='ltr'><strong>nullum</strong></span> 
     </span>
    </p>
   </div>
   <div class='ocr_carea' id='block_1_31' title="bbox 2263 1671 3846 1739">
    <p class='ocr_par' dir='ltr' id='par_1_31' title="bbox 2263 1671 3846 1739">
     <span class='ocr_line' id='line_1_31' title="bbox 2263 1671 3846 1739; baseline 0.005 -17"><span class='ocrx_word' id='word_1_237' title='bbox 2263 1676 2440 1723; x_wconf 88' lang='lat' dir='ltr'><strong>tamen</strong></span> <span class='ocrx_word' id='word_1_238' title='bbox 2481 1677 2594 1734; x_wconf 90' lang='lat' dir='ltr'><strong>est,</strong></span> <span class='ocrx_word' id='word_1_239' title='bbox 2626 1677 2683 1723; x_wconf 91' lang='lat' dir='ltr'><strong>ut</strong></span> <span class='ocrx_word' id='word_1_240' title='bbox 2723 1678 2871 1739; x_wconf 92' lang='lat' dir='ltr'><strong>puto,</strong></span> <span class='ocrx_word' id='word_1_241' title='bbox 2913 1671 2998 1725; x_wconf 90' lang='lat' dir='ltr'><strong>vel</strong></span> <span class='ocrx_word' id='word_1_242' title='bbox 3029 1671 3453 1726; x_wconf 90' lang='lat' dir='ltr'><strong>inrationabilius</strong></span> <span class='ocrx_word' id='word_1_243' title='bbox 3482 1672 3564 1726; x_wconf 90' lang='lat' dir='ltr'><strong>vel</strong></span> <span class='ocrx_word' id='word_1_244' title='bbox 3593 1673 3846 1730; x_wconf 89' lang='lat' dir='ltr'><strong>insanius.</strong></span> 
     </span>
    </p>
   </div>
   <div class='ocr_carea' id='block_1_32' title="bbox 491 1739 3846 1834">
    <p class='ocr_par' dir='ltr' id='par_1_32' title="bbox 491 1739 3846 1834">
     <span class='ocr_line' id='line_1_32' title="bbox 491 1739 3846 1834; baseline -0.003 -17"><span class='ocrx_word' id='word_1_245' title='bbox 491 1739 498 1744; x_wconf 42' lang='grc'><em>’</em></span> <span class='ocrx_word' id='word_1_246' title='bbox 570 1739 902 1834; x_wconf 74' lang='lat' dir='ltr'><strong>plenitudine</strong></span> <span class='ocrx_word' id='word_1_247' title='bbox 951 1739 1294 1832; x_wconf 85' lang='lat' dir='ltr'><strong>peccatorum</strong></span> <span class='ocrx_word' id='word_1_248' title='bbox 1341 1765 1514 1823; x_wconf 89' lang='lat' dir='ltr'><strong>erant,</strong></span> <span class='ocrx_word' id='word_1_249' title='bbox 1545 1757 1739 1826; x_wconf 90' lang='lat' dir='ltr'><strong>quibus</strong></span> <span class='ocrx_word' id='word_1_250' title='bbox 1795 1755 1908 1824; x_wconf 90' lang='lat' dir='ltr'><strong>ipse</strong></span> <span class='ocrx_word' id='word_1_251' title='bbox 1943 1753 2156 1808; x_wconf 88' lang='lat' dir='ltr'><strong>dicebat</strong></span> <span class='ocrx_word' id='word_1_252' title='bbox 2185 1757 2234 1818; x_wconf 83' lang='grc' dir='ltr'><strong>Β</strong></span> <span class='ocrx_word' id='word_1_253' title='bbox 2260 1759 2398 1827; x_wconf 76' lang='lat' dir='ltr'><strong>Quid</strong></span> <span class='ocrx_word' id='word_1_254' title='bbox 2421 1762 2563 1815; x_wconf 79' lang='lat' dir='ltr'><strong>enim</strong></span> <span class='ocrx_word' id='word_1_255' title='bbox 2593 1769 2700 1815; x_wconf 67' lang='lat' dir='ltr'><strong>iam</strong></span> <span class='ocrx_word' id='word_1_256' title='bbox 2731 1761 2984 1816; x_wconf 73' lang='lat' dir='ltr'><strong>furiosum</strong></span> <span class='ocrx_word' id='word_1_257' title='bbox 3034 1771 3115 1816; x_wconf 65' lang='lat' dir='ltr'><strong>est</strong></span> <span class='ocrx_word' id='word_1_258' title='bbox 3160 1777 3319 1831; x_wconf 73' lang='lat' dir='ltr'><strong>quam</strong></span> <span class='ocrx_word' id='word_1_259' title='bbox 3367 1772 3427 1817; x_wconf 75' lang='grc' dir='ltr'><strong>ιιι</strong></span> <span class='ocrx_word' id='word_1_260' title='bbox 3474 1763 3685 1834; x_wconf 61' lang='lat' dir='ltr'><strong>aliquis,</strong></span> <span class='ocrx_word' id='word_1_261' title='bbox 3729 1781 3846 1822; x_wconf 75' lang='lat' dir='ltr'><strong>cum</strong></span> 
     </span>
    </p>
   </div>
   <div class='ocr_carea' id='block_1_33' title="bbox 571 1843 2152 1924">
    <p class='ocr_par' dir='ltr' id='par_1_33' title="bbox 571 1843 2152 1924">
     <span class='ocr_line' id='line_1_33' title="bbox 571 1843 2152 1924; baseline -0.006 -16"><span class='ocrx_word' id='word_1_262' title='bbox 571 1855 831 1909; x_wconf 91' lang='lat' dir='ltr'><strong>Dominus</strong></span> <span class='ocrx_word' id='word_1_263' title='bbox 860 1861 917 1908; x_wconf 91' lang='lat' dir='ltr'><strong>ut</strong></span> <span class='ocrx_word' id='word_1_264' title='bbox 942 1860 1162 1924; x_wconf 87' lang='lat' dir='ltr'><strong>peccata</strong></span> <span class='ocrx_word' id='word_1_265' title='bbox 1203 1849 1552 1919; x_wconf 88' lang='lat' dir='ltr'><strong>complerent.</strong></span> <span class='ocrx_word' id='word_1_266' title='bbox 1584 1846 1709 1901; x_wconf 91' lang='lat' dir='ltr'><strong>ldeo</strong></span> <span class='ocrx_word' id='word_1_267' title='bbox 1739 1845 1940 1913; x_wconf 88' lang='lat' dir='ltr'><strong>absque</strong></span> <span class='ocrx_word' id='word_1_268' title='bbox 1969 1843 2152 1907; x_wconf 90' lang='lat' dir='ltr'><strong>dubio,</strong></span> 
     </span>
    </p>
   </div>
   <div class='ocr_carea' id='block_1_34' title="bbox 569 1935 2157 2015">
    <p class='ocr_par' dir='ltr' id='par_1_34' title="bbox 569 1935 2157 2015">
     <span class='ocr_line' id='line_1_34' title="bbox 569 1935 2157 2015; baseline -0.009 -14"><span class='ocrx_word' id='word_1_269' title='bbox 569 1955 632 2001; x_wconf 88' lang='lat' dir='ltr'><strong>ut</strong></span> <span class='ocrx_word' id='word_1_270' title='bbox 656 1947 781 2015; x_wconf 90' lang='lat' dir='ltr'><strong>quia</strong></span> <span class='ocrx_word' id='word_1_271' title='bbox 826 1945 971 2013; x_wconf 90' lang='lat' dir='ltr'><strong>digni</strong></span> <span class='ocrx_word' id='word_1_272' title='bbox 995 1945 1106 2012; x_wconf 91' lang='lat' dir='ltr'><strong>jam</strong></span> <span class='ocrx_word' id='word_1_273' title='bbox 1133 1942 1305 1998; x_wconf 89' lang='lat' dir='ltr'><strong>salute</strong></span> <span class='ocrx_word' id='word_1_274' title='bbox 1351 1955 1460 1994; x_wconf 91' lang='lat' dir='ltr'><strong>non</strong></span> <span class='ocrx_word' id='word_1_275' title='bbox 1491 1945 1690 2002; x_wconf 91' lang='lat' dir='ltr'><strong>essent,</strong></span> <span class='ocrx_word' id='word_1_276' title='bbox 1725 1937 2010 2006; x_wconf 82' lang='lat' dir='ltr'><strong>implerent</strong></span> <span class='ocrx_word' id='word_1_277' title='bbox 2057 1935 2157 1988; x_wconf 89' lang='lat' dir='ltr'><strong>ini-</strong></span> 
     </span>
    </p>
   </div>
   <div class='ocr_carea' id='block_1_35' title="bbox 569 2027 2156 2107">
    <p class='ocr_par' dir='ltr' id='par_1_35' title="bbox 569 2027 2156 2107">
     <span class='ocr_line' id='line_1_35' title="bbox 569 2027 2156 2107; baseline -0.01 -14"><span class='ocrx_word' id='word_1_278' title='bbox 569 2038 836 2107; x_wconf 75' lang='lat' dir='ltr'><strong>quitatem</strong></span> <span class='ocrx_word' id='word_1_279' title='bbox 866 2049 1144 2090; x_wconf 90' lang='lat' dir='ltr'><strong>numerum</strong></span> <span class='ocrx_word' id='word_1_280' title='bbox 1192 2047 1300 2102; x_wconf 91' lang='lat' dir='ltr'><strong>quo</strong></span> <span class='ocrx_word' id='word_1_281' title='bbox 1339 2029 1595 2100; x_wconf 89' lang='lat' dir='ltr'><strong>perirent.</strong></span> <span class='ocrx_word' id='word_1_282' title='bbox 1633 2027 1786 2081; x_wconf 92' lang='lat' dir='ltr'><strong>Unde</strong></span> <span class='ocrx_word' id='word_1_283' title='bbox 1824 2027 1987 2080; x_wconf 91' lang='lat' dir='ltr'><strong>etiam</strong></span> <span class='ocrx_word' id='word_1_284' title='bbox 2036 2041 2156 2079; x_wconf 91' lang='lat' dir='ltr'><strong>cum</strong></span> 
     </span>
    </p>
   </div>
   <div class='ocr_carea' id='block_1_36' title="bbox 566 2118 2154 2196">
    <p class='ocr_par' dir='ltr' id='par_1_36' title="bbox 566 2118 2154 2196">
     <span class='ocr_line' id='line_1_36' title="bbox 566 2118 2154 2196; baseline -0.009 -14"><span class='ocrx_word' id='word_1_285' title='bbox 566 2129 656 2184; x_wconf 85' lang='lat' dir='ltr'><strong>lex</strong></span> <span class='ocrx_word' id='word_1_286' title='bbox 684 2136 838 2183; x_wconf 90' lang='lat' dir='ltr'><strong>vetns</strong></span> <span class='ocrx_word' id='word_1_287' title='bbox 859 2133 1080 2196; x_wconf 90' lang='lat' dir='ltr'><strong>peccata</strong></span> <span class='ocrx_word' id='word_1_288' title='bbox 1123 2122 1555 2178; x_wconf 81' lang='lat' dir='ltr'><strong>Amorrbaeorum</strong></span> <span class='ocrx_word' id='word_1_289' title='bbox 1580 2118 1850 2188; x_wconf 89' lang='lat' dir='ltr'><strong>completa</strong></span> <span class='ocrx_word' id='word_1_290' title='bbox 1879 2132 1999 2170; x_wconf 88' lang='lat' dir='ltr'><strong>esse</strong></span> <span class='ocrx_word' id='word_1_291' title='bbox 2039 2131 2154 2169; x_wconf 86' lang='lat' dir='ltr'><strong>me-</strong></span> 
     </span>
    </p>
   </div>
   <div class='ocr_carea' id='block_1_37' title="bbox 563 2205 2156 2283">
    <p class='ocr_par' dir='ltr' id='par_1_37' title="bbox 563 2205 2156 2283">
     <span class='ocr_line' id='line_1_37' title="bbox 563 2205 2156 2283; baseline -0.009 -9"><span class='ocrx_word' id='word_1_292' title='bbox 563 2225 848 2283; x_wconf 89' lang='lat' dir='ltr'><strong>morasset,</strong></span> <span class='ocrx_word' id='word_1_293' title='bbox 880 2216 956 2270; x_wconf 91' lang='lat' dir='ltr'><strong>sic</strong></span> <span class='ocrx_word' id='word_1_294' title='bbox 998 2215 1208 2269; x_wconf 90' lang='lat' dir='ltr'><strong>locutos</strong></span> <span class='ocrx_word' id='word_1_295' title='bbox 1233 2226 1352 2266; x_wconf 88' lang='lat' dir='ltr'><strong>esse</strong></span> <span class='ocrx_word' id='word_1_296' title='bbox 1379 2210 1447 2264; x_wconf 90' lang='lat' dir='ltr'><strong>ad</strong></span> <span class='ocrx_word' id='word_1_297' title='bbox 1483 2218 1728 2264; x_wconf 90' lang='lat' dir='ltr'><strong>sanctum</strong></span> <span class='ocrx_word' id='word_1_298' title='bbox 1759 2207 1897 2260; x_wconf 86' lang='lat' dir='ltr'><strong>Loth</strong></span> <span class='ocrx_word' id='word_1_299' title='bbox 1935 2205 2156 2274; x_wconf 86' lang='lat' dir='ltr'><strong>angelos</strong></span> 
     </span>
    </p>
   </div>
   <div class='ocr_carea' id='block_1_38' title="bbox 565 2299 2154 2378">
    <p class='ocr_par' dir='ltr' id='par_1_38' title="bbox 565 2299 2154 2378">
     <span class='ocr_line' id='line_1_38' title="bbox 565 2299 2154 2378; baseline -0.007 -13"><span class='ocrx_word' id='word_1_300' title='bbox 565 2310 730 2365; x_wconf 81' lang='lat' dir='ltr'><strong>refert</strong></span> <span class='ocrx_word' id='word_1_301' title='bbox 761 2329 774 2362; x_wconf 88' lang='lat'>:</span> <span class='ocrx_word' id='word_1_302' title='bbox 800 2309 990 2362; x_wconf 88' lang='lat' dir='ltr'><strong>Omnes</strong></span> <span class='ocrx_word' id='word_1_303' title='bbox 1013 2309 1097 2378; x_wconf 86' lang='lat' dir='ltr'><strong>qui</strong></span> <span class='ocrx_word' id='word_1_304' title='bbox 1132 2307 1203 2359; x_wconf 87' lang='lat' dir='ltr'><strong>tui</strong></span> <span class='ocrx_word' id='word_1_305' title='bbox 1227 2314 1362 2369; x_wconf 91' lang='lat' dir='ltr'><strong>sunt,</strong></span> <span class='ocrx_word' id='word_1_306' title='bbox 1388 2303 1515 2357; x_wconf 89' lang='lat' dir='ltr'><strong>educ</strong></span> <span class='ocrx_word' id='word_1_307' title='bbox 1542 2303 1604 2356; x_wconf 78' lang='lat' dir='ltr'><strong>de</strong></span> <span class='ocrx_word' id='word_1_308' title='bbox 1636 2302 1760 2355; x_wconf 83' lang='lat' dir='ltr'><strong>urbe</strong></span> <span class='ocrx_word' id='word_1_309' title='bbox 1785 2301 1900 2354; x_wconf 82' lang='lat' dir='ltr'><strong>hac.</strong></span> <span class='ocrx_word' id='word_1_310' title='bbox 1944 2299 2154 2354; x_wconf 86' lang='lat' dir='ltr'><strong>Delebi-</strong></span> 
     </span>
    </p>
   </div>
   <div class='ocr_carea' id='block_1_39' title="bbox 565 2393 2157 2466">
    <p class='ocr_par' dir='ltr' id='par_1_39' title="bbox 565 2393 2157 2466">
     <span class='ocr_line' id='line_1_39' title="bbox 565 2393 2157 2466; baseline -0.008 -10"><span class='ocrx_word' id='word_1_311' title='bbox 565 2418 680 2456; x_wconf 84' lang='lat' dir='ltr'><strong>mus</strong></span> <span class='ocrx_word' id='word_1_312' title='bbox 700 2403 836 2454; x_wconf 86' lang='lat' dir='ltr'><strong>enim</strong></span> <span class='ocrx_word' id='word_1_313' title='bbox 859 2400 1023 2453; x_wconf 89' lang='lat' dir='ltr'><strong>locum</strong></span> <span class='ocrx_word' id='word_1_314' title='bbox 1042 2399 1216 2460; x_wconf 89' lang='lat' dir='ltr'><strong>istum,</strong></span> <span class='ocrx_word' id='word_1_315' title='bbox 1237 2412 1296 2449; x_wconf 87' lang='lat' dir='ltr'><strong>co</strong></span> <span class='ocrx_word' id='word_1_316' title='bbox 1316 2394 1450 2466; x_wconf 91' lang='lat' dir='ltr'><strong>quod</strong></span> <span class='ocrx_word' id='word_1_317' title='bbox 1469 2394 1736 2448; x_wconf 86' lang='lat' dir='ltr'><strong>increverit</strong></span> <span class='ocrx_word' id='word_1_318' title='bbox 1760 2393 1957 2445; x_wconf 90' lang='lat' dir='ltr'><strong>clamor</strong></span> <span class='ocrx_word' id='word_1_319' title='bbox 1977 2407 2157 2463; x_wconf 71' lang='lat' dir='ltr'><strong>eorum</strong></span> 
     </span>
    </p>
   </div>
   <div class='ocr_carea' id='block_1_40' title="bbox 565 2480 2148 2559">
    <p class='ocr_par' dir='ltr' id='par_1_40' title="bbox 565 2480 2148 2559">
     <span class='ocr_line' id='line_1_40' title="bbox 565 2480 2148 2559; baseline -0.006 -13"><span class='ocrx_word' id='word_1_320' title='bbox 565 2506 742 2546; x_wconf 82' lang='lat' dir='ltr'><strong>coram</strong></span> <span class='ocrx_word' id='word_1_321' title='bbox 767 2490 1014 2552; x_wconf 87' lang='lat' dir='ltr'><strong>Domino,</strong></span> <span class='ocrx_word' id='word_1_322' title='bbox 1041 2489 1127 2559; x_wconf 87' lang='lat' dir='ltr'><strong>qui</strong></span> <span class='ocrx_word' id='word_1_323' title='bbox 1166 2487 1304 2540; x_wconf 80' lang='lat' dir='ltr'><strong>misit</strong></span> <span class='ocrx_word' id='word_1_324' title='bbox 1332 2502 1424 2540; x_wconf 87' lang='lat' dir='ltr'><strong>nos</strong></span> <span class='ocrx_word' id='word_1_325' title='bbox 1463 2494 1519 2538; x_wconf 91' lang='lat' dir='ltr'><strong>ut</strong></span> <span class='ocrx_word' id='word_1_326' title='bbox 1547 2483 1822 2554; x_wconf 78' lang='lat' dir='ltr'><strong>perdamus</strong></span> <span class='ocrx_word' id='word_1_327' title='bbox 1849 2483 1966 2537; x_wconf 88' lang='lat' dir='ltr'><strong>illos</strong></span> <span class='ocrx_word' id='word_1_328' title='bbox 1996 2480 2148 2553; x_wconf 87' lang='lat' dir='ltr'><strong>(Gen.</strong></span> 
     </span>
    </p>
   </div>
   <div class='ocr_carea' id='block_1_41' title="bbox 564 2576 2154 2652">
    <p class='ocr_par' dir='ltr' id='par_1_41' title="bbox 564 2576 2154 2652">
     <span class='ocr_line' id='line_1_41' title="bbox 564 2576 2154 2652; baseline -0.008 -12"><span class='ocrx_word' id='word_1_329' title='bbox 564 2599 676 2650; x_wconf 71' lang='lat' dir='ltr'><strong>xxx,</strong></span> <span class='ocrx_word' id='word_1_330' title='bbox 700 2583 787 2648; x_wconf 82' lang='grc'>12,</span> <span class='ocrx_word' id='word_1_331' title='bbox 819 2582 924 2652; x_wconf 76' lang='grc'><strong>15).</strong></span> <span class='ocrx_word' id='word_1_332' title='bbox 963 2583 1058 2635; x_wconf 92' lang='lat' dir='ltr'><strong>Diu</strong></span> <span class='ocrx_word' id='word_1_333' title='bbox 1088 2580 1330 2651; x_wconf 90' lang='lat' dir='ltr'><strong>profecto</strong></span> <span class='ocrx_word' id='word_1_334' title='bbox 1373 2577 1814 2646; x_wconf 89' lang='lat' dir='ltr'><strong>ﬁagitiosissimus</strong></span> <span class='ocrx_word' id='word_1_335' title='bbox 1864 2576 1954 2630; x_wconf 91' lang='lat' dir='ltr'><strong>ille</strong></span> <span class='ocrx_word' id='word_1_336' title='bbox 1981 2588 2154 2644; x_wconf 80' lang='lat' dir='ltr'><strong>pepu-</strong></span> 
     </span>
    </p>
   </div>
   <div class='ocr_carea' id='block_1_42' title="bbox 563 2666 2152 2744">
    <p class='ocr_par' dir='ltr' id='par_1_42' title="bbox 563 2666 2152 2744">
     <span class='ocr_line' id='line_1_42' title="bbox 563 2666 2152 2744; baseline -0.008 -13"><span class='ocrx_word' id='word_1_337' title='bbox 563 2677 650 2731; x_wconf 89' lang='lat' dir='ltr'><strong>lus</strong></span> <span class='ocrx_word' id='word_1_338' title='bbox 669 2677 842 2744; x_wconf 89' lang='lat' dir='ltr'><strong>ignem</strong></span> <span class='ocrx_word' id='word_1_339' title='bbox 867 2675 1014 2729; x_wconf 88' lang='lat' dir='ltr'><strong>illum</strong></span> <span class='ocrx_word' id='word_1_340' title='bbox 1040 2671 1358 2732; x_wconf 88' lang='lat' dir='ltr'><strong>accenderat</strong></span> <span class='ocrx_word' id='word_1_341' title='bbox 1382 2684 1490 2738; x_wconf 92' lang='lat' dir='ltr'><strong>quo</strong></span> <span class='ocrx_word' id='word_1_342' title='bbox 1511 2669 1741 2740; x_wconf 88' lang='lat' dir='ltr'><strong>peribat.</strong></span> <span class='ocrx_word' id='word_1_343' title='bbox 1772 2666 1838 2720; x_wconf 87' lang='lat' dir='ltr'><strong>Et</strong></span> <span class='ocrx_word' id='word_1_344' title='bbox 1868 2666 1990 2721; x_wconf 88' lang='lat' dir='ltr'><strong>ideo</strong></span> <span class='ocrx_word' id='word_1_345' title='bbox 2011 2681 2152 2721; x_wconf 87' lang='lat' dir='ltr'><strong>com-</strong></span> 
     </span>
    </p>
   </div>
   <div class='ocr_carea' id='block_1_43' title="bbox 562 2761 2150 2840">
    <p class='ocr_par' dir='ltr' id='par_1_43' title="bbox 562 2761 2150 2840">
     <span class='ocr_line' id='line_1_43' title="bbox 562 2761 2150 2840; baseline -0.006 -17"><span class='ocrx_word' id='word_1_346' title='bbox 562 2769 722 2840; x_wconf 87' lang='lat' dir='ltr'><strong>pletis</strong></span> <span class='ocrx_word' id='word_1_347' title='bbox 751 2767 1116 2836; x_wconf 87' lang='lat' dir='ltr'><strong>iniquitatibus</strong></span> <span class='ocrx_word' id='word_1_348' title='bbox 1144 2765 1274 2828; x_wconf 89' lang='lat' dir='ltr'><strong>suis,</strong></span> <span class='ocrx_word' id='word_1_349' title='bbox 1297 2764 1428 2818; x_wconf 84' lang='lat' dir='ltr'><strong>arsit</strong></span> <span class='ocrx_word' id='word_1_350' title='bbox 1457 2761 1682 2816; x_wconf 86' lang='lat' dir='ltr'><strong>flammis</strong></span> <span class='ocrx_word' id='word_1_351' title='bbox 1709 2761 1994 2816; x_wconf 89' lang='lat' dir='ltr'><strong>criminum</strong></span> <span class='ocrx_word' id='word_1_352' title='bbox 2022 2776 2150 2815; x_wconf 89' lang='lat' dir='ltr'><strong>suo-</strong></span> 
     </span>
    </p>
   </div>
   <div class='ocr_carea' id='block_1_44' title="bbox 559 2853 2152 2921">
    <p class='ocr_par' dir='ltr' id='par_1_44' title="bbox 559 2853 2152 2921">
     <span class='ocr_line' id='line_1_44' title="bbox 559 2853 2152 2921; baseline -0.006 -6"><span class='ocrx_word' id='word_1_353' title='bbox 559 2874 701 2916; x_wconf 89' lang='lat' dir='ltr'><strong>rum.</strong></span> <span class='ocrx_word' id='word_1_354' title='bbox 726 2859 856 2913; x_wconf 91' lang='lat' dir='ltr'><strong>Tam</strong></span> <span class='ocrx_word' id='word_1_355' title='bbox 872 2858 1011 2912; x_wconf 89' lang='lat' dir='ltr'><strong>male</strong></span> <span class='ocrx_word' id='word_1_356' title='bbox 1026 2857 1170 2912; x_wconf 90' lang='lat' dir='ltr'><strong>enim</strong></span> <span class='ocrx_word' id='word_1_357' title='bbox 1184 2856 1252 2911; x_wconf 92' lang='lat' dir='ltr'><strong>de</strong></span> <span class='ocrx_word' id='word_1_358' title='bbox 1267 2856 1378 2910; x_wconf 88' lang='lat' dir='ltr'><strong>Deo</strong></span> <span class='ocrx_word' id='word_1_359' title='bbox 1400 2854 1615 2918; x_wconf 89' lang='lat' dir='ltr'><strong>meruit,</strong></span> <span class='ocrx_word' id='word_1_360' title='bbox 1639 2861 1697 2908; x_wconf 89' lang='lat' dir='ltr'><strong>ut</strong></span> <span class='ocrx_word' id='word_1_361' title='bbox 1716 2853 2012 2921; x_wconf 87' lang='lat' dir='ltr'><strong>gehennam</strong></span> <span class='ocrx_word' id='word_1_362' title='bbox 2034 2865 2152 2920; x_wconf 83' lang='lat' dir='ltr'><strong>quae</strong></span> 
     </span>
    </p>
   </div>
   <div class='ocr_carea' id='block_1_45' title="bbox 561 2934 2146 3016">
    <p class='ocr_par' dir='ltr' id='par_1_45' title="bbox 561 2934 2146 3016">
     <span class='ocr_line' id='line_1_45' title="bbox 561 2934 2146 3016; baseline -0.006 -12"><span class='ocrx_word' id='word_1_363' title='bbox 561 2951 618 3006; x_wconf 89' lang='lat' dir='ltr'><strong>in</strong></span> <span class='ocrx_word' id='word_1_364' title='bbox 642 2950 820 3004; x_wconf 90' lang='lat' dir='ltr'><strong>futuro</strong></span> <span class='ocrx_word' id='word_1_365' title='bbox 841 2934 1042 3016; x_wconf 87' lang='lat' dir='ltr'><strong>judicio</strong></span> <span class='ocrx_word' id='word_1_366' title='bbox 1065 2949 1186 3012; x_wconf 87' lang='lat' dir='ltr'><strong>erit,</strong></span> <span class='ocrx_word' id='word_1_367' title='bbox 1218 2947 1380 3000; x_wconf 90' lang='lat' dir='ltr'><strong>etiam</strong></span> <span class='ocrx_word' id='word_1_368' title='bbox 1409 2946 1463 2998; x_wconf 88' lang='lat' dir='ltr'><strong>in</strong></span> <span class='ocrx_word' id='word_1_369' title='bbox 1493 2946 1595 2999; x_wconf 89' lang='lat' dir='ltr'><strong>hoc</strong></span> <span class='ocrx_word' id='word_1_370' title='bbox 1620 2945 1814 2999; x_wconf 70' lang='lat' dir='ltr'><strong>smculo</strong></span> <span class='ocrx_word' id='word_1_371' title='bbox 1839 2943 2146 2998; x_wconf 89' lang='lat' dir='ltr'><strong>sustineret.</strong></span> 
     </span>
    </p>
   </div>
   <div class='ocr_carea' id='block_1_46' title="bbox 543 3034 2152 3106">
    <p class='ocr_par' dir='ltr' id='par_1_46' title="bbox 543 3034 2152 3106">
     <span class='ocr_line' id='line_1_46' title="bbox 543 3034 2152 3106; baseline -0.004 -11"><span class='ocrx_word' id='word_1_372' title='bbox 543 3063 548 3080; x_wconf 71' lang='grc' dir='ltr'><em>α</em></span> <span class='ocrx_word' id='word_1_373' title='bbox 631 3040 724 3095; x_wconf 82' lang='grc' dir='ltr'><strong>ΙΧ.</strong></span> <span class='ocrx_word' id='word_1_374' title='bbox 755 3039 861 3095; x_wconf 89' lang='lat' dir='ltr'><strong>Sed</strong></span> <span class='ocrx_word' id='word_1_375' title='bbox 889 3040 1019 3094; x_wconf 88' lang='lat' dir='ltr'><strong>nulli</strong></span> <span class='ocrx_word' id='word_1_376' title='bbox 1047 3046 1190 3101; x_wconf 90' lang='lat' dir='ltr'><strong>sunt,</strong></span> <span class='ocrx_word' id='word_1_377' title='bbox 1222 3038 1393 3106; x_wconf 90' lang='lat' dir='ltr'><strong>inquit</strong></span> <span class='ocrx_word' id='word_1_378' title='bbox 1419 3037 1630 3105; x_wconf 88' lang='lat' dir='ltr'><strong>aliquis,</strong></span> <span class='ocrx_word' id='word_1_379' title='bbox 1655 3037 1868 3092; x_wconf 91' lang='lat' dir='ltr'><strong>illorum</strong></span> <span class='ocrx_word' id='word_1_380' title='bbox 1893 3036 2043 3090; x_wconf 82' lang='lat' dir='ltr'><strong>exitu</strong></span> <span class='ocrx_word' id='word_1_381' title='bbox 2070 3034 2152 3089; x_wconf 88' lang='lat' dir='ltr'><strong>di-</strong></span> 
     </span>
    </p>
   </div>
   <div class='ocr_carea' id='block_1_47' title="bbox 2262 1853 3844 1927">
    <p class='ocr_par' dir='ltr' id='par_1_47' title="bbox 2262 1853 3844 1927">
     <span class='ocr_line' id='line_1_47' title="bbox 2262 1853 3844 1927; baseline 0.004 -20"><span class='ocrx_word' id='word_1_382' title='bbox 2262 1853 2428 1907; x_wconf 84' lang='lat' dir='ltr'><strong>Deum</strong></span> <span class='ocrx_word' id='word_1_383' title='bbox 2458 1862 2758 1908; x_wconf 87' lang='lat' dir='ltr'><strong>creatorem</strong></span> <span class='ocrx_word' id='word_1_384' title='bbox 2783 1869 2961 1908; x_wconf 88' lang='lat' dir='ltr'><strong>rerum</strong></span> <span class='ocrx_word' id='word_1_385' title='bbox 2991 1856 3228 1909; x_wconf 92' lang='lat' dir='ltr'><strong>omnium</strong></span> <span class='ocrx_word' id='word_1_386' title='bbox 3253 1871 3359 1910; x_wconf 91' lang='lat' dir='ltr'><strong>non</strong></span> <span class='ocrx_word' id='word_1_387' title='bbox 3383 1865 3561 1926; x_wconf 91' lang='lat' dir='ltr'><strong>neget,</strong></span> <span class='ocrx_word' id='word_1_388' title='bbox 3590 1858 3844 1927; x_wconf 50' lang='lat' dir='ltr'><strong>guberna.</strong></span> 
     </span>
    </p>
   </div>
   <div class='ocr_carea' id='block_1_48' title="bbox 2260 1944 3844 2013">
    <p class='ocr_par' dir='ltr' id='par_1_48' title="bbox 2260 1944 3844 2013">
     <span class='ocr_line' id='line_1_48' title="bbox 2260 1944 3844 2013; baseline 0.006 -16"><span class='ocrx_word' id='word_1_389' title='bbox 2260 1952 2432 1997; x_wconf 90' lang='lat' dir='ltr'><strong>torem</strong></span> <span class='ocrx_word' id='word_1_390' title='bbox 2463 1952 2642 2013; x_wconf 85' lang='lat' dir='ltr'><strong>neget,</strong></span> <span class='ocrx_word' id='word_1_391' title='bbox 2670 1951 2723 1998; x_wconf 90' lang='lat' dir='ltr'><strong>et</strong></span> <span class='ocrx_word' id='word_1_392' title='bbox 2753 1960 2873 1999; x_wconf 91' lang='lat' dir='ltr'><strong>cum</strong></span> <span class='ocrx_word' id='word_1_393' title='bbox 2902 1944 3158 2000; x_wconf 89' lang='lat' dir='ltr'><strong>factorem</strong></span> <span class='ocrx_word' id='word_1_394' title='bbox 3183 1961 3302 2000; x_wconf 90' lang='lat' dir='ltr'><strong>esse</strong></span> <span class='ocrx_word' id='word_1_395' title='bbox 3329 1945 3577 2011; x_wconf 79' lang='lat' dir='ltr'><strong>fateatur,</strong></span> <span class='ocrx_word' id='word_1_396' title='bbox 3601 1949 3744 2006; x_wconf 89' lang='lat' dir='ltr'><strong>dicat</strong></span> <span class='ocrx_word' id='word_1_397' title='bbox 3764 1966 3844 2006; x_wconf 80' lang='lat' dir='ltr'><strong>ne-</strong></span> 
     </span>
    </p>
   </div>
   <div class='ocr_carea' id='block_1_49' title="bbox 2258 2034 3842 2104">
    <p class='ocr_par' dir='ltr' id='par_1_49' title="bbox 2258 2034 3842 2104">
     <span class='ocr_line' id='line_1_49' title="bbox 2258 2034 3842 2104; baseline 0.007 -18"><span class='ocrx_word' id='word_1_398' title='bbox 2258 2034 2459 2102; x_wconf 89' lang='lat' dir='ltr'><strong>gligere</strong></span> <span class='ocrx_word' id='word_1_399' title='bbox 2504 2051 2623 2104; x_wconf 80' lang='lat' dir='ltr'><strong>quae</strong></span> <span class='ocrx_word' id='word_1_400' title='bbox 2666 2035 2826 2090; x_wconf 90' lang='lat' dir='ltr'><strong>fecit?</strong></span> <span class='ocrx_word' id='word_1_401' title='bbox 2874 2034 3035 2102; x_wconf 90' lang='lat' dir='ltr'><strong>Quasi</strong></span> <span class='ocrx_word' id='word_1_402' title='bbox 3082 2052 3212 2092; x_wconf 90' lang='lat' dir='ltr'><strong>vero</strong></span> <span class='ocrx_word' id='word_1_403' title='bbox 3253 2037 3365 2092; x_wconf 75' lang='lat' dir='ltr'><strong>hmc</strong></span> <span class='ocrx_word' id='word_1_404' title='bbox 3403 2039 3452 2092; x_wconf 92' lang='lat' dir='ltr'><strong>ei</strong></span> <span class='ocrx_word' id='word_1_405' title='bbox 3483 2038 3842 2096; x_wconf 88' lang='lat' dir='ltr'><strong>faciendorum</strong></span> 
     </span>
    </p>
   </div>
   <div class='ocr_carea' id='block_1_50' title="bbox 2259 2126 3840 2199">
    <p class='ocr_par' dir='ltr' id='par_1_50' title="bbox 2259 2126 3840 2199">
     <span class='ocr_line' id='line_1_50' title="bbox 2259 2126 3840 2199; baseline 0.004 -20"><span class='ocrx_word' id='word_1_406' title='bbox 2259 2126 2498 2180; x_wconf 90' lang='lat' dir='ltr'><strong>omnium</strong></span> <span class='ocrx_word' id='word_1_407' title='bbox 2544 2143 2671 2181; x_wconf 86' lang='lat' dir='ltr'><strong>cura</strong></span> <span class='ocrx_word' id='word_1_408' title='bbox 2721 2126 2916 2191; x_wconf 88' lang='lat' dir='ltr'><strong>fuerit,</strong></span> <span class='ocrx_word' id='word_1_409' title='bbox 2971 2138 2992 2166; x_wconf 77' lang='grc' dir='ltr'><strong>ο</strong></span> <span class='ocrx_word' id='word_1_410' title='bbox 3027 2135 3086 2182; x_wconf 83' lang='grc' dir='ltr'><strong>ιιι</strong></span> <span class='ocrx_word' id='word_1_411' title='bbox 3130 2128 3426 2197; x_wconf 83' lang='lat' dir='ltr'><strong>negligerct</strong></span> <span class='ocrx_word' id='word_1_412' title='bbox 3453 2145 3572 2199; x_wconf 67' lang='lat' dir='ltr'><strong>qua:</strong></span> <span class='ocrx_word' id='word_1_413' title='bbox 3613 2131 3840 2188; x_wconf 81' lang='lat' dir='ltr'><strong>fecisset.</strong></span> 
     </span>
    </p>
   </div>
   <div class='ocr_carea' id='block_1_51' title="bbox 2257 2215 3842 2284">
    <p class='ocr_par' dir='ltr' id='par_1_51' title="bbox 2257 2215 3842 2284">
     <span class='ocr_line' id='line_1_51' title="bbox 2257 2215 3842 2284; baseline 0.004 -15"><span class='ocrx_word' id='word_1_414' title='bbox 2257 2215 2372 2284; x_wconf 87' lang='lat' dir='ltr'><strong>Ego</strong></span> <span class='ocrx_word' id='word_1_415' title='bbox 2401 2225 2580 2272; x_wconf 87' lang='lat' dir='ltr'><strong>autem</strong></span> <span class='ocrx_word' id='word_1_416' title='bbox 2613 2218 2664 2271; x_wconf 91' lang='lat' dir='ltr'><strong>in</strong></span> <span class='ocrx_word' id='word_1_417' title='bbox 2695 2225 2900 2272; x_wconf 89' lang='lat' dir='ltr'><strong>tantum</strong></span> <span class='ocrx_word' id='word_1_418' title='bbox 2931 2233 3052 2271; x_wconf 92' lang='lat' dir='ltr'><strong>eum</strong></span> <span class='ocrx_word' id='word_1_419' title='bbox 3098 2233 3280 2273; x_wconf 92' lang='lat' dir='ltr'><strong>curam</strong></span> <span class='ocrx_word' id='word_1_420' title='bbox 3326 2227 3694 2275; x_wconf 86' lang='lat' dir='ltr'><strong>creaturarum</strong></span> <span class='ocrx_word' id='word_1_421' title='bbox 3721 2237 3842 2278; x_wconf 88' lang='lat' dir='ltr'><strong>sua-</strong></span> 
     </span>
    </p>
   </div>
   <div class='ocr_carea' id='block_1_52' title="bbox 2257 2307 3843 2378">
    <p class='ocr_par' dir='ltr' id='par_1_52' title="bbox 2257 2307 3843 2378">
     <span class='ocr_line' id='line_1_52' title="bbox 2257 2307 3843 2378; baseline 0.006 -19"><span class='ocrx_word' id='word_1_422' title='bbox 2257 2321 2375 2360; x_wconf 88' lang='lat' dir='ltr'><strong>rum</strong></span> <span class='ocrx_word' id='word_1_423' title='bbox 2403 2307 2602 2362; x_wconf 88' lang='lat' dir='ltr'><strong>habere</strong></span> <span class='ocrx_word' id='word_1_424' title='bbox 2629 2307 2777 2371; x_wconf 89' lang='lat' dir='ltr'><strong>dico,</strong></span> <span class='ocrx_word' id='word_1_425' title='bbox 2803 2315 2860 2361; x_wconf 91' lang='lat' dir='ltr'><strong>ut</strong></span> <span class='ocrx_word' id='word_1_426' title='bbox 2881 2309 3102 2377; x_wconf 91' lang='lat' dir='ltr'><strong>probem</strong></span> <span class='ocrx_word' id='word_1_427' title='bbox 3124 2309 3434 2378; x_wconf 87' lang='lat' dir='ltr'><strong>priusquam</strong></span> <span class='ocrx_word' id='word_1_428' title='bbox 3456 2310 3615 2365; x_wconf 89' lang='lat' dir='ltr'><strong>etiam</strong></span> <span class='ocrx_word' id='word_1_429' title='bbox 3636 2322 3843 2368; x_wconf 89' lang='lat' dir='ltr'><strong>crearet</strong></span> 
     </span>
    </p>
   </div>
   <div class='ocr_carea' id='block_1_53' title="bbox 2255 2396 3848 2468">
    <p class='ocr_par' dir='ltr' id='par_1_53' title="bbox 2255 2396 3848 2468">
     <span class='ocr_line' id='line_1_53' title="bbox 2255 2396 3848 2468; baseline 0.004 -17"><span class='ocrx_word' id='word_1_430' title='bbox 2255 2396 2523 2453; x_wconf 86' lang='lat' dir='ltr'><strong>habuisse.</strong></span> <span class='ocrx_word' id='word_1_431' title='bbox 2560 2396 2667 2452; x_wconf 80' lang='lat' dir='ltr'><strong>Res</strong></span> <span class='ocrx_word' id='word_1_432' title='bbox 2695 2398 2891 2468; x_wconf 91' lang='lat' dir='ltr'><strong>quippe</strong></span> <span class='ocrx_word' id='word_1_433' title='bbox 2914 2399 3026 2468; x_wconf 91' lang='lat' dir='ltr'><strong>ipsa</strong></span> <span class='ocrx_word' id='word_1_434' title='bbox 3055 2399 3158 2452; x_wconf 86' lang='lat' dir='ltr'><strong>hoc</strong></span> <span class='ocrx_word' id='word_1_435' title='bbox 3178 2399 3456 2454; x_wconf 76' lang='lat' dir='ltr'><strong>evidenter</strong></span> <span class='ocrx_word' id='word_1_436' title='bbox 3474 2401 3726 2455; x_wconf 86' lang='lat' dir='ltr'><strong>ostendit.</strong></span> <span class='ocrx_word' id='word_1_437' title='bbox 3753 2403 3848 2458; x_wconf 84' lang='lat' dir='ltr'><strong>Ni-</strong></span> 
     </span>
    </p>
   </div>
   <div class='ocr_carea' id='block_1_54' title="bbox 2255 2486 3845 2551">
    <p class='ocr_par' dir='ltr' id='par_1_54' title="bbox 2255 2486 3845 2551">
     <span class='ocr_line' id='line_1_54' title="bbox 2255 2486 3845 2551; baseline 0.006 -12"><span class='ocrx_word' id='word_1_438' title='bbox 2255 2486 2330 2540; x_wconf 89' lang='lat' dir='ltr'><strong>hil</strong></span> <span class='ocrx_word' id='word_1_439' title='bbox 2357 2488 2498 2540; x_wconf 90' lang='lat' dir='ltr'><strong>enim</strong></span> <span class='ocrx_word' id='word_1_440' title='bbox 2527 2487 2747 2551; x_wconf 89' lang='lat' dir='ltr'><strong>fecerat,</strong></span> <span class='ocrx_word' id='word_1_441' title='bbox 2795 2487 2895 2541; x_wconf 90' lang='lat' dir='ltr'><strong>nisi</strong></span> <span class='ocrx_word' id='word_1_442' title='bbox 2942 2503 3125 2542; x_wconf 86' lang='lat' dir='ltr'><strong>curam</strong></span> <span class='ocrx_word' id='word_1_443' title='bbox 3154 2487 3382 2544; x_wconf 90' lang='lat' dir='ltr'><strong>faciendi</strong></span> <span class='ocrx_word' id='word_1_444' title='bbox 3411 2489 3684 2546; x_wconf 87' lang='lat' dir='ltr'><strong>habuisset</strong></span> <span class='ocrx_word' id='word_1_445' title='bbox 3711 2502 3845 2549; x_wconf 89' lang='lat' dir='ltr'><strong>ante</strong></span> 
     </span>
    </p>
   </div>
   <div class='ocr_carea' id='block_1_55' title="bbox 2255 2577 3844 2652">
    <p class='ocr_par' dir='ltr' id='par_1_55' title="bbox 2255 2577 3844 2652">
     <span class='ocr_line' id='line_1_55' title="bbox 2255 2577 3844 2652; baseline 0.006 -23"><span class='ocrx_word' id='word_1_446' title='bbox 2255 2591 2414 2645; x_wconf 89' lang='lat' dir='ltr'><strong>quam</strong></span> <span class='ocrx_word' id='word_1_447' title='bbox 2444 2577 2664 2643; x_wconf 88' lang='lat' dir='ltr'><strong>faceret,</strong></span> <span class='ocrx_word' id='word_1_448' title='bbox 2694 2579 2990 2648; x_wconf 64' lang='lat' dir='ltr'><strong>praesertim</strong></span> <span class='ocrx_word' id='word_1_449' title='bbox 3019 2594 3138 2634; x_wconf 92' lang='lat' dir='ltr'><strong>cum</strong></span> <span class='ocrx_word' id='word_1_450' title='bbox 3181 2580 3343 2634; x_wconf 90' lang='lat' dir='ltr'><strong>etiam</strong></span> <span class='ocrx_word' id='word_1_451' title='bbox 3379 2581 3430 2635; x_wconf 92' lang='lat' dir='ltr'><strong>in</strong></span> <span class='ocrx_word' id='word_1_452' title='bbox 3461 2581 3576 2652; x_wconf 87' lang='lat' dir='ltr'><strong>ipso</strong></span> <span class='ocrx_word' id='word_1_453' title='bbox 3604 2582 3844 2640; x_wconf 88' lang='lat' dir='ltr'><strong>humano</strong></span> 
     </span>
    </p>
   </div>
   <div class='ocr_carea' id='block_1_56' title="bbox 2255 2667 3844 2743">
    <p class='ocr_par' dir='ltr' id='par_1_56' title="bbox 2255 2667 3844 2743">
     <span class='ocr_line' id='line_1_56' title="bbox 2255 2667 3844 2743; baseline 0.007 -24"><span class='ocrx_word' id='word_1_454' title='bbox 2255 2681 2451 2734; x_wconf 88' lang='lat' dir='ltr'><strong>genere</strong></span> <span class='ocrx_word' id='word_1_455' title='bbox 2480 2669 2655 2729; x_wconf 88' lang='lat' dir='ltr'><strong>nullus</strong></span> <span class='ocrx_word' id='word_1_456' title='bbox 2693 2669 2760 2724; x_wconf 90' lang='lat' dir='ltr'><strong>sit</strong></span> <span class='ocrx_word' id='word_1_457' title='bbox 2805 2667 2973 2724; x_wconf 87' lang='lat' dir='ltr'><strong>ferme</strong></span> <span class='ocrx_word' id='word_1_458' title='bbox 3014 2670 3291 2724; x_wconf 90' lang='lat' dir='ltr'><strong>hominum</strong></span> <span class='ocrx_word' id='word_1_459' title='bbox 3333 2679 3441 2725; x_wconf 89' lang='lat' dir='ltr'><strong>tam</strong></span> <span class='ocrx_word' id='word_1_460' title='bbox 3471 2672 3636 2728; x_wconf 90' lang='lat' dir='ltr'><strong>hebes</strong></span> <span class='ocrx_word' id='word_1_461' title='bbox 3653 2675 3745 2743; x_wconf 90' lang='lat' dir='ltr'><strong>qui</strong></span> <span class='ocrx_word' id='word_1_462' title='bbox 3775 2676 3844 2732; x_wconf 91' lang='lat' dir='ltr'><strong>ad</strong></span> 
     </span>
    </p>
   </div>
   <div class='ocr_carea' id='block_1_57' title="bbox 2254 2760 3842 2835">
    <p class='ocr_par' dir='ltr' id='par_1_57' title="bbox 2254 2760 3842 2835">
     <span class='ocr_line' id='line_1_57' title="bbox 2254 2760 3842 2835; baseline 0.006 -21"><span class='ocrx_word' id='word_1_463' title='bbox 2254 2760 2358 2815; x_wconf 90' lang='lat' dir='ltr'><strong>hoc</strong></span> <span class='ocrx_word' id='word_1_464' title='bbox 2384 2760 2585 2829; x_wconf 88' lang='lat' dir='ltr'><strong>aliquid</strong></span> <span class='ocrx_word' id='word_1_465' title='bbox 2609 2769 2731 2830; x_wconf 87' lang='lat' dir='ltr'><strong>agat</strong></span> <span class='ocrx_word' id='word_1_466' title='bbox 2761 2769 2921 2831; x_wconf 88' lang='lat' dir='ltr'><strong>atque</strong></span> <span class='ocrx_word' id='word_1_467' title='bbox 2950 2761 3058 2833; x_wconf 67' lang='grc'><strong>74</strong></span> <span class='ocrx_word' id='word_1_468' title='bbox 3085 2763 3346 2831; x_wconf 86' lang='lat' dir='ltr'><strong>perficiat,</strong></span> <span class='ocrx_word' id='word_1_469' title='bbox 3381 2773 3438 2818; x_wconf 91' lang='grc' dir='ltr'><strong>ιιι</strong></span> <span class='ocrx_word' id='word_1_470' title='bbox 3468 2765 3698 2835; x_wconf 85' lang='lat' dir='ltr'><strong>perfecta</strong></span> <span class='ocrx_word' id='word_1_471' title='bbox 3731 2783 3842 2824; x_wconf 90' lang='lat' dir='ltr'><strong>non</strong></span> 
     </span>
    </p>
   </div>
   <div class='ocr_carea' id='block_1_58' title="bbox 2255 2849 3841 2921">
    <p class='ocr_par' dir='ltr' id='par_1_58' title="bbox 2255 2849 3841 2921">
     <span class='ocr_line' id='line_1_58' title="bbox 2255 2849 3841 2921; baseline 0.004 -16"><span class='ocrx_word' id='word_1_472' title='bbox 2255 2859 2422 2905; x_wconf 88' lang='lat' dir='ltr'><strong>curet.</strong></span> <span class='ocrx_word' id='word_1_473' title='bbox 2453 2849 2584 2904; x_wconf 87' lang='lat' dir='ltr'><strong>Nam</strong></span> <span class='ocrx_word' id='word_1_474' title='bbox 2613 2859 2668 2906; x_wconf 92' lang='lat' dir='ltr'><strong>et</strong></span> <span class='ocrx_word' id='word_1_475' title='bbox 2695 2851 2786 2921; x_wconf 89' lang='lat' dir='ltr'><strong>qui</strong></span> <span class='ocrx_word' id='word_1_476' title='bbox 2813 2866 2998 2920; x_wconf 85' lang='lat' dir='ltr'><strong>agrum</strong></span> <span class='ocrx_word' id='word_1_477' title='bbox 3021 2852 3237 2917; x_wconf 81' lang='lat' dir='ltr'><strong>excolit,</strong></span> <span class='ocrx_word' id='word_1_478' title='bbox 3262 2853 3329 2907; x_wconf 89' lang='lat' dir='ltr'><strong>ad</strong></span> <span class='ocrx_word' id='word_1_479' title='bbox 3348 2854 3453 2910; x_wconf 90' lang='lat' dir='ltr'><strong>hoc</strong></span> <span class='ocrx_word' id='word_1_480' title='bbox 3473 2856 3603 2910; x_wconf 90' lang='lat' dir='ltr'><strong>colit</strong></span> <span class='ocrx_word' id='word_1_481' title='bbox 3621 2864 3678 2910; x_wconf 90' lang='lat' dir='ltr'><strong>ut</strong></span> <span class='ocrx_word' id='word_1_482' title='bbox 3698 2857 3841 2914; x_wconf 88' lang='lat' dir='ltr'><strong>culta</strong></span> 
     </span>
    </p>
   </div>
   <div class='ocr_carea' id='block_1_59' title="bbox 2255 2941 3839 3018">
    <p class='ocr_par' dir='ltr' id='par_1_59' title="bbox 2255 2941 3839 3018">
     <span class='ocr_line' id='line_1_59' title="bbox 2255 2941 3839 3018; baseline 0.004 -20"><span class='ocrx_word' id='word_1_483' title='bbox 2255 2951 2554 2998; x_wconf 86' lang='lat' dir='ltr'><strong>conservet.</strong></span> <span class='ocrx_word' id='word_1_484' title='bbox 2582 2941 2648 2996; x_wconf 89' lang='lat' dir='ltr'><strong>Et</strong></span> <span class='ocrx_word' id='word_1_485' title='bbox 2675 2944 2768 3012; x_wconf 84' lang='lat' dir='ltr'><strong>qui</strong></span> <span class='ocrx_word' id='word_1_486' title='bbox 2796 2943 3006 2998; x_wconf 89' lang='lat' dir='ltr'><strong>vineam</strong></span> <span class='ocrx_word' id='word_1_487' title='bbox 3037 2945 3273 3014; x_wconf 87' lang='lat' dir='ltr'><strong>plantat,</strong></span> <span class='ocrx_word' id='word_1_488' title='bbox 3307 2947 3374 3001; x_wconf 89' lang='lat' dir='ltr'><strong>ad</strong></span> <span class='ocrx_word' id='word_1_489' title='bbox 3403 2947 3506 3002; x_wconf 88' lang='lat' dir='ltr'><strong>hoc</strong></span> <span class='ocrx_word' id='word_1_490' title='bbox 3537 2948 3739 3018; x_wconf 89' lang='lat' dir='ltr'><strong>plantat</strong></span> <span class='ocrx_word' id='word_1_491' title='bbox 3783 2960 3839 3007; x_wconf 89' lang='lat' dir='ltr'><strong>ut</strong></span> 
     </span>
    </p>
   </div>
   <div class='ocr_carea' id='block_1_60' title="bbox 2251 3033 3837 3110">
    <p class='ocr_par' dir='ltr' id='par_1_60' title="bbox 2251 3033 3837 3110">
     <span class='ocr_line' id='line_1_60' title="bbox 2251 3033 3837 3110; baseline 0.006 -23"><span class='ocrx_word' id='word_1_492' title='bbox 2251 3034 2489 3104; x_wconf 88' lang='lat' dir='ltr'><strong>plantata</strong></span> <span class='ocrx_word' id='word_1_493' title='bbox 2513 3034 2798 3089; x_wconf 91' lang='lat' dir='ltr'><strong>custodiat.</strong></span> <span class='ocrx_word' id='word_1_494' title='bbox 2828 3033 2893 3087; x_wconf 88' lang='lat' dir='ltr'><strong>Et</strong></span> <span class='ocrx_word' id='word_1_495' title='bbox 2913 3035 3004 3104; x_wconf 91' lang='lat' dir='ltr'><strong>qui</strong></span> <span class='ocrx_word' id='word_1_496' title='bbox 3029 3037 3178 3090; x_wconf 91' lang='lat' dir='ltr'><strong>initia</strong></span> <span class='ocrx_word' id='word_1_497' title='bbox 3203 3052 3420 3106; x_wconf 84' lang='lat' dir='ltr'><strong>gregum</strong></span> <span class='ocrx_word' id='word_1_498' title='bbox 3452 3051 3741 3110; x_wconf 75' lang='lat' dir='ltr'><strong>prmparat,</strong></span> <span class='ocrx_word' id='word_1_499' title='bbox 3772 3043 3837 3097; x_wconf 91' lang='lat' dir='ltr'><strong>ad</strong></span> 
     </span>
    </p>
   </div>
   <div class='ocr_carea' id='block_1_61' title="bbox 562 3103 3834 3202">
    <p class='ocr_par' dir='ltr' id='par_1_61' title="bbox 562 3103 3834 3202">
     <span class='ocr_line' id='line_1_61' title="bbox 562 3103 3834 3202; baseline 0 -15"><span class='ocrx_word' id='word_1_500' title='bbox 562 3133 686 3202; x_wconf 89' lang='lat' dir='ltr'><strong>gni,</strong></span> <span class='ocrx_word' id='word_1_501' title='bbox 730 3132 854 3200; x_wconf 89' lang='lat' dir='ltr'><strong>quia</strong></span> <span class='ocrx_word' id='word_1_502' title='bbox 900 3130 1029 3184; x_wconf 89' lang='lat' dir='ltr'><strong>nulli</strong></span> <span class='ocrx_word' id='word_1_503' title='bbox 1071 3103 1311 3184; x_wconf 47' lang='lat' dir='ltr'><strong>illorum_</strong></span> <span class='ocrx_word' id='word_1_504' title='bbox 1336 3103 1736 3198; x_wconf 79' lang='lat' dir='ltr'><strong>impnritatibus</strong></span> <span class='ocrx_word' id='word_1_505' title='bbox 1776 3126 2144 3197; x_wconf 89' lang='lat' dir='ltr'><strong>comparandi.</strong></span> <span class='ocrx_word' id='word_1_506' title='bbox 2175 3103 2223 3170; x_wconf 79' lang='lat' dir='ltr'><strong><em>C</em></strong></span> <span class='ocrx_word' id='word_1_507' title='bbox 2251 3103 2354 3180; x_wconf 83' lang='lat' dir='ltr'><strong>hoc</strong></span> <span class='ocrx_word' id='word_1_508' title='bbox 2373 3133 2527 3194; x_wconf 89' lang='lat' dir='ltr'><strong>parat</strong></span> <span class='ocrx_word' id='word_1_509' title='bbox 2548 3133 2607 3179; x_wconf 89' lang='lat' dir='ltr'><strong>ut</strong></span> <span class='ocrx_word' id='word_1_510' title='bbox 2627 3140 2811 3180; x_wconf 89' lang='lat' dir='ltr'><strong>curam</strong></span> <span class='ocrx_word' id='word_1_511' title='bbox 2832 3103 3250 3195; x_wconf 85' lang='lat' dir='ltr'><strong>multiplicandis</strong></span> <span class='ocrx_word' id='word_1_512' title='bbox 3271 3103 3521 3198; x_wconf 74' lang='lat' dir='ltr'><strong>gregibus</strong></span> <span class='ocrx_word' id='word_1_513' title='bbox 3543 3103 3834 3202; x_wconf 76' lang='lat' dir='ltr'><strong>impendat.</strong></span> 
     </span>
    </p>
   </div>
   <div class='ocr_carea' id='block_1_62' title="bbox 562 3217 2148 3288">
    <p class='ocr_par' dir='ltr' id='par_1_62' title="bbox 562 3217 2148 3288">
     <span class='ocr_line' id='line_1_62' title="bbox 562 3217 2148 3288; baseline -0.004 -10"><span class='ocrx_word' id='word_1_514' title='bbox 562 3223 763 3278; x_wconf 77' lang='lat' dir='ltr'><strong>Verum</strong></span> <span class='ocrx_word' id='word_1_515' title='bbox 786 3223 1014 3276; x_wconf 86' lang='lat' dir='ltr'><strong>fortasse</strong></span> <span class='ocrx_word' id='word_1_516' title='bbox 1038 3219 1176 3275; x_wconf 92' lang='lat' dir='ltr'><strong>istud</strong></span> <span class='ocrx_word' id='word_1_517' title='bbox 1201 3221 1288 3275; x_wconf 87' lang='lat' dir='ltr'><strong>sit.</strong></span> <span class='ocrx_word' id='word_1_518' title='bbox 1307 3218 1557 3274; x_wconf 81' lang='lat' dir='ltr'><strong>Attamen</strong></span> <span class='ocrx_word' id='word_1_519' title='bbox 1578 3218 1706 3288; x_wconf 91' lang='lat' dir='ltr'><strong>quid</strong></span> <span class='ocrx_word' id='word_1_520' title='bbox 1736 3217 1976 3283; x_wconf 86' lang='lat' dir='ltr'><strong>facimus,</strong></span> <span class='ocrx_word' id='word_1_521' title='bbox 2002 3217 2148 3288; x_wconf 88' lang='lat' dir='ltr'><strong>quod</strong></span> 
     </span>
    </p>
   </div>
   <div class='ocr_carea' id='block_1_63' title="bbox 559 3310 2146 3384">
    <p class='ocr_par' dir='ltr' id='par_1_63' title="bbox 559 3310 2146 3384">
     <span class='ocr_line' id='line_1_63' title="bbox 559 3310 2146 3384; baseline -0.006 -13"><span class='ocrx_word' id='word_1_522' title='bbox 559 3314 812 3372; x_wconf 85' lang='lat' dir='ltr'><strong>Salvator</strong></span> <span class='ocrx_word' id='word_1_523' title='bbox 855 3314 969 3384; x_wconf 90' lang='lat' dir='ltr'><strong>ipse</strong></span> <span class='ocrx_word' id='word_1_524' title='bbox 996 3327 1180 3367; x_wconf 91' lang='lat' dir='ltr'><strong>omnes</strong></span> <span class='ocrx_word' id='word_1_525' title='bbox 1207 3312 1298 3381; x_wconf 91' lang='lat' dir='ltr'><strong>qui</strong></span> <span class='ocrx_word' id='word_1_526' title='bbox 1344 3310 1690 3379; x_wconf 86' lang='lat' dir='ltr'><strong>Evangelium</strong></span> <span class='ocrx_word' id='word_1_527' title='bbox 1719 3324 1872 3364; x_wconf 90' lang='lat' dir='ltr'><strong>suum</strong></span> <span class='ocrx_word' id='word_1_528' title='bbox 1924 3322 2146 3378; x_wconf 92' lang='lat' dir='ltr'><strong>spreve-</strong></span> 
     </span>
    </p>
   </div>
   <div class='ocr_carea' id='block_1_64' title="bbox 558 3396 2147 3475">
    <p class='ocr_par' dir='ltr' id='par_1_64' title="bbox 558 3396 2147 3475">
     <span class='ocr_line' id='line_1_64' title="bbox 558 3396 2147 3475; baseline -0.006 -14"><span class='ocrx_word' id='word_1_529' title='bbox 558 3407 689 3472; x_wconf 89' lang='lat' dir='ltr'><strong>rint,</strong></span> <span class='ocrx_word' id='word_1_530' title='bbox 719 3405 932 3475; x_wconf 89' lang='lat' dir='ltr'><strong>pejores</strong></span> <span class='ocrx_word' id='word_1_531' title='bbox 960 3419 1079 3459; x_wconf 91' lang='lat' dir='ltr'><strong>esse</strong></span> <span class='ocrx_word' id='word_1_532' title='bbox 1125 3403 1481 3458; x_wconf 87' lang='lat' dir='ltr'><strong>memoravit?</strong></span> <span class='ocrx_word' id='word_1_533' title='bbox 1511 3400 1751 3470; x_wconf 89' lang='lat' dir='ltr'><strong>Denique</strong></span> <span class='ocrx_word' id='word_1_534' title='bbox 1799 3399 1867 3454; x_wconf 90' lang='lat' dir='ltr'><strong>ad</strong></span> <span class='ocrx_word' id='word_1_535' title='bbox 1907 3396 2147 3469; x_wconf 87' lang='lat' dir='ltr'><strong>Caphar-</strong></span> 
     </span>
    </p>
   </div>
   <div class='ocr_carea' id='block_1_65' title="bbox 559 3492 2146 3563">
    <p class='ocr_par' dir='ltr' id='par_1_65' title="bbox 559 3492 2146 3563">
     <span class='ocr_line' id='line_1_65' title="bbox 559 3492 2146 3563; baseline -0.008 -8"><span class='ocrx_word' id='word_1_536' title='bbox 559 3514 724 3555; x_wconf 83' lang='lat' dir='ltr'><strong>naum</strong></span> <span class='ocrx_word' id='word_1_537' title='bbox 751 3499 827 3552; x_wconf 87' lang='lat' dir='ltr'><strong>sic</strong></span> <span class='ocrx_word' id='word_1_538' title='bbox 855 3497 930 3550; x_wconf 88' lang='lat' dir='ltr'><strong>ait</strong></span> <span class='ocrx_word' id='word_1_539' title='bbox 970 3514 982 3550; x_wconf 88' lang='lat'><strong>:</strong></span> <span class='ocrx_word' id='word_1_540' title='bbox 1017 3495 1077 3551; x_wconf 90' lang='lat' dir='ltr'><strong>Si</strong></span> <span class='ocrx_word' id='word_1_541' title='bbox 1105 3497 1160 3548; x_wconf 88' lang='lat' dir='ltr'><strong>in</strong></span> <span class='ocrx_word' id='word_1_542' title='bbox 1208 3493 1447 3548; x_wconf 88' lang='lat' dir='ltr'><strong>Sodomis</strong></span> <span class='ocrx_word' id='word_1_543' title='bbox 1493 3493 1645 3563; x_wconf 72' lang='lat' dir='ltr'><strong>facta:</strong></span> <span class='ocrx_word' id='word_1_544' title='bbox 1686 3493 1903 3562; x_wconf 79' lang='lat' dir='ltr'><strong>fuissent</strong></span> <span class='ocrx_word' id='word_1_545' title='bbox 1939 3492 2146 3544; x_wconf 85' lang='lat' dir='ltr'><strong>virtutes</strong></span> 
     </span>
    </p>
   </div>
   <div class='ocr_carea' id='block_1_66' title="bbox 562 3582 2144 3659">
    <p class='ocr_par' dir='ltr' id='par_1_66' title="bbox 562 3582 2144 3659">
     <span class='ocr_line' id='line_1_66' title="bbox 562 3582 2144 3659; baseline -0.003 -21"><span class='ocrx_word' id='word_1_546' title='bbox 562 3603 678 3659; x_wconf 70' lang='lat' dir='ltr'><strong>qua:</strong></span> <span class='ocrx_word' id='word_1_547' title='bbox 699 3589 849 3657; x_wconf 74' lang='lat' dir='ltr'><strong>facta:</strong></span> <span class='ocrx_word' id='word_1_548' title='bbox 867 3596 985 3639; x_wconf 90' lang='lat' dir='ltr'><strong>sunt</strong></span> <span class='ocrx_word' id='word_1_549' title='bbox 1010 3587 1064 3638; x_wconf 89' lang='lat' dir='ltr'><strong>in</strong></span> <span class='ocrx_word' id='word_1_550' title='bbox 1088 3595 1153 3649; x_wconf 88' lang='lat' dir='ltr'><strong>te,</strong></span> <span class='ocrx_word' id='word_1_551' title='bbox 1181 3586 1398 3655; x_wconf 80' lang='lat' dir='ltr'><strong>forsitan</strong></span> <span class='ocrx_word' id='word_1_552' title='bbox 1426 3584 1737 3637; x_wconf 84' lang='lat' dir='ltr'><strong>mansissent</strong></span> <span class='ocrx_word' id='word_1_553' title='bbox 1757 3599 1916 3654; x_wconf 85' lang='lat' dir='ltr'><strong>usque</strong></span> <span class='ocrx_word' id='word_1_554' title='bbox 1934 3584 1987 3636; x_wconf 91' lang='lat' dir='ltr'><strong>in</strong></span> <span class='ocrx_word' id='word_1_555' title='bbox 2011 3582 2144 3634; x_wconf 86' lang='lat' dir='ltr'><strong>hunc</strong></span> 
     </span>
    </p>
   </div>
   <div class='ocr_carea' id='block_1_67' title="bbox 562 3675 2144 3748">
    <p class='ocr_par' dir='ltr' id='par_1_67' title="bbox 562 3675 2144 3748">
     <span class='ocr_line' id='line_1_67' title="bbox 562 3675 2144 3748; baseline -0.003 -16"><span class='ocrx_word' id='word_1_556' title='bbox 562 3680 717 3734; x_wconf 84' lang='lat' dir='ltr'><strong>diem.</strong></span> <span class='ocrx_word' id='word_1_557' title='bbox 754 3677 1112 3731; x_wconf 88' lang='lat' dir='ltr'><strong>Verumtamen</strong></span> <span class='ocrx_word' id='word_1_558' title='bbox 1138 3677 1251 3730; x_wconf 86' lang='lat' dir='ltr'><strong>dico</strong></span> <span class='ocrx_word' id='word_1_559' title='bbox 1281 3677 1437 3742; x_wconf 86' lang='lat' dir='ltr'><strong>vobis,</strong></span> <span class='ocrx_word' id='word_1_560' title='bbox 1471 3677 1590 3748; x_wconf 88' lang='lat' dir='ltr'><strong>quia</strong></span> <span class='ocrx_word' id='word_1_561' title='bbox 1620 3687 1771 3731; x_wconf 71' lang='lat' dir='ltr'><strong>terra:</strong></span> <span class='ocrx_word' id='word_1_562' title='bbox 1801 3675 2144 3730; x_wconf 89' lang='lat' dir='ltr'><strong>Sodomorum</strong></span> 
     </span>
    </p>
   </div>
   <div class='ocr_carea' id='block_1_68' title="bbox 558 3766 2138 3840">
    <p class='ocr_par' dir='ltr' id='par_1_68' title="bbox 558 3766 2138 3840">
     <span class='ocr_line' id='line_1_68' title="bbox 558 3766 2138 3840; baseline -0.003 -16"><span class='ocrx_word' id='word_1_563' title='bbox 558 3771 824 3825; x_wconf 80' lang='lat' dir='ltr'><strong>remissius</strong></span> <span class='ocrx_word' id='word_1_564' title='bbox 865 3769 960 3822; x_wconf 84' lang='lat' dir='ltr'><strong>erit</strong></span> <span class='ocrx_word' id='word_1_565' title='bbox 989 3769 1044 3822; x_wconf 86' lang='lat' dir='ltr'><strong>in</strong></span> <span class='ocrx_word' id='word_1_566' title='bbox 1083 3767 1164 3822; x_wconf 84' lang='lat' dir='ltr'><strong>die</strong></span> <span class='ocrx_word' id='word_1_567' title='bbox 1183 3767 1368 3838; x_wconf 85' lang='lat' dir='ltr'><strong>judicii</strong></span> <span class='ocrx_word' id='word_1_568' title='bbox 1395 3785 1547 3840; x_wconf 81' lang='lat' dir='ltr'><strong>quant</strong></span> <span class='ocrx_word' id='word_1_569' title='bbox 1586 3766 1674 3821; x_wconf 85' lang='lat' dir='ltr'><strong>tibi</strong></span> <span class='ocrx_word' id='word_1_570' title='bbox 1705 3766 1917 3838; x_wconf 80' lang='lat' dir='ltr'><strong>(Matth.</strong></span> <span class='ocrx_word' id='word_1_571' title='bbox 1947 3784 2019 3832; x_wconf 75' lang='lat' dir='ltr'><strong>Il,</strong></span> <span class='ocrx_word' id='word_1_572' title='bbox 2051 3766 2138 3833; x_wconf 81' lang='grc'>25,</span> 
     </span>
    </p>
   </div>
   <div class='ocr_carea' id='block_1_69' title="bbox 555 3860 2140 3931">
    <p class='ocr_par' dir='ltr' id='par_1_69' title="bbox 555 3860 2140 3931">
     <span class='ocr_line' id='line_1_69' title="bbox 555 3860 2140 3931; baseline -0.003 -13"><span class='ocrx_word' id='word_1_573' title='bbox 555 3862 672 3931; x_wconf 69' lang='grc'><strong>24).</strong></span> <span class='ocrx_word' id='word_1_574' title='bbox 705 3861 761 3917; x_wconf 93' lang='lat' dir='ltr'><strong>Si</strong></span> <span class='ocrx_word' id='word_1_575' title='bbox 790 3861 1094 3917; x_wconf 90' lang='lat' dir='ltr'><strong>Sodomitas</strong></span> <span class='ocrx_word' id='word_1_576' title='bbox 1118 3861 1296 3916; x_wconf 90' lang='lat' dir='ltr'><strong>minus</strong></span> <span class='ocrx_word' id='word_1_577' title='bbox 1324 3877 1442 3916; x_wconf 91' lang='lat' dir='ltr'><strong>esse</strong></span> <span class='ocrx_word' id='word_1_578' title='bbox 1473 3860 1602 3916; x_wconf 92' lang='lat' dir='ltr'><strong>dicit</strong></span> <span class='ocrx_word' id='word_1_579' title='bbox 1629 3861 1958 3916; x_wconf 85' lang='lat' dir='ltr'><strong>damnabiles</strong></span> <span class='ocrx_word' id='word_1_580' title='bbox 1982 3875 2140 3929; x_wconf 89' lang='lat' dir='ltr'><strong>quam</strong></span> 
     </span>
    </p>
   </div>
   <div class='ocr_carea' id='block_1_70' title="bbox 553 3955 2140 4025">
    <p class='ocr_par' dir='ltr' id='par_1_70' title="bbox 553 3955 2140 4025">
     <span class='ocr_line' id='line_1_70' title="bbox 553 3955 2140 4025; baseline -0.003 -11"><span class='ocrx_word' id='word_1_581' title='bbox 553 3965 778 4014; x_wconf 85' lang='lat' dir='ltr'><strong>cunctos</strong></span> <span class='ocrx_word' id='word_1_582' title='bbox 798 3955 1086 4025; x_wconf 87' lang='lat' dir='ltr'><strong>Evangelia</strong></span> <span class='ocrx_word' id='word_1_583' title='bbox 1114 3955 1477 4024; x_wconf 86' lang='lat' dir='ltr'><strong>negligentes,</strong></span> <span class='ocrx_word' id='word_1_584' title='bbox 1505 3955 1802 4010; x_wconf 90' lang='lat' dir='ltr'><strong>certissima</strong></span> <span class='ocrx_word' id='word_1_585' title='bbox 1833 3968 1962 4022; x_wconf 90' lang='lat' dir='ltr'><strong>ergo</strong></span> <span class='ocrx_word' id='word_1_586' title='bbox 2001 3955 2140 4009; x_wconf 89' lang='lat' dir='ltr'><strong>ratio</strong></span> 
     </span>
    </p>
   </div>
   <div class='ocr_carea' id='block_1_71' title="bbox 555 4045 2135 4118">
    <p class='ocr_par' dir='ltr' id='par_1_71' title="bbox 555 4045 2135 4118">
     <span class='ocr_line' id='line_1_71' title="bbox 555 4045 2135 4118; baseline -0.002 -14"><span class='ocrx_word' id='word_1_587' title='bbox 555 4057 640 4104; x_wconf 84' lang='lat' dir='ltr'><strong>est</strong></span> <span class='ocrx_word' id='word_1_588' title='bbox 665 4063 771 4118; x_wconf 88' lang='lat' dir='ltr'><strong>qua</strong></span> <span class='ocrx_word' id='word_1_589' title='bbox 799 4055 853 4102; x_wconf 91' lang='lat' dir='ltr'><strong>et</strong></span> <span class='ocrx_word' id='word_1_590' title='bbox 882 4063 998 4112; x_wconf 89' lang='lat' dir='ltr'><strong>nos,</strong></span> <span class='ocrx_word' id='word_1_591' title='bbox 1021 4048 1113 4115; x_wconf 92' lang='lat' dir='ltr'><strong>qui</strong></span> <span class='ocrx_word' id='word_1_592' title='bbox 1140 4047 1193 4100; x_wconf 91' lang='lat' dir='ltr'><strong>in</strong></span> <span class='ocrx_word' id='word_1_593' title='bbox 1220 4047 1464 4116; x_wconf 92' lang='lat' dir='ltr'><strong>plurimis</strong></span> <span class='ocrx_word' id='word_1_594' title='bbox 1488 4045 1774 4116; x_wconf 86' lang='lat' dir='ltr'><strong>Evangelia</strong></span> <span class='ocrx_word' id='word_1_595' title='bbox 1800 4047 2135 4115; x_wconf 80' lang='lat' dir='ltr'><strong>negligimus,</strong></span> 
     </span>
    </p>
   </div>
   <div class='ocr_carea' id='block_1_72' title="bbox 554 4139 2139 4210">
    <p class='ocr_par' dir='ltr' id='par_1_72' title="bbox 554 4139 2139 4210">
     <span class='ocr_line' id='line_1_72' title="bbox 554 4139 2139 4210; baseline 0 -16"><span class='ocrx_word' id='word_1_596' title='bbox 554 4139 710 4210; x_wconf 86' lang='lat' dir='ltr'><strong>pejus</strong></span> <span class='ocrx_word' id='word_1_597' title='bbox 751 4140 936 4194; x_wconf 88' lang='lat' dir='ltr'><strong>timere</strong></span> <span class='ocrx_word' id='word_1_598' title='bbox 975 4139 1175 4208; x_wconf 89' lang='lat' dir='ltr'><strong>aliquid</strong></span> <span class='ocrx_word' id='word_1_599' title='bbox 1203 4139 1525 4205; x_wconf 89' lang='lat' dir='ltr'><strong>debeamus;</strong></span> <span class='ocrx_word' id='word_1_600' title='bbox 1557 4141 1851 4208; x_wconf 66' lang='lat' dir='ltr'><strong>praesertim</strong></span> <span class='ocrx_word' id='word_1_601' title='bbox 1884 4156 2004 4194; x_wconf 89' lang='lat' dir='ltr'><strong>cum</strong></span> <span class='ocrx_word' id='word_1_602' title='bbox 2031 4142 2139 4194; x_wconf 89' lang='lat' dir='ltr'><strong>usi-</strong></span> 
     </span>
    </p>
   </div>
   <div class='ocr_carea' id='block_1_73' title="bbox 552 4227 2137 4300">
    <p class='ocr_par' dir='ltr' id='par_1_73' title="bbox 552 4227 2137 4300">
     <span class='ocr_line' id='line_1_73' title="bbox 552 4227 2137 4300; baseline 0.001 -17"><span class='ocrx_word' id='word_1_603' title='bbox 552 4230 684 4284; x_wconf 76' lang='lat' dir='ltr'><strong>tatis</strong></span> <span class='ocrx_word' id='word_1_604' title='bbox 707 4229 817 4298; x_wconf 88' lang='lat' dir='ltr'><strong>jam</strong></span> <span class='ocrx_word' id='word_1_605' title='bbox 862 4239 917 4284; x_wconf 92' lang='lat' dir='ltr'><strong>et</strong></span> <span class='ocrx_word' id='word_1_606' title='bbox 945 4239 971 4268; x_wconf 81' lang='grc' dir='ltr'>ι</span> <span class='ocrx_word' id='word_1_607' title='bbox 1000 4230 1151 4298; x_wconf 92' lang='lat' dir='ltr'><strong>quasi</strong></span> <span class='ocrx_word' id='word_1_608' title='bbox 1197 4227 1546 4283; x_wconf 89' lang='lat' dir='ltr'><strong>familiaribus</strong></span> <span class='ocrx_word' id='word_1_609' title='bbox 1575 4231 1678 4300; x_wconf 83' lang='lat'><strong>73</strong></span> <span class='ocrx_word' id='word_1_610' title='bbox 1717 4230 1870 4284; x_wconf 89' lang='lat' dir='ltr'><strong>malis</strong></span> <span class='ocrx_word' id='word_1_611' title='bbox 1898 4231 2137 4284; x_wconf 90' lang='lat' dir='ltr'><strong>contenti</strong></span> 
     </span>
    </p>
   </div>
   <div class='ocr_carea' id='block_1_74' title="bbox 552 4317 2136 4374">
    <p class='ocr_par' dir='ltr' id='par_1_74' title="bbox 552 4317 2136 4374">
     <span class='ocr_line' id='line_1_74' title="bbox 552 4317 2136 4374; baseline -0.001 0"><span class='ocrx_word' id='word_1_612' title='bbox 552 4331 676 4374; x_wconf 85' lang='lat' dir='ltr'><strong>esse</strong></span> <span class='ocrx_word' id='word_1_613' title='bbox 706 4319 952 4373; x_wconf 88' lang='lat' dir='ltr'><strong>nolimus.</strong></span> <span class='ocrx_word' id='word_1_614' title='bbox 995 4318 1112 4372; x_wconf 89' lang='lat' dir='ltr'><strong>Non</strong></span> <span class='ocrx_word' id='word_1_615' title='bbox 1140 4317 1408 4372; x_wconf 89' lang='lat' dir='ltr'><strong>sufﬁciunt</strong></span> <span class='ocrx_word' id='word_1_616' title='bbox 1445 4318 1588 4372; x_wconf 90' lang='lat' dir='ltr'><strong>enim</strong></span> <span class='ocrx_word' id='word_1_617' title='bbox 1631 4318 1811 4372; x_wconf 88' lang='lat' dir='ltr'><strong>multis</strong></span> <span class='ocrx_word' id='word_1_618' title='bbox 1850 4328 2136 4373; x_wconf 91' lang='lat' dir='ltr'><strong>consuetu-</strong></span> 
     </span>
    </p>
   </div>
   <div class='ocr_carea' id='block_1_75' title="bbox 553 4407 2131 4475">
    <p class='ocr_par' dir='ltr' id='par_1_75' title="bbox 553 4407 2131 4475">
     <span class='ocr_line' id='line_1_75' title="bbox 553 4407 2131 4475; baseline 0.001 -12"><span class='ocrx_word' id='word_1_619' title='bbox 553 4408 745 4464; x_wconf 82' lang='lat' dir='ltr'><strong>dinarii</strong></span> <span class='ocrx_word' id='word_1_620' title='bbox 786 4415 985 4474; x_wconf 87' lang='lat' dir='ltr'><strong>reatus,</strong></span> <span class='ocrx_word' id='word_1_621' title='bbox 1014 4424 1120 4463; x_wconf 93' lang='lat' dir='ltr'><strong>non</strong></span> <span class='ocrx_word' id='word_1_622' title='bbox 1156 4407 1425 4464; x_wconf 87' lang='lat' dir='ltr'><strong>sufﬁciunt</strong></span> <span class='ocrx_word' id='word_1_623' title='bbox 1472 4409 1621 4475; x_wconf 90' lang='lat' dir='ltr'><strong>lites,</strong></span> <span class='ocrx_word' id='word_1_624' title='bbox 1663 4425 1770 4463; x_wconf 91' lang='lat' dir='ltr'><strong>non</strong></span> <span class='ocrx_word' id='word_1_625' title='bbox 1820 4411 2131 4474; x_wconf 73' lang='lat' dir='ltr'><strong>calumnize,</strong></span> 
     </span>
    </p>
   </div>
   <div class='ocr_carea' id='block_1_76' title="bbox 2249 3213 3836 3286">
    <p class='ocr_par' dir='ltr' id='par_1_76' title="bbox 2249 3213 3836 3286">
     <span class='ocr_line' id='line_1_76' title="bbox 2249 3213 3836 3286; baseline 0.007 -19"><span class='ocrx_word' id='word_1_626' title='bbox 2249 3213 2317 3268; x_wconf 85' lang='lat' dir='ltr'><strong>Et</strong></span> <span class='ocrx_word' id='word_1_627' title='bbox 2343 3216 2431 3285; x_wconf 90' lang='lat' dir='ltr'><strong>qui</strong></span> <span class='ocrx_word' id='word_1_628' title='bbox 2463 3215 2680 3270; x_wconf 93' lang='lat' dir='ltr'><strong>domum</strong></span> <span class='ocrx_word' id='word_1_629' title='bbox 2709 3215 2936 3270; x_wconf 71' lang='lat' dir='ltr'><strong>aedificat</strong></span> <span class='ocrx_word' id='word_1_630' title='bbox 2964 3217 3046 3271; x_wconf 90' lang='lat' dir='ltr'><strong>vel</strong></span> <span class='ocrx_word' id='word_1_631' title='bbox 3075 3217 3476 3273; x_wconf 89' lang='lat' dir='ltr'><strong>fundamentum</strong></span> <span class='ocrx_word' id='word_1_632' title='bbox 3525 3221 3680 3286; x_wconf 85' lang='lat' dir='ltr'><strong>locat,</strong></span> <span class='ocrx_word' id='word_1_633' title='bbox 3733 3224 3836 3278; x_wconf 88' lang='lat' dir='ltr'><strong>etsi</strong></span> 
     </span>
    </p>
   </div>
   <div class='ocr_carea' id='block_1_77' title="bbox 2249 3309 3833 3384">
    <p class='ocr_par' dir='ltr' id='par_1_77' title="bbox 2249 3309 3833 3384">
     <span class='ocr_line' id='line_1_77' title="bbox 2249 3309 3833 3384; baseline 0.005 -22"><span class='ocrx_word' id='word_1_634' title='bbox 2249 3309 2475 3362; x_wconf 89' lang='lat' dir='ltr'><strong>necdum</strong></span> <span class='ocrx_word' id='word_1_635' title='bbox 2506 3309 2887 3364; x_wconf 89' lang='lat' dir='ltr'><strong>habitationem</strong></span> <span class='ocrx_word' id='word_1_636' title='bbox 2916 3317 3158 3378; x_wconf 88' lang='lat' dir='ltr'><strong>paratam</strong></span> <span class='ocrx_word' id='word_1_637' title='bbox 3184 3311 3364 3378; x_wconf 86' lang='lat' dir='ltr'><strong>habet,</strong></span> <span class='ocrx_word' id='word_1_638' title='bbox 3385 3311 3496 3381; x_wconf 89' lang='lat' dir='ltr'><strong>jam</strong></span> <span class='ocrx_word' id='word_1_639' title='bbox 3518 3322 3693 3369; x_wconf 88' lang='lat' dir='ltr'><strong>tamen</strong></span> <span class='ocrx_word' id='word_1_640' title='bbox 3718 3315 3833 3384; x_wconf 87' lang='lat' dir='ltr'><strong>ipsa</strong></span> 
     </span>
    </p>
   </div>
   <div class='ocr_carea' id='block_1_78' title="bbox 2247 3399 3833 3472">
    <p class='ocr_par' dir='ltr' id='par_1_78' title="bbox 2247 3399 3833 3472">
     <span class='ocr_line' id='line_1_78' title="bbox 2247 3399 3833 3472; baseline 0.006 -19"><span class='ocrx_word' id='word_1_641' title='bbox 2247 3414 2366 3468; x_wconf 68' lang='lat' dir='ltr'><strong>quae</strong></span> <span class='ocrx_word' id='word_1_642' title='bbox 2409 3401 2580 3455; x_wconf 88' lang='lat' dir='ltr'><strong>adhuc</strong></span> <span class='ocrx_word' id='word_1_643' title='bbox 2627 3399 2804 3456; x_wconf 87' lang='lat' dir='ltr'><strong>facere</strong></span> <span class='ocrx_word' id='word_1_644' title='bbox 2846 3401 3083 3468; x_wconf 90' lang='lat' dir='ltr'><strong>molitur,</strong></span> <span class='ocrx_word' id='word_1_645' title='bbox 3133 3416 3228 3472; x_wconf 91' lang='lat' dir='ltr'><strong>spe</strong></span> <span class='ocrx_word' id='word_1_646' title='bbox 3269 3401 3460 3458; x_wconf 69' lang='lat' dir='ltr'><strong>futura:</strong></span> <span class='ocrx_word' id='word_1_647' title='bbox 3488 3405 3833 3462; x_wconf 87' lang='lat' dir='ltr'><strong>habitationis</strong></span> 
     </span>
    </p>
   </div>
   <div class='ocr_carea' id='block_1_79' title="bbox 2247 3490 3833 3566">
    <p class='ocr_par' dir='ltr' id='par_1_79' title="bbox 2247 3490 3833 3566">
     <span class='ocr_line' id='line_1_79' title="bbox 2247 3490 3833 3566; baseline 0.006 -21"><span class='ocrx_word' id='word_1_648' title='bbox 2247 3492 2605 3560; x_wconf 88' lang='lat' dir='ltr'><strong>amplectitur.</strong></span> <span class='ocrx_word' id='word_1_649' title='bbox 2625 3490 2690 3545; x_wconf 85' lang='lat' dir='ltr'><strong>Et</strong></span> <span class='ocrx_word' id='word_1_650' title='bbox 2705 3491 2831 3561; x_wconf 93' lang='lat' dir='ltr'><strong>quid</strong></span> <span class='ocrx_word' id='word_1_651' title='bbox 2852 3491 2918 3546; x_wconf 91' lang='lat' dir='ltr'><strong>de</strong></span> <span class='ocrx_word' id='word_1_652' title='bbox 2938 3492 3156 3549; x_wconf 86' lang='lat' dir='ltr'><strong>homine</strong></span> <span class='ocrx_word' id='word_1_653' title='bbox 3176 3493 3280 3549; x_wconf 92' lang='lat' dir='ltr'><strong>hoc</strong></span> <span class='ocrx_word' id='word_1_654' title='bbox 3301 3494 3511 3566; x_wconf 89' lang='lat' dir='ltr'><strong>loquar,</strong></span> <span class='ocrx_word' id='word_1_655' title='bbox 3530 3513 3649 3554; x_wconf 90' lang='lat' dir='ltr'><strong>cum</strong></span> <span class='ocrx_word' id='word_1_656' title='bbox 3672 3499 3833 3555; x_wconf 88' lang='lat' dir='ltr'><strong>etiam</strong></span> 
     </span>
    </p>
   </div>
   <div class='ocr_carea' id='block_1_80' title="bbox 2246 3583 3835 3652">
    <p class='ocr_par' dir='ltr' id='par_1_80' title="bbox 2246 3583 3835 3652">
     <span class='ocr_line' id='line_1_80' title="bbox 2246 3583 3835 3652; baseline 0.006 -17"><span class='ocrx_word' id='word_1_657' title='bbox 2246 3583 2464 3636; x_wconf 87' lang='lat' dir='ltr'><strong>minima</strong></span> <span class='ocrx_word' id='word_1_658' title='bbox 2507 3584 2814 3637; x_wconf 90' lang='lat' dir='ltr'><strong>animalium</strong></span> <span class='ocrx_word' id='word_1_659' title='bbox 2861 3598 3059 3652; x_wconf 87' lang='lat' dir='ltr'><strong>genera</strong></span> <span class='ocrx_word' id='word_1_660' title='bbox 3107 3583 3402 3640; x_wconf 84' lang='lat' dir='ltr'><strong>futurarum</strong></span> <span class='ocrx_word' id='word_1_661' title='bbox 3433 3603 3608 3642; x_wconf 90' lang='lat' dir='ltr'><strong>rerum</strong></span> <span class='ocrx_word' id='word_1_662' title='bbox 3639 3587 3835 3647; x_wconf 76' lang='lat' dir='ltr'><strong>affectu</strong></span> 
     </span>
    </p>
   </div>
   <div class='ocr_carea' id='block_1_81' title="bbox 2245 3676 3831 3744">
    <p class='ocr_par' dir='ltr' id='par_1_81' title="bbox 2245 3676 3831 3744">
     <span class='ocr_line' id='line_1_81' title="bbox 2245 3676 3831 3744; baseline 0.004 -14"><span class='ocrx_word' id='word_1_663' title='bbox 2245 3677 2424 3731; x_wconf 88' lang='lat' dir='ltr'><strong>omnia</strong></span> <span class='ocrx_word' id='word_1_664' title='bbox 2449 3679 2652 3744; x_wconf 86' lang='lat' dir='ltr'><strong>agant?</strong></span> <span class='ocrx_word' id='word_1_665' title='bbox 2681 3676 2939 3732; x_wconf 70' lang='lat' dir='ltr'><strong>Formicze</strong></span> <span class='ocrx_word' id='word_1_666' title='bbox 2966 3677 3019 3732; x_wconf 90' lang='lat' dir='ltr'><strong>in</strong></span> <span class='ocrx_word' id='word_1_667' title='bbox 3049 3677 3413 3734; x_wconf 87' lang='lat' dir='ltr'><strong>subterraneis</strong></span> <span class='ocrx_word' id='word_1_668' title='bbox 3459 3681 3692 3736; x_wconf 89' lang='lat' dir='ltr'><strong>latibulis</strong></span> <span class='ocrx_word' id='word_1_669' title='bbox 3733 3699 3831 3736; x_wconf 88' lang='lat' dir='ltr'><strong>va-</strong></span> 
     </span>
    </p>
   </div>
   <div class='ocr_carea' id='block_1_82' title="bbox 2243 3765 3832 3836">
    <p class='ocr_par' dir='ltr' id='par_1_82' title="bbox 2243 3765 3832 3836">
     <span class='ocr_line' id='line_1_82' title="bbox 2243 3765 3832 3836; baseline 0.004 -16"><span class='ocrx_word' id='word_1_670' title='bbox 2243 3767 2324 3820; x_wconf 87' lang='lat' dir='ltr'><strong>ria</strong></span> <span class='ocrx_word' id='word_1_671' title='bbox 2351 3765 2557 3834; x_wconf 90' lang='lat' dir='ltr'><strong>frugum</strong></span> <span class='ocrx_word' id='word_1_672' title='bbox 2586 3782 2783 3836; x_wconf 89' lang='lat' dir='ltr'><strong>genera</strong></span> <span class='ocrx_word' id='word_1_673' title='bbox 2811 3769 3121 3833; x_wconf 89' lang='lat' dir='ltr'><strong>condentes,</strong></span> <span class='ocrx_word' id='word_1_674' title='bbox 3171 3769 3238 3823; x_wconf 89' lang='lat' dir='ltr'><strong>ad</strong></span> <span class='ocrx_word' id='word_1_675' title='bbox 3267 3770 3371 3824; x_wconf 90' lang='lat' dir='ltr'><strong>hoc</strong></span> <span class='ocrx_word' id='word_1_676' title='bbox 3397 3780 3587 3826; x_wconf 91' lang='lat' dir='ltr'><strong>cuncta</strong></span> <span class='ocrx_word' id='word_1_677' title='bbox 3618 3774 3832 3827; x_wconf 77' lang='lat' dir='ltr'><strong>contra-</strong></span> 
     </span>
    </p>
   </div>
   <div class='ocr_carea' id='block_1_83' title="bbox 2243 3859 3832 3934">
    <p class='ocr_par' dir='ltr' id='par_1_83' title="bbox 2243 3859 3832 3934">
     <span class='ocr_line' id='line_1_83' title="bbox 2243 3859 3832 3934; baseline 0.003 -20"><span class='ocrx_word' id='word_1_678' title='bbox 2243 3859 2377 3914; x_wconf 91' lang='lat' dir='ltr'><strong>hunt</strong></span> <span class='ocrx_word' id='word_1_679' title='bbox 2405 3874 2468 3914; x_wconf 89' lang='lat' dir='ltr'><strong>ac</strong></span> <span class='ocrx_word' id='word_1_680' title='bbox 2497 3869 2781 3928; x_wconf 91' lang='lat' dir='ltr'><strong>reponunt,</strong></span> <span class='ocrx_word' id='word_1_681' title='bbox 2815 3861 2939 3929; x_wconf 88' lang='lat' dir='ltr'><strong>quia</strong></span> <span class='ocrx_word' id='word_1_682' title='bbox 2968 3860 3159 3916; x_wconf 80' lang='lat' dir='ltr'><strong>affectu</strong></span> <span class='ocrx_word' id='word_1_683' title='bbox 3182 3862 3306 3916; x_wconf 74' lang='lat' dir='ltr'><strong>vitte</strong></span> <span class='ocrx_word' id='word_1_684' title='bbox 3334 3878 3442 3917; x_wconf 74' lang='lat' dir='ltr'><strong>sum</strong></span> <span class='ocrx_word' id='word_1_685' title='bbox 3467 3863 3690 3930; x_wconf 90' lang='lat' dir='ltr'><strong>diligunt</strong></span> <span class='ocrx_word' id='word_1_686' title='bbox 3709 3880 3832 3934; x_wconf 77' lang='lat' dir='ltr'><strong>qua:</strong></span> 
     </span>
    </p>
   </div>
   <div class='ocr_carea' id='block_1_84' title="bbox 2241 3952 3832 4024">
    <p class='ocr_par' dir='ltr' id='par_1_84' title="bbox 2241 3952 3832 4024">
     <span class='ocr_line' id='line_1_84' title="bbox 2241 3952 3832 4024; baseline 0.003 -17"><span class='ocrx_word' id='word_1_687' title='bbox 2241 3952 2560 4008; x_wconf 88' lang='lat' dir='ltr'><strong>recondunt.</strong></span> <span class='ocrx_word' id='word_1_688' title='bbox 2591 3953 2751 4022; x_wconf 86' lang='lat' dir='ltr'><strong>Apes,</strong></span> <span class='ocrx_word' id='word_1_689' title='bbox 2785 3969 2907 4008; x_wconf 92' lang='lat' dir='ltr'><strong>cum</strong></span> <span class='ocrx_word' id='word_1_690' title='bbox 2937 3953 3243 4009; x_wconf 87' lang='lat' dir='ltr'><strong>fundamina</strong></span> <span class='ocrx_word' id='word_1_691' title='bbox 3268 3952 3293 3992; x_wconf 73' lang='grc' dir='ltr'><strong><em>ἀ</em></strong></span> <span class='ocrx_word' id='word_1_692' title='bbox 3323 3954 3455 4009; x_wconf 88' lang='lat' dir='ltr'><strong>favis</strong></span> <span class='ocrx_word' id='word_1_693' title='bbox 3479 3963 3701 4024; x_wconf 87' lang='lat' dir='ltr'><strong>ponunt,</strong></span> <span class='ocrx_word' id='word_1_694' title='bbox 3740 3957 3832 4011; x_wconf 92' lang='lat' dir='ltr'><strong>vel</strong></span> 
     </span>
    </p>
   </div>
   <div class='ocr_carea' id='block_1_85' title="bbox 2240 4043 3832 4116">
    <p class='ocr_par' dir='ltr' id='par_1_85' title="bbox 2240 4043 3832 4116">
     <span class='ocr_line' id='line_1_85' title="bbox 2240 4043 3832 4116; baseline 0.001 -17"><span class='ocrx_word' id='word_1_695' title='bbox 2240 4060 2362 4100; x_wconf 90' lang='lat' dir='ltr'><strong>cum</strong></span> <span class='ocrx_word' id='word_1_696' title='bbox 2392 4060 2422 4099; x_wconf 91' lang='lat' dir='ltr'><strong>e</strong></span> <span class='ocrx_word' id='word_1_697' title='bbox 2450 4043 2671 4098; x_wconf 86' lang='lat' dir='ltr'><strong>floribus</strong></span> <span class='ocrx_word' id='word_1_698' title='bbox 2700 4053 2854 4099; x_wconf 91' lang='lat' dir='ltr'><strong>natos</strong></span> <span class='ocrx_word' id='word_1_699' title='bbox 2883 4045 3103 4114; x_wconf 90' lang='lat' dir='ltr'><strong>legunt,</strong></span> <span class='ocrx_word' id='word_1_700' title='bbox 3151 4061 3254 4115; x_wconf 92' lang='lat' dir='ltr'><strong>qua</strong></span> <span class='ocrx_word' id='word_1_701' title='bbox 3283 4061 3438 4100; x_wconf 86' lang='lat' dir='ltr'><strong>causa</strong></span> <span class='ocrx_word' id='word_1_702' title='bbox 3467 4044 3549 4099; x_wconf 88' lang='lat' dir='ltr'><strong>vel</strong></span> <span class='ocrx_word' id='word_1_703' title='bbox 3577 4045 3832 4116; x_wconf 86' lang='lat' dir='ltr'><strong>thymum</strong></span> 
     </span>
    </p>
   </div>
   <div class='ocr_carea' id='block_1_86' title="bbox 2233 4134 3834 4206">
    <p class='ocr_par' dir='ltr' id='par_1_86' title="bbox 2233 4134 3834 4206">
     <span class='ocr_line' id='line_1_86' title="bbox 2233 4134 3834 4206; baseline 0.002 -17"><span class='ocrx_word' id='word_1_704' title='bbox 2233 4136 2344 4206; x_wconf 88' lang='lat' dir='ltr'><strong>jam</strong></span> <span class='ocrx_word' id='word_1_705' title='bbox 2367 4137 2467 4190; x_wconf 88' lang='lat' dir='ltr'><strong>nisi</strong></span> <span class='ocrx_word' id='word_1_706' title='bbox 2488 4136 2664 4190; x_wconf 90' lang='lat' dir='ltr'><strong>studio</strong></span> <span class='ocrx_word' id='word_1_707' title='bbox 2687 4145 2742 4191; x_wconf 91' lang='lat' dir='ltr'><strong>et</strong></span> <span class='ocrx_word' id='word_1_708' title='bbox 2766 4137 3056 4206; x_wconf 90' lang='lat' dir='ltr'><strong>cupiditate</strong></span> <span class='ocrx_word' id='word_1_709' title='bbox 3077 4137 3265 4202; x_wconf 89' lang='lat' dir='ltr'><strong>mellis,</strong></span> <span class='ocrx_word' id='word_1_710' title='bbox 3290 4135 3372 4191; x_wconf 84' lang='lat' dir='ltr'><strong>vel</strong></span> <span class='ocrx_word' id='word_1_711' title='bbox 3398 4134 3648 4192; x_wconf 82' lang='lat' dir='ltr'><strong>flosculos</strong></span> <span class='ocrx_word' id='word_1_712' title='bbox 3667 4150 3834 4205; x_wconf 85' lang='lat' dir='ltr'><strong>quos-</strong></span> 
     </span>
    </p>
   </div>
   <div class='ocr_carea' id='block_1_87' title="bbox 2237 4226 3827 4286">
    <p class='ocr_par' dir='ltr' id='par_1_87' title="bbox 2237 4226 3827 4286">
     <span class='ocr_line' id='line_1_87' title="bbox 2237 4226 3827 4286; baseline 0.004 -6"><span class='ocrx_word' id='word_1_713' title='bbox 2237 4227 2359 4280; x_wconf 90' lang='lat' dir='ltr'><strong>dam</strong></span> <span class='ocrx_word' id='word_1_714' title='bbox 2389 4228 2488 4281; x_wconf 91' lang='lat' dir='ltr'><strong>nisi</strong></span> <span class='ocrx_word' id='word_1_715' title='bbox 2527 4226 2716 4281; x_wconf 80' lang='lat' dir='ltr'><strong>futurae</strong></span> <span class='ocrx_word' id='word_1_716' title='bbox 2758 4228 2959 4282; x_wconf 92' lang='lat' dir='ltr'><strong>sobolis</strong></span> <span class='ocrx_word' id='word_1_717' title='bbox 3004 4229 3266 4283; x_wconf 90' lang='lat' dir='ltr'><strong>charitate</strong></span> <span class='ocrx_word' id='word_1_718' title='bbox 3311 4228 3633 4284; x_wconf 88' lang='lat' dir='ltr'><strong>sectantur?</strong></span> <span class='ocrx_word' id='word_1_719' title='bbox 3682 4227 3827 4286; x_wconf 89' lang='lat' dir='ltr'><strong>Deus</strong></span> 
     </span>
    </p>
   </div>
   <div class='ocr_carea' id='block_1_88' title="bbox 2237 4319 3821 4388">
    <p class='ocr_par' dir='ltr' id='par_1_88' title="bbox 2237 4319 3821 4388">
     <span class='ocr_line' id='line_1_88' title="bbox 2237 4319 3821 4388; baseline 0 -15"><span class='ocrx_word' id='word_1_720' title='bbox 2237 4333 2387 4387; x_wconf 88' lang='lat' dir='ltr'><strong>ergo,</strong></span> <span class='ocrx_word' id='word_1_721' title='bbox 2417 4319 2508 4388; x_wconf 90' lang='lat' dir='ltr'><strong>qui</strong></span> <span class='ocrx_word' id='word_1_722' title='bbox 2536 4319 2698 4372; x_wconf 87' lang='lat' dir='ltr'><strong>etiam</strong></span> <span class='ocrx_word' id='word_1_723' title='bbox 2726 4320 2960 4376; x_wconf 86' lang='lat' dir='ltr'><strong>minimis</strong></span> <span class='ocrx_word' id='word_1_724' title='bbox 2988 4321 3344 4376; x_wconf 89' lang='lat' dir='ltr'><strong>animantibus</strong></span> <span class='ocrx_word' id='word_1_725' title='bbox 3384 4321 3525 4375; x_wconf 85' lang='lat' dir='ltr'><strong>hunc</strong></span> <span class='ocrx_word' id='word_1_726' title='bbox 3570 4319 3821 4373; x_wconf 84' lang='lat' dir='ltr'><strong>affectum</strong></span> 
     </span>
    </p>
   </div>
   <div class='ocr_carea' id='block_1_89' title="bbox 2236 4411 3828 4480">
    <p class='ocr_par' dir='ltr' id='par_1_89' title="bbox 2236 4411 3828 4480">
     <span class='ocr_line' id='line_1_89' title="bbox 2236 4411 3828 4480; baseline 0.001 -16"><span class='ocrx_word' id='word_1_727' title='bbox 2236 4411 2437 4480; x_wconf 89' lang='lat' dir='ltr'><strong>proprii</strong></span> <span class='ocrx_word' id='word_1_728' title='bbox 2465 4411 2644 4480; x_wconf 88' lang='lat' dir='ltr'><strong>operis</strong></span> <span class='ocrx_word' id='word_1_729' title='bbox 2672 4411 2927 4478; x_wconf 87' lang='lat' dir='ltr'><strong>inseruit,</strong></span> <span class='ocrx_word' id='word_1_730' title='bbox 2976 4429 3034 4468; x_wconf 91' lang='lat' dir='ltr'><strong>se</strong></span> <span class='ocrx_word' id='word_1_731' title='bbox 3072 4413 3443 4468; x_wconf 87' lang='lat' dir='ltr'><strong>tantummodo</strong></span> <span class='ocrx_word' id='word_1_732' title='bbox 3471 4413 3643 4466; x_wconf 91' lang='lat' dir='ltr'><strong>solum</strong></span> <span class='ocrx_word' id='word_1_733' title='bbox 3671 4421 3828 4466; x_wconf 82' lang='lat' dir='ltr'><strong>crea-</strong></span> 
     </span>
    </p>
   </div>
   <div class='ocr_carea' id='block_1_90' title="bbox 552 4489 3826 4577">
    <p class='ocr_par' dir='ltr' id='par_1_90' title="bbox 552 4489 3826 4577">
     <span class='ocr_line' id='line_1_90' title="bbox 552 4489 3826 4577; baseline 0.001 -23"><span class='ocrx_word' id='word_1_734' title='bbox 552 4515 663 4554; x_wconf 89' lang='lat' dir='ltr'><strong>non</strong></span> <span class='ocrx_word' id='word_1_735' title='bbox 689 4500 908 4569; x_wconf 72' lang='lat' dir='ltr'><strong>rapinaz,</strong></span> <span class='ocrx_word' id='word_1_736' title='bbox 942 4515 1048 4555; x_wconf 91' lang='lat' dir='ltr'><strong>non</strong></span> <span class='ocrx_word' id='word_1_737' title='bbox 1077 4498 1346 4555; x_wconf 90' lang='lat' dir='ltr'><strong>sufﬁciunt</strong></span> <span class='ocrx_word' id='word_1_738' title='bbox 1376 4500 1702 4564; x_wconf 74' lang='lat' dir='ltr'><strong>vinolentize,</strong></span> <span class='ocrx_word' id='word_1_739' title='bbox 1734 4517 1840 4556; x_wconf 91' lang='lat' dir='ltr'><strong>non</strong></span> <span class='ocrx_word' id='word_1_740' title='bbox 1867 4501 2136 4558; x_wconf 90' lang='lat' dir='ltr'><strong>sufﬁciunt</strong></span> <span class='ocrx_word' id='word_1_741' title='bbox 2162 4489 2214 4551; x_wconf 84' lang='lat' dir='ltr'><strong>D</strong></span> <span class='ocrx_word' id='word_1_742' title='bbox 2237 4509 2478 4557; x_wconf 85' lang='lat' dir='ltr'><strong>tnrarum</strong></span> <span class='ocrx_word' id='word_1_743' title='bbox 2508 4519 2723 4558; x_wconf 91' lang='lat' dir='ltr'><strong>suarum</strong></span> <span class='ocrx_word' id='word_1_744' title='bbox 2749 4519 2933 4560; x_wconf 90' lang='lat' dir='ltr'><strong>amore</strong></span> <span class='ocrx_word' id='word_1_745' title='bbox 2961 4506 3210 4577; x_wconf 89' lang='lat' dir='ltr'><strong>privavit,</strong></span> <span class='ocrx_word' id='word_1_746' title='bbox 3241 4505 3537 4575; x_wconf 62' lang='lat' dir='ltr'><strong>praesertim</strong></span> <span class='ocrx_word' id='word_1_747' title='bbox 3565 4519 3684 4559; x_wconf 89' lang='lat' dir='ltr'><strong>cum</strong></span> <span class='ocrx_word' id='word_1_748' title='bbox 3704 4518 3826 4558; x_wconf 78' lang='lat' dir='ltr'><strong>om-</strong></span> 
     </span>
    </p>
   </div>
   <div class='ocr_carea' id='block_1_91' title="bbox 551 4589 2132 4659">
    <p class='ocr_par' dir='ltr' id='par_1_91' title="bbox 551 4589 2132 4659">
     <span class='ocr_line' id='line_1_91' title="bbox 551 4589 2132 4659; baseline 0 -13"><span class='ocrx_word' id='word_1_749' title='bbox 551 4591 992 4656; x_wconf 89' lang='lat' dir='ltr'><strong>comessationes,</strong></span> <span class='ocrx_word' id='word_1_750' title='bbox 1033 4606 1140 4645; x_wconf 89' lang='lat' dir='ltr'><strong>non</strong></span> <span class='ocrx_word' id='word_1_751' title='bbox 1187 4589 1457 4647; x_wconf 89' lang='lat' dir='ltr'><strong>sufﬁciunt</strong></span> <span class='ocrx_word' id='word_1_752' title='bbox 1509 4590 1788 4659; x_wconf 88' lang='lat' dir='ltr'><strong>falsitates,</strong></span> <span class='ocrx_word' id='word_1_753' title='bbox 1822 4609 1928 4648; x_wconf 90' lang='lat' dir='ltr'><strong>non</strong></span> <span class='ocrx_word' id='word_1_754' title='bbox 1981 4594 2132 4649; x_wconf 84' lang='lat' dir='ltr'><strong>sufﬁ-</strong></span> 
     </span>
    </p>
   </div>
   <div class='ocr_carea' id='block_1_92' title="bbox 550 4680 2132 4750">
    <p class='ocr_par' dir='ltr' id='par_1_92' title="bbox 550 4680 2132 4750">
     <span class='ocr_line' id='line_1_92' title="bbox 550 4680 2132 4750; baseline 0.002 -13"><span class='ocrx_word' id='word_1_755' title='bbox 550 4682 699 4737; x_wconf 89' lang='lat' dir='ltr'><strong>ciunt</strong></span> <span class='ocrx_word' id='word_1_756' title='bbox 722 4680 975 4750; x_wconf 89' lang='lat' dir='ltr'><strong>perjuria,</strong></span> <span class='ocrx_word' id='word_1_757' title='bbox 999 4697 1107 4736; x_wconf 91' lang='lat' dir='ltr'><strong>non</strong></span> <span class='ocrx_word' id='word_1_758' title='bbox 1127 4681 1396 4737; x_wconf 87' lang='lat' dir='ltr'><strong>sufﬁciunt</strong></span> <span class='ocrx_word' id='word_1_759' title='bbox 1423 4682 1709 4750; x_wconf 87' lang='lat' dir='ltr'><strong>adulteria,</strong></span> <span class='ocrx_word' id='word_1_760' title='bbox 1732 4701 1837 4740; x_wconf 90' lang='lat' dir='ltr'><strong>non</strong></span> <span class='ocrx_word' id='word_1_761' title='bbox 1860 4683 2132 4740; x_wconf 81' lang='lat' dir='ltr'><strong>sufﬁciunt</strong></span> 
     </span>
    </p>
   </div>
   <div class='ocr_carea' id='block_1_93' title="bbox 547 4771 2172 4844">
    <p class='ocr_par' dir='ltr' id='par_1_93' title="bbox 547 4771 2172 4844">
     <span class='ocr_line' id='line_1_93' title="bbox 547 4771 2172 4844; baseline 0.004 -17"><span class='ocrx_word' id='word_1_762' title='bbox 547 4771 854 4839; x_wconf 88' lang='lat' dir='ltr'><strong>homicidia,</strong></span> <span class='ocrx_word' id='word_1_763' title='bbox 901 4789 1005 4828; x_wconf 89' lang='lat' dir='ltr'><strong>non</strong></span> <span class='ocrx_word' id='word_1_764' title='bbox 1047 4771 1314 4828; x_wconf 87' lang='lat' dir='ltr'><strong>sufﬁciunt</strong></span> <span class='ocrx_word' id='word_1_765' title='bbox 1363 4774 1595 4844; x_wconf 88' lang='lat' dir='ltr'><strong>denique</strong></span> <span class='ocrx_word' id='word_1_766' title='bbox 1623 4786 1812 4832; x_wconf 91' lang='lat' dir='ltr'><strong>cuncta</strong></span> <span class='ocrx_word' id='word_1_767' title='bbox 1861 4778 1995 4843; x_wconf 90' lang='lat' dir='ltr'><strong>ista,</strong></span> <span class='ocrx_word' id='word_1_768' title='bbox 2029 4779 2172 4836; x_wconf 87' lang='lat' dir='ltr'><strong>etsi_</strong></span> 
     </span>
    </p>
   </div>
   <div class='ocr_carea' id='block_1_94' title="bbox 549 4851 2126 4939">
    <p class='ocr_par' dir='ltr' id='par_1_94' title="bbox 549 4851 2126 4939">
     <span class='ocr_line' id='line_1_94' title="bbox 549 4851 2126 4939; baseline 0.005 -22"><span class='ocrx_word' id='word_1_769' title='bbox 549 4865 834 4919; x_wconf 89' lang='lat' dir='ltr'><strong>atrocitate</strong></span> <span class='ocrx_word' id='word_1_770' title='bbox 862 4865 1317 4933; x_wconf 89' lang='lat' dir='ltr'><strong>inhumanissima,</strong></span> <span class='ocrx_word' id='word_1_771' title='bbox 1359 4851 1420 4924; x_wconf 72' lang='lat' dir='ltr'><strong>re</strong></span> <span class='ocrx_word' id='word_1_772' title='bbox 1461 4877 1640 4924; x_wconf 92' lang='lat' dir='ltr'><strong>tamen</strong></span> <span class='ocrx_word' id='word_1_773' title='bbox 1684 4871 1797 4939; x_wconf 86' lang='lat' dir='ltr'><strong>ipsa</strong></span> <span class='ocrx_word' id='word_1_774' title='bbox 1842 4870 1910 4925; x_wconf 87' lang='lat' dir='ltr'><strong>ad</strong></span> <span class='ocrx_word' id='word_1_775' title='bbox 1936 4871 2126 4926; x_wconf 87' lang='lat' dir='ltr'><strong>huma-</strong></span> 
     </span>
    </p>
   </div>
   <div class='ocr_carea' id='block_1_95' title="bbox 547 4954 2115 5031">
    <p class='ocr_par' dir='ltr' id='par_1_95' title="bbox 547 4954 2115 5031">
     <span class='ocr_line' id='line_1_95' title="bbox 547 4954 2115 5031; baseline 0.008 -23"><span class='ocrx_word' id='word_1_776' title='bbox 547 4969 646 5010; x_wconf 86' lang='lat' dir='ltr'><strong>nas</strong></span> <span class='ocrx_word' id='word_1_777' title='bbox 702 4954 918 5023; x_wconf 90' lang='lat' dir='ltr'><strong>injurias</strong></span> <span class='ocrx_word' id='word_1_778' title='bbox 960 4958 1300 5030; x_wconf 74' lang='lat' dir='ltr'><strong>pertinentia,</strong></span> <span class='ocrx_word' id='word_1_779' title='bbox 1354 4961 1454 5015; x_wconf 92' lang='lat' dir='ltr'><strong>nisi</strong></span> <span class='ocrx_word' id='word_1_780' title='bbox 1503 4960 1838 5031; x_wconf 87' lang='lat' dir='ltr'><strong>blasphemas</strong></span> <span class='ocrx_word' id='word_1_781' title='bbox 1893 4962 2115 5019; x_wconf 84' lang='lat' dir='ltr'><strong>furiosa-</strong></span> 
     </span>
    </p>
   </div>
   <div class='ocr_carea' id='block_1_96' title="bbox 2239 4597 3825 4653">
    <p class='ocr_par' dir='ltr' id='par_1_96' title="bbox 2239 4597 3825 4653">
     <span class='ocr_line' id='line_1_96' title="bbox 2239 4597 3825 4653; baseline -0.001 -2"><span class='ocrx_word' id='word_1_782' title='bbox 2239 4598 2322 4652; x_wconf 89' lang='lat' dir='ltr'><strong>nis</strong></span> <span class='ocrx_word' id='word_1_783' title='bbox 2353 4599 2404 4652; x_wconf 95' lang='lat' dir='ltr'><strong>in</strong></span> <span class='ocrx_word' id='word_1_784' title='bbox 2434 4615 2533 4653; x_wconf 91' lang='lat' dir='ltr'><strong>nos</strong></span> <span class='ocrx_word' id='word_1_785' title='bbox 2556 4614 2734 4653; x_wconf 91' lang='lat' dir='ltr'><strong>rerum</strong></span> <span class='ocrx_word' id='word_1_786' title='bbox 2763 4599 3024 4653; x_wconf 88' lang='lat' dir='ltr'><strong>bonarum</strong></span> <span class='ocrx_word' id='word_1_787' title='bbox 3053 4613 3205 4653; x_wconf 91' lang='lat' dir='ltr'><strong>amor</strong></span> <span class='ocrx_word' id='word_1_788' title='bbox 3225 4613 3292 4652; x_wconf 84' lang='lat' dir='ltr'><strong>ex</strong></span> <span class='ocrx_word' id='word_1_789' title='bbox 3312 4597 3452 4652; x_wconf 90' lang='lat' dir='ltr'><strong>illius</strong></span> <span class='ocrx_word' id='word_1_790' title='bbox 3474 4597 3617 4652; x_wconf 91' lang='lat' dir='ltr'><strong>bono</strong></span> <span class='ocrx_word' id='word_1_791' title='bbox 3637 4609 3825 4651; x_wconf 88' lang='lat' dir='ltr'><strong>amore</strong></span> 
     </span>
    </p>
   </div>
   <div class='ocr_carea' id='block_1_97' title="bbox 2235 4690 3819 4763">
    <p class='ocr_par' dir='ltr' id='par_1_97' title="bbox 2235 4690 3819 4763">
     <span class='ocr_line' id='line_1_97' title="bbox 2235 4690 3819 4763; baseline -0.003 -18"><span class='ocrx_word' id='word_1_792' title='bbox 2235 4690 2616 4747; x_wconf 87' lang='lat' dir='ltr'><strong>descenderit?</strong></span> <span class='ocrx_word' id='word_1_793' title='bbox 2643 4692 2760 4763; x_wconf 88' lang='lat' dir='ltr'><strong>Ipse</strong></span> <span class='ocrx_word' id='word_1_794' title='bbox 2788 4700 2870 4748; x_wconf 88' lang='lat' dir='ltr'><strong>est</strong></span> <span class='ocrx_word' id='word_1_795' title='bbox 2897 4693 3040 4746; x_wconf 90' lang='lat' dir='ltr'><strong>enim</strong></span> <span class='ocrx_word' id='word_1_796' title='bbox 3069 4691 3187 4747; x_wconf 91' lang='lat' dir='ltr'><strong>fons</strong></span> <span class='ocrx_word' id='word_1_797' title='bbox 3224 4700 3278 4746; x_wconf 90' lang='lat' dir='ltr'><strong>et</strong></span> <span class='ocrx_word' id='word_1_798' title='bbox 3304 4691 3455 4759; x_wconf 88' lang='lat' dir='ltr'><strong>origo</strong></span> <span class='ocrx_word' id='word_1_799' title='bbox 3481 4695 3819 4753; x_wconf 84' lang='lat' dir='ltr'><strong>cunctorum,</strong></span> 
     </span>
    </p>
   </div>
   <div class='ocr_carea' id='block_1_98' title="bbox 2235 4783 3824 4855">
    <p class='ocr_par' dir='ltr' id='par_1_98' title="bbox 2235 4783 3824 4855">
     <span class='ocr_line' id='line_1_98' title="bbox 2235 4783 3824 4855; baseline -0.003 -19"><span class='ocrx_word' id='word_1_800' title='bbox 2235 4792 2290 4836; x_wconf 91' lang='lat' dir='ltr'><strong>et</strong></span> <span class='ocrx_word' id='word_1_801' title='bbox 2317 4784 2441 4852; x_wconf 88' lang='lat' dir='ltr'><strong>quia</strong></span> <span class='ocrx_word' id='word_1_802' title='bbox 2472 4785 2522 4837; x_wconf 90' lang='lat' dir='ltr'><strong>in</strong></span> <span class='ocrx_word' id='word_1_803' title='bbox 2548 4786 2602 4838; x_wconf 89' lang='lat' dir='ltr'><strong>in</strong></span> <span class='ocrx_word' id='word_1_804' title='bbox 2633 4786 2763 4855; x_wconf 88' lang='lat' dir='ltr'><strong>ipso,</strong></span> <span class='ocrx_word' id='word_1_805' title='bbox 2795 4791 2853 4838; x_wconf 92' lang='lat' dir='ltr'><strong>ut</strong></span> <span class='ocrx_word' id='word_1_806' title='bbox 2880 4784 3136 4854; x_wconf 88' lang='lat' dir='ltr'><strong>scriptum</strong></span> <span class='ocrx_word' id='word_1_807' title='bbox 3165 4790 3278 4848; x_wconf 89' lang='lat' dir='ltr'><strong>est,</strong></span> <span class='ocrx_word' id='word_1_808' title='bbox 3321 4791 3370 4836; x_wconf 92' lang='lat' dir='ltr'><strong>et</strong></span> <span class='ocrx_word' id='word_1_809' title='bbox 3400 4783 3609 4835; x_wconf 87' lang='lat' dir='ltr'><strong>vivimus</strong></span> <span class='ocrx_word' id='word_1_810' title='bbox 3637 4788 3687 4832; x_wconf 87' lang='lat' dir='ltr'><strong>et</strong></span> <span class='ocrx_word' id='word_1_811' title='bbox 3713 4794 3824 4832; x_wconf 86' lang='lat' dir='ltr'><strong>mo-</strong></span> 
     </span>
    </p>
   </div>
   <div class='ocr_carea' id='block_1_99' title="bbox 2234 4867 3816 4947">
    <p class='ocr_par' dir='ltr' id='par_1_99' title="bbox 2234 4867 3816 4947">
     <span class='ocr_line' id='line_1_99' title="bbox 2234 4867 3816 4947; baseline -0.005 -17"><span class='ocrx_word' id='word_1_812' title='bbox 2234 4892 2405 4930; x_wconf 84' lang='lat' dir='ltr'><strong>vemur</strong></span> <span class='ocrx_word' id='word_1_813' title='bbox 2443 4886 2492 4929; x_wconf 86' lang='lat' dir='ltr'><strong>et</strong></span> <span class='ocrx_word' id='word_1_814' title='bbox 2533 4893 2706 4930; x_wconf 88' lang='lat' dir='ltr'><strong>sumus</strong></span> <span class='ocrx_word' id='word_1_815' title='bbox 2737 4877 2869 4947; x_wconf 71' lang='lat' dir='ltr'><strong>(Act.</strong></span> <span class='ocrx_word' id='word_1_816' title='bbox 2903 4893 3038 4941; x_wconf 84' lang='lat' dir='ltr'><strong>xvn,</strong></span> <span class='ocrx_word' id='word_1_817' title='bbox 3067 4874 3190 4945; x_wconf 89' lang='lat'><strong>28),</strong></span> <span class='ocrx_word' id='word_1_818' title='bbox 3223 4875 3290 4929; x_wconf 90' lang='lat' dir='ltr'><strong>ab</strong></span> <span class='ocrx_word' id='word_1_819' title='bbox 3320 4875 3436 4943; x_wconf 92' lang='lat' dir='ltr'><strong>ipso</strong></span> <span class='ocrx_word' id='word_1_820' title='bbox 3465 4873 3649 4941; x_wconf 88' lang='lat' dir='ltr'><strong>utique</strong></span> <span class='ocrx_word' id='word_1_821' title='bbox 3679 4867 3816 4923; x_wconf 81' lang='lat' dir='ltr'><strong>affe-</strong></span> 
     </span>
    </p>
   </div>
   <div class='ocr_carea' id='block_1_100' title="bbox 2234 4960 3818 5038">
    <p class='ocr_par' dir='ltr' id='par_1_100' title="bbox 2234 4960 3818 5038">
     <span class='ocr_line' id='line_1_100' title="bbox 2234 4960 3818 5038; baseline -0.005 -16"><span class='ocrx_word' id='word_1_822' title='bbox 2234 4974 2380 5022; x_wconf 91' lang='lat' dir='ltr'><strong>ctum</strong></span> <span class='ocrx_word' id='word_1_823' title='bbox 2408 4983 2623 5022; x_wconf 87' lang='lat' dir='ltr'><strong>omnem</strong></span> <span class='ocrx_word' id='word_1_824' title='bbox 2652 4983 2758 5036; x_wconf 90' lang='lat' dir='ltr'><strong>quo</strong></span> <span class='ocrx_word' id='word_1_825' title='bbox 2791 4979 2812 5007; x_wconf 74' lang='grc' dir='ltr'><strong>ο</strong></span> <span class='ocrx_word' id='word_1_826' title='bbox 2844 4968 3068 5038; x_wconf 87' lang='lat' dir='ltr'><strong>pignora</strong></span> <span class='ocrx_word' id='word_1_827' title='bbox 3098 4975 3278 5022; x_wconf 89' lang='lat' dir='ltr'><strong>nostra</strong></span> <span class='ocrx_word' id='word_1_828' title='bbox 3308 4978 3568 5028; x_wconf 88' lang='lat' dir='ltr'><strong>amamus,</strong></span> <span class='ocrx_word' id='word_1_829' title='bbox 3601 4960 3818 5031; x_wconf 82' lang='lat' dir='ltr'><strong>accepi-</strong></span> 
     </span>
    </p>
   </div>
   <div class='ocr_carea' id='block_1_101' title="bbox 1729 5073 2632 5137">
    <p class='ocr_par' dir='ltr' id='par_1_101' title="bbox 1729 5073 2632 5137">
     <span class='ocr_line' id='line_1_101' title="bbox 1729 5073 2632 5137; baseline 0.006 -5"><span class='ocrx_word' id='word_1_830' title='bbox 1729 5075 2065 5132; x_wconf 77' lang='lat' dir='ltr'><strong>STEPHANI</strong></span> <span class='ocrx_word' id='word_1_831' title='bbox 2101 5078 2368 5137; x_wconf 86' lang='lat' dir='ltr'><strong>BALUZII</strong></span> <span class='ocrx_word' id='word_1_832' title='bbox 2404 5073 2632 5137; x_wconf 70' lang='lat' dir='ltr'><strong>NOTAE.</strong></span> 
     </span>
    </p>
   </div>
   <div class='ocr_carea' id='block_1_102' title="bbox 617 5161 1739 5238">
    <p class='ocr_par' dir='ltr' id='par_1_102' title="bbox 617 5161 1739 5238">
     <span class='ocr_line' id='line_1_102' title="bbox 617 5161 1739 5238; baseline 0.006 -21"><span class='ocrx_word' id='word_1_833' title='bbox 617 5171 644 5238; x_wconf 59' lang='grc' dir='ltr'><strong><em>ξ</em></strong></span> <span class='ocrx_word' id='word_1_834' title='bbox 669 5161 853 5238; x_wconf 66' lang='grc' dir='ltr'><strong>ςοᾶθι</strong></span> <span class='ocrx_word' id='word_1_835' title='bbox 881 5163 1138 5238; x_wconf 78' lang='lat' dir='ltr'><strong>Colbert.,</strong></span> <span class='ocrx_word' id='word_1_836' title='bbox 1170 5167 1374 5238; x_wconf 84' lang='lat' dir='ltr'><strong>quando</strong></span> <span class='ocrx_word' id='word_1_837' title='bbox 1405 5169 1739 5238; x_wconf 77' lang='lat' dir='ltr'><strong>facilioribus.</strong></span> 
     </span>
    </p>
   </div>
   <div class='ocr_carea' id='block_1_103' title="bbox 615 5233 2118 5301">
    <p class='ocr_par' dir='ltr' id='par_1_103' title="bbox 615 5233 2118 5301">
     <span class='ocr_line' id='line_1_103' title="bbox 615 5233 2118 5301; baseline 0.01 -15"><span class='ocrx_word' id='word_1_838' title='bbox 615 5233 642 5272; x_wconf 73' lang='grc' dir='ltr'>δ</span> <span class='ocrx_word' id='word_1_839' title='bbox 669 5233 928 5301; x_wconf 89' lang='lat' dir='ltr'><strong>Legerem</strong></span> <span class='ocrx_word' id='word_1_840' title='bbox 957 5233 1201 5291; x_wconf 82' lang='lat' dir='ltr'><strong>lubenter</strong></span> <span class='ocrx_word' id='word_1_841' title='bbox 1220 5233 1621 5294; x_wconf 69' lang='lat' dir='ltr'><strong>subsistendum.</strong></span> <span class='ocrx_word' id='word_1_842' title='bbox 1646 5240 1843 5296; x_wconf 87' lang='lat' dir='ltr'><strong>Verum</strong></span> <span class='ocrx_word' id='word_1_843' title='bbox 1869 5244 1985 5300; x_wconf 59' lang='lat' dir='ltr'><strong>haec</strong></span> <span class='ocrx_word' id='word_1_844' title='bbox 2010 5245 2118 5300; x_wconf 92' lang='lat' dir='ltr'><strong>duo</strong></span> 
     </span>
    </p>
   </div>
   <div class='ocr_carea' id='block_1_104' title="bbox 540 5305 1972 5376">
    <p class='ocr_par' dir='ltr' id='par_1_104' title="bbox 540 5305 1972 5376">
     <span class='ocr_line' id='line_1_104' title="bbox 540 5305 1972 5376; baseline 0.007 -18"><span class='ocrx_word' id='word_1_845' title='bbox 540 5305 990 5376; x_wconf 18' lang='lat' dir='ltr'><strong>vocabulaifacile</strong></span> <span class='ocrx_word' id='word_1_846' title='bbox 1029 5317 1401 5376; x_wconf 89' lang='lat' dir='ltr'><strong>permutantur</strong></span> <span class='ocrx_word' id='word_1_847' title='bbox 1427 5310 1480 5363; x_wconf 92' lang='lat' dir='ltr'><strong>in</strong></span> <span class='ocrx_word' id='word_1_848' title='bbox 1510 5311 1778 5366; x_wconf 85' lang='lat' dir='ltr'><strong>veteribus</strong></span> <span class='ocrx_word' id='word_1_849' title='bbox 1805 5311 1972 5368; x_wconf 91' lang='lat' dir='ltr'><strong>libris.</strong></span> 
     </span>
    </p>
   </div>
   <div class='ocr_carea' id='block_1_105' title="bbox 585 5374 2119 5454">
    <p class='ocr_par' dir='ltr' id='par_1_105' title="bbox 585 5374 2119 5454">
     <span class='ocr_line' id='line_1_105' title="bbox 585 5374 2119 5454; baseline 0.008 -27"><span class='ocrx_word' id='word_1_850' title='bbox 585 5385 638 5454; x_wconf 38' lang='grc' dir='ltr'><strong>,ε</strong></span> <span class='ocrx_word' id='word_1_851' title='bbox 671 5374 760 5429; x_wconf 92' lang='lat' dir='ltr'><strong>Sic</strong></span> <span class='ocrx_word' id='word_1_852' title='bbox 810 5374 1090 5454; x_wconf 72' lang='lat' dir='ltr'><strong>llrabaniis</strong></span> <span class='ocrx_word' id='word_1_853' title='bbox 1135 5377 1460 5454; x_wconf 83' lang='lat' dir='ltr'><strong>redarguens</strong></span> <span class='ocrx_word' id='word_1_854' title='bbox 1487 5382 1767 5454; x_wconf 80' lang='lat' dir='ltr'><strong>episcopos</strong></span> <span class='ocrx_word' id='word_1_855' title='bbox 1805 5385 1894 5450; x_wconf 90' lang='lat' dir='ltr'><strong>qui</strong></span> <span class='ocrx_word' id='word_1_856' title='bbox 1925 5387 2119 5441; x_wconf 80' lang='lat' dir='ltr'><strong>chore-</strong></span> 
     </span>
    </p>
   </div>
   <div class='ocr_carea' id='block_1_106' title="bbox 543 5446 2119 5561">
    <p class='ocr_par' dir='ltr' id='par_1_106' title="bbox 543 5446 2119 5561">
     <span class='ocr_line' id='line_1_106' title="bbox 543 5446 2119 5561; baseline 0.011 -69"><span class='ocrx_word' id='word_1_857' title='bbox 543 5446 794 5561; x_wconf 60' lang='lat' dir='ltr'><strong>piscopos</strong></span> <span class='ocrx_word' id='word_1_858' title='bbox 821 5446 1205 5518; x_wconf 88' lang='lat' dir='ltr'><strong>deprimebant,</strong></span> <span class='ocrx_word' id='word_1_859' title='bbox 1247 5463 1384 5516; x_wconf 90' lang='lat' dir='ltr'><strong>quos</strong></span> <span class='ocrx_word' id='word_1_860' title='bbox 1411 5450 1508 5519; x_wconf 91' lang='lat' dir='ltr'><strong>ipsi</strong></span> <span class='ocrx_word' id='word_1_861' title='bbox 1523 5446 1934 5515; x_wconf 56' lang='lat' dir='ltr'><strong>&#39;ordinaverant,</strong></span> <span class='ocrx_word' id='word_1_862' title='bbox 1964 5457 2039 5509; x_wconf 90' lang='lat' dir='ltr'><strong>ait</strong></span> <span class='ocrx_word' id='word_1_863' title='bbox 2067 5457 2119 5510; x_wconf 91' lang='lat' dir='ltr'><strong>in</strong></span> 
     </span>
     <span class='ocr_line' id='line_1_107' title="bbox 569 5510 2119 5561; baseline 0 0"><span class='ocrx_word' id='word_1_864' title='bbox 569 5510 683 5561; x_wconf 77' lang='lat' dir='ltr'><strong>lbI&#39;O</strong></span> <span class='ocrx_word' id='word_1_865' title='bbox 710 5514 776 5561; x_wconf 82' lang='lat' dir='ltr'><strong>de</strong></span> <span class='ocrx_word' id='word_1_866' title='bbox 802 5515 1210 5561; x_wconf 62' lang='lat' dir='ltr'><strong>Chnrtmi&#39;ennnic</strong></span> <span class='ocrx_word' id='word_1_867' title='bbox 1244 5536 1255 5561; x_wconf 67' lang='grc' dir='ltr'><strong>τ</strong></span> <span class='ocrx_word' id='word_1_868' title='bbox 1303 5521 1379 5561; x_wconf 68' lang='grc' dir='ltr'><strong>ΑΔ</strong></span> <span class='ocrx_word' id='word_1_869' title='bbox 1407 5521 1528 5561; x_wconf 63' lang='lat' dir='ltr'><strong>mrs&#39;d</strong></span> <span class='ocrx_word' id='word_1_870' title='bbox 1556 5539 1676 5561; x_wconf 72' lang='lat' dir='ltr'><strong><em>prnn</em></strong></span> <span class='ocrx_word' id='word_1_871' title='bbox 1703 5524 1967 5561; x_wconf 66' lang='lat' dir='ltr'><strong>insint-nn&quot;-</strong></span> <span class='ocrx_word' id='word_1_872' title='bbox 1998 5526 2119 5561; x_wconf 64' lang='grc' dir='ltr'><strong>ρης,</strong></span> 
     </span>
    </p>
   </div>
   <div class='ocr_carea' id='block_1_107' title="bbox 569 5510 2120 5595">
    <p class='ocr_par' dir='ltr' id='par_1_107' title="bbox 569 5510 2120 5595">
     <span class='ocr_line' id='line_1_108' title="bbox 569 5510 2120 5595; baseline 0.01 -31"><span class='ocrx_word' id='word_1_873' title='bbox 569 5510 683 5595; x_wconf 54' lang='lat' dir='ltr'><strong>thro</strong></span> <span class='ocrx_word' id='word_1_874' title='bbox 700 5510 776 5567; x_wconf 21' lang='lat' dir='ltr'><strong>ide</strong></span> <span class='ocrx_word' id='word_1_875' title='bbox 802 5510 1210 5595; x_wconf 69' lang='lat' dir='ltr'><strong>Chorepi&#39;scopis</strong></span> <span class='ocrx_word' id='word_1_876' title='bbox 1244 5510 1280 5570; x_wconf 71' lang='grc' dir='ltr'><strong>ς’</strong></span> <span class='ocrx_word' id='word_1_877' title='bbox 1298 5521 1379 5573; x_wconf 84' lang='lat' dir='ltr'><strong>Ad</strong></span> <span class='ocrx_word' id='word_1_878' title='bbox 1406 5510 1528 5595; x_wconf 58' lang='lat' dir='ltr'><strong>quid</strong></span> <span class='ocrx_word' id='word_1_879' title='bbox 1556 5539 1676 5591; x_wconf 83' lang='lat' dir='ltr'><strong>ergo</strong></span> <span class='ocrx_word' id='word_1_880' title='bbox 1703 5510 1967 5577; x_wconf 82' lang='lat' dir='ltr'><strong>invocatur</strong></span> <span class='ocrx_word' id='word_1_881' title='bbox 1995 5526 2120 5595; x_wconf 85' lang='lat' dir='ltr'><strong>Spi-</strong></span> 
     </span>
    </p>
   </div>
   <div class='ocr_carea' id='block_1_108' title="bbox 545 5587 2122 5662">
    <p class='ocr_par' dir='ltr' id='par_1_108' title="bbox 545 5587 2122 5662">
     <span class='ocr_line' id='line_1_109' title="bbox 545 5587 2122 5662; baseline 0.013 -33"><span class='ocrx_word' id='word_1_882' title='bbox 545 5587 678 5630; x_wconf 80' lang='lat' dir='ltr'><strong>ritus</strong></span> <span class='ocrx_word' id='word_1_883' title='bbox 733 5595 935 5640; x_wconf 87' lang='lat' dir='ltr'><strong>sanctus</strong></span> <span class='ocrx_word' id='word_1_884' title='bbox 965 5587 1292 5662; x_wconf 12' lang='lat' dir='ltr'><strong>ab‘episcopo</strong></span> <span class='ocrx_word' id='word_1_885' title='bbox 1340 5587 1646 5662; x_wconf 48' lang='lat' dir='ltr'><strong>ordinatori:</strong></span> <span class='ocrx_word' id='word_1_886' title='bbox 1671 5601 1727 5643; x_wconf 89' lang='lat' dir='ltr'><strong>ut</strong></span> <span class='ocrx_word' id='word_1_887' title='bbox 1752 5587 2122 5662; x_wconf 69' lang='lat' dir='ltr'><strong>sanctiﬁcatio-</strong></span> 
     </span>
    </p>
   </div>
   <div class='ocr_carea' id='block_1_109' title="bbox 546 5658 2124 5731">
    <p class='ocr_par' dir='ltr' id='par_1_109' title="bbox 546 5658 2124 5731">
     <span class='ocr_line' id='line_1_110' title="bbox 546 5658 2124 5731; baseline 0.013 -33"><span class='ocrx_word' id='word_1_888' title='bbox 546 5662 664 5731; x_wconf 69' lang='lat' dir='ltr'><strong>nem</strong></span> <span class='ocrx_word' id='word_1_889' title='bbox 694 5666 922 5731; x_wconf 67' lang='lat' dir='ltr'><strong>personae</strong></span> <span class='ocrx_word' id='word_1_890' title='bbox 949 5658 1253 5715; x_wconf 72' lang='lat' dir='ltr'><strong>ordinanda:</strong></span> <span class='ocrx_word' id='word_1_891' title='bbox 1282 5658 1471 5714; x_wconf 85' lang='lat' dir='ltr'><strong>tribuat</strong></span> <span class='ocrx_word' id='word_1_892' title='bbox 1503 5701 1516 5724; x_wconf 94' lang='lat'><strong>,</strong></span> <span class='ocrx_word' id='word_1_893' title='bbox 1575 5663 1618 5713; x_wconf 90' lang='lat' dir='ltr'><strong>si</strong></span> <span class='ocrx_word' id='word_1_894' title='bbox 1648 5663 1754 5731; x_wconf 88' lang='lat' dir='ltr'><strong>ipse</strong></span> <span class='ocrx_word' id='word_1_895' title='bbox 1780 5658 2046 5717; x_wconf 79' lang='lat' dir='ltr'><strong>invocator</strong></span> <span class='ocrx_word' id='word_1_896' title='bbox 2073 5675 2124 5718; x_wconf 86' lang='lat' dir='ltr'><strong>ct</strong></span> 
     </span>
    </p>
   </div>
   <div class='ocr_carea' id='block_1_110' title="bbox 547 5718 2122 5804">
    <p class='ocr_par' dir='ltr' id='par_1_110' title="bbox 547 5718 2122 5804">
     <span class='ocr_line' id='line_1_111' title="bbox 547 5718 2122 5804; baseline 0.012 -33"><span class='ocrx_word' id='word_1_897' title='bbox 547 5718 819 5772; x_wconf 74' lang='lat' dir='ltr'><strong>ordinatur</strong></span> <span class='ocrx_word' id='word_1_898' title='bbox 843 5734 957 5790; x_wconf 86' lang='lat' dir='ltr'><strong>post</strong></span> <span class='ocrx_word' id='word_1_899' title='bbox 983 5733 1434 5794; x_wconf 83' lang='lat' dir='ltr'><strong>consecrationem,</strong></span> <span class='ocrx_word' id='word_1_900' title='bbox 1466 5718 1618 5800; x_wconf 82' lang='lat' dir='ltr'><strong>quam</strong></span> <span class='ocrx_word' id='word_1_901' title='bbox 1647 5718 1743 5785; x_wconf 69' lang='lat' dir='ltr'><strong>rite</strong></span> <span class='ocrx_word' id='word_1_902' title='bbox 1765 5734 1978 5804; x_wconf 79' lang='lat' dir='ltr'><strong>peregit,</strong></span> <span class='ocrx_word' id='word_1_903' title='bbox 2000 5750 2122 5790; x_wconf 72' lang='lat' dir='ltr'><strong>mox</strong></span> 
     </span>
    </p>
   </div>
   <div class='ocr_carea' id='block_1_111' title="bbox 2223 5172 3819 5248">
    <p class='ocr_par' dir='ltr' id='par_1_111' title="bbox 2223 5172 3819 5248">
     <span class='ocr_line' id='line_1_112' title="bbox 2223 5172 3819 5248; baseline -0.003 -18"><span class='ocrx_word' id='word_1_904' title='bbox 2223 5177 2638 5246; x_wconf 80' lang='lat' dir='ltr'><strong>reprehenderit?</strong></span> <span class='ocrx_word' id='word_1_905' title='bbox 2667 5175 2935 5248; x_wconf 87' lang='lat' dir='ltr'><strong>Numquid</strong></span> <span class='ocrx_word' id='word_1_906' title='bbox 2980 5173 3147 5248; x_wconf 83' lang='lat' dir='ltr'><strong>Deum</strong></span> <span class='ocrx_word' id='word_1_907' title='bbox 3192 5175 3591 5248; x_wconf 80' lang='lat' dir='ltr'><strong>inridet,cujus</strong></span> <span class='ocrx_word' id='word_1_908' title='bbox 3620 5172 3819 5227; x_wconf 80' lang='lat' dir='ltr'><strong>donum</strong></span> 
     </span>
    </p>
   </div>
   <div class='ocr_carea' id='block_1_112' title="bbox 2222 5246 3529 5318">
    <p class='ocr_par' dir='ltr' id='par_1_112' title="bbox 2222 5246 3529 5318">
     <span class='ocr_line' id='line_1_113' title="bbox 2222 5246 3529 5318; baseline -0.002 -18"><span class='ocrx_word' id='word_1_909' title='bbox 2222 5249 2403 5318; x_wconf 81' lang='lat' dir='ltr'><strong>poscit,</strong></span> <span class='ocrx_word' id='word_1_910' title='bbox 2436 5264 2550 5318; x_wconf 85' lang='lat' dir='ltr'><strong>cum</strong></span> <span class='ocrx_word' id='word_1_911' title='bbox 2570 5257 2754 5318; x_wconf 84' lang='lat' dir='ltr'><strong>postea</strong></span> <span class='ocrx_word' id='word_1_912' title='bbox 2782 5246 2950 5318; x_wconf 81' lang='lat' dir='ltr'><strong>ipsum</strong></span> <span class='ocrx_word' id='word_1_913' title='bbox 2974 5247 3170 5318; x_wconf 87' lang='lat' dir='ltr'><strong>donum</strong></span> <span class='ocrx_word' id='word_1_914' title='bbox 3205 5246 3495 5316; x_wconf 81' lang='lat' dir='ltr'><strong>spreverit?</strong></span> <span class='ocrx_word' id='word_1_915' title='bbox 3524 5261 3529 5265; x_wconf 76' lang='lat'><strong><em>&#39;</em></strong></span> 
     </span>
    </p>
   </div>
   <div class='ocr_carea' id='block_1_113' title="bbox 2293 5315 3044 5381">
    <p class='ocr_par' dir='ltr' id='par_1_113' title="bbox 2293 5315 3044 5381">
     <span class='ocr_line' id='line_1_114' title="bbox 2293 5315 3044 5381; baseline -0.001 -11"><span class='ocrx_word' id='word_1_916' title='bbox 2293 5315 2320 5353; x_wconf 74' lang='grc' dir='ltr'><strong><em>ἀ</em></strong></span> <span class='ocrx_word' id='word_1_917' title='bbox 2348 5317 2529 5371; x_wconf 82' lang='lat' dir='ltr'><strong>Codex</strong></span> <span class='ocrx_word' id='word_1_918' title='bbox 2557 5315 2818 5381; x_wconf 81' lang='lat' dir='ltr'><strong>Colbert.,</strong></span> <span class='ocrx_word' id='word_1_919' title='bbox 2861 5317 3044 5371; x_wconf 88' lang='lat' dir='ltr'><strong>mellis.</strong></span> 
     </span>
    </p>
   </div>
   <div class='ocr_carea' id='block_1_114' title="bbox 2299 5382 3817 5454">
    <p class='ocr_par' dir='ltr' id='par_1_114' title="bbox 2299 5382 3817 5454">
     <span class='ocr_line' id='line_1_115' title="bbox 2299 5382 3817 5454; baseline -0.003 -15"><span class='ocrx_word' id='word_1_920' title='bbox 2299 5397 2322 5424; x_wconf 79' lang='grc' dir='ltr'><strong>ο</strong></span> <span class='ocrx_word' id='word_1_921' title='bbox 2354 5387 2640 5454; x_wconf 88' lang='lat' dir='ltr'><strong>Pignorum</strong></span> <span class='ocrx_word' id='word_1_922' title='bbox 2684 5387 2944 5443; x_wconf 87' lang='lat' dir='ltr'><strong>vocabulo</strong></span> <span class='ocrx_word' id='word_1_923' title='bbox 2989 5386 3274 5440; x_wconf 88' lang='lat' dir='ltr'><strong>Salvianus</strong></span> <span class='ocrx_word' id='word_1_924' title='bbox 3317 5385 3516 5441; x_wconf 88' lang='lat' dir='ltr'><strong>liberos</strong></span> <span class='ocrx_word' id='word_1_925' title='bbox 3555 5382 3817 5454; x_wconf 32' lang='lat' dir='ltr'><strong>ut‘plurj-</strong></span> 
     </span>
    </p>
   </div>
   <div class='ocr_carea' id='block_1_115' title="bbox 2225 5451 3813 5556">
    <p class='ocr_par' dir='ltr' id='par_1_115' title="bbox 2225 5451 3813 5556">
     <span class='ocr_line' id='line_1_116' title="bbox 2225 5451 3813 5556; baseline 0 0"><span class='ocrx_word' id='word_1_926' title='bbox 2225 5451 3192 5556; x_wconf 55' lang='lat' dir='ltr'><strong>eaeaeaemue.ra-.“9~</strong></span> <span class='ocrx_word' id='word_1_927' title='bbox 3228 5455 3346 5556; x_wconf 56' lang='grc' dir='ltr'><strong>’τὲτ</strong></span> <span class='ocrx_word' id='word_1_928' title='bbox 3382 5454 3502 5522; x_wconf 68' lang='grc' dir='ltr'><strong>¹⁸⁸ν</strong></span> <span class='ocrx_word' id='word_1_929' title='bbox 3536 5451 3813 5556; x_wconf 64' lang='grc' dir='ltr'><strong>¹Βὲι.²2⁹’</strong></span> 
     </span>
    </p>
   </div>
   <div class='ocr_carea' id='block_1_116' title="bbox 2226 5524 3819 5592">
    <p class='ocr_par' dir='ltr' id='par_1_116' title="bbox 2226 5524 3819 5592">
     <span class='ocr_line' id='line_1_117' title="bbox 2226 5524 3819 5592; baseline -0.001 -15"><span class='ocrx_word' id='word_1_930' title='bbox 2226 5525 2348 5589; x_wconf 76' lang='grc'>212,</span> <span class='ocrx_word' id='word_1_931' title='bbox 2379 5525 2503 5591; x_wconf 79' lang='grc'>252,</span> <span class='ocrx_word' id='word_1_932' title='bbox 2534 5524 2656 5592; x_wconf 61' lang='lat'><strong>25$,</strong></span> <span class='ocrx_word' id='word_1_933' title='bbox 2680 5528 2802 5591; x_wconf 86' lang='lat'><strong>260,</strong></span> <span class='ocrx_word' id='word_1_934' title='bbox 2832 5524 2954 5580; x_wconf 68' lang='grc'><strong>264.</strong></span> <span class='ocrx_word' id='word_1_935' title='bbox 2987 5527 3256 5581; x_wconf 86' lang='lat' dir='ltr'><strong>Interdum</strong></span> <span class='ocrx_word' id='word_1_936' title='bbox 3287 5535 3466 5580; x_wconf 89' lang='lat' dir='ltr'><strong>tamen</strong></span> <span class='ocrx_word' id='word_1_937' title='bbox 3495 5524 3689 5592; x_wconf 90' lang='lat' dir='ltr'><strong>accipit</strong></span> <span class='ocrx_word' id='word_1_938' title='bbox 3711 5538 3819 5592; x_wconf 90' lang='lat' dir='ltr'><strong>pro</strong></span> 
     </span>
    </p>
   </div>
   <div class='ocr_carea' id='block_1_117' title="bbox 2225 5595 3820 5667">
    <p class='ocr_par' dir='ltr' id='par_1_117' title="bbox 2225 5595 3820 5667">
     <span class='ocr_line' id='line_1_118' title="bbox 2225 5595 3820 5667; baseline -0.001 -18"><span class='ocrx_word' id='word_1_939' title='bbox 2225 5596 2330 5667; x_wconf 87' lang='lat' dir='ltr'><strong>illis</strong></span> <span class='ocrx_word' id='word_1_940' title='bbox 2356 5598 2445 5665; x_wconf 91' lang='lat' dir='ltr'><strong>qui</strong></span> <span class='ocrx_word' id='word_1_941' title='bbox 2470 5598 2617 5652; x_wconf 88' lang='lat' dir='ltr'><strong>chari</strong></span> <span class='ocrx_word' id='word_1_942' title='bbox 2647 5598 2802 5652; x_wconf 89' lang='lat' dir='ltr'><strong>nobis</strong></span> <span class='ocrx_word' id='word_1_943' title='bbox 2829 5606 2953 5667; x_wconf 84' lang='lat' dir='ltr'><strong>sunt</strong></span> <span class='ocrx_word' id='word_1_944' title='bbox 2980 5613 3080 5667; x_wconf 91' lang='lat' dir='ltr'><strong>pro</strong></span> <span class='ocrx_word' id='word_1_945' title='bbox 3109 5597 3438 5667; x_wconf 89' lang='lat' dir='ltr'><strong>parentibus,</strong></span> <span class='ocrx_word' id='word_1_946' title='bbox 3465 5595 3719 5650; x_wconf 88' lang='lat' dir='ltr'><strong>fratribus</strong></span> <span class='ocrx_word' id='word_1_947' title='bbox 3753 5608 3820 5647; x_wconf 68' lang='lat' dir='ltr'><strong>ac</strong></span> 
     </span>
    </p>
   </div>
   <div class='ocr_carea' id='block_1_118' title="bbox 2223 5666 2978 5736">
    <p class='ocr_par' dir='ltr' id='par_1_118' title="bbox 2223 5666 2978 5736">
     <span class='ocr_line' id='line_1_119' title="bbox 2223 5666 2978 5736; baseline -0.004 -14"><span class='ocrx_word' id='word_1_948' title='bbox 2223 5666 2502 5735; x_wconf 84' lang='lat' dir='ltr'><strong>similibus,</strong></span> <span class='ocrx_word' id='word_1_949' title='bbox 2532 5675 2591 5722; x_wconf 91' lang='lat' dir='ltr'><strong>ut</strong></span> <span class='ocrx_word' id='word_1_950' title='bbox 2622 5667 2677 5722; x_wconf 88' lang='lat' dir='ltr'><strong>in</strong></span> <span class='ocrx_word' id='word_1_951' title='bbox 2704 5681 2825 5736; x_wconf 85' lang='lat' dir='ltr'><strong>pag.</strong></span> <span class='ocrx_word' id='word_1_952' title='bbox 2857 5666 2978 5719; x_wconf 77' lang='grc'><strong>254.</strong></span> 
     </span>
    </p>
   </div>
  </div>
