4088 6360
311 396 380 452 8i
1395 393 1486 451 DE
1519 392 2052 453 GUBERNATIONE
2089 395 2201 452 DEI
2237 397 2365 452 LIB.
2406 399 2492 454 ιν.
3507 399 3579 456 8Ἡ

314 529 457 570 mus.
490 511 658 569 Totus
685 526 916 584 namque
938 510 1168 568 mundus
1191 517 1246 566 et
1271 519 1444 566 totum
1472 512 1760 567 humanum
1801 524 1896 577 ge-
1920 510 1976 572 Α
2002 510 2141 566 Deus
2179 514 2233 566 in
2273 512 2438 567 nobis.
2489 512 2772 579 Quomodo
2805 514 3183 572 commendat?
3209 513 3425 569 Scilicet
3451 515 3579 583 quis

312 621 418 662 nus
441 605 634 674 pignus
660 613 740 660 est
767 605 1037 660 Creatoris
1065 605 1168 659 sui.
1200 602 1268 658 Et
1295 603 1416 660 ideo
1438 619 1507 659 ex
1533 604 1637 659 hoc
1677 605 1794 673 ipso
1819 601 1897 656 af-

310 694 457 751 fectu
487 710 596 763 quo
617 709 797 750 amare
824 701 922 750 nos
949 693 1075 749 fecit
1103 694 1325 764 pignora
1353 703 1536 750 nostra
1553 735 1569 760 ,
1602 694 1896 762 intelligere

311 801 417 840 nos
443 785 612 840 voluit
655 794 910 855 quantum
943 787 1054 856 ipse
1083 795 1288 842 amaret
1316 788 1536 858 pignora
1586 802 1702 841 sua.
1745 786 1894 841 Sicut

310 879 478 943 enim,
527 885 586 932 ut
622 878 863 946 legimus,
905 879 1183 934 invisibilia
1223 877 1331 951 ejui
1377 897 1466 951 per
1519 896 1582 934 ea
1610 895 1723 951 qua:
1755 881 1894 950 facta

308 979 434 1024 sunt
457 969 717 1023 intellecta
737 972 1124 1051 conspiciuntur
1145 970 1318 1043 (Rom.
1344 987 1378 1037 ι,
1409 970 1520 1039 20),
1554 970 1626 1024 ita
1655 985 1892 1024 amorem

307 1073 437 1128 erga
462 1075 560 1115 nos
587 1075 742 1115 suum
764 1076 860 1130 per
881 1076 1002 1116 eum
1031 1076 1192 1130 quem
1221 1063 1374 1116 nobis
1401 1077 1526 1130 erga
1556 1070 1771 1116 nostros
1798 1062 1897 1117 de-

303 1152 388 1208 dit
408 1154 669 1220 amore'm,
696 1155 866 1210 voluit
893 1155 1132 1224 intelligi.
1163 1154 1230 1208 Et
1254 1156 1390 1210 sicut
1413 1171 1643 1220 omnem,
1677 1165 1735 1208 ut
1759 1156 1894 1210 scri-

303 1250 458 1313 ptum
488 1251 588 1309 est,
619 1245 997 1313 paternitatem
1043 1246 1095 1299 in
1125 1246 1262 1301 uelo
1291 1257 1347 1300 et
1375 1246 1428 1300 in
1456 1257 1597 1301 terra
1628 1262 1658 1299 a
1685 1260 1745 1300 se
1771 1246 1889 1316 ipso

304 1335 416 1407 75
443 1333 610 1388 voluit
639 1335 902 1388 nominari
934 1334 1151 1406 (Ep/tes.
1181 1353 1256 1400 ιιι,
1300 1334 1410 1404 15),
1442 1337 1520 1391 sic
1549 1352 1579 1390 a
1610 1337 1888 1406 nobis'pa-

302 1425 406 1480 tris
433 1425 485 1480 in
515 1441 573 1480 se
601 1424 850 1481 aﬂ‘ectum
879 1427 1047 1482 voluit
1075 1429 1312 1496 agnosci.
1343 1427 1411 1483 Et
1437 1429 1565 1498 quid
1589 1428 1764 1484 dicam
1792 1444 1889 1499 pa-

303 1515 401 1570 tris
421 1517 446 1569 ?
473 1515 636 1570 immo
683 1517 860 1586 potius
886 1517 1008 1587 plus
1048 1532 1209 1587 quam
1237 1519 1422 1588 patris.
1468 1517 1665 1573 Probat
1690 1520 1888 1590 quippe

297 1605 411 1662 hoc
435 1623 540 1662 vox
567 1605 862 1663 Salvatoris
906 1609 956 1662 in
987 1607 1276 1677 Evangelio
1305 1611 1530 1666 dicentis
1565 1629 1576 1662 :
1623 1611 1714 1665 Sic
1750 1613 1885 1665 enim

299 1694 487 1749 dilexit
522 1695 662 1750 Deus
694 1697 826 1750 hunc
874 1698 1136 1764 mundum,
1182 1709 1238 1752 ut
1269 1698 1466 1754 Filium
1505 1716 1654 1754 suum
1679 1701 1885 1754 unicum

299 1785 451 1840 daret
477 1803 570 1856 pro
590 1787 766 1840 mundi
793 1789 896 1842 vita
921 1788 1100 1858 (Joan.
1134 1807 1207 1856 ιιι,
1240 1791 1348 1858 16).
1381 1791 1484 1846 Sed
1513 1798 1567 1845 et
1596 1791 1884 1861 Apostolus

2000 617 2105 656 non
2135 605 2463 658 merentibus
2491 613 2727 674 prastat.
2757 604 2815 660 Si
2834 607 2977 661 enim
3003 606 3200 662 sanctis
3218 614 3273 660 et
3298 605 3436 660 bene
3462 621 3578 660 me-

1997 693 2114 746 ritis
2141 683 2497 763 prtestitis'set,
2548 710 2656 749 non
2702 695 2984 751 videbatur
3023 712 3139 765 qua:
3186 713 3291 750 non
3319 695 3578 750 debuerat

1997 784 2327 853 praestitisse,
2360 783 2454 838 sed
2481 799 2598 854 quae
2626 784 2886 839 debuerat
2925 785 3236 840 reddidisse.
3280 785 3416 851 Quid
3444 797 3574 851 ergo

1997 889 2096 928 nos
2142 890 2240 944 pro
2284 875 2368 929 his
2415 876 2662 930 omnibus
2701 876 3067 940 retribuimus,
3103 877 3189 930 vel
3230 877 3406 945 potius
3448 873 3576 944 quid

1994 966 2294 1021 retribuere
2351 966 2655 1021 debemus?
2713 965 2947 1021 Primum
3006 967 3208 1022 scilicet
3261 967 3388 1021 illud
3431 964 3576 1034 quod

1993 1057 2330 1113 beatissimus
2358 1060 2620 1129 propheta
2665 1060 2715 1113 ei
2743 1058 2941 1113 debere
2967 1074 3025 1113 se
3052 1065 3107 1111 et
3140 1058 3469 1111 redditurum
3498 1071 3576 1110 es-

1991 1167 2050 1206 se
2072 1160 2304 1207 testatur
2331 1152 2516 1207 dicens
2549 1170 2560 1204 :
2598 1150 2736 1215 Quid
2765 1151 3043 1205 retribuam
3079 1149 3303 1202 Domino
3329 1166 3422 1218 pro
3461 1165 3575 1202 om-

1991 1245 2138 1299 nibus
2165 1261 2278 1315 qm
2307 1244 2542 1300 retribuit
2569 1245 2694 1298 mihi
2711 1244 2736 1296 .9
2762 1242 2986 1298 Calicem
3028 1242 3272 1295 salutaris
3299 1242 3571 1309 accipiam,

1989 1348 2038 1391 et
2065 1355 2246 1392 nomen
2275 1336 2484 1391 Domini
2509 1336 2752 1391 invocabo
2780 1334 2950 1405 (Psal.
2984 1350 3103 1398 cxv,
3137 1331 3222 1395 12,
3253 1330 3362 1400 l3).
3395 1328 3573 1384 Prima

1989 1445 2118 1500 ergo
2148 1432 2259 1486 haec
2286 1429 2572 1485 retributio
2602 1437 2703 1494 est,
2729 1436 2787 1482 ut
2813 1435 3042 1482 mortem
3063 1430 3238 1478 morte
3265 1421 3572 1486 reddamus,

1988 1539 2052 1577 ac
2082 1538 2180 1592 pro
2209 1537 2276 1576 eo
2305 1523 2395 1590 qui
2425 1529 2670 1576 mortuus
2711 1528 2793 1574 est
2821 1534 2920 1589 pro
2957 1517 3131 1579 nobis,
3160 1530 3259 1568 nos
3280 1512 3572 1567 moriamur

1987 1628 2202 1678 omnes;
2234 1614 2448 1667 tametsi
2477 1612 2701 1667 minoris
2726 1611 2896 1666 multo
2925 1609 3084 1680 pretii
3112 1623 3258 1687 mors
3286 1611 3467 1659 nostra
3489 1610 3572 1658 est

1986 1719 2144 1772 quam
2175 1720 2292 1759 sua.
2323 1703 2443 1770 Quo
2469 1702 2527 1756 lit
2549 1711 2610 1757 ut
2649 1703 2813 1758 etiam
2841 1702 2887 1757 si
2928 1708 3156 1754 mortem
3200 1697 3568 1765 suscipiamus,

1985 1797 2224 1850 debitum
2269 1806 2447 1852 tamen
2491 1811 2598 1850 non
2648 1794 3005 1849 exsolvamus.
3057 1789 3162 1844 Sed
3218 1797 3397 1842 tamen
3444 1785 3570 1854 quia

297 1875 466 1930 die":
497 1875 656 1941 Deus.
689 1877 878 1946 inquit.
926 1877 1067 1933 Filio
1105 1896 1196 1933 suo
1237 1897 1340 1934 non
1381 1883 1624 1951 pepercit.
1654 1881 1745 1934 8εά
1787 1898 1881 1952 pro
1913 1882 1962 1943 B
1988 1888 2160 1955 majus
2174 1889 2375 1943 referre
2396 1904 2503 1942 non
2534 1901 2836 1956 possumus,
2862 1893 3034 1939 totum
3055 1881 3277 1937 reddere
3305 1878 3568 1941 videmur,

297 1967 447 2021 nobis
468 1967 699 2022 omnibus
722 1968 935 2022 tradidit
961 1971 1128 2024 illum.
1155 1968 1422 2034 Quomodo
1453 1988 1557 2024 non
1585 1973 1741 2025 etiam
1769 1989 1883 2026 cum

295 2059 390 2114 illo
417 2058 562 2114 nobis
590 2061 762 2114 omnia
793 2062 1003 2116 donauit
1034 2061 1218 2133 (Rom.
1250 2080 1360 2129 VIII,
1393 2063 1530 2133 32)?

369 2149 436 2204 Χ.
469 2149 583 2206 Hoc
611 2159 693 2204 est
739 2167 867 2221 ergo
909 2152 1039 2207 illud
1066 2153 1212 2221 quod
1241 2170 1404 2222 supra
1436 2154 1565 2218 dixi,
1616 2154 1740 2221 quia
1766 2153 1886 2221 plus

299 2259 404 2300 nos
432 2251 578 2297 amat
629 2243 771 2298 Deus
800 2258 959 2311 quam
1001 2244 1168 2298 tilium
1210 2252 1385 2313 pater.
1435 2244 1665 2298 Evidcns
1689 2244 1889 2313 quippe

297 2349 386 2389 res
407 2341 491 2389 est
517 2333 662 2402 quod
684 2349 844 2403 super
866 2331 1118 2387 affectum
1146 2332 1379 2387 ﬁliorum
1406 2348 1504 2387 nos
1531 2333 1673 2386 Deus
1692 2332 1884 2400 diligit,

296 2428 392 2495 qui
419 2435 640 2496 propter
669 2441 768 2481 nos
789 2427 897 2482 lilio
926 2442 1026 2481 suo
1055 2443 1162 2482 non
1192 2428 1448 2496 pepercit.
1477 2427 1542 2482 Et
1568 2427 1696 2496 quid
1722 2427 1839 2496 plus
1860 2427 1885 2479 ?

301 2515 476 2580 Addo,
509 2517 690 2571 ethoc
711 2514 820 2572 ﬁlio
839 2516 1004 2586 justo,
1034 2525 1090 2572 et
1118 2518 1221 2574 hoc
1249 2517 1357 2573 ﬁlio
1384 2519 1673 2586 unigenito,
1696 2526 1753 2572 et
1778 2517 1882 2572 hoc

304 2605 416 2661 ﬁlio
444 2606 576 2662 Deo.
604 2606 671 2662 Et
697 2608 822 2677 quid
864 2609 970 2663 dici
1015 2609 1242 2678 amplius
1269 2611 1490 2679 potest?
1536 2609 1602 2663 Et
1631 2611 1734 2664 hoc
1778 2625 1876 2679 pro

298 2698 472 2763 nobis,
503 2699 554 2753 id
582 2706 682 2763 est,
711 2715 811 2770 pro
831 2699 1002 2764 malis,
1034 2716 1132 2770 pro
1161 2702 1374 2770 iniquis,
1406 2717 1503 2770 pro
1524 2701 1870 2772 impiissimis.

294 2788 426 2854 Quis
452 2791 715 2844 aestimare
740 2792 882 2846 hunc
907 2806 1033 2861 erga
1063 2809 1163 2849 nos
1184 2793 1278 2848 Dei
1301 2809 1540 2849 amorem
1565 2801 1746 2863 queat,
1773 2793 1873 2848 nisi

289 2881 436 2948 quod
458 2880 662 2949 justitia
684 2882 778 2937 Dei
801 2890 946 2938 tanta
970 2891 1071 2950 est,
1097 2894 1155 2940 ut
1175 2886 1227 2940 in
1249 2901 1373 2940 eum
1394 2886 1597 2955 aliquid
1619 2885 1873 2955 injustum

289 2969 483 3026 cadere
524 2988 628 3027 non
676 2974 888 3042 possit?
929 2974 1062 3028 Nam
1091 2986 1349 3046 quantum
1389 2976 1458 3030 ad
1485 2976 1748 3031 rationem
1775 2977 1873 3041 hu-

287 3077 503 3117 manam
529 3064 780 3133 pertinet,
832 3064 1081 3134 injustam
1129 3081 1242 3120 rem
1285 3067 1449 3121 homo
1477 3068 1702 3135 quilibet
1729 3066 1871 3121 fece-

287 3161 393 3219 rat,
423 3155 468 3208 si
496 3171 594 3225 pro
622 3156 868 3226 pessimis
895 3157 1064 3212 servis
1087 3155 1250 3212 ﬁlium
1273 3157 1474 3212 bonum
1498 3167 1523 3195 ι
1546 3157 1761 3213 fecisset
1788 3173 1873 3213 oe-

1985 1979 2028 2031 si
2059 1986 2230 2032 totum
2260 1977 2405 2046 quod
2435 1993 2718 2048 possumus
2751 1987 2773 2015 ο
2808 1974 3030 2030 reddere
3073 1987 3338 2027 curamus.
3385 1969 3570 2036 Itaque

1986 2071 2178 2138 prima,
2210 2077 2268 2123 ut
2295 2070 2426 2131 dixi,
2454 2053 2568 2124 haec
2593 2067 2622 2106 ἀ
2650 2069 2931 2122 retributio
2954 2075 3055 2121 est.
3089 2063 3334 2120 Secunda
3365 2070 3568 2126 autem,

1989 2169 2046 2212 ut
2071 2161 2117 2212 si
2157 2160 2396 2213 debitum
2423 2167 2598 2213 morte
2626 2174 2735 2213 non
2762 2159 3038 2222 solvimus,
3068 2157 3154 2210 vel
3183 2170 3366 2208 amore
3394 2153 3570 2207 solva-

1989 2264 2127 2302 mus.
2159 2248 2291 2302 Nam
2322 2250 2437 2319 ipse
2465 2247 2713 2303 Salvator
2754 2247 2894 2310 ideo,
2926 2256 2986 2302 ut
3012 2247 3087 2300 ait
3114 2245 3420 2316 Apostolus,
3451 2259 3569 2296 mo-

1987 2337 2176 2391 riendo
2200 2353 2300 2406 pro
2331 2337 2484 2392 nobis
2512 2336 2893 2416 commendare
2917 2335 3088 2391 voluit
3115 2333 3364 2390 omnibus
3391 2332 3570 2387 chari-

1986 2435 2149 2482 tatem
2189 2443 2360 2493 suam,
2393 2436 2451 2482 ut
2477 2444 2577 2484 nos
2606 2427 2675 2482 ad
2712 2426 3036 2482 reddendam
3076 2428 3330 2496 pietatem
3355 2434 3378 2461 ο
3407 2429 3570 2478 tanta

1983 2521 2359 2576 vicissitudinis
2379 2522 2595 2591 pietatis
2616 2536 2725 2576 sum
2755 2521 2992 2575 traheret
3030 2518 3299 2589 exemplo.
3333 2517 3400 2571 Et
3428 2517 3568 2571 sicut

1981 2611 2098 2666 illas
2141 2620 2346 2666 naturm
2389 2612 2731 2667 admirabiles
2768 2615 3005 2680 gemmas
3034 2610 3230 2674 ferunt,
3262 2624 3381 2679 qua:
3422 2609 3567 2662 ferro

1978 2706 2200 2774 propius
2227 2704 2456 2763 admotae
2494 2706 2837 2761 durissimum
2891 2705 3013 2760 licet
3039 2703 3319 2774 chalybem
3372 2701 3567 2757 all‘ectu

1976 2798 2130 2866 quasi
2185 2799 2420 2868 spirante
2465 2798 2816 2868 suspendunt,
2876 2798 2948 2850 ita
3003 2796 3163 2850 etiam
3221 2794 3327 2858 ille,
3377 2793 3429 2846 id
3459 2801 3562 2857 est,

1975 2904 2182 2943 summa
2211 2897 2266 2943 et
2292 2889 2586 2944 clarissima
2613 2889 2716 2959 77
2751 2901 3034 2956 regnorum
3081 2884 3374 2940 caelestium
3414 2896 3564 2949 gem-

1975 2994 2082 3043 ma,
2113 2980 2217 3035 hoc
2245 2979 2450 3035 scilicet
2475 2979 2645 3034 voluit
2672 2986 2730 3032 ut
2751 2978 2878 3034 dum
2908 2993 2967 3032 se
2992 2977 3119 3032 licet
3145 2974 3442 3030 durissimis
3462 2988 3562 3028 no-
3627 3021 3638 3030 .

1974 3069 2058 3124 bis
2082 3069 2416 3124 descendens
2443 3069 2511 3124 de
2539 3069 2677 3125 caelo
2723 3069 2946 3140 propius
2973 3067 3306 3136 adjungeret,
3347 3063 3561 3119 all'ectui

1974 3177 2073 3217 suo
2123 3176 2222 3216 nos
2276 3163 2428 3231 quasi
2485 3161 2682 3217 amoris
2736 3161 2818 3216 sui
2865 3161 3111 3215 manibus
3141 3158 3470 3220 admoveret,
3503 3165 3562 3211 ut

285 3245 411 3301 cidi.
437 3245 541 3301 Sed
571 3248 754 3316 utique
774 3249 879 3304 hoc
899 3249 1069 3317 magis
1088 3249 1472 3304 inaestimabilis
1490 3251 1662 3319 pietas
1686 3259 1740 3306 et
1767 3252 1870 3307 hoc
1895 3254 1944 3318 C
1973 3259 2324 3322 agnoscentes
2362 3251 2545 3320 utique
2572 3251 2712 3307 dona
2751 3266 2846 3306 sua
2877 3266 2940 3305 ac
2966 3249 3246 3314 beneﬁcia,
3297 3247 3560 3316 intellige-

285 3338 458 3406 magis
496 3339 771 3394 mirabilis.
805 3339 900 3394 Dei
928 3340 1099 3395 virtus
1127 3348 1226 3406 est,
1257 3341 1402 3410 quod
1447 3341 1522 3396 ita
1551 3342 1773 3412 intelligi
1801 3344 1869 3399 ab

284 3428 505 3483 homine
531 3431 841 3498 magnitudo
865 3430 1084 3499 justitiae
1108 3448 1218 3488 sua:
1245 3449 1354 3488 non
1383 3440 1582 3503 potest,
1612 3442 1672 3488 ut
1697 3450 1866 3504 quan-

285 3525 400 3572 tum
429 3519 498 3574 ad
529 3520 946 3576 imbecillitatem
977 3524 1260 3578 humanam
1283 3526 1534 3594 pertinet,
1558 3541 1696 3595 pene
1725 3527 1866 3596 inju-

283 3609 444 3662 stitize
491 3610 723 3678 speciem
768 3612 1076 3680 magnitudo
1118 3613 1338 3681 justitia:
1367 3616 1564 3670 habere
1604 3617 1863 3672 videatur.

284 3696 352 3754 Et
380 3700 502 3756 ideo
530 3701 836 3772 Apostolus,
885 3703 951 3758 ad
980 3704 1313 3772 indicandam
1352 3707 1505 3761 nobis
1535 3708 1868 3777 aliquatenus

282 3791 478 3846 divinze
506 3794 884 3849 misericordia:
913 3796 1357 3860 immensitatem,
1396 3799 1473 3852 sic
1502 3799 1576 3852 ait
1609 3817 1621 3850 :
1658 3799 1724 3853 Ut
1747 3801 1868 3870 quid

281 3883 422 3935 enim
471 3880 720 3947 Christus,
764 3901 877 3938 cum
919 3887 1086 3940 adhuc
1125 3889 1268 3958 impii
1309 3905 1547 3951 essemus,
1592 3891 1870 3943 secundum

283 3982 484 4043 tempus
522 3992 614 4043 pro
642 3977 813 4045 impiis
840 3987 1071 4031 mortuus
1107 3987 1180 4031 est
1213 3979 1236 4030 ?
1291 3977 1393 4030 Vix
1427 3980 1564 4031 enim
1604 3996 1695 4047 pro
1730 3980 1871 4046 justo

283 4063 402 4132 quis
429 4064 646 4116 moritur
675 4064 850 4134 (Rom.
876 4082 930 4130 ν,
973 4064 1024 4126 6,
1060 4065 1134 4134 7).
1177 4066 1426 4118 Ostendit
1447 4066 1689 4134 profecto
1721 4067 1873 4120 nobis

285 4167 395 4206 una
440 4152 543 4205 hac
587 4156 851 4208 sententia
896 4156 1153 4224 pietatem
1199 4156 1317 4210 Dei.
1366 4156 1498 4211 Nam
1534 4157 1577 4210 si
1618 4157 1706 4210 vix
1734 4158 1872 4212 ullus

284 4257 389 4312 pro
417 4257 623 4297 summa
664 4243 870 4313 justitia
899 4254 1126 4301 mortem
1158 4249 1396 4317 suscipit,
1441 4249 1685 4318 probavit
1713 4249 1866 4305 Chri-

279 4341 397 4389 stus
424 4342 683 4403 quantum
722 4338 1029 4406 praestiterit
1070 4355 1167 4409 pro
1199 4349 1380 4395 nostra
1430 4342 1706 4410 iniquitate
1744 4360 1864 4398 mo-

1971 3359 2150 3399 remus
2177 3343 2304 3413 quid
2346 3359 2444 3399 nos
2467 3358 2566 3413 pro
2594 3343 2821 3398 Domino
2852 3350 2959 3396 tam
2987 3342 3132 3398 bono
3158 3340 3334 3394 facere
3361 3354 3560 3393 conve-

1970 3437 2130 3501 niret,
2184 3451 2306 3491 cum
2337 3436 2428 3490 ille
2473 3451 2574 3505 pro
2621 3436 2776 3490 malis
2830 3436 2999 3489 servis
3045 3441 3192 3488 tanta
3242 3431 3471 3495 fecisset,
3504 3439 3560 3484 et

1970 3528 2332 3598 compleretur
2358 3527 2463 3582 hoc
2490 3507 2650 3595 quod.
2676 3527 2969 3595 Apostolus
2997 3525 3144 3587 dicit,
3181 3531 3239 3577 ut
3268 3521 3558 3577 mortiﬁca-

1970 3613 2150 3675 rcmur
2178 3621 2440 3676 charitate
2470 3619 2610 3674 illius
2638 3627 2750 3674 tota
2798 3619 2906 3684 die,
2936 3626 2990 3673 et
3037 3633 3212 3686 neque
3259 3617 3551 3681 tribulatio,

1970 3725 2143 3780 neque
2165 3711 2427 3779 angustia,
2460 3725 2636 3780 neque
2674 3712 2995 3781 persecutio,
3027 3726 3199 3780 neque
3240 3710 3426 3774 fames,
3459 3726 3556 3765 ne-

1969 3817 2073 3872 que
2117 3803 2344 3864 nuditas.
2389 3819 2564 3872 neque
2614 3803 2820 3872 gladius
2868 3813 3050 3872 posset
3090 3820 3190 3857 nos
3229 3818 3482 3870 separare
3521 3819 3554 3856 a

1971 3896 2231 3949 charitate
2259 3894 2277 3932 ί
2310 3896 2422 3960 Dei,
2447 3911 2565 3962 quae
2594 3906 2678 3949 est
2705 3896 2760 3948 in
2785 3893 2998 3947 Christo
3023 3893 3150 3947 Jesu
3180 3893 3408 3946 Domino
3454 3908 3552 3945 no-

1972 3991 2084 4035 stro
2108 3983 2282 4051 (Rom.
2317 3999 2423 4044 vm,
2455 3982 2566 4049 56).

2044 4070 2135 4122 XI.
2167 4070 2302 4124 Cum
2332 4085 2460 4138 ergo
2506 4070 2620 4126 hinc
2661 4086 2690 4124 a
2739 4070 2895 4125 nobis
2923 4070 3107 4125 deberi
3151 4071 3380 4127 Domino
3421 4074 3556 4129 satis

1973 4168 2178 4214 certum
2206 4160 2293 4223 sit,
2330 4160 2602 4216 videamus
2621 4161 2751 4231 quid
2780 4175 2878 4231 pro
2906 4162 2990 4216 his
3018 4162 3225 4216 cunctis
3247 4163 3549 4230 reddimus;

1971 4265 2156 4319 quaeve
2185 4250 2392 4306 demus.
2441 4251 2579 4318 Quid
2617 4252 2822 4308 scilicet
2866 4254 2968 4308 nisi
3019 4260 3188 4308 totum
3239 4254 3367 4308 illud
3405 4255 3551 4324 quod

1968 4358 2129 4412 supra
2169 4342 2438 4409 diximus,
2487 4344 2743 4414 quidquid
2783 4345 3070 4410 indecens,
3113 4346 3368 4415 quidquid
3408 4348 3548 4402 indi-
3656 4397 3658 4399 .

283 4427 495 4481 riendo.
529 4426 633 4482 Sed
677 4421 774 4484 cui
793 4431 894 4484 hoc
934 4430 1117 4485 lecerit
1139 4431 1412 4496 Dominus,
1445 4434 1624 4488 statim
1653 4435 1705 4488 in
1735 4435 1865 4490 sub-
1966 4449 2149 4505 gnum,
2181 4435 2435 4506 quidquid
2464 4435 2531 4490 ad
2558 4436 2802 4504 injuriam
2830 4438 2923 4492 Dei
2952 4439 3245 4508 pertinens,
3275 4447 3424 4494 actus
3445 4440 3547 4494 im-

275 4520 404 4575 ditis
451 4521 559 4591 76
627 4521 787 4578 docet
826 4523 1009 4578 dicens
1048 4542 1060 4576 :
1126 4523 1460 4580 Commendat
1504 4536 1672 4582 autem
1716 4545 1864 4582 suam
1964 4527 2183 4597 probos,
2220 4542 2401 4583 mores
2428 4527 2737 4597 ﬂagitiosos,
2768 4531 3074 4594 ebrietates,
3104 4532 3545 4598 comessationes,

272 4611 582 4666 alacritatem
612 4612 750 4668 Deus
772 4616 823 4667 in
853 4614 1018 4670 nobis.
1056 4614 1198 4670 Nam
1223 4619 1267 4671 si
1293 4633 1406 4671 cum
1435 4618 1600 4672 adhuc
1620 4628 1858 4689 peccato-
1885 4623 1940 4685 D
1963 4625 2215 4673 cruentas
2253 4633 2464 4683 manus,
2495 4617 2760 4674 foeditates
2791 4621 3023 4675 libidinis
3046 4661 3061 4686 ,
3090 4631 3116 4669 8
3151 4622 3363 4691 rapidas
3392 4625 3546 4692 cupi-

268 4719 360 4756 res
401 4719 642 4770 essemus,
684 4704 914 4778 Christus
959 4724 1052 4774 pro
1092 4707 1238 4762 nobis
1297 4720 1525 4762 mortuus
1565 4719 1657 4775 est,
1698 4713 1856 4766 multo
1964 4709 2162 4765 ditates
2186 4749 2202 4776 ,
2232 4717 2288 4764 et
2313 4709 2568 4779 quidquid
2598 4710 2726 4764 illud
2771 4720 2853 4765 est
2895 4711 3040 4781 quod
3069 4713 3188 4781 plus
3213 4718 3390 4780 potest
3417 4728 3548 4768 con-

268 4795 446 4864 magis
474 4795 630 4866 igitur
649 4797 924 4866 justiﬁcati
963 4814 1100 4851 nunc
1131 4801 1184 4852 in
1224 4802 1474 4871 sanguine
1503 4802 1695 4870 ipsius,
1729 4803 1860 4857 salvi

266 4889 469 4942 erimus
511 4889 575 4942 ab
602 4891 682 4942 ira
720 4907 810 4961 per
842 4892 1008 4961 ipsum
1038 4890 1201 4961 (Ibid.
1234 4891 1289 4958 8,
1333 4891 1408 4963 9).
1445 4892 1559 4948 Hoc
1585 4893 1699 4964 ipso
1726 4910 1854 4963 ergo

266 4981 637 5048 commendat,
670 4980 696 5020 δ
724 4983 848 5052 quia
869 4999 994 5053 -pro
1023 4985 1199 5054 impiis
1226 4993 1468 5039 mortuus
1496 4993 1594 5040 est.
1639 4985 1855 5054 Maioris

265 5069 421 5123 enim
469 5072 628 5141 pretii
686 5082 767 5128 est
812 5073 1340 5143 beneficium,‘quod
1386 5084 1666 5144 praestatur
1713 5078 1851 5132 indi-

266 5160 411 5230 gnis.
437 5160 642 5220 Idcirco
681 5164 862 5234 itaque
891 5166 964 5220 ait
994 5165 1534 5221 :‘Commendatsuam
1550 5168 1851 5222 charitatem

1963 4802 2188 4858 scientia
2236 4801 2436 4858 habere
2496 4817 2655 4870 quam
2704 4819 2899 4858 sermo.
2957 4802 3084 4866 Quis
3134 4805 3268 4857 enim
3301 4843 3314 4867 ,
3375 4805 3547 4875 inquit

1961 4893 2268 4964 Apostolus,
2302 4895 2356 4947 in
2386 4896 2585 4948 occulto
2614 4895 2746 4963 ﬁunt
2773 4894 2835 4946 ab
2865 4895 2958 4958 eis,
3002 4904 3146 4965 turpe
3173 4905 3249 4949 est
3277 4898 3430 4950 etiam
3461 4898 3543 4951 di»

1962 5002 2074 5040 cere
2104 4984 2319 5057 (Ephes.
2354 5001 2404 5050 v,
2441 4984 2546 5052 l2).
2592 4984 2700 5038 Nec
2734 4985 2906 5039 solum
2941 4986 3062 5040 hoc.
3097 4985 3229 5042 Nam
3260 4989 3362 5042 hoc
3390 4998 3547 5043 vetus

1962 5087 2062 5142 cst,
2109 5084 2164 5130 et
2193 5085 2298 5130 tam
2342 5075 2682 5145 priesentium
2719 5082 3018 5145 temporum
3050 5091 3208 5145 quam
3241 5077 3543 5147 praeterito-

1960 5184 2098 5222 rum.
2130 5167 2261 5222 lllud
2289 5167 2501 5235 gravius
2527 5172 2582 5220 et
2616 5166 2906 5235 lugubrius,
2944 5168 3088 5240 quod
3123 5169 3358 5238 peccatis
3386 5173 3539 5220 vete-

1461 5276 1794 5334 STEPHANI
1832 5277 2097 5337 BALUZII
2135 5280 2360 5337 NOTIE.

347 5381 578 5454 fCodex
607 5383 867 5454 Colbert.,
895 5389 1160 5443 occidisset
1188 5395 1412 5442 tantum.

1552 5460 1853 5518 Brassicani
1885 5429 1889 5434 '

268 5530 325 5578 et
349 5519 723 5608 Falesinii,‘ob
751 5519 954 5608 impios:

345 5603 368 5630 ε
405 5590 529 5648 Hinc
577 5602 661 5650 est
714 5590 876 5650 editio
932 5597 1230 5653 Brassicani
1275 5610 1330 5656 et
1365 5600 1640 5657 Galesinii.
1669 5602 1854 5659 Codex

267 5662 618 5742 Corboiensis
672 5665 832 5719 habet
880 5667 1090 5720 reddere
1118 5669 1412 5738 reddamus,
1442 5671 1703 5742 Colbert.,
1738 5675 1853 5731 red-

269 5732 444 5786 hibere
473 5734 765 5788 reddamus.
1399 5732 1407 5738 ’
1614 5753 1629 5770 '

343 5800 368 5840 ά
399 5801 584 5863 Codex
613 5803 873 5875 Colbert.,
906 5805 1193 5864 redhibitio.

2033 5403 2055 5431 °
2083 5392 2554 5464 CodexColbertq
2609 5396 2775 5450 Tanta
2829 5397 3175 5464 vicissitudine
3201 5395 3404 5464 pietatis
3431 5412 3540 5454 sua;

1959 5465 2199 5517 traheret.
2245 5463 2358 5536 Yox
2398 5466 2630 5536 exemplo
2671 5467 2779 5521 illic
2806 5468 2974 5536 deest.
3024 5463 3275 5536 Codicem
3305 5478 3455 5520 suum
3485 5478 3539 5527 et

1958 5542 2170 5588 veteres
2198 5535 2460 5591 editiones
2501 5531 2716 5592 secutus
2744 5544 2826 5591 est
2863 5535 3121 5589 Pithaaus.
3159 5531 3267 5589 Nos
3293 5536 3536 5596 codicem

1959 5603 2355 5682 Corbeiensem.
2410 5675 2441 5682 n
2511 5676 2524 5682 _
2583 5676 2594 5682 Α
2702 5676 2712 5682 _
2801 5673 2833 5682 ﬂ
2877 5672 2907 5682 __
2997 5670 3029 5682 ,,

2036 5673 2055 5712 τ
2089 5675 2163 5728 Ita
2191 5676 2359 5729 codex
2403 5675 2760 5730 Corboiensis.
2794 5672 3137 5731 Colbcrtinus
3174 5685 3230 5734 et
3273 5678 3536 5739 editiones

1958 5745 2156 5800 habent
2182 5744 2390 5798 Christi.

2033 5824 2057 5863 s
2087 5814 2390 5883 Legendum
2419 5813 2577 5876 forte,
2611 5810 2817 5870 rabidas
2848 5809 3170 5884 cupiditates.
