  <div class='ocr_page' id='page_1' title='image "/cluster/home/n/w/nwhite01/storage/ocr_20150623/53/hvd.32044015471576/047.png"; bbox 0 0 4088 6360; ppageno 0'>
   <div class='ocr_carea' id='block_1_1' title="bbox 525 356 3834 428">
    <p class='ocr_par' dir='ltr' id='par_1_1' title="bbox 525 356 3834 428">
     <span class='ocr_line' id='line_1_1' title="bbox 525 356 3834 428; baseline -0.005 -2"><span class='ocrx_word' id='word_1_1' title='bbox 525 360 602 426; x_wconf 60' lang='lat'><strong><em>.</em></strong></span> <span class='ocrx_word' id='word_1_2' title='bbox 1507 361 1564 418; x_wconf 90' lang='lat' dir='ltr'><strong>s.</strong></span> <span class='ocrx_word' id='word_1_3' title='bbox 1605 359 1923 425; x_wconf 64' lang='lat' dir='ltr'><strong>samum</strong></span> <span class='ocrx_word' id='word_1_4' title='bbox 1961 358 2416 418; x_wconf 70' lang='lat' dir='ltr'><strong>MASSILIENSlS</strong></span> <span class='ocrx_word' id='word_1_5' title='bbox 2451 356 2879 416; x_wconf 63' lang='lat' dir='ltr'><strong>caesarum</strong></span> <span class='ocrx_word' id='word_1_6' title='bbox 3746 358 3834 428; x_wconf 68' lang='grc' dir='ltr'><strong>ιι</strong></span> 
     </span>
    </p>
   </div>
   <div class='ocr_carea' id='block_1_2' title="bbox 518 472 3828 547">
    <p class='ocr_par' dir='ltr' id='par_1_2' title="bbox 518 472 3828 547">
     <span class='ocr_line' id='line_1_2' title="bbox 518 472 3828 547; baseline 0.001 -13"><span class='ocrx_word' id='word_1_7' title='bbox 518 473 674 534; x_wconf 75' lang='lat' dir='ltr'><strong>ribus</strong></span> <span class='ocrx_word' id='word_1_8' title='bbox 699 489 837 532; x_wconf 85' lang='lat' dir='ltr'><strong>nova</strong></span> <span class='ocrx_word' id='word_1_9' title='bbox 866 476 1146 540; x_wconf 75' lang='lat' dir='ltr'><strong>addimm,</strong></span> <span class='ocrx_word' id='word_1_10' title='bbox 1183 488 1286 532; x_wconf 80' lang='lat' dir='ltr'><strong>nec</strong></span> <span class='ocrx_word' id='word_1_11' title='bbox 1321 473 1499 530; x_wconf 88' lang='lat' dir='ltr'><strong>solum</strong></span> <span class='ocrx_word' id='word_1_12' title='bbox 1537 489 1696 541; x_wconf 87' lang='lat' dir='ltr'><strong>nova,</strong></span> <span class='ocrx_word' id='word_1_13' title='bbox 1738 473 1832 530; x_wconf 89' lang='lat' dir='ltr'><strong>sed</strong></span> <span class='ocrx_word' id='word_1_14' title='bbox 1860 472 2106 543; x_wconf 67' lang='lat' dir='ltr'><strong>quaedam</strong></span> <span class='ocrx_word' id='word_1_15' title='bbox 2139 483 2187 542; x_wconf 71' lang='grc' dir='ltr'>Α</span> <span class='ocrx_word' id='word_1_16' title='bbox 2215 491 2364 542; x_wconf 85' lang='lat' dir='ltr'><strong>mus;</strong></span> <span class='ocrx_word' id='word_1_17' title='bbox 2401 483 2459 530; x_wconf 85' lang='lat' dir='ltr'><strong>et</strong></span> <span class='ocrx_word' id='word_1_18' title='bbox 2498 476 2604 532; x_wconf 89' lang='lat' dir='ltr'><strong>hoc</strong></span> <span class='ocrx_word' id='word_1_19' title='bbox 2638 476 2821 546; x_wconf 91' lang='lat' dir='ltr'><strong>utique</strong></span> <span class='ocrx_word' id='word_1_20' title='bbox 2862 476 2979 547; x_wconf 88' lang='lat' dir='ltr'><strong>ipso</strong></span> <span class='ocrx_word' id='word_1_21' title='bbox 3008 475 3347 532; x_wconf 84' lang='lat' dir='ltr'><strong>manifestum</strong></span> <span class='ocrx_word' id='word_1_22' title='bbox 3392 483 3476 530; x_wconf 90' lang='lat' dir='ltr'><strong>est</strong></span> <span class='ocrx_word' id='word_1_23' title='bbox 3511 475 3657 546; x_wconf 86' lang='lat' dir='ltr'><strong>quod</strong></span> <span class='ocrx_word' id='word_1_24' title='bbox 3693 492 3828 536; x_wconf 83' lang='lat' dir='ltr'><strong>non</strong></span> 
     </span>
    </p>
   </div>
   <div class='ocr_carea' id='block_1_3' title="bbox 524 568 2111 641">
    <p class='ocr_par' dir='ltr' id='par_1_3' title="bbox 524 568 2111 641">
     <span class='ocr_line' id='line_1_3' title="bbox 524 568 2111 641; baseline -0.001 -17"><span class='ocrx_word' id='word_1_25' title='bbox 524 570 787 640; x_wconf 86' lang='lat' dir='ltr'><strong>paganica</strong></span> <span class='ocrx_word' id='word_1_26' title='bbox 827 586 890 626; x_wconf 89' lang='lat' dir='ltr'><strong>ac</strong></span> <span class='ocrx_word' id='word_1_27' title='bbox 918 569 1220 641; x_wconf 73' lang='lat' dir='ltr'><strong>prodigiosa</strong></span> <span class='ocrx_word' id='word_1_28' title='bbox 1263 577 1321 625; x_wconf 86' lang='lat' dir='ltr'><strong>et</strong></span> <span class='ocrx_word' id='word_1_29' title='bbox 1367 569 1422 626; x_wconf 91' lang='lat' dir='ltr'><strong>in</strong></span> <span class='ocrx_word' id='word_1_30' title='bbox 1450 568 1690 626; x_wconf 88' lang='lat' dir='ltr'><strong>ecclesiis</strong></span> <span class='ocrx_word' id='word_1_31' title='bbox 1719 569 1815 623; x_wconf 85' lang='lat' dir='ltr'><strong>Dei</strong></span> <span class='ocrx_word' id='word_1_32' title='bbox 1848 576 1975 623; x_wconf 88' lang='lat' dir='ltr'><strong>ante</strong></span> <span class='ocrx_word' id='word_1_33' title='bbox 2003 583 2111 624; x_wconf 90' lang='lat' dir='ltr'><strong>non</strong></span> 
     </span>
    </p>
   </div>
   <div class='ocr_carea' id='block_1_4' title="bbox 525 660 2114 732">
    <p class='ocr_par' dir='ltr' id='par_1_4' title="bbox 525 660 2114 732">
     <span class='ocr_line' id='line_1_4' title="bbox 525 660 2114 732; baseline -0.002 -15"><span class='ocrx_word' id='word_1_34' title='bbox 525 662 673 728; x_wconf 87' lang='lat' dir='ltr'><strong>visa;</strong></span> <span class='ocrx_word' id='word_1_35' title='bbox 713 662 978 731; x_wconf 91' lang='lat' dir='ltr'><strong>iactantes</strong></span> <span class='ocrx_word' id='word_1_36' title='bbox 1015 662 1219 717; x_wconf 76' lang='lat' dir='ltr'><strong>scilicet</strong></span> <span class='ocrx_word' id='word_1_37' title='bbox 1259 660 1514 732; x_wconf 89' lang='lat' dir='ltr'><strong>profanas</strong></span> <span class='ocrx_word' id='word_1_38' title='bbox 1541 662 1594 716; x_wconf 91' lang='lat' dir='ltr'><strong>in</strong></span> <span class='ocrx_word' id='word_1_39' title='bbox 1627 661 1793 731; x_wconf 73' lang='lat' dir='ltr'><strong>Deum</strong></span> <span class='ocrx_word' id='word_1_40' title='bbox 1823 676 2016 726; x_wconf 90' lang='lat' dir='ltr'><strong>voces,</strong></span> <span class='ocrx_word' id='word_1_41' title='bbox 2058 667 2114 716; x_wconf 90' lang='lat' dir='ltr'><strong>et</strong></span> 
     </span>
    </p>
   </div>
   <div class='ocr_carea' id='block_1_5' title="bbox 525 751 2113 822">
    <p class='ocr_par' dir='ltr' id='par_1_5' title="bbox 525 751 2113 822">
     <span class='ocr_line' id='line_1_5' title="bbox 525 751 2113 822; baseline 0.002 -16"><span class='ocrx_word' id='word_1_42' title='bbox 525 753 913 807; x_wconf 74' lang='lat' dir='ltr'><strong>contumeliose</strong></span> <span class='ocrx_word' id='word_1_43' title='bbox 937 751 1393 822; x_wconf 88' lang='lat' dir='ltr'><strong>blasphemantes,</strong></span> <span class='ocrx_word' id='word_1_44' title='bbox 1425 752 1666 808; x_wconf 78' lang='lat' dir='ltr'><strong>dicentes</strong></span> <span class='ocrx_word' id='word_1_45' title='bbox 1686 754 1855 808; x_wconf 90' lang='lat' dir='ltr'><strong>Deum</strong></span> <span class='ocrx_word' id='word_1_46' title='bbox 1877 755 2113 810; x_wconf 90' lang='lat' dir='ltr'><strong>incurio-</strong></span> 
     </span>
    </p>
   </div>
   <div class='ocr_carea' id='block_1_6' title="bbox 523 843 2106 914">
    <p class='ocr_par' dir='ltr' id='par_1_6' title="bbox 523 843 2106 914">
     <span class='ocr_line' id='line_1_6' title="bbox 523 843 2106 914; baseline 0.001 -17"><span class='ocrx_word' id='word_1_47' title='bbox 523 857 678 908; x_wconf 88' lang='lat' dir='ltr'><strong>sum,</strong></span> <span class='ocrx_word' id='word_1_48' title='bbox 709 843 884 897; x_wconf 85' lang='lat' dir='ltr'><strong>Deum</strong></span> <span class='ocrx_word' id='word_1_49' title='bbox 928 859 1036 898; x_wconf 88' lang='lat' dir='ltr'><strong>non</strong></span> <span class='ocrx_word' id='word_1_50' title='bbox 1065 843 1466 910; x_wconf 88' lang='lat' dir='ltr'><strong>intendentem,</strong></span> <span class='ocrx_word' id='word_1_51' title='bbox 1512 845 1680 900; x_wconf 90' lang='lat' dir='ltr'><strong>Deum</strong></span> <span class='ocrx_word' id='word_1_52' title='bbox 1729 845 2106 914; x_wconf 69' lang='lat' dir='ltr'><strong>negligentem,</strong></span> 
     </span>
    </p>
   </div>
   <div class='ocr_carea' id='block_1_7' title="bbox 523 927 2110 1005">
    <p class='ocr_par' dir='ltr' id='par_1_7' title="bbox 523 927 2110 1005">
     <span class='ocr_line' id='line_1_7' title="bbox 523 927 2110 1005; baseline 0.001 -17"><span class='ocrx_word' id='word_1_53' title='bbox 523 930 693 988; x_wconf 83' lang='lat' dir='ltr'><strong>Deum</strong></span> <span class='ocrx_word' id='word_1_54' title='bbox 722 946 829 987; x_wconf 80' lang='lat' dir='ltr'><strong>non</strong></span> <span class='ocrx_word' id='word_1_55' title='bbox 860 927 1279 1002; x_wconf 76' lang='lat' dir='ltr'><strong>gubernantem,</strong></span> <span class='ocrx_word' id='word_1_56' title='bbox 1307 951 1370 990; x_wconf 90' lang='lat' dir='ltr'><strong>ac</strong></span> <span class='ocrx_word' id='word_1_57' title='bbox 1398 950 1496 1005; x_wconf 92' lang='lat' dir='ltr'><strong>per</strong></span> <span class='ocrx_word' id='word_1_58' title='bbox 1519 937 1622 990; x_wconf 90' lang='lat' dir='ltr'><strong>hoc</strong></span> <span class='ocrx_word' id='word_1_59' title='bbox 1649 943 1704 990; x_wconf 90' lang='lat' dir='ltr'><strong>et</strong></span> <span class='ocrx_word' id='word_1_60' title='bbox 1729 936 2110 992; x_wconf 83' lang='lat' dir='ltr'><strong>immisericor-</strong></span> 
     </span>
    </p>
   </div>
   <div class='ocr_carea' id='block_1_8' title="bbox 525 1023 2110 1099">
    <p class='ocr_par' dir='ltr' id='par_1_8' title="bbox 525 1023 2110 1099">
     <span class='ocr_line' id='line_1_8' title="bbox 525 1023 2110 1099; baseline 0.003 -19"><span class='ocrx_word' id='word_1_61' title='bbox 525 1023 645 1082; x_wconf 83' lang='lat' dir='ltr'><strong>dem</strong></span> <span class='ocrx_word' id='word_1_62' title='bbox 674 1032 731 1080; x_wconf 86' lang='lat' dir='ltr'><strong>et</strong></span> <span class='ocrx_word' id='word_1_63' title='bbox 757 1026 1194 1096; x_wconf 69' lang='lat' dir='ltr'><strong>impraastabilem</strong></span> <span class='ocrx_word' id='word_1_64' title='bbox 1221 1069 1234 1093; x_wconf 95' lang='lat'><strong>,</strong></span> <span class='ocrx_word' id='word_1_65' title='bbox 1279 1030 1628 1083; x_wconf 86' lang='lat' dir='ltr'><strong>inhumanum</strong></span> <span class='ocrx_word' id='word_1_66' title='bbox 1651 1070 1667 1095; x_wconf 95' lang='lat'><strong>,</strong></span> <span class='ocrx_word' id='word_1_67' title='bbox 1713 1043 1980 1099; x_wconf 89' lang='lat' dir='ltr'><strong>asperum,</strong></span> <span class='ocrx_word' id='word_1_68' title='bbox 2012 1028 2110 1084; x_wconf 88' lang='lat' dir='ltr'><strong>du-</strong></span> 
     </span>
    </p>
   </div>
   <div class='ocr_carea' id='block_1_9' title="bbox 523 1119 2110 1193">
    <p class='ocr_par' dir='ltr' id='par_1_9' title="bbox 523 1119 2110 1193">
     <span class='ocr_line' id='line_1_9' title="bbox 523 1119 2110 1193; baseline 0.001 -18"><span class='ocrx_word' id='word_1_69' title='bbox 523 1135 661 1175; x_wconf 85' lang='lat' dir='ltr'><strong>rum.</strong></span> <span class='ocrx_word' id='word_1_70' title='bbox 695 1119 830 1175; x_wconf 86' lang='lat' dir='ltr'><strong>Nam</strong></span> <span class='ocrx_word' id='word_1_71' title='bbox 859 1122 953 1192; x_wconf 89' lang='lat' dir='ltr'><strong>qui</strong></span> <span class='ocrx_word' id='word_1_72' title='bbox 981 1138 1088 1177; x_wconf 90' lang='lat' dir='ltr'><strong>non</strong></span> <span class='ocrx_word' id='word_1_73' title='bbox 1118 1123 1412 1193; x_wconf 85' lang='lat' dir='ltr'><strong>respiciens</strong></span> <span class='ocrx_word' id='word_1_74' title='bbox 1446 1131 1500 1176; x_wconf 93' lang='lat' dir='ltr'><strong>et</strong></span> <span class='ocrx_word' id='word_1_75' title='bbox 1535 1123 1835 1177; x_wconf 87' lang='lat' dir='ltr'><strong>incuriosus</strong></span> <span class='ocrx_word' id='word_1_76' title='bbox 1856 1132 1912 1179; x_wconf 91' lang='lat' dir='ltr'><strong>et</strong></span> <span class='ocrx_word' id='word_1_77' title='bbox 1939 1122 2110 1192; x_wconf 87' lang='lat' dir='ltr'><strong>negli-</strong></span> 
     </span>
    </p>
   </div>
   <div class='ocr_carea' id='block_1_10' title="bbox 523 1214 2109 1288">
    <p class='ocr_par' dir='ltr' id='par_1_10' title="bbox 523 1214 2109 1288">
     <span class='ocr_line' id='line_1_10' title="bbox 523 1214 2109 1288; baseline 0.003 -21"><span class='ocrx_word' id='word_1_78' title='bbox 523 1226 656 1282; x_wconf 88' lang='lat' dir='ltr'><strong>gens</strong></span> <span class='ocrx_word' id='word_1_79' title='bbox 685 1227 804 1268; x_wconf 89' lang='lat' dir='ltr'><strong>esse</strong></span> <span class='ocrx_word' id='word_1_80' title='bbox 832 1214 1048 1281; x_wconf 91' lang='lat' dir='ltr'><strong>dicitur,</strong></span> <span class='ocrx_word' id='word_1_81' title='bbox 1087 1215 1213 1287; x_wconf 88' lang='lat' dir='ltr'><strong>quid</strong></span> <span class='ocrx_word' id='word_1_82' title='bbox 1242 1222 1489 1286; x_wconf 85' lang='lat' dir='ltr'><strong>superest</strong></span> <span class='ocrx_word' id='word_1_83' title='bbox 1517 1217 1618 1271; x_wconf 89' lang='lat' dir='ltr'><strong>nisi</strong></span> <span class='ocrx_word' id='word_1_84' title='bbox 1640 1224 1702 1271; x_wconf 93' lang='lat' dir='ltr'><strong>ut</strong></span> <span class='ocrx_word' id='word_1_85' title='bbox 1728 1231 1887 1286; x_wconf 85' lang='lat' dir='ltr'><strong>asper</strong></span> <span class='ocrx_word' id='word_1_86' title='bbox 1915 1219 2025 1288; x_wconf 73' lang='lat'><strong>78</strong></span> <span class='ocrx_word' id='word_1_87' title='bbox 2051 1225 2109 1272; x_wconf 89' lang='lat' dir='ltr'><strong>et</strong></span> 
     </span>
    </p>
   </div>
   <div class='ocr_carea' id='block_1_11' title="bbox 456 1305 2112 1380">
    <p class='ocr_par' dir='ltr' id='par_1_11' title="bbox 456 1305 2112 1380">
     <span class='ocr_line' id='line_1_11' title="bbox 456 1305 2112 1380; baseline 0.001 -16"><span class='ocrx_word' id='word_1_88' title='bbox 456 1351 458 1353; x_wconf 50' lang='grc'><strong>›</strong></span> <span class='ocrx_word' id='word_1_89' title='bbox 524 1305 691 1364; x_wconf 84' lang='lat' dir='ltr'><strong>durus</strong></span> <span class='ocrx_word' id='word_1_90' title='bbox 718 1315 774 1362; x_wconf 91' lang='lat' dir='ltr'><strong>et</strong></span> <span class='ocrx_word' id='word_1_91' title='bbox 802 1307 1126 1364; x_wconf 89' lang='lat' dir='ltr'><strong>inhumanus</strong></span> <span class='ocrx_word' id='word_1_92' title='bbox 1154 1325 1270 1365; x_wconf 89' lang='lat' dir='ltr'><strong>esse</strong></span> <span class='ocrx_word' id='word_1_93' title='bbox 1291 1311 1530 1365; x_wconf 85' lang='lat' dir='ltr'><strong>dicatur?</strong></span> <span class='ocrx_word' id='word_1_94' title='bbox 1551 1309 1596 1364; x_wconf 91' lang='grc' dir='ltr'>Ο</span> <span class='ocrx_word' id='word_1_95' title='bbox 1619 1326 1815 1365; x_wconf 63' lang='lat' dir='ltr'><strong>(meam</strong></span> <span class='ocrx_word' id='word_1_96' title='bbox 1837 1309 2112 1380; x_wconf 63' lang='lat' dir='ltr'><strong>impatien-</strong></span> 
     </span>
    </p>
   </div>
   <div class='ocr_carea' id='block_1_12' title="bbox 519 1399 2107 1470">
    <p class='ocr_par' dir='ltr' id='par_1_12' title="bbox 519 1399 2107 1470">
     <span class='ocr_line' id='line_1_12' title="bbox 519 1399 2107 1470; baseline 0.003 -16"><span class='ocrx_word' id='word_1_97' title='bbox 519 1399 688 1454; x_wconf 87' lang='lat' dir='ltr'><strong>tiam!</strong></span> <span class='ocrx_word' id='word_1_98' title='bbox 723 1416 756 1454; x_wconf 90' lang='lat'><strong>0</strong></span> <span class='ocrx_word' id='word_1_99' title='bbox 796 1401 1107 1470; x_wconf 81' lang='lat' dir='ltr'><strong>sacrilegam</strong></span> <span class='ocrx_word' id='word_1_100' title='bbox 1139 1403 1536 1458; x_wconf 85' lang='lat' dir='ltr'><strong>temeritatem!</strong></span> <span class='ocrx_word' id='word_1_101' title='bbox 1581 1402 1698 1457; x_wconf 89' lang='lat' dir='ltr'><strong>Non</strong></span> <span class='ocrx_word' id='word_1_102' title='bbox 1727 1402 1925 1457; x_wconf 83' lang='lat' dir='ltr'><strong>sufficit</strong></span> <span class='ocrx_word' id='word_1_103' title='bbox 1963 1403 2107 1458; x_wconf 91' lang='lat' dir='ltr'><strong>enim</strong></span> 
     </span>
    </p>
   </div>
   <div class='ocr_carea' id='block_1_13' title="bbox 523 1491 2108 1564">
    <p class='ocr_par' dir='ltr' id='par_1_13' title="bbox 523 1491 2108 1564">
     <span class='ocr_line' id='line_1_13' title="bbox 523 1491 2108 1564; baseline 0.003 -18"><span class='ocrx_word' id='word_1_104' title='bbox 523 1491 680 1547; x_wconf 89' lang='lat' dir='ltr'><strong>nobis</strong></span> <span class='ocrx_word' id='word_1_105' title='bbox 703 1493 846 1564; x_wconf 84' lang='lat' dir='ltr'><strong>quod</strong></span> <span class='ocrx_word' id='word_1_106' title='bbox 882 1493 1117 1562; x_wconf 88' lang='lat' dir='ltr'><strong>peccatis</strong></span> <span class='ocrx_word' id='word_1_107' title='bbox 1158 1494 1633 1549; x_wconf 86' lang='lat' dir='ltr'><strong>innumerabilibus</strong></span> <span class='ocrx_word' id='word_1_108' title='bbox 1663 1495 1911 1560; x_wconf 86' lang='lat' dir='ltr'><strong>involuti,</strong></span> <span class='ocrx_word' id='word_1_109' title='bbox 1944 1495 2023 1550; x_wconf 90' lang='lat' dir='ltr'><strong>rei</strong></span> <span class='ocrx_word' id='word_1_110' title='bbox 2053 1495 2108 1550; x_wconf 92' lang='lat' dir='ltr'><strong>in</strong></span> 
     </span>
    </p>
   </div>
   <div class='ocr_carea' id='block_1_14' title="bbox 519 1584 2108 1651">
    <p class='ocr_par' dir='ltr' id='par_1_14' title="bbox 519 1584 2108 1651">
     <span class='ocr_line' id='line_1_14' title="bbox 519 1584 2108 1651; baseline 0.002 -13"><span class='ocrx_word' id='word_1_111' title='bbox 519 1584 770 1640; x_wconf 84' lang='lat' dir='ltr'><strong>omnibus</strong></span> <span class='ocrx_word' id='word_1_112' title='bbox 799 1585 909 1640; x_wconf 91' lang='lat' dir='ltr'><strong>Deo</strong></span> <span class='ocrx_word' id='word_1_113' title='bbox 937 1601 1120 1641; x_wconf 89' lang='lat' dir='ltr'><strong>sumus</strong></span> <span class='ocrx_word' id='word_1_114' title='bbox 1137 1625 1152 1651; x_wconf 94' lang='lat'><strong>,</strong></span> <span class='ocrx_word' id='word_1_115' title='bbox 1199 1586 1300 1642; x_wconf 86' lang='lat' dir='ltr'><strong>nisi</strong></span> <span class='ocrx_word' id='word_1_116' title='bbox 1340 1587 1500 1642; x_wconf 87' lang='lat' dir='ltr'><strong>etiam</strong></span> <span class='ocrx_word' id='word_1_117' title='bbox 1529 1596 1873 1642; x_wconf 87' lang='lat' dir='ltr'><strong>accusatores</strong></span> <span class='ocrx_word' id='word_1_118' title='bbox 1901 1586 1997 1642; x_wconf 89' lang='lat' dir='ltr'><strong>Dei</strong></span> <span class='ocrx_word' id='word_1_119' title='bbox 2033 1588 2108 1641; x_wconf 86' lang='lat' dir='ltr'><strong>si-</strong></span> 
     </span>
    </p>
   </div>
   <div class='ocr_carea' id='block_1_15' title="bbox 520 1677 2107 1751">
    <p class='ocr_par' dir='ltr' id='par_1_15' title="bbox 520 1677 2107 1751">
     <span class='ocr_line' id='line_1_15' title="bbox 520 1677 2107 1751; baseline 0.002 -20"><span class='ocrx_word' id='word_1_120' title='bbox 520 1693 658 1733; x_wconf 84' lang='lat' dir='ltr'><strong>mus.</strong></span> <span class='ocrx_word' id='word_1_121' title='bbox 692 1677 759 1732; x_wconf 85' lang='lat' dir='ltr'><strong>Et</strong></span> <span class='ocrx_word' id='word_1_122' title='bbox 785 1693 921 1748; x_wconf 66' lang='lat' dir='ltr'><strong>quae,</strong></span> <span class='ocrx_word' id='word_1_123' title='bbox 953 1693 1105 1749; x_wconf 86' lang='lat' dir='ltr'><strong>rogo,</strong></span> <span class='ocrx_word' id='word_1_124' title='bbox 1143 1679 1349 1736; x_wconf 78' lang='lat' dir='ltr'><strong>homini</strong></span> <span class='ocrx_word' id='word_1_125' title='bbox 1375 1696 1499 1751; x_wconf 85' lang='lat' dir='ltr'><strong>spes</strong></span> <span class='ocrx_word' id='word_1_126' title='bbox 1537 1681 1660 1745; x_wconf 91' lang='lat' dir='ltr'><strong>erit,</strong></span> <span class='ocrx_word' id='word_1_127' title='bbox 1690 1680 1782 1749; x_wconf 89' lang='lat' dir='ltr'><strong>qui</strong></span> <span class='ocrx_word' id='word_1_128' title='bbox 1812 1680 1986 1750; x_wconf 91' lang='lat' dir='ltr'><strong>ipsum</strong></span> <span class='ocrx_word' id='word_1_129' title='bbox 2015 1695 2107 1734; x_wconf 87' lang='lat' dir='ltr'><strong>ac-</strong></span> 
     </span>
    </p>
   </div>
   <div class='ocr_carea' id='block_1_16' title="bbox 518 1769 1310 1840">
    <p class='ocr_par' dir='ltr' id='par_1_16' title="bbox 518 1769 1310 1840">
     <span class='ocr_line' id='line_1_16' title="bbox 518 1769 1310 1840; baseline 0.001 -15"><span class='ocrx_word' id='word_1_130' title='bbox 518 1777 672 1825; x_wconf 83' lang='lat' dir='ltr'><strong>cusat</strong></span> <span class='ocrx_word' id='word_1_131' title='bbox 695 1769 930 1840; x_wconf 87' lang='lat' dir='ltr'><strong>iudicem</strong></span> <span class='ocrx_word' id='word_1_132' title='bbox 949 1771 1310 1840; x_wconf 79' lang='lat' dir='ltr'><strong>iudicandus?</strong></span> 
     </span>
    </p>
   </div>
   <div class='ocr_carea' id='block_1_17' title="bbox 2215 567 3827 648">
    <p class='ocr_par' dir='ltr' id='par_1_17' title="bbox 2215 567 3827 648">
     <span class='ocr_line' id='line_1_17' title="bbox 2215 567 3827 648; baseline 0.002 -26"><span class='ocrx_word' id='word_1_133' title='bbox 2215 567 2435 637; x_wconf 85' lang='lat' dir='ltr'><strong>respicit</strong></span> <span class='ocrx_word' id='word_1_134' title='bbox 2453 582 2542 623; x_wconf 81' lang='lat' dir='ltr'><strong>res</strong></span> <span class='ocrx_word' id='word_1_135' title='bbox 2561 567 2825 623; x_wconf 84' lang='lat' dir='ltr'><strong>humanas</strong></span> <span class='ocrx_word' id='word_1_136' title='bbox 2847 567 3010 634; x_wconf 86' lang='lat' dir='ltr'><strong>Deus,</strong></span> <span class='ocrx_word' id='word_1_137' title='bbox 3039 568 3163 638; x_wconf 86' lang='lat' dir='ltr'><strong>quia</strong></span> <span class='ocrx_word' id='word_1_138' title='bbox 3190 584 3311 624; x_wconf 89' lang='lat' dir='ltr'><strong>cum</strong></span> <span class='ocrx_word' id='word_1_139' title='bbox 3341 569 3593 639; x_wconf 71' lang='lat' dir='ltr'><strong>meliores</strong></span> <span class='ocrx_word' id='word_1_140' title='bbox 3611 569 3827 648; x_wconf 72' lang='lat' dir='ltr'><strong>simus,</strong></span> 
     </span>
    </p>
   </div>
   <div class='ocr_carea' id='block_1_18' title="bbox 2213 659 3822 730">
    <p class='ocr_par' dir='ltr' id='par_1_18' title="bbox 2213 659 3822 730">
     <span class='ocr_line' id='line_1_18' title="bbox 2213 659 3822 730; baseline 0.004 -17"><span class='ocrx_word' id='word_1_141' title='bbox 2213 659 2574 715; x_wconf 86' lang='lat' dir='ltr'><strong>deterioribus</strong></span> <span class='ocrx_word' id='word_1_142' title='bbox 2603 660 2966 730; x_wconf 90' lang='lat' dir='ltr'><strong>subjugamur.</strong></span> <span class='ocrx_word' id='word_1_143' title='bbox 3014 665 3096 716; x_wconf 83' lang='lat' dir='ltr'><strong>An</strong></span> <span class='ocrx_word' id='word_1_144' title='bbox 3123 662 3375 717; x_wconf 90' lang='lat' dir='ltr'><strong>meliores</strong></span> <span class='ocrx_word' id='word_1_145' title='bbox 3407 663 3576 718; x_wconf 91' lang='lat' dir='ltr'><strong>simus</strong></span> <span class='ocrx_word' id='word_1_146' title='bbox 3601 661 3822 720; x_wconf 77' lang='lat' dir='ltr'><strong>barba-</strong></span> 
     </span>
    </p>
   </div>
   <div class='ocr_carea' id='block_1_19' title="bbox 2213 751 3816 824">
    <p class='ocr_par' dir='ltr' id='par_1_19' title="bbox 2213 751 3816 824">
     <span class='ocr_line' id='line_1_19' title="bbox 2213 751 3816 824; baseline 0.002 -18"><span class='ocrx_word' id='word_1_147' title='bbox 2213 753 2288 807; x_wconf 90' lang='lat' dir='ltr'><strong>ris</strong></span> <span class='ocrx_word' id='word_1_148' title='bbox 2310 792 2327 819; x_wconf 88' lang='lat'><strong>,</strong></span> <span class='ocrx_word' id='word_1_149' title='bbox 2351 751 2466 820; x_wconf 89' lang='lat' dir='ltr'><strong>iam</strong></span> <span class='ocrx_word' id='word_1_150' title='bbox 2495 753 2815 808; x_wconf 81' lang='lat' dir='ltr'><strong>videbimus.</strong></span> <span class='ocrx_word' id='word_1_151' title='bbox 2848 751 3010 809; x_wconf 85' lang='lat' dir='ltr'><strong>Certe</strong></span> <span class='ocrx_word' id='word_1_152' title='bbox 3033 795 3048 820; x_wconf 92' lang='lat'><strong>,</strong></span> <span class='ocrx_word' id='word_1_153' title='bbox 3091 754 3237 823; x_wconf 91' lang='lat' dir='ltr'><strong>quod</strong></span> <span class='ocrx_word' id='word_1_154' title='bbox 3265 770 3373 810; x_wconf 92' lang='lat' dir='ltr'><strong>non</strong></span> <span class='ocrx_word' id='word_1_155' title='bbox 3416 763 3498 810; x_wconf 90' lang='lat' dir='ltr'><strong>est</strong></span> <span class='ocrx_word' id='word_1_156' title='bbox 3543 754 3816 824; x_wconf 83' lang='lat' dir='ltr'><strong>dubium,</strong></span> 
     </span>
    </p>
   </div>
   <div class='ocr_carea' id='block_1_20' title="bbox 2213 844 3820 916">
    <p class='ocr_par' dir='ltr' id='par_1_20' title="bbox 2213 844 3820 916">
     <span class='ocr_line' id='line_1_20' title="bbox 2213 844 3820 916; baseline 0.004 -19"><span class='ocrx_word' id='word_1_157' title='bbox 2213 844 2466 900; x_wconf 90' lang='lat' dir='ltr'><strong>meliores</strong></span> <span class='ocrx_word' id='word_1_158' title='bbox 2492 860 2614 901; x_wconf 91' lang='lat' dir='ltr'><strong>esse</strong></span> <span class='ocrx_word' id='word_1_159' title='bbox 2635 845 2910 902; x_wconf 88' lang='lat' dir='ltr'><strong>debemus.</strong></span> <span class='ocrx_word' id='word_1_160' title='bbox 2941 844 3010 899; x_wconf 91' lang='lat' dir='ltr'><strong>Et</strong></span> <span class='ocrx_word' id='word_1_161' title='bbox 3031 846 3135 901; x_wconf 89' lang='lat' dir='ltr'><strong>hoc</strong></span> <span class='ocrx_word' id='word_1_162' title='bbox 3158 847 3274 916; x_wconf 89' lang='lat' dir='ltr'><strong>ipso</strong></span> <span class='ocrx_word' id='word_1_163' title='bbox 3295 847 3478 916; x_wconf 83' lang='lat' dir='ltr'><strong>utique</strong></span> <span class='ocrx_word' id='word_1_164' title='bbox 3503 845 3820 912; x_wconf 79' lang='lat' dir='ltr'><strong>deteriores</strong></span> 
     </span>
    </p>
   </div>
   <div class='ocr_carea' id='block_1_21' title="bbox 2211 938 3820 1008">
    <p class='ocr_par' dir='ltr' id='par_1_21' title="bbox 2211 938 3820 1008">
     <span class='ocr_line' id='line_1_21' title="bbox 2211 938 3820 1008; baseline 0.003 -16"><span class='ocrx_word' id='word_1_165' title='bbox 2211 951 2417 1002; x_wconf 89' lang='lat' dir='ltr'><strong>sumus,</strong></span> <span class='ocrx_word' id='word_1_166' title='bbox 2444 938 2489 991; x_wconf 89' lang='lat' dir='ltr'><strong>si</strong></span> <span class='ocrx_word' id='word_1_167' title='bbox 2517 938 2770 992; x_wconf 90' lang='lat' dir='ltr'><strong>meliores</strong></span> <span class='ocrx_word' id='word_1_168' title='bbox 2796 953 2904 993; x_wconf 89' lang='lat' dir='ltr'><strong>non</strong></span> <span class='ocrx_word' id='word_1_169' title='bbox 2933 953 3136 1001; x_wconf 87' lang='lat' dir='ltr'><strong>sumus,</strong></span> <span class='ocrx_word' id='word_1_170' title='bbox 3170 938 3261 1008; x_wconf 93' lang='lat' dir='ltr'><strong>qui</strong></span> <span class='ocrx_word' id='word_1_171' title='bbox 3290 938 3542 994; x_wconf 86' lang='lat' dir='ltr'><strong>meliores</strong></span> <span class='ocrx_word' id='word_1_172' title='bbox 3569 953 3694 994; x_wconf 88' lang='lat' dir='ltr'><strong>esse</strong></span> <span class='ocrx_word' id='word_1_173' title='bbox 3717 939 3820 997; x_wconf 83' lang='lat' dir='ltr'><strong>de-</strong></span> 
     </span>
    </p>
   </div>
   <div class='ocr_carea' id='block_1_22' title="bbox 2211 1029 3818 1101">
    <p class='ocr_par' dir='ltr' id='par_1_22' title="bbox 2211 1029 3818 1101">
     <span class='ocr_line' id='line_1_22' title="bbox 2211 1029 3818 1101; baseline 0.002 -17"><span class='ocrx_word' id='word_1_174' title='bbox 2211 1029 2420 1084; x_wconf 89' lang='lat' dir='ltr'><strong>bemus.</strong></span> <span class='ocrx_word' id='word_1_175' title='bbox 2467 1029 2821 1085; x_wconf 90' lang='lat' dir='ltr'><strong>Criminosior</strong></span> <span class='ocrx_word' id='word_1_176' title='bbox 2859 1031 3004 1085; x_wconf 90' lang='lat' dir='ltr'><strong>enim</strong></span> <span class='ocrx_word' id='word_1_177' title='bbox 3030 1031 3186 1101; x_wconf 90' lang='lat' dir='ltr'><strong>culpa</strong></span> <span class='ocrx_word' id='word_1_178' title='bbox 3232 1033 3347 1096; x_wconf 79' lang='lat' dir='ltr'><strong>est,</strong></span> <span class='ocrx_word' id='word_1_179' title='bbox 3380 1031 3471 1086; x_wconf 92' lang='lat' dir='ltr'><strong>ubi</strong></span> <span class='ocrx_word' id='word_1_180' title='bbox 3517 1031 3818 1088; x_wconf 84' lang='lat' dir='ltr'><strong>honestior</strong></span> 
     </span>
    </p>
   </div>
   <div class='ocr_carea' id='block_1_23' title="bbox 2211 1117 3814 1192">
    <p class='ocr_par' dir='ltr' id='par_1_23' title="bbox 2211 1117 3814 1192">
     <span class='ocr_line' id='line_1_23' title="bbox 2211 1117 3814 1192; baseline 0.002 -18"><span class='ocrx_word' id='word_1_181' title='bbox 2211 1126 2402 1174; x_wconf 83' lang='lat' dir='ltr'><strong>status.</strong></span> <span class='ocrx_word' id='word_1_182' title='bbox 2432 1117 2489 1174; x_wconf 91' lang='lat' dir='ltr'><strong>Si</strong></span> <span class='ocrx_word' id='word_1_183' title='bbox 2520 1130 2542 1159; x_wconf 80' lang='grc' dir='ltr'><strong><em>ο</em></strong></span> <span class='ocrx_word' id='word_1_184' title='bbox 2569 1120 2888 1176; x_wconf 88' lang='lat' dir='ltr'><strong>honoratior</strong></span> <span class='ocrx_word' id='word_1_185' title='bbox 2913 1128 2998 1176; x_wconf 90' lang='lat' dir='ltr'><strong>est</strong></span> <span class='ocrx_word' id='word_1_186' title='bbox 3014 1136 3246 1192; x_wconf 86' lang='lat' dir='ltr'><strong>persona</strong></span> <span class='ocrx_word' id='word_1_187' title='bbox 3269 1118 3563 1192; x_wconf 70' lang='lat' dir='ltr'><strong>peccantis,</strong></span> <span class='ocrx_word' id='word_1_188' title='bbox 3592 1123 3814 1192; x_wconf 87' lang='lat' dir='ltr'><strong>peccati</strong></span> 
     </span>
    </p>
   </div>
   <div class='ocr_carea' id='block_1_24' title="bbox 2211 1212 3815 1284">
    <p class='ocr_par' dir='ltr' id='par_1_24' title="bbox 2211 1212 3815 1284">
     <span class='ocr_line' id='line_1_24' title="bbox 2211 1212 3815 1284; baseline 0.004 -16"><span class='ocrx_word' id='word_1_189' title='bbox 2211 1228 2432 1284; x_wconf 89' lang='lat' dir='ltr'><strong>quoque</strong></span> <span class='ocrx_word' id='word_1_190' title='bbox 2457 1213 2630 1282; x_wconf 88' lang='lat' dir='ltr'><strong>major</strong></span> <span class='ocrx_word' id='word_1_191' title='bbox 2674 1213 2892 1268; x_wconf 86' lang='lat' dir='ltr'><strong>invidia.</strong></span> <span class='ocrx_word' id='word_1_192' title='bbox 2923 1212 3146 1270; x_wconf 85' lang='lat' dir='ltr'><strong>Furtum</strong></span> <span class='ocrx_word' id='word_1_193' title='bbox 3189 1215 3243 1268; x_wconf 88' lang='lat' dir='ltr'><strong>in</strong></span> <span class='ocrx_word' id='word_1_194' title='bbox 3285 1214 3432 1269; x_wconf 89' lang='lat' dir='ltr'><strong>omni</strong></span> <span class='ocrx_word' id='word_1_195' title='bbox 3469 1214 3690 1283; x_wconf 86' lang='lat' dir='ltr'><strong>quidem</strong></span> <span class='ocrx_word' id='word_1_196' title='bbox 3721 1223 3815 1274; x_wconf 67' lang='lat' dir='ltr'><strong>est</strong></span> 
     </span>
    </p>
   </div>
   <div class='ocr_carea' id='block_1_25' title="bbox 2211 1304 3814 1376">
    <p class='ocr_par' dir='ltr' id='par_1_25' title="bbox 2211 1304 3814 1376">
     <span class='ocr_line' id='line_1_25' title="bbox 2211 1304 3814 1376; baseline 0.002 -18"><span class='ocrx_word' id='word_1_197' title='bbox 2211 1304 2430 1360; x_wconf 90' lang='lat' dir='ltr'><strong>homine</strong></span> <span class='ocrx_word' id='word_1_198' title='bbox 2458 1305 2659 1361; x_wconf 88' lang='lat' dir='ltr'><strong>malum</strong></span> <span class='ocrx_word' id='word_1_199' title='bbox 2684 1304 2917 1372; x_wconf 79' lang='lat' dir='ltr'><strong>facinus;</strong></span> <span class='ocrx_word' id='word_1_200' title='bbox 2957 1305 3051 1360; x_wconf 92' lang='lat' dir='ltr'><strong>sed</strong></span> <span class='ocrx_word' id='word_1_201' title='bbox 3081 1304 3436 1361; x_wconf 85' lang='lat' dir='ltr'><strong>damnabilius</strong></span> <span class='ocrx_word' id='word_1_202' title='bbox 3471 1307 3677 1376; x_wconf 87' lang='lat' dir='ltr'><strong>absque</strong></span> <span class='ocrx_word' id='word_1_203' title='bbox 3706 1307 3814 1362; x_wconf 86' lang='lat' dir='ltr'><strong>du-</strong></span> 
     </span>
    </p>
   </div>
   <div class='ocr_carea' id='block_1_26' title="bbox 2210 1395 3785 1468">
    <p class='ocr_par' dir='ltr' id='par_1_26' title="bbox 2210 1395 3785 1468">
     <span class='ocr_line' id='line_1_26' title="bbox 2210 1395 3785 1468; baseline 0.003 -19"><span class='ocrx_word' id='word_1_204' title='bbox 2210 1395 2302 1450; x_wconf 92' lang='lat' dir='ltr'><strong>bio</strong></span> <span class='ocrx_word' id='word_1_205' title='bbox 2355 1404 2573 1451; x_wconf 87' lang='lat' dir='ltr'><strong>senator</strong></span> <span class='ocrx_word' id='word_1_206' title='bbox 2616 1395 2826 1451; x_wconf 89' lang='lat' dir='ltr'><strong>furatur</strong></span> <span class='ocrx_word' id='word_1_207' title='bbox 2874 1396 3052 1465; x_wconf 90' lang='lat' dir='ltr'><strong>aliqua</strong></span> <span class='ocrx_word' id='word_1_208' title='bbox 3102 1412 3262 1465; x_wconf 90' lang='lat' dir='ltr'><strong>quam</strong></span> <span class='ocrx_word' id='word_1_209' title='bbox 3313 1398 3494 1452; x_wconf 82' lang='lat' dir='ltr'><strong>infima</strong></span> <span class='ocrx_word' id='word_1_210' title='bbox 3543 1414 3785 1468; x_wconf 79' lang='lat' dir='ltr'><strong>persona</strong></span> 
     </span>
    </p>
   </div>
   <div class='ocr_carea' id='block_1_27' title="bbox 2211 1486 3811 1558">
    <p class='ocr_par' dir='ltr' id='par_1_27' title="bbox 2211 1486 3811 1558">
     <span class='ocr_line' id='line_1_27' title="bbox 2211 1486 3811 1558; baseline 0.002 -16"><span class='ocrx_word' id='word_1_211' title='bbox 2211 1486 2432 1542; x_wconf 88' lang='lat' dir='ltr'><strong>Cunctis</strong></span> <span class='ocrx_word' id='word_1_212' title='bbox 2456 1488 2738 1543; x_wconf 89' lang='lat' dir='ltr'><strong>fornicatio</strong></span> <span class='ocrx_word' id='word_1_213' title='bbox 2761 1488 3126 1554; x_wconf 88' lang='lat' dir='ltr'><strong>interdicitur;</strong></span> <span class='ocrx_word' id='word_1_214' title='bbox 3149 1488 3242 1543; x_wconf 89' lang='lat' dir='ltr'><strong>sed</strong></span> <span class='ocrx_word' id='word_1_215' title='bbox 3265 1490 3481 1558; x_wconf 85' lang='lat' dir='ltr'><strong>gravius</strong></span> <span class='ocrx_word' id='word_1_216' title='bbox 3506 1490 3680 1544; x_wconf 91' lang='lat' dir='ltr'><strong>multo</strong></span> <span class='ocrx_word' id='word_1_217' title='bbox 3721 1498 3811 1546; x_wconf 78' lang='lat' dir='ltr'><strong>est</strong></span> 
     </span>
    </p>
   </div>
   <div class='ocr_carea' id='block_1_28' title="bbox 2212 1579 3802 1654">
    <p class='ocr_par' dir='ltr' id='par_1_28' title="bbox 2212 1579 3802 1654">
     <span class='ocr_line' id='line_1_28' title="bbox 2212 1579 3802 1654; baseline 0.002 -17"><span class='ocrx_word' id='word_1_218' title='bbox 2212 1579 2238 1618; x_wconf 73' lang='grc' dir='ltr'>ἀ</span> <span class='ocrx_word' id='word_1_219' title='bbox 2265 1583 2309 1637; x_wconf 89' lang='lat' dir='ltr'><strong>si</strong></span> <span class='ocrx_word' id='word_1_220' title='bbox 2347 1582 2416 1636; x_wconf 90' lang='lat' dir='ltr'><strong>de</strong></span> <span class='ocrx_word' id='word_1_221' title='bbox 2443 1582 2590 1636; x_wconf 91' lang='lat' dir='ltr'><strong>clero</strong></span> <span class='ocrx_word' id='word_1_222' title='bbox 2620 1581 2814 1650; x_wconf 87' lang='lat' dir='ltr'><strong>aliquis</strong></span> <span class='ocrx_word' id='word_1_223' title='bbox 2849 1597 3013 1650; x_wconf 87' lang='lat' dir='ltr'><strong>quam</strong></span> <span class='ocrx_word' id='word_1_224' title='bbox 3041 1583 3086 1637; x_wconf 89' lang='lat' dir='ltr'><strong>si</strong></span> <span class='ocrx_word' id='word_1_225' title='bbox 3131 1583 3199 1638; x_wconf 90' lang='lat' dir='ltr'><strong>de</strong></span> <span class='ocrx_word' id='word_1_226' title='bbox 3234 1585 3437 1654; x_wconf 87' lang='lat' dir='ltr'><strong>populo</strong></span> <span class='ocrx_word' id='word_1_227' title='bbox 3482 1583 3802 1642; x_wconf 83' lang='lat' dir='ltr'><strong>fornicetur.</strong></span> 
     </span>
    </p>
   </div>
   <div class='ocr_carea' id='block_1_29' title="bbox 2212 1671 3808 1743">
    <p class='ocr_par' dir='ltr' id='par_1_29' title="bbox 2212 1671 3808 1743">
     <span class='ocr_line' id='line_1_29' title="bbox 2212 1671 3808 1743; baseline 0.004 -15"><span class='ocrx_word' id='word_1_228' title='bbox 2212 1675 2289 1729; x_wconf 86' lang='lat' dir='ltr'><strong>lta</strong></span> <span class='ocrx_word' id='word_1_229' title='bbox 2315 1683 2372 1729; x_wconf 91' lang='lat' dir='ltr'><strong>et</strong></span> <span class='ocrx_word' id='word_1_230' title='bbox 2397 1690 2497 1730; x_wconf 91' lang='lat' dir='ltr'><strong>nos</strong></span> <span class='ocrx_word' id='word_1_231' title='bbox 2523 1675 2615 1743; x_wconf 90' lang='lat' dir='ltr'><strong>qui</strong></span> <span class='ocrx_word' id='word_1_232' title='bbox 2645 1674 2935 1730; x_wconf 88' lang='lat' dir='ltr'><strong>Christiani</strong></span> <span class='ocrx_word' id='word_1_233' title='bbox 2967 1682 3022 1729; x_wconf 90' lang='lat' dir='ltr'><strong>et</strong></span> <span class='ocrx_word' id='word_1_234' title='bbox 3047 1671 3299 1730; x_wconf 87' lang='lat' dir='ltr'><strong>catholici</strong></span> <span class='ocrx_word' id='word_1_235' title='bbox 3326 1691 3447 1731; x_wconf 89' lang='lat' dir='ltr'><strong>esse</strong></span> <span class='ocrx_word' id='word_1_236' title='bbox 3474 1676 3723 1743; x_wconf 87' lang='lat' dir='ltr'><strong>dicimur,</strong></span> <span class='ocrx_word' id='word_1_237' title='bbox 3755 1680 3808 1734; x_wconf 79' lang='lat' dir='ltr'><strong>si</strong></span> 
     </span>
    </p>
   </div>
   <div class='ocr_carea' id='block_1_30' title="bbox 2211 1766 3803 1835">
    <p class='ocr_par' dir='ltr' id='par_1_30' title="bbox 2211 1766 3803 1835">
     <span class='ocr_line' id='line_1_30' title="bbox 2211 1766 3803 1835; baseline 0.004 -15"><span class='ocrx_word' id='word_1_238' title='bbox 2211 1766 2386 1820; x_wconf 90' lang='lat' dir='ltr'><strong>simile</strong></span> <span class='ocrx_word' id='word_1_239' title='bbox 2437 1766 2637 1835; x_wconf 86' lang='lat' dir='ltr'><strong>aliquid</strong></span> <span class='ocrx_word' id='word_1_240' title='bbox 2682 1766 3033 1822; x_wconf 90' lang='lat' dir='ltr'><strong>barbarorum</strong></span> <span class='ocrx_word' id='word_1_241' title='bbox 3081 1766 3478 1835; x_wconf 85' lang='lat' dir='ltr'><strong>impuritatibus</strong></span> <span class='ocrx_word' id='word_1_242' title='bbox 3534 1768 3762 1826; x_wconf 79' lang='lat' dir='ltr'><strong>facimtts</strong></span> <span class='ocrx_word' id='word_1_243' title='bbox 3781 1807 3803 1835; x_wconf 83' lang='lat'><strong><em>.</em></strong></span> 
     </span>
    </p>
   </div>
   <div class='ocr_carea' id='block_1_31' title="bbox 587 1817 3806 1934">
    <p class='ocr_par' dir='ltr' id='par_1_31' title="bbox 587 1817 3806 1934">
     <span class='ocr_line' id='line_1_31' title="bbox 587 1817 3806 1934; baseline 0.001 -17"><span class='ocrx_word' id='word_1_244' title='bbox 735 1860 794 1917; x_wconf 88' lang='lat' dir='ltr'><strong>Si</strong></span> <span class='ocrx_word' id='word_1_245' title='bbox 820 1817 972 1932; x_wconf 65' lang='lat' dir='ltr'><strong>ergo:</strong></span> <span class='ocrx_word' id='word_1_246' title='bbox 999 1863 1266 1934; x_wconf 80' lang='lat' dir='ltr'><strong>inquiunt,</strong></span> <span class='ocrx_word' id='word_1_247' title='bbox 1292 1863 1505 1933; x_wconf 86' lang='lat' dir='ltr'><strong>respicit</strong></span> <span class='ocrx_word' id='word_1_248' title='bbox 1537 1877 1627 1918; x_wconf 90' lang='lat' dir='ltr'><strong>res</strong></span> <span class='ocrx_word' id='word_1_249' title='bbox 1653 1863 1915 1917; x_wconf 89' lang='lat' dir='ltr'><strong>humanas</strong></span> <span class='ocrx_word' id='word_1_250' title='bbox 1941 1863 2102 1929; x_wconf 90' lang='lat' dir='ltr'><strong>Deus,</strong></span> <span class='ocrx_word' id='word_1_251' title='bbox 2133 1862 2184 1922; x_wconf 87' lang='lat' dir='ltr'><strong>B</strong></span> <span class='ocrx_word' id='word_1_252' title='bbox 2210 1858 2424 1928; x_wconf 85' lang='lat' dir='ltr'><strong>gravius</strong></span> <span class='ocrx_word' id='word_1_253' title='bbox 2454 1873 2715 1913; x_wconf 85' lang='lat' dir='ltr'><strong>erramus.</strong></span> <span class='ocrx_word' id='word_1_254' title='bbox 2757 1858 3006 1915; x_wconf 85' lang='lat' dir='ltr'><strong>Atrocius</strong></span> <span class='ocrx_word' id='word_1_255' title='bbox 3043 1860 3188 1914; x_wconf 90' lang='lat' dir='ltr'><strong>enim</strong></span> <span class='ocrx_word' id='word_1_256' title='bbox 3227 1861 3325 1915; x_wconf 86' lang='lat' dir='ltr'><strong>sub</strong></span> <span class='ocrx_word' id='word_1_257' title='bbox 3357 1861 3530 1916; x_wconf 88' lang='lat' dir='ltr'><strong>sancti</strong></span> <span class='ocrx_word' id='word_1_258' title='bbox 3568 1862 3806 1920; x_wconf 83' lang='lat' dir='ltr'><strong>nominis</strong></span> 
     </span>
    </p>
   </div>
   <div class='ocr_carea' id='block_1_32' title="bbox 515 1951 2110 2021">
    <p class='ocr_par' dir='ltr' id='par_1_32' title="bbox 515 1951 2110 2021">
     <span class='ocr_line' id='line_1_32' title="bbox 515 1951 2110 2021; baseline 0 -13"><span class='ocrx_word' id='word_1_259' title='bbox 515 1952 753 2019; x_wconf 88' lang='lat' dir='ltr'><strong>sicurat,</strong></span> <span class='ocrx_word' id='word_1_260' title='bbox 787 1953 833 2007; x_wconf 92' lang='lat' dir='ltr'><strong>si</strong></span> <span class='ocrx_word' id='word_1_261' title='bbox 872 1951 1064 2021; x_wconf 89' lang='lat' dir='ltr'><strong>diligit,</strong></span> <span class='ocrx_word' id='word_1_262' title='bbox 1093 1953 1142 2007; x_wconf 88' lang='lat' dir='ltr'><strong>si</strong></span> <span class='ocrx_word' id='word_1_263' title='bbox 1182 1952 1481 2021; x_wconf 83' lang='lat' dir='ltr'><strong>gubernat,</strong></span> <span class='ocrx_word' id='word_1_264' title='bbox 1513 1968 1609 2008; x_wconf 90' lang='lat' dir='ltr'><strong>cur</strong></span> <span class='ocrx_word' id='word_1_265' title='bbox 1652 1968 1752 2008; x_wconf 90' lang='lat' dir='ltr'><strong>nos</strong></span> <span class='ocrx_word' id='word_1_266' title='bbox 1789 1953 2110 2008; x_wconf 74' lang='lat' dir='ltr'><strong>infirmiores</strong></span> 
     </span>
    </p>
   </div>
   <div class='ocr_carea' id='block_1_33' title="bbox 517 2027 2111 2114">
    <p class='ocr_par' dir='ltr' id='par_1_33' title="bbox 517 2027 2111 2114">
     <span class='ocr_line' id='line_1_33' title="bbox 517 2027 2111 2114; baseline -0.002 -14"><span class='ocrx_word' id='word_1_267' title='bbox 517 2045 768 2100; x_wconf 72' lang='lat' dir='ltr'><strong>clunibus</strong></span> <span class='ocrx_word' id='word_1_268' title='bbox 805 2045 1056 2114; x_wconf 88' lang='lat' dir='ltr'><strong>gentibus</strong></span> <span class='ocrx_word' id='word_1_269' title='bbox 1082 2052 1140 2100; x_wconf 88' lang='lat' dir='ltr'><strong>et</strong></span> <span class='ocrx_word' id='word_1_270' title='bbox 1165 2044 1475 2100; x_wconf 83' lang='lat' dir='ltr'><strong>miseriores</strong></span> <span class='ocrx_word' id='word_1_271' title='bbox 1508 2027 1628 2100; x_wconf 76' lang='lat' dir='ltr'><strong>esse</strong></span> <span class='ocrx_word' id='word_1_272' title='bbox 1663 2045 1970 2114; x_wconf 84' lang='lat' dir='ltr'><strong>permittit?</strong></span> <span class='ocrx_word' id='word_1_273' title='bbox 2001 2042 2111 2098; x_wconf 88' lang='lat' dir='ltr'><strong>Cur</strong></span> 
     </span>
    </p>
   </div>
   <div class='ocr_carea' id='block_1_34' title="bbox 515 2135 2110 2209">
    <p class='ocr_par' dir='ltr' id='par_1_34' title="bbox 515 2135 2110 2209">
     <span class='ocr_line' id='line_1_34' title="bbox 515 2135 2110 2209; baseline -0.002 -17"><span class='ocrx_word' id='word_1_274' title='bbox 515 2137 659 2194; x_wconf 84' lang='lat' dir='ltr'><strong>vinci</strong></span> <span class='ocrx_word' id='word_1_275' title='bbox 685 2153 714 2192; x_wconf 92' lang='lat' dir='ltr'><strong>a</strong></span> <span class='ocrx_word' id='word_1_276' title='bbox 743 2137 993 2193; x_wconf 86' lang='lat' dir='ltr'><strong>barbaris</strong></span> <span class='ocrx_word' id='word_1_277' title='bbox 1018 2139 1258 2209; x_wconf 78' lang='lat' dir='ltr'><strong>patitur?</strong></span> <span class='ocrx_word' id='word_1_278' title='bbox 1288 2135 1398 2192; x_wconf 89' lang='lat' dir='ltr'><strong>Cur</strong></span> <span class='ocrx_word' id='word_1_279' title='bbox 1413 2137 1521 2206; x_wconf 88' lang='lat' dir='ltr'><strong>iuri</strong></span> <span class='ocrx_word' id='word_1_280' title='bbox 1545 2138 1778 2193; x_wconf 86' lang='lat' dir='ltr'><strong>hostium</strong></span> <span class='ocrx_word' id='word_1_281' title='bbox 1803 2136 2110 2205; x_wconf 80' lang='lat' dir='ltr'><strong>subjugari?</strong></span> 
     </span>
    </p>
   </div>
   <div class='ocr_carea' id='block_1_35' title="bbox 517 2228 2107 2300">
    <p class='ocr_par' dir='ltr' id='par_1_35' title="bbox 517 2228 2107 2300">
     <span class='ocr_line' id='line_1_35' title="bbox 517 2228 2107 2300; baseline -0.002 -13"><span class='ocrx_word' id='word_1_282' title='bbox 517 2228 862 2298; x_wconf 79' lang='lat' dir='ltr'><strong>Brevissime,</strong></span> <span class='ocrx_word' id='word_1_283' title='bbox 889 2238 954 2286; x_wconf 84' lang='lat' dir='ltr'><strong>ut</strong></span> <span class='ocrx_word' id='word_1_284' title='bbox 974 2229 1088 2300; x_wconf 81' lang='lat' dir='ltr'><strong>iam</strong></span> <span class='ocrx_word' id='word_1_285' title='bbox 1115 2238 1242 2286; x_wconf 90' lang='lat' dir='ltr'><strong>ante</strong></span> <span class='ocrx_word' id='word_1_286' title='bbox 1270 2230 1410 2296; x_wconf 84' lang='lat' dir='ltr'><strong>dixi,</strong></span> <span class='ocrx_word' id='word_1_287' title='bbox 1447 2231 1569 2285; x_wconf 87' lang='lat' dir='ltr'><strong>ideo</strong></span> <span class='ocrx_word' id='word_1_288' title='bbox 1599 2245 1699 2285; x_wconf 87' lang='lat' dir='ltr'><strong>nos</strong></span> <span class='ocrx_word' id='word_1_289' title='bbox 1724 2231 1966 2300; x_wconf 89' lang='lat' dir='ltr'><strong>perferre</strong></span> <span class='ocrx_word' id='word_1_290' title='bbox 1995 2230 2107 2284; x_wconf 71' lang='lat' dir='ltr'><strong>haec</strong></span> 
     </span>
    </p>
   </div>
   <div class='ocr_carea' id='block_1_36' title="bbox 516 2320 2108 2394">
    <p class='ocr_par' dir='ltr' id='par_1_36' title="bbox 516 2320 2108 2394">
     <span class='ocr_line' id='line_1_36' title="bbox 516 2320 2108 2394; baseline 0.001 -17"><span class='ocrx_word' id='word_1_291' title='bbox 516 2321 657 2377; x_wconf 88' lang='lat' dir='ltr'><strong>mala</strong></span> <span class='ocrx_word' id='word_1_292' title='bbox 693 2323 920 2394; x_wconf 89' lang='lat' dir='ltr'><strong>patitur,</strong></span> <span class='ocrx_word' id='word_1_293' title='bbox 964 2323 1090 2394; x_wconf 88' lang='lat' dir='ltr'><strong>quia</strong></span> <span class='ocrx_word' id='word_1_294' title='bbox 1121 2336 1394 2378; x_wconf 88' lang='lat' dir='ltr'><strong>meremur</strong></span> <span class='ocrx_word' id='word_1_295' title='bbox 1429 2329 1490 2391; x_wconf 83' lang='lat' dir='ltr'><strong>ut</strong></span> <span class='ocrx_word' id='word_1_296' title='bbox 1518 2323 1620 2376; x_wconf 90' lang='lat' dir='ltr'><strong>ista</strong></span> <span class='ocrx_word' id='word_1_297' title='bbox 1658 2323 1945 2391; x_wconf 87' lang='lat' dir='ltr'><strong>patiamur.</strong></span> <span class='ocrx_word' id='word_1_298' title='bbox 1979 2320 2108 2378; x_wconf 86' lang='lat' dir='ltr'><strong>Res-</strong></span> 
     </span>
    </p>
   </div>
   <div class='ocr_carea' id='block_1_37' title="bbox 517 2412 2106 2484">
    <p class='ocr_par' dir='ltr' id='par_1_37' title="bbox 517 2412 2106 2484">
     <span class='ocr_line' id='line_1_37' title="bbox 517 2412 2106 2484; baseline 0.001 -17"><span class='ocrx_word' id='word_1_299' title='bbox 517 2412 780 2484; x_wconf 87' lang='lat' dir='ltr'><strong>piciamus</strong></span> <span class='ocrx_word' id='word_1_300' title='bbox 800 2413 945 2468; x_wconf 88' lang='lat' dir='ltr'><strong>enim</strong></span> <span class='ocrx_word' id='word_1_301' title='bbox 971 2413 1039 2467; x_wconf 92' lang='lat' dir='ltr'><strong>ad</strong></span> <span class='ocrx_word' id='word_1_302' title='bbox 1068 2414 1447 2484; x_wconf 84' lang='lat' dir='ltr'><strong>turpitudines,</strong></span> <span class='ocrx_word' id='word_1_303' title='bbox 1472 2413 1538 2467; x_wconf 92' lang='lat' dir='ltr'><strong>ad</strong></span> <span class='ocrx_word' id='word_1_304' title='bbox 1565 2412 1784 2482; x_wconf 81' lang='lat' dir='ltr'><strong>ﬂagitia,</strong></span> <span class='ocrx_word' id='word_1_305' title='bbox 1808 2413 1874 2467; x_wconf 90' lang='lat' dir='ltr'><strong>ad</strong></span> <span class='ocrx_word' id='word_1_306' title='bbox 1901 2415 2106 2468; x_wconf 86' lang='lat' dir='ltr'><strong>scelera</strong></span> 
     </span>
    </p>
   </div>
   <div class='ocr_carea' id='block_1_38' title="bbox 519 2502 2105 2574">
    <p class='ocr_par' dir='ltr' id='par_1_38' title="bbox 519 2502 2105 2574">
     <span class='ocr_line' id='line_1_38' title="bbox 519 2502 2105 2574; baseline 0.001 -17"><span class='ocrx_word' id='word_1_307' title='bbox 519 2502 612 2558; x_wconf 87' lang='lat' dir='ltr'><strong>illa</strong></span> <span class='ocrx_word' id='word_1_308' title='bbox 642 2511 670 2542; x_wconf 82' lang='grc' dir='ltr'>ι</span> <span class='ocrx_word' id='word_1_309' title='bbox 696 2502 954 2558; x_wconf 68' lang='lat' dir='ltr'><strong>Romanae</strong></span> <span class='ocrx_word' id='word_1_310' title='bbox 979 2504 1155 2574; x_wconf 90' lang='lat' dir='ltr'><strong>plebis</strong></span> <span class='ocrx_word' id='word_1_311' title='bbox 1185 2519 1304 2574; x_wconf 63' lang='lat' dir='ltr'><strong>qua:</strong></span> <span class='ocrx_word' id='word_1_312' title='bbox 1338 2519 1499 2574; x_wconf 87' lang='lat' dir='ltr'><strong>supra</strong></span> <span class='ocrx_word' id='word_1_313' title='bbox 1524 2503 1788 2567; x_wconf 80' lang='lat' dir='ltr'><strong>diximus,</strong></span> <span class='ocrx_word' id='word_1_314' title='bbox 1822 2513 1876 2558; x_wconf 90' lang='lat' dir='ltr'><strong>et</strong></span> <span class='ocrx_word' id='word_1_315' title='bbox 1905 2505 2105 2558; x_wconf 86' lang='lat' dir='ltr'><strong>intelli-</strong></span> 
     </span>
    </p>
   </div>
   <div class='ocr_carea' id='block_1_39' title="bbox 518 2591 2106 2663">
    <p class='ocr_par' dir='ltr' id='par_1_39' title="bbox 518 2591 2106 2663">
     <span class='ocr_line' id='line_1_39' title="bbox 518 2591 2106 2663; baseline 0.001 -16"><span class='ocrx_word' id='word_1_316' title='bbox 518 2605 705 2660; x_wconf 88' lang='lat' dir='ltr'><strong>gemus</strong></span> <span class='ocrx_word' id='word_1_317' title='bbox 749 2593 793 2647; x_wconf 87' lang='lat' dir='ltr'><strong>si</strong></span> <span class='ocrx_word' id='word_1_318' title='bbox 835 2593 1229 2663; x_wconf 83' lang='lat' dir='ltr'><strong>protectionem</strong></span> <span class='ocrx_word' id='word_1_319' title='bbox 1271 2591 1471 2648; x_wconf 84' lang='lat' dir='ltr'><strong>iuereri</strong></span> <span class='ocrx_word' id='word_1_320' title='bbox 1513 2609 1799 2663; x_wconf 90' lang='lat' dir='ltr'><strong>possumus</strong></span> <span class='ocrx_word' id='word_1_321' title='bbox 1821 2633 1836 2658; x_wconf 89' lang='lat'><strong>,</strong></span> <span class='ocrx_word' id='word_1_322' title='bbox 1888 2611 2006 2649; x_wconf 90' lang='lat' dir='ltr'><strong>cum</strong></span> <span class='ocrx_word' id='word_1_323' title='bbox 2049 2595 2106 2648; x_wconf 91' lang='lat' dir='ltr'><strong>in</strong></span> 
     </span>
    </p>
   </div>
   <div class='ocr_carea' id='block_1_40' title="bbox 519 2683 2106 2756">
    <p class='ocr_par' dir='ltr' id='par_1_40' title="bbox 519 2683 2106 2756">
     <span class='ocr_line' id='line_1_40' title="bbox 519 2683 2106 2756; baseline 0 -18"><span class='ocrx_word' id='word_1_324' title='bbox 519 2690 671 2738; x_wconf 89' lang='lat' dir='ltr'><strong>tanta</strong></span> <span class='ocrx_word' id='word_1_325' title='bbox 693 2683 1001 2754; x_wconf 89' lang='lat' dir='ltr'><strong>impuritate</strong></span> <span class='ocrx_word' id='word_1_326' title='bbox 1023 2685 1286 2739; x_wconf 78' lang='lat' dir='ltr'><strong>vivamus.</strong></span> <span class='ocrx_word' id='word_1_327' title='bbox 1312 2685 1496 2756; x_wconf 78' lang='lat' dir='ltr'><strong>itaque</strong></span> <span class='ocrx_word' id='word_1_328' title='bbox 1517 2686 1642 2755; x_wconf 91' lang='lat' dir='ltr'><strong>quia</strong></span> <span class='ocrx_word' id='word_1_329' title='bbox 1666 2686 1769 2742; x_wconf 91' lang='lat' dir='ltr'><strong>hoc</strong></span> <span class='ocrx_word' id='word_1_330' title='bbox 1790 2692 2106 2752; x_wconf 88' lang='lat' dir='ltr'><strong>argumento</strong></span> 
     </span>
    </p>
   </div>
   <div class='ocr_carea' id='block_1_41' title="bbox 519 2773 2107 2846">
    <p class='ocr_par' dir='ltr' id='par_1_41' title="bbox 519 2773 2107 2846">
     <span class='ocr_line' id='line_1_41' title="bbox 519 2773 2107 2846; baseline -0.001 -17"><span class='ocrx_word' id='word_1_331' title='bbox 519 2773 736 2844; x_wconf 86' lang='lat' dir='ltr'><strong>plurimi</strong></span> <span class='ocrx_word' id='word_1_332' title='bbox 769 2790 876 2830; x_wconf 92' lang='lat' dir='ltr'><strong>non</strong></span> <span class='ocrx_word' id='word_1_333' title='bbox 908 2774 1102 2846; x_wconf 88' lang='lat' dir='ltr'><strong>respici</strong></span> <span class='ocrx_word' id='word_1_334' title='bbox 1130 2790 1217 2830; x_wconf 89' lang='lat' dir='ltr'><strong>res</strong></span> <span class='ocrx_word' id='word_1_335' title='bbox 1239 2775 1500 2830; x_wconf 70' lang='lat' dir='ltr'><strong>humanas</strong></span> <span class='ocrx_word' id='word_1_336' title='bbox 1527 2791 1558 2830; x_wconf 93' lang='lat' dir='ltr'><strong>a</strong></span> <span class='ocrx_word' id='word_1_337' title='bbox 1588 2777 1700 2831; x_wconf 87' lang='lat' dir='ltr'><strong>Deo</strong></span> <span class='ocrx_word' id='word_1_338' title='bbox 1727 2776 1930 2841; x_wconf 88' lang='lat' dir='ltr'><strong>dicunt,</strong></span> <span class='ocrx_word' id='word_1_339' title='bbox 1963 2774 2107 2846; x_wconf 92' lang='lat' dir='ltr'><strong>quod</strong></span> 
     </span>
    </p>
   </div>
   <div class='ocr_carea' id='block_1_42' title="bbox 519 2865 2104 2937">
    <p class='ocr_par' dir='ltr' id='par_1_42' title="bbox 519 2865 2104 2937">
     <span class='ocr_line' id='line_1_42' title="bbox 519 2865 2104 2937; baseline 0.003 -17"><span class='ocrx_word' id='word_1_340' title='bbox 519 2865 732 2932; x_wconf 87' lang='lat' dir='ltr'><strong>miseri,</strong></span> <span class='ocrx_word' id='word_1_341' title='bbox 773 2866 918 2937; x_wconf 91' lang='lat' dir='ltr'><strong>quod</strong></span> <span class='ocrx_word' id='word_1_342' title='bbox 958 2867 1253 2922; x_wconf 89' lang='lat' dir='ltr'><strong>imbecilles</strong></span> <span class='ocrx_word' id='word_1_343' title='bbox 1292 2868 1486 2934; x_wconf 88' lang='lat' dir='ltr'><strong>simus,</strong></span> <span class='ocrx_word' id='word_1_344' title='bbox 1531 2867 1661 2937; x_wconf 89' lang='lat' dir='ltr'><strong>quid</strong></span> <span class='ocrx_word' id='word_1_345' title='bbox 1699 2872 2007 2923; x_wconf 86' lang='lat' dir='ltr'><strong>meremur?</strong></span> <span class='ocrx_word' id='word_1_346' title='bbox 2047 2871 2104 2925; x_wconf 89' lang='lat' dir='ltr'><strong>Si</strong></span> 
     </span>
    </p>
   </div>
   <div class='ocr_carea' id='block_1_43' title="bbox 468 2957 2102 3028">
    <p class='ocr_par' dir='ltr' id='par_1_43' title="bbox 468 2957 2102 3028">
     <span class='ocr_line' id='line_1_43' title="bbox 468 2957 2102 3028; baseline 0.001 -15"><span class='ocrx_word' id='word_1_347' title='bbox 468 2989 478 2998; x_wconf 85' lang='lat'><strong>-</strong></span> <span class='ocrx_word' id='word_1_348' title='bbox 518 2957 664 3013; x_wconf 88' lang='lat' dir='ltr'><strong>enim</strong></span> <span class='ocrx_word' id='word_1_349' title='bbox 695 2958 746 3011; x_wconf 91' lang='lat' dir='ltr'><strong>in</strong></span> <span class='ocrx_word' id='word_1_350' title='bbox 775 2958 942 3012; x_wconf 86' lang='lat' dir='ltr'><strong>tantis</strong></span> <span class='ocrx_word' id='word_1_351' title='bbox 968 2958 1141 3025; x_wconf 84' lang='lat' dir='ltr'><strong>vitiis,</strong></span> <span class='ocrx_word' id='word_1_352' title='bbox 1177 2959 1231 3012; x_wconf 89' lang='lat' dir='ltr'><strong>in</strong></span> <span class='ocrx_word' id='word_1_353' title='bbox 1278 2966 1429 3012; x_wconf 90' lang='lat' dir='ltr'><strong>tanta</strong></span> <span class='ocrx_word' id='word_1_354' title='bbox 1469 2959 1813 3028; x_wconf 89' lang='lat' dir='ltr'><strong>improbitate</strong></span> <span class='ocrx_word' id='word_1_355' title='bbox 1841 2959 2102 3025; x_wconf 82' lang='lat' dir='ltr'><strong>viventes,</strong></span> 
     </span>
    </p>
   </div>
   <div class='ocr_carea' id='block_1_44' title="bbox 519 3049 2103 3122">
    <p class='ocr_par' dir='ltr' id='par_1_44' title="bbox 519 3049 2103 3122">
     <span class='ocr_line' id='line_1_44' title="bbox 519 3049 2103 3122; baseline 0.002 -18"><span class='ocrx_word' id='word_1_356' title='bbox 519 3049 860 3116; x_wconf 88' lang='lat' dir='ltr'><strong>fortissimos,</strong></span> <span class='ocrx_word' id='word_1_357' title='bbox 889 3049 1301 3106; x_wconf 85' lang='lat' dir='ltr'><strong>florentissimos</strong></span> <span class='ocrx_word' id='word_1_358' title='bbox 1327 3051 1775 3122; x_wconf 89' lang='lat' dir='ltr'><strong>beatissimosque</strong></span> <span class='ocrx_word' id='word_1_359' title='bbox 1804 3067 1922 3106; x_wconf 90' lang='lat' dir='ltr'><strong>esse</strong></span> <span class='ocrx_word' id='word_1_360' title='bbox 1947 3061 2103 3122; x_wconf 87' lang='lat' dir='ltr'><strong>pate-</strong></span> 
     </span>
    </p>
   </div>
   <div class='ocr_carea' id='block_1_45' title="bbox 516 3143 2186 3226">
    <p class='ocr_par' dir='ltr' id='par_1_45' title="bbox 516 3143 2186 3226">
     <span class='ocr_line' id='line_1_45' title="bbox 516 3143 2186 3226; baseline 0.001 -27"><span class='ocrx_word' id='word_1_361' title='bbox 516 3149 688 3207; x_wconf 86' lang='lat' dir='ltr'><strong>retur,</strong></span> <span class='ocrx_word' id='word_1_362' title='bbox 713 3143 948 3215; x_wconf 90' lang='lat' dir='ltr'><strong>suspicio</strong></span> <span class='ocrx_word' id='word_1_363' title='bbox 975 3143 1205 3200; x_wconf 83' lang='lat' dir='ltr'><strong>fortasse</strong></span> <span class='ocrx_word' id='word_1_364' title='bbox 1227 3145 1407 3216; x_wconf 89' lang='lat' dir='ltr'><strong>aliqua</strong></span> <span class='ocrx_word' id='word_1_365' title='bbox 1434 3160 1555 3201; x_wconf 88' lang='lat' dir='ltr'><strong>esse</strong></span> <span class='ocrx_word' id='word_1_366' title='bbox 1580 3154 1795 3215; x_wconf 84' lang='lat' dir='ltr'><strong>poterat</strong></span> <span class='ocrx_word' id='word_1_367' title='bbox 1822 3146 1966 3215; x_wconf 90' lang='lat' dir='ltr'><strong>quod</strong></span> <span class='ocrx_word' id='word_1_368' title='bbox 1995 3162 2101 3200; x_wconf 93' lang='lat' dir='ltr'><strong>non</strong></span> <span class='ocrx_word' id='word_1_369' title='bbox 2125 3147 2186 3226; x_wconf 35' lang='grc' dir='ltr'>κζ</span> 
     </span>
    </p>
   </div>
   <div class='ocr_carea' id='block_1_46' title="bbox 2215 1937 3802 2026">
    <p class='ocr_par' dir='ltr' id='par_1_46' title="bbox 2215 1937 3802 2026">
     <span class='ocr_line' id='line_1_46' title="bbox 2215 1937 3802 2026; baseline 0.004 -20"><span class='ocrx_word' id='word_1_370' title='bbox 2215 1949 2549 2021; x_wconf 82' lang='lat' dir='ltr'><strong>professione</strong></span> <span class='ocrx_word' id='word_1_371' title='bbox 2569 1967 2874 2022; x_wconf 86' lang='lat' dir='ltr'><strong>peccamus.</strong></span> <span class='ocrx_word' id='word_1_372' title='bbox 2901 1951 3002 2007; x_wconf 88' lang='lat' dir='ltr'><strong>Ubi</strong></span> <span class='ocrx_word' id='word_1_373' title='bbox 3021 1953 3300 2008; x_wconf 87' lang='lat' dir='ltr'><strong>sublimior</strong></span> <span class='ocrx_word' id='word_1_374' title='bbox 3319 1962 3404 2010; x_wconf 88' lang='lat' dir='ltr'><strong>est</strong></span> <span class='ocrx_word' id='word_1_375' title='bbox 3421 1937 3802 2026; x_wconf 70' lang='lat' dir='ltr'><strong>praerogativa,</strong></span> 
     </span>
    </p>
   </div>
   <div class='ocr_carea' id='block_1_47' title="bbox 2215 2043 3803 2118">
    <p class='ocr_par' dir='ltr' id='par_1_47' title="bbox 2215 2043 3803 2118">
     <span class='ocr_line' id='line_1_47' title="bbox 2215 2043 3803 2118; baseline 0.005 -22"><span class='ocrx_word' id='word_1_376' title='bbox 2215 2046 2389 2111; x_wconf 88' lang='lat' dir='ltr'><strong>major</strong></span> <span class='ocrx_word' id='word_1_377' title='bbox 2417 2052 2499 2097; x_wconf 90' lang='lat' dir='ltr'><strong>est</strong></span> <span class='ocrx_word' id='word_1_378' title='bbox 2541 2044 2714 2114; x_wconf 91' lang='lat' dir='ltr'><strong>culpa.</strong></span> <span class='ocrx_word' id='word_1_379' title='bbox 2765 2043 2883 2113; x_wconf 83' lang='lat' dir='ltr'><strong>ipsa</strong></span> <span class='ocrx_word' id='word_1_380' title='bbox 2920 2045 3064 2099; x_wconf 88' lang='lat' dir='ltr'><strong>enim</strong></span> <span class='ocrx_word' id='word_1_381' title='bbox 3110 2059 3323 2100; x_wconf 87' lang='lat' dir='ltr'><strong>errores</strong></span> <span class='ocrx_word' id='word_1_382' title='bbox 3351 2054 3569 2103; x_wconf 89' lang='lat' dir='ltr'><strong>nostros</strong></span> <span class='ocrx_word' id='word_1_383' title='bbox 3612 2049 3803 2118; x_wconf 71' lang='lat' dir='ltr'><strong>religio</strong></span> 
     </span>
    </p>
   </div>
   <div class='ocr_carea' id='block_1_48' title="bbox 2213 2133 3801 2211">
    <p class='ocr_par' dir='ltr' id='par_1_48' title="bbox 2213 2133 3801 2211">
     <span class='ocr_line' id='line_1_48' title="bbox 2213 2133 3801 2211; baseline 0.004 -23"><span class='ocrx_word' id='word_1_384' title='bbox 2213 2149 2372 2203; x_wconf 89' lang='lat' dir='ltr'><strong>quam</strong></span> <span class='ocrx_word' id='word_1_385' title='bbox 2403 2134 2735 2204; x_wconf 83' lang='lat' dir='ltr'><strong>profitemur,</strong></span> <span class='ocrx_word' id='word_1_386' title='bbox 2776 2143 3014 2211; x_wconf 77' lang='lat' dir='ltr'><strong>accusat.</strong></span> <span class='ocrx_word' id='word_1_387' title='bbox 3047 2133 3400 2193; x_wconf 86' lang='lat' dir='ltr'><strong>Criminosior</strong></span> <span class='ocrx_word' id='word_1_388' title='bbox 3426 2146 3509 2193; x_wconf 90' lang='lat' dir='ltr'><strong>est</strong></span> <span class='ocrx_word' id='word_1_389' title='bbox 3550 2137 3668 2208; x_wconf 89' lang='lat' dir='ltr'><strong>ejus</strong></span> <span class='ocrx_word' id='word_1_390' title='bbox 3700 2139 3801 2195; x_wconf 79' lang='lat' dir='ltr'><strong>&#39;ln-</strong></span> 
     </span>
    </p>
   </div>
   <div class='ocr_carea' id='block_1_49' title="bbox 2214 2225 3804 2296">
    <p class='ocr_par' dir='ltr' id='par_1_49' title="bbox 2214 2225 3804 2296">
     <span class='ocr_line' id='line_1_49' title="bbox 2214 2225 3804 2296; baseline 0.004 -16"><span class='ocrx_word' id='word_1_391' title='bbox 2214 2225 2470 2294; x_wconf 87' lang='lat' dir='ltr'><strong>pudicitia</strong></span> <span class='ocrx_word' id='word_1_392' title='bbox 2490 2265 2504 2288; x_wconf 94' lang='lat'><strong>,</strong></span> <span class='ocrx_word' id='word_1_393' title='bbox 2545 2226 2637 2296; x_wconf 90' lang='lat' dir='ltr'><strong>qui</strong></span> <span class='ocrx_word' id='word_1_394' title='bbox 2667 2226 2976 2296; x_wconf 88' lang='lat' dir='ltr'><strong>promiserit</strong></span> <span class='ocrx_word' id='word_1_395' title='bbox 3015 2227 3337 2282; x_wconf 88' lang='lat' dir='ltr'><strong>castitatem.</strong></span> <span class='ocrx_word' id='word_1_396' title='bbox 3375 2239 3398 2266; x_wconf 76' lang='grc' dir='ltr'>ε</span> <span class='ocrx_word' id='word_1_397' title='bbox 3443 2229 3660 2286; x_wconf 60' lang='lat' dir='ltr'><strong>Fadius</strong></span> <span class='ocrx_word' id='word_1_398' title='bbox 3685 2231 3804 2287; x_wconf 82' lang='lat' dir='ltr'><strong>ine-</strong></span> 
     </span>
    </p>
   </div>
   <div class='ocr_carea' id='block_1_50' title="bbox 2212 2317 3806 2390">
    <p class='ocr_par' dir='ltr' id='par_1_50' title="bbox 2212 2317 3806 2390">
     <span class='ocr_line' id='line_1_50' title="bbox 2212 2317 3806 2390; baseline 0.006 -20"><span class='ocrx_word' id='word_1_399' title='bbox 2212 2317 2448 2382; x_wconf 90' lang='lat' dir='ltr'><strong>briatur,</strong></span> <span class='ocrx_word' id='word_1_400' title='bbox 2502 2317 2851 2373; x_wconf 86' lang='lat' dir='ltr'><strong>sobrietatem</strong></span> <span class='ocrx_word' id='word_1_401' title='bbox 2898 2317 3072 2373; x_wconf 88' lang='lat' dir='ltr'><strong>fronte</strong></span> <span class='ocrx_word' id='word_1_402' title='bbox 3117 2321 3473 2390; x_wconf 61' lang='lat' dir='ltr'><strong>pretendens.</strong></span> <span class='ocrx_word' id='word_1_403' title='bbox 3522 2321 3664 2376; x_wconf 84' lang='lat' dir='ltr'><strong>Nihil</strong></span> <span class='ocrx_word' id='word_1_404' title='bbox 3715 2330 3806 2380; x_wconf 84' lang='lat' dir='ltr'><strong>est</strong></span> 
     </span>
    </p>
   </div>
   <div class='ocr_carea' id='block_1_51' title="bbox 2212 2408 3803 2482">
    <p class='ocr_par' dir='ltr' id='par_1_51' title="bbox 2212 2408 3803 2482">
     <span class='ocr_line' id='line_1_51' title="bbox 2212 2408 3803 2482; baseline 0.005 -21"><span class='ocrx_word' id='word_1_405' title='bbox 2212 2409 2531 2478; x_wconf 89' lang='lat' dir='ltr'><strong>philosopho</strong></span> <span class='ocrx_word' id='word_1_406' title='bbox 2566 2410 2772 2478; x_wconf 90' lang='lat' dir='ltr'><strong>turpius</strong></span> <span class='ocrx_word' id='word_1_407' title='bbox 2801 2408 2928 2463; x_wconf 87' lang='lat' dir='ltr'><strong>vitia</strong></span> <span class='ocrx_word' id='word_1_408' title='bbox 2957 2409 3189 2465; x_wconf 83' lang='lat' dir='ltr'><strong>obscena</strong></span> <span class='ocrx_word' id='word_1_409' title='bbox 3215 2411 3460 2477; x_wconf 85' lang='lat' dir='ltr'><strong>sectanti,</strong></span> <span class='ocrx_word' id='word_1_410' title='bbox 3488 2412 3611 2480; x_wconf 85' lang='lat' dir='ltr'><strong>quia</strong></span> <span class='ocrx_word' id='word_1_411' title='bbox 3653 2426 3803 2482; x_wconf 57' lang='lat' dir='ltr'><strong>pre.</strong></span> 
     </span>
    </p>
   </div>
   <div class='ocr_carea' id='block_1_52' title="bbox 2213 2500 3804 2569">
    <p class='ocr_par' dir='ltr' id='par_1_52' title="bbox 2213 2500 3804 2569">
     <span class='ocr_line' id='line_1_52' title="bbox 2213 2500 3804 2569; baseline 0.003 -15"><span class='ocrx_word' id='word_1_412' title='bbox 2213 2509 2296 2555; x_wconf 89' lang='lat' dir='ltr'><strong>ter</strong></span> <span class='ocrx_word' id='word_1_413' title='bbox 2323 2515 2442 2555; x_wconf 92' lang='lat' dir='ltr'><strong>eam</strong></span> <span class='ocrx_word' id='word_1_414' title='bbox 2471 2500 2866 2555; x_wconf 80' lang='lat' dir='ltr'><strong>deformitatem</strong></span> <span class='ocrx_word' id='word_1_415' title='bbox 2893 2515 3055 2569; x_wconf 89' lang='lat' dir='ltr'><strong>quam</strong></span> <span class='ocrx_word' id='word_1_416' title='bbox 3082 2502 3212 2556; x_wconf 89' lang='lat' dir='ltr'><strong>vitia</strong></span> <span class='ocrx_word' id='word_1_417' title='bbox 3255 2503 3308 2556; x_wconf 92' lang='lat' dir='ltr'><strong>in</strong></span> <span class='ocrx_word' id='word_1_418' title='bbox 3355 2517 3414 2558; x_wconf 91' lang='lat' dir='ltr'><strong>se</strong></span> <span class='ocrx_word' id='word_1_419' title='bbox 3443 2501 3672 2569; x_wconf 83' lang='lat' dir='ltr'><strong>habent,</strong></span> <span class='ocrx_word' id='word_1_420' title='bbox 3715 2518 3804 2559; x_wconf 82' lang='lat' dir='ltr'><strong>sa-</strong></span> 
     </span>
    </p>
   </div>
   <div class='ocr_carea' id='block_1_53' title="bbox 2212 2590 3804 2662">
    <p class='ocr_par' dir='ltr' id='par_1_53' title="bbox 2212 2590 3804 2662">
     <span class='ocr_line' id='line_1_53' title="bbox 2212 2590 3804 2662; baseline 0.004 -16"><span class='ocrx_word' id='word_1_421' title='bbox 2212 2592 2425 2662; x_wconf 84' lang='lat' dir='ltr'><strong>pientiae</strong></span> <span class='ocrx_word' id='word_1_422' title='bbox 2461 2590 2479 2629; x_wconf 66' lang='grc' dir='ltr'><em>ε</em></span> <span class='ocrx_word' id='word_1_423' title='bbox 2504 2591 2722 2647; x_wconf 90' lang='lat' dir='ltr'><strong>nomine</strong></span> <span class='ocrx_word' id='word_1_424' title='bbox 2749 2591 2871 2661; x_wconf 91' lang='lat' dir='ltr'><strong>plus</strong></span> <span class='ocrx_word' id='word_1_425' title='bbox 2896 2600 3130 2648; x_wconf 86' lang='lat' dir='ltr'><strong>notatur.</strong></span> <span class='ocrx_word' id='word_1_426' title='bbox 3165 2591 3232 2647; x_wconf 83' lang='lat' dir='ltr'><strong>Et</strong></span> <span class='ocrx_word' id='word_1_427' title='bbox 3259 2607 3358 2648; x_wconf 90' lang='lat' dir='ltr'><strong>nos</strong></span> <span class='ocrx_word' id='word_1_428' title='bbox 3383 2593 3542 2661; x_wconf 87' lang='lat' dir='ltr'><strong>igitur</strong></span> <span class='ocrx_word' id='word_1_429' title='bbox 3571 2594 3626 2648; x_wconf 90' lang='lat' dir='ltr'><strong>in</strong></span> <span class='ocrx_word' id='word_1_430' title='bbox 3655 2595 3804 2652; x_wconf 73' lang='grc' dir='ltr'><strong>οωι</strong></span> 
     </span>
    </p>
   </div>
   <div class='ocr_carea' id='block_1_54' title="bbox 2212 2681 3804 2755">
    <p class='ocr_par' dir='ltr' id='par_1_54' title="bbox 2212 2681 3804 2755">
     <span class='ocr_line' id='line_1_54' title="bbox 2212 2681 3804 2755; baseline 0.005 -19"><span class='ocrx_word' id='word_1_431' title='bbox 2212 2683 2448 2737; x_wconf 88' lang='lat' dir='ltr'><strong>humano</strong></span> <span class='ocrx_word' id='word_1_432' title='bbox 2495 2697 2692 2750; x_wconf 88' lang='lat' dir='ltr'><strong>genere</strong></span> <span class='ocrx_word' id='word_1_433' title='bbox 2733 2681 3124 2752; x_wconf 88' lang='lat' dir='ltr'><strong>philosophiam</strong></span> <span class='ocrx_word' id='word_1_434' title='bbox 3166 2681 3526 2742; x_wconf 86' lang='lat' dir='ltr'><strong>Christianam</strong></span> <span class='ocrx_word' id='word_1_435' title='bbox 3572 2685 3804 2755; x_wconf 76' lang='lat' dir='ltr'><strong>professi</strong></span> 
     </span>
    </p>
   </div>
   <div class='ocr_carea' id='block_1_55' title="bbox 2212 2775 3802 2847">
    <p class='ocr_par' dir='ltr' id='par_1_55' title="bbox 2212 2775 3802 2847">
     <span class='ocr_line' id='line_1_55' title="bbox 2212 2775 3802 2847; baseline 0.003 -17"><span class='ocrx_word' id='word_1_436' title='bbox 2212 2793 2396 2831; x_wconf 82' lang='lat' dir='ltr'><strong>sumus</strong></span> <span class='ocrx_word' id='word_1_437' title='bbox 2419 2815 2434 2841; x_wconf 97' lang='lat'><strong>,</strong></span> <span class='ocrx_word' id='word_1_438' title='bbox 2470 2791 2534 2832; x_wconf 90' lang='lat' dir='ltr'><strong>ac</strong></span> <span class='ocrx_word' id='word_1_439' title='bbox 2559 2791 2656 2846; x_wconf 90' lang='lat' dir='ltr'><strong>per</strong></span> <span class='ocrx_word' id='word_1_440' title='bbox 2696 2777 2799 2832; x_wconf 89' lang='lat' dir='ltr'><strong>hoc</strong></span> <span class='ocrx_word' id='word_1_441' title='bbox 2836 2775 3136 2833; x_wconf 86' lang='lat' dir='ltr'><strong>deteriores</strong></span> <span class='ocrx_word' id='word_1_442' title='bbox 3163 2791 3263 2833; x_wconf 89' lang='lat' dir='ltr'><strong>nos</strong></span> <span class='ocrx_word' id='word_1_443' title='bbox 3303 2778 3510 2834; x_wconf 89' lang='lat' dir='ltr'><strong>cunctis</strong></span> <span class='ocrx_word' id='word_1_444' title='bbox 3550 2779 3802 2847; x_wconf 65' lang='lat' dir='ltr'><strong>gentibts</strong></span> 
     </span>
    </p>
   </div>
   <div class='ocr_carea' id='block_1_56' title="bbox 2212 2868 3803 2940">
    <p class='ocr_par' dir='ltr' id='par_1_56' title="bbox 2212 2868 3803 2940">
     <span class='ocr_line' id='line_1_56' title="bbox 2212 2868 3803 2940; baseline 0.004 -18"><span class='ocrx_word' id='word_1_445' title='bbox 2212 2869 2357 2923; x_wconf 89' lang='lat' dir='ltr'><strong>credi</strong></span> <span class='ocrx_word' id='word_1_446' title='bbox 2393 2877 2554 2938; x_wconf 89' lang='lat' dir='ltr'><strong>atque</strong></span> <span class='ocrx_word' id='word_1_447' title='bbox 2583 2868 2770 2923; x_wconf 89' lang='lat' dir='ltr'><strong>haberi</strong></span> <span class='ocrx_word' id='word_1_448' title='bbox 2801 2883 3023 2924; x_wconf 88' lang='lat' dir='ltr'><strong>necesse</strong></span> <span class='ocrx_word' id='word_1_449' title='bbox 3051 2879 3152 2935; x_wconf 89' lang='lat' dir='ltr'><strong>est,</strong></span> <span class='ocrx_word' id='word_1_450' title='bbox 3183 2871 3308 2940; x_wconf 81' lang='lat' dir='ltr'><strong>quia</strong></span> <span class='ocrx_word' id='word_1_451' title='bbox 3335 2871 3434 2926; x_wconf 91' lang='lat' dir='ltr'><strong>sub</strong></span> <span class='ocrx_word' id='word_1_452' title='bbox 3455 2878 3566 2926; x_wconf 89' lang='lat' dir='ltr'><strong>tam</strong></span> <span class='ocrx_word' id='word_1_453' title='bbox 3594 2885 3803 2940; x_wconf 69' lang='lat' dir='ltr'><strong>magna</strong></span> 
     </span>
    </p>
   </div>
   <div class='ocr_carea' id='block_1_57' title="bbox 2213 2959 3802 3032">
    <p class='ocr_par' dir='ltr' id='par_1_57' title="bbox 2213 2959 3802 3032">
     <span class='ocr_line' id='line_1_57' title="bbox 2213 2959 3802 3032; baseline 0.004 -18"><span class='ocrx_word' id='word_1_454' title='bbox 2213 2959 2564 3030; x_wconf 82' lang='lat' dir='ltr'><strong>professionis</strong></span> <span class='ocrx_word' id='word_1_455' title='bbox 2609 2960 2828 3015; x_wconf 90' lang='lat' dir='ltr'><strong>nomine</strong></span> <span class='ocrx_word' id='word_1_456' title='bbox 2867 2961 3125 3027; x_wconf 88' lang='lat' dir='ltr'><strong>vivimus,</strong></span> <span class='ocrx_word' id='word_1_457' title='bbox 3158 2969 3214 3017; x_wconf 92' lang='lat' dir='ltr'><strong>et</strong></span> <span class='ocrx_word' id='word_1_458' title='bbox 3255 2962 3416 3032; x_wconf 80' lang='lat' dir='ltr'><strong>positi</strong></span> <span class='ocrx_word' id='word_1_459' title='bbox 3456 2963 3510 3016; x_wconf 90' lang='lat' dir='ltr'><strong>in</strong></span> <span class='ocrx_word' id='word_1_460' title='bbox 3537 2963 3802 3032; x_wconf 76' lang='lat' dir='ltr'><strong>religione</strong></span> 
     </span>
    </p>
   </div>
   <div class='ocr_carea' id='block_1_58' title="bbox 2209 3067 2510 3122">
    <p class='ocr_par' dir='ltr' id='par_1_58' title="bbox 2209 3067 2510 3122">
     <span class='ocr_line' id='line_1_58' title="bbox 2209 3067 2510 3122; baseline -0.007 -14"><span class='ocrx_word' id='word_1_461' title='bbox 2209 3067 2510 3122; x_wconf 87' lang='lat' dir='ltr'><strong>peccamus.</strong></span> 
     </span>
    </p>
   </div>
   <div class='ocr_carea' id='block_1_59' title="bbox 2282 3141 3798 3213">
    <p class='ocr_par' dir='ltr' id='par_1_59' title="bbox 2282 3141 3798 3213">
     <span class='ocr_line' id='line_1_59' title="bbox 2282 3141 3798 3213; baseline 0.004 -18"><span class='ocrx_word' id='word_1_462' title='bbox 2282 3142 2414 3196; x_wconf 78' lang='lat' dir='ltr'><strong>Xlll.</strong></span> <span class='ocrx_word' id='word_1_463' title='bbox 2448 3141 2554 3197; x_wconf 85' lang='lat' dir='ltr'><strong>Sed</strong></span> <span class='ocrx_word' id='word_1_464' title='bbox 2584 3143 2698 3198; x_wconf 86' lang='lat' dir='ltr'><strong>scio</strong></span> <span class='ocrx_word' id='word_1_465' title='bbox 2722 3143 2968 3213; x_wconf 88' lang='lat' dir='ltr'><strong>plurimis</strong></span> <span class='ocrx_word' id='word_1_466' title='bbox 2995 3142 3333 3199; x_wconf 85' lang='lat' dir='ltr'><strong>intolerabile</strong></span> <span class='ocrx_word' id='word_1_467' title='bbox 3368 3144 3560 3210; x_wconf 89' lang='lat' dir='ltr'><strong>videri,</strong></span> <span class='ocrx_word' id='word_1_468' title='bbox 3601 3145 3648 3200; x_wconf 89' lang='lat' dir='ltr'><strong>si</strong></span> <span class='ocrx_word' id='word_1_469' title='bbox 3674 3145 3798 3201; x_wconf 59' lang='lat' dir='ltr'><strong>barb</strong></span> 
     </span>
    </p>
   </div>
   <div class='ocr_carea' id='block_1_60' title="bbox 517 3225 3795 3308">
    <p class='ocr_par' dir='ltr' id='par_1_60' title="bbox 517 3225 3795 3308">
     <span class='ocr_line' id='line_1_60' title="bbox 517 3225 3795 3308; baseline 0.001 -18"><span class='ocrx_word' id='word_1_470' title='bbox 517 3235 816 3306; x_wconf 88' lang='lat' dir='ltr'><strong>respiceret</strong></span> <span class='ocrx_word' id='word_1_471' title='bbox 862 3236 1066 3291; x_wconf 88' lang='lat' dir='ltr'><strong>scelera</strong></span> <span class='ocrx_word' id='word_1_472' title='bbox 1107 3234 1473 3292; x_wconf 79' lang='lat' dir='ltr'><strong>Romanorum</strong></span> <span class='ocrx_word' id='word_1_473' title='bbox 1502 3237 1643 3292; x_wconf 87' lang='lat' dir='ltr'><strong>Deus</strong></span> <span class='ocrx_word' id='word_1_474' title='bbox 1665 3278 1679 3303; x_wconf 94' lang='lat'><strong>,</strong></span> <span class='ocrx_word' id='word_1_475' title='bbox 1712 3237 1805 3308; x_wconf 92' lang='lat' dir='ltr'><strong>qui</strong></span> <span class='ocrx_word' id='word_1_476' title='bbox 1844 3244 1952 3291; x_wconf 89' lang='lat' dir='ltr'><strong>tam</strong></span> <span class='ocrx_word' id='word_1_477' title='bbox 1987 3253 2104 3293; x_wconf 87' lang='lat' dir='ltr'><strong>ma—</strong></span> <span class='ocrx_word' id='word_1_478' title='bbox 2209 3234 2352 3288; x_wconf 88' lang='lat' dir='ltr'><strong>baris</strong></span> <span class='ocrx_word' id='word_1_479' title='bbox 2377 3234 2676 3289; x_wconf 89' lang='lat' dir='ltr'><strong>deteriores</strong></span> <span class='ocrx_word' id='word_1_480' title='bbox 2704 3249 2823 3290; x_wconf 90' lang='lat' dir='ltr'><strong>esse</strong></span> <span class='ocrx_word' id='word_1_481' title='bbox 2850 3234 3110 3290; x_wconf 88' lang='lat' dir='ltr'><strong>dicamur.</strong></span> <span class='ocrx_word' id='word_1_482' title='bbox 3142 3233 3212 3289; x_wconf 85' lang='lat' dir='ltr'><strong>Et</strong></span> <span class='ocrx_word' id='word_1_483' title='bbox 3235 3234 3365 3304; x_wconf 88' lang='lat' dir='ltr'><strong>quid</strong></span> <span class='ocrx_word' id='word_1_484' title='bbox 3391 3234 3618 3291; x_wconf 80' lang='lat' dir='ltr'><strong>facimus</strong></span> <span class='ocrx_word' id='word_1_485' title='bbox 3648 3235 3795 3305; x_wconf 81' lang='lat' dir='ltr'><strong>quod</strong></span> 
     </span>
    </p>
   </div>
   <div class='ocr_carea' id='block_1_61' title="bbox 517 3325 2108 3399">
    <p class='ocr_par' dir='ltr' id='par_1_61' title="bbox 517 3325 2108 3399">
     <span class='ocr_line' id='line_1_61' title="bbox 517 3325 2108 3399; baseline 0.003 -19"><span class='ocrx_word' id='word_1_486' title='bbox 517 3325 619 3392; x_wconf 89' lang='lat' dir='ltr'><strong>los,</strong></span> <span class='ocrx_word' id='word_1_487' title='bbox 653 3335 763 3381; x_wconf 91' lang='lat' dir='ltr'><strong>tam</strong></span> <span class='ocrx_word' id='word_1_488' title='bbox 807 3326 1076 3399; x_wconf 77' lang='lat' dir='ltr'><strong>perditos,</strong></span> <span class='ocrx_word' id='word_1_489' title='bbox 1114 3329 1303 3384; x_wconf 91' lang='lat' dir='ltr'><strong>beatos</strong></span> <span class='ocrx_word' id='word_1_490' title='bbox 1331 3343 1452 3383; x_wconf 88' lang='lat' dir='ltr'><strong>esse</strong></span> <span class='ocrx_word' id='word_1_491' title='bbox 1479 3337 1773 3398; x_wconf 89' lang='lat' dir='ltr'><strong>pateretur.</strong></span> <span class='ocrx_word' id='word_1_492' title='bbox 1803 3328 1939 3383; x_wconf 90' lang='lat' dir='ltr'><strong>Cum</strong></span> <span class='ocrx_word' id='word_1_493' title='bbox 1974 3346 2108 3385; x_wconf 87' lang='lat' dir='ltr'><strong>vero</strong></span> 
     </span>
    </p>
   </div>
   <div class='ocr_carea' id='block_1_62' title="bbox 517 3420 2080 3492">
    <p class='ocr_par' dir='ltr' id='par_1_62' title="bbox 517 3420 2080 3492">
     <span class='ocr_line' id='line_1_62' title="bbox 517 3420 2080 3492; baseline 0.002 -16"><span class='ocrx_word' id='word_1_494' title='bbox 517 3428 626 3476; x_wconf 90' lang='lat' dir='ltr'><strong>tam</strong></span> <span class='ocrx_word' id='word_1_495' title='bbox 655 3420 880 3477; x_wconf 82' lang='lat' dir='ltr'><strong>vitiosos</strong></span> <span class='ocrx_word' id='word_1_496' title='bbox 898 3462 914 3488; x_wconf 95' lang='lat'><strong>,</strong></span> <span class='ocrx_word' id='word_1_497' title='bbox 946 3428 1056 3476; x_wconf 91' lang='lat' dir='ltr'><strong>tam</strong></span> <span class='ocrx_word' id='word_1_498' title='bbox 1086 3422 1382 3492; x_wconf 89' lang='lat' dir='ltr'><strong>improbos,</strong></span> <span class='ocrx_word' id='word_1_499' title='bbox 1414 3422 1655 3492; x_wconf 79' lang='lat' dir='ltr'><strong>infirmos</strong></span> <span class='ocrx_word' id='word_1_500' title='bbox 1692 3432 1748 3478; x_wconf 93' lang='lat' dir='ltr'><strong>et</strong></span> <span class='ocrx_word' id='word_1_501' title='bbox 1776 3425 2080 3479; x_wconf 77' lang='lat' dir='ltr'><strong>miserrima</strong></span> 
     </span>
    </p>
   </div>
   <div class='ocr_carea' id='block_1_63' title="bbox 517 3513 2107 3586">
    <p class='ocr_par' dir='ltr' id='par_1_63' title="bbox 517 3513 2107 3586">
     <span class='ocr_line' id='line_1_63' title="bbox 517 3513 2107 3586; baseline 0.003 -19"><span class='ocrx_word' id='word_1_502' title='bbox 517 3526 637 3568; x_wconf 89' lang='lat' dir='ltr'><strong>esse</strong></span> <span class='ocrx_word' id='word_1_503' title='bbox 655 3513 862 3582; x_wconf 86' lang='lat' dir='ltr'><strong>iubeat,</strong></span> <span class='ocrx_word' id='word_1_504' title='bbox 893 3514 1296 3570; x_wconf 90' lang='lat' dir='ltr'><strong>evidentissime</strong></span> <span class='ocrx_word' id='word_1_505' title='bbox 1323 3522 1493 3585; x_wconf 87' lang='lat' dir='ltr'><strong>patet,</strong></span> <span class='ocrx_word' id='word_1_506' title='bbox 1527 3523 1583 3570; x_wconf 87' lang='lat' dir='ltr'><strong>et</strong></span> <span class='ocrx_word' id='word_1_507' title='bbox 1611 3517 1776 3586; x_wconf 87' lang='lat' dir='ltr'><strong>aspici</strong></span> <span class='ocrx_word' id='word_1_508' title='bbox 1804 3531 1906 3571; x_wconf 89' lang='lat' dir='ltr'><strong>nos</strong></span> <span class='ocrx_word' id='word_1_509' title='bbox 1931 3531 1962 3571; x_wconf 93' lang='lat' dir='ltr'><strong>a</strong></span> <span class='ocrx_word' id='word_1_510' title='bbox 1990 3517 2107 3572; x_wconf 85' lang='lat' dir='ltr'><strong>Deo</strong></span> 
     </span>
    </p>
   </div>
   <div class='ocr_carea' id='block_1_64' title="bbox 403 3598 2103 3683">
    <p class='ocr_par' dir='ltr' id='par_1_64' title="bbox 403 3598 2103 3683">
     <span class='ocr_line' id='line_1_64' title="bbox 403 3598 2103 3683; baseline 0.004 -24"><span class='ocrx_word' id='word_1_511' title='bbox 403 3677 412 3683; x_wconf 27' lang='grc' dir='ltr'><strong>ν</strong></span> <span class='ocrx_word' id='word_1_512' title='bbox 518 3614 577 3660; x_wconf 86' lang='lat' dir='ltr'><strong>et</strong></span> <span class='ocrx_word' id='word_1_513' title='bbox 616 3603 841 3673; x_wconf 87' lang='lat' dir='ltr'><strong>iudicari</strong></span> <span class='ocrx_word' id='word_1_514' title='bbox 866 3646 882 3672; x_wconf 94' lang='lat'><strong>,</strong></span> <span class='ocrx_word' id='word_1_515' title='bbox 924 3608 1048 3677; x_wconf 88' lang='lat' dir='ltr'><strong>quia</strong></span> <span class='ocrx_word' id='word_1_516' title='bbox 1077 3608 1184 3662; x_wconf 88' lang='lat' dir='ltr'><strong>hoc</strong></span> <span class='ocrx_word' id='word_1_517' title='bbox 1222 3598 1456 3677; x_wconf 60' lang='lat' dir='ltr'><strong>pati‘mur</strong></span> <span class='ocrx_word' id='word_1_518' title='bbox 1493 3610 1638 3677; x_wconf 90' lang='lat' dir='ltr'><strong>quod</strong></span> <span class='ocrx_word' id='word_1_519' title='bbox 1677 3623 1965 3665; x_wconf 89' lang='lat' dir='ltr'><strong>meremur.</strong></span> <span class='ocrx_word' id='word_1_520' title='bbox 1997 3610 2103 3665; x_wconf 90' lang='lat' dir='ltr'><strong>Sed</strong></span> 
     </span>
    </p>
   </div>
   <div class='ocr_carea' id='block_1_65' title="bbox 521 3695 2104 3768">
    <p class='ocr_par' dir='ltr' id='par_1_65' title="bbox 521 3695 2104 3768">
     <span class='ocr_line' id='line_1_65' title="bbox 521 3695 2104 3768; baseline 0.004 -18"><span class='ocrx_word' id='word_1_521' title='bbox 521 3695 715 3750; x_wconf 88' lang='lat' dir='ltr'><strong>mereri</strong></span> <span class='ocrx_word' id='word_1_522' title='bbox 757 3707 857 3750; x_wconf 87' lang='lat' dir='ltr'><strong>nos</strong></span> <span class='ocrx_word' id='word_1_523' title='bbox 883 3696 1086 3766; x_wconf 84' lang='lat' dir='ltr'><strong>absque</strong></span> <span class='ocrx_word' id='word_1_524' title='bbox 1110 3697 1273 3752; x_wconf 90' lang='lat' dir='ltr'><strong>dubio</strong></span> <span class='ocrx_word' id='word_1_525' title='bbox 1307 3713 1414 3752; x_wconf 92' lang='lat' dir='ltr'><strong>non</strong></span> <span class='ocrx_word' id='word_1_526' title='bbox 1458 3707 1746 3768; x_wconf 90' lang='lat' dir='ltr'><strong>putamus;</strong></span> <span class='ocrx_word' id='word_1_527' title='bbox 1779 3711 1833 3755; x_wconf 89' lang='lat' dir='ltr'><strong>et</strong></span> <span class='ocrx_word' id='word_1_528' title='bbox 1868 3702 1994 3756; x_wconf 87' lang='lat' dir='ltr'><strong>hinc</strong></span> <span class='ocrx_word' id='word_1_529' title='bbox 2022 3711 2104 3757; x_wconf 90' lang='lat' dir='ltr'><strong>est</strong></span> 
     </span>
    </p>
   </div>
   <div class='ocr_carea' id='block_1_66' title="bbox 519 3789 2108 3864">
    <p class='ocr_par' dir='ltr' id='par_1_66' title="bbox 519 3789 2108 3864">
     <span class='ocr_line' id='line_1_66' title="bbox 519 3789 2108 3864; baseline 0.004 -22"><span class='ocrx_word' id='word_1_530' title='bbox 519 3789 663 3860; x_wconf 86' lang='lat' dir='ltr'><strong>quod</strong></span> <span class='ocrx_word' id='word_1_531' title='bbox 685 3789 856 3859; x_wconf 86' lang='lat' dir='ltr'><strong>magis</strong></span> <span class='ocrx_word' id='word_1_532' title='bbox 887 3792 965 3846; x_wconf 89' lang='lat' dir='ltr'><strong>rei</strong></span> <span class='ocrx_word' id='word_1_533' title='bbox 997 3797 1051 3846; x_wconf 90' lang='lat' dir='ltr'><strong>et</strong></span> <span class='ocrx_word' id='word_1_534' title='bbox 1080 3792 1353 3846; x_wconf 91' lang='lat' dir='ltr'><strong>criminosi</strong></span> <span class='ocrx_word' id='word_1_535' title='bbox 1381 3807 1583 3859; x_wconf 90' lang='lat' dir='ltr'><strong>sumus,</strong></span> <span class='ocrx_word' id='word_1_536' title='bbox 1622 3795 1744 3864; x_wconf 90' lang='lat' dir='ltr'><strong>quia</strong></span> <span class='ocrx_word' id='word_1_537' title='bbox 1793 3811 1899 3849; x_wconf 82' lang='lat' dir='ltr'><strong>non</strong></span> <span class='ocrx_word' id='word_1_538' title='bbox 1942 3810 2108 3864; x_wconf 83' lang='lat' dir='ltr'><strong>agno-</strong></span> 
     </span>
    </p>
   </div>
   <div class='ocr_carea' id='block_1_67' title="bbox 524 3879 2109 3954">
    <p class='ocr_par' dir='ltr' id='par_1_67' title="bbox 524 3879 2109 3954">
     <span class='ocr_line' id='line_1_67' title="bbox 524 3879 2109 3954; baseline 0.004 -20"><span class='ocrx_word' id='word_1_539' title='bbox 524 3879 722 3936; x_wconf 88' lang='lat' dir='ltr'><strong>scimus</strong></span> <span class='ocrx_word' id='word_1_540' title='bbox 769 3881 914 3952; x_wconf 90' lang='lat' dir='ltr'><strong>quod</strong></span> <span class='ocrx_word' id='word_1_541' title='bbox 953 3897 1241 3938; x_wconf 90' lang='lat' dir='ltr'><strong>meremur.</strong></span> <span class='ocrx_word' id='word_1_542' title='bbox 1285 3882 1516 3937; x_wconf 82' lang='lat' dir='ltr'><strong>Maxima</strong></span> <span class='ocrx_word' id='word_1_543' title='bbox 1562 3885 1760 3954; x_wconf 89' lang='lat' dir='ltr'><strong>quippe</strong></span> <span class='ocrx_word' id='word_1_544' title='bbox 1808 3886 2109 3940; x_wconf 84' lang='lat' dir='ltr'><strong>accusatrix</strong></span> 
     </span>
    </p>
   </div>
   <div class='ocr_carea' id='block_1_68' title="bbox 523 3972 2110 4045">
    <p class='ocr_par' dir='ltr' id='par_1_68' title="bbox 523 3972 2110 4045">
     <span class='ocr_line' id='line_1_68' title="bbox 523 3972 2110 4045; baseline 0.003 -18"><span class='ocrx_word' id='word_1_545' title='bbox 523 3972 803 4027; x_wconf 87' lang='lat' dir='ltr'><strong>hominum</strong></span> <span class='ocrx_word' id='word_1_546' title='bbox 834 3974 1120 4028; x_wconf 85' lang='lat' dir='ltr'><strong>noxiorum</strong></span> <span class='ocrx_word' id='word_1_547' title='bbox 1147 3982 1229 4030; x_wconf 85' lang='lat' dir='ltr'><strong>est</strong></span> <span class='ocrx_word' id='word_1_548' title='bbox 1258 3975 1566 4045; x_wconf 80' lang='lat' dir='ltr'><strong>usurpatrix</strong></span> <span class='ocrx_word' id='word_1_549' title='bbox 1595 3977 1914 4031; x_wconf 73' lang='lat' dir='ltr'><strong>innocentiae</strong></span> <span class='ocrx_word' id='word_1_550' title='bbox 1958 3993 2110 4032; x_wconf 90' lang='lat' dir='ltr'><strong>arro-</strong></span> 
     </span>
    </p>
   </div>
   <div class='ocr_carea' id='block_1_69' title="bbox 521 4058 2106 4138">
    <p class='ocr_par' dir='ltr' id='par_1_69' title="bbox 521 4058 2106 4138">
     <span class='ocr_line' id='line_1_69' title="bbox 521 4058 2106 4138; baseline 0.004 -19"><span class='ocrx_word' id='word_1_551' title='bbox 521 4066 722 4135; x_wconf 86' lang='lat' dir='ltr'><strong>gantia.</strong></span> <span class='ocrx_word' id='word_1_552' title='bbox 765 4066 911 4121; x_wconf 91' lang='lat' dir='ltr'><strong>lnter</strong></span> <span class='ocrx_word' id='word_1_553' title='bbox 935 4067 1134 4122; x_wconf 88' lang='lat' dir='ltr'><strong>multos</strong></span> <span class='ocrx_word' id='word_1_554' title='bbox 1170 4058 1437 4138; x_wconf 77' lang='lat' dir='ltr'><strong>siquidem</strong></span> <span class='ocrx_word' id='word_1_555' title='bbox 1467 4069 1781 4124; x_wconf 89' lang='lat' dir='ltr'><strong>eorumdem</strong></span> <span class='ocrx_word' id='word_1_556' title='bbox 1821 4071 2106 4125; x_wconf 90' lang='lat' dir='ltr'><strong>criminum</strong></span> 
     </span>
    </p>
   </div>
   <div class='ocr_carea' id='block_1_70' title="bbox 519 4156 2100 4230">
    <p class='ocr_par' dir='ltr' id='par_1_70' title="bbox 519 4156 2100 4230">
     <span class='ocr_line' id='line_1_70' title="bbox 519 4156 2100 4230; baseline 0.003 -18"><span class='ocrx_word' id='word_1_557' title='bbox 519 4167 643 4212; x_wconf 81' lang='lat' dir='ltr'><strong>reos</strong></span> <span class='ocrx_word' id='word_1_558' title='bbox 687 4156 866 4210; x_wconf 88' lang='lat' dir='ltr'><strong>nullus</strong></span> <span class='ocrx_word' id='word_1_559' title='bbox 894 4164 977 4211; x_wconf 90' lang='lat' dir='ltr'><strong>est</strong></span> <span class='ocrx_word' id='word_1_560' title='bbox 1005 4159 1344 4213; x_wconf 87' lang='lat' dir='ltr'><strong>criminosior</strong></span> <span class='ocrx_word' id='word_1_561' title='bbox 1383 4174 1546 4227; x_wconf 89' lang='lat' dir='ltr'><strong>quam</strong></span> <span class='ocrx_word' id='word_1_562' title='bbox 1587 4162 1766 4229; x_wconf 84' lang='lat' dir='ltr'><strong>quise</strong></span> <span class='ocrx_word' id='word_1_563' title='bbox 1812 4169 1964 4230; x_wconf 89' lang='lat' dir='ltr'><strong>putat</strong></span> <span class='ocrx_word' id='word_1_564' title='bbox 1991 4177 2100 4216; x_wconf 90' lang='lat' dir='ltr'><strong>non</strong></span> 
     </span>
    </p>
   </div>
   <div class='ocr_carea' id='block_1_71' title="bbox 520 4246 2102 4319">
    <p class='ocr_par' dir='ltr' id='par_1_71' title="bbox 520 4246 2102 4319">
     <span class='ocr_line' id='line_1_71' title="bbox 520 4246 2102 4319; baseline 0.002 -14"><span class='ocrx_word' id='word_1_565' title='bbox 520 4246 887 4305; x_wconf 86' lang='lat' dir='ltr'><strong>criminosum.</strong></span> <span class='ocrx_word' id='word_1_566' title='bbox 917 4247 1106 4319; x_wconf 87' lang='lat' dir='ltr'><strong>Itaque</strong></span> <span class='ocrx_word' id='word_1_567' title='bbox 1136 4257 1191 4304; x_wconf 90' lang='lat' dir='ltr'><strong>et</strong></span> <span class='ocrx_word' id='word_1_568' title='bbox 1219 4265 1318 4305; x_wconf 85' lang='lat' dir='ltr'><strong>nos</strong></span> <span class='ocrx_word' id='word_1_569' title='bbox 1363 4252 1466 4305; x_wconf 93' lang='lat' dir='ltr'><strong>hoc</strong></span> <span class='ocrx_word' id='word_1_570' title='bbox 1495 4252 1666 4306; x_wconf 90' lang='lat' dir='ltr'><strong>solum</strong></span> <span class='ocrx_word' id='word_1_571' title='bbox 1709 4254 1865 4306; x_wconf 88' lang='lat' dir='ltr'><strong>malis</strong></span> <span class='ocrx_word' id='word_1_572' title='bbox 1903 4256 2102 4309; x_wconf 84' lang='lat' dir='ltr'><strong>nostris</strong></span> 
     </span>
    </p>
   </div>
   <div class='ocr_carea' id='block_1_72' title="bbox 520 4339 2104 4417">
    <p class='ocr_par' dir='ltr' id='par_1_72' title="bbox 520 4339 2104 4417">
     <span class='ocr_line' id='line_1_72' title="bbox 520 4339 2104 4417; baseline 0.002 -22"><span class='ocrx_word' id='word_1_573' title='bbox 520 4339 720 4396; x_wconf 87' lang='lat' dir='ltr'><strong>addere</strong></span> <span class='ocrx_word' id='word_1_574' title='bbox 747 4355 1069 4410; x_wconf 88' lang='lat' dir='ltr'><strong>possumus,</strong></span> <span class='ocrx_word' id='word_1_575' title='bbox 1113 4349 1174 4397; x_wconf 88' lang='lat' dir='ltr'><strong>ut</strong></span> <span class='ocrx_word' id='word_1_576' title='bbox 1219 4357 1317 4398; x_wconf 90' lang='lat' dir='ltr'><strong>nos</strong></span> <span class='ocrx_word' id='word_1_577' title='bbox 1347 4343 1595 4399; x_wconf 84' lang='lat' dir='ltr'><strong>innoxios</strong></span> <span class='ocrx_word' id='word_1_578' title='bbox 1636 4344 1952 4413; x_wconf 87' lang='lat' dir='ltr'><strong>iudicemus.</strong></span> <span class='ocrx_word' id='word_1_579' title='bbox 1995 4347 2104 4417; x_wconf 78' lang='lat'><strong>79</strong></span> 
     </span>
    </p>
   </div>
   <div class='ocr_carea' id='block_1_73' title="bbox 519 4429 2102 4509">
    <p class='ocr_par' dir='ltr' id='par_1_73' title="bbox 519 4429 2102 4509">
     <span class='ocr_line' id='line_1_73' title="bbox 519 4429 2102 4509; baseline 0.004 -23"><span class='ocrx_word' id='word_1_580' title='bbox 519 4429 632 4487; x_wconf 87' lang='lat' dir='ltr'><strong>Sed</strong></span> <span class='ocrx_word' id='word_1_581' title='bbox 659 4439 777 4488; x_wconf 88' lang='lat' dir='ltr'><strong>esto</strong></span> <span class='ocrx_word' id='word_1_582' title='bbox 809 4433 1004 4506; x_wconf 88' lang='lat' dir='ltr'><strong>(inquit</strong></span> <span class='ocrx_word' id='word_1_583' title='bbox 1031 4433 1223 4506; x_wconf 87' lang='lat' dir='ltr'><strong>aliquis</strong></span> <span class='ocrx_word' id='word_1_584' title='bbox 1249 4444 1507 4506; x_wconf 85' lang='lat' dir='ltr'><strong>peccator</strong></span> <span class='ocrx_word' id='word_1_585' title='bbox 1534 4443 1589 4490; x_wconf 90' lang='lat' dir='ltr'><strong>et</strong></span> <span class='ocrx_word' id='word_1_586' title='bbox 1615 4435 1643 4474; x_wconf 72' lang='grc' dir='ltr'>δ</span> <span class='ocrx_word' id='word_1_587' title='bbox 1665 4436 2102 4509; x_wconf 83' lang='lat' dir='ltr'><strong>malignissimus)</strong></span> 
     </span>
    </p>
   </div>
   <div class='ocr_carea' id='block_1_74' title="bbox 523 4522 2105 4598">
    <p class='ocr_par' dir='ltr' id='par_1_74' title="bbox 523 4522 2105 4598">
     <span class='ocr_line' id='line_1_74' title="bbox 523 4522 2105 4598; baseline 0.005 -21"><span class='ocrx_word' id='word_1_588' title='bbox 523 4529 692 4588; x_wconf 89' lang='lat' dir='ltr'><strong>certe,</strong></span> <span class='ocrx_word' id='word_1_589' title='bbox 717 4522 861 4592; x_wconf 92' lang='lat' dir='ltr'><strong>quod</strong></span> <span class='ocrx_word' id='word_1_590' title='bbox 891 4525 1079 4594; x_wconf 86' lang='lat' dir='ltr'><strong>negari</strong></span> <span class='ocrx_word' id='word_1_591' title='bbox 1098 4543 1207 4581; x_wconf 91' lang='lat' dir='ltr'><strong>non</strong></span> <span class='ocrx_word' id='word_1_592' title='bbox 1230 4533 1429 4598; x_wconf 90' lang='lat' dir='ltr'><strong>potest,</strong></span> <span class='ocrx_word' id='word_1_593' title='bbox 1461 4527 1712 4582; x_wconf 89' lang='lat' dir='ltr'><strong>meliores</strong></span> <span class='ocrx_word' id='word_1_594' title='bbox 1738 4529 1982 4584; x_wconf 87' lang='lat' dir='ltr'><strong>barbaris</strong></span> <span class='ocrx_word' id='word_1_595' title='bbox 2013 4547 2105 4585; x_wconf 90' lang='lat' dir='ltr'><strong>su-</strong></span> 
     </span>
    </p>
   </div>
   <div class='ocr_carea' id='block_1_75' title="bbox 2182 3323 3796 3397">
    <p class='ocr_par' dir='ltr' id='par_1_75' title="bbox 2182 3323 3796 3397">
     <span class='ocr_line' id='line_1_75' title="bbox 2182 3323 3796 3397; baseline 0.001 -16"><span class='ocrx_word' id='word_1_596' title='bbox 2182 3323 2384 3382; x_wconf 57' lang='lat' dir='ltr'><strong>‘causre</strong></span> <span class='ocrx_word' id='word_1_597' title='bbox 2411 3335 2608 3382; x_wconf 65' lang='lat' dir='ltr'><strong>nostra:</strong></span> <span class='ocrx_word' id='word_1_598' title='bbox 2632 3328 2734 3382; x_wconf 92' lang='lat' dir='ltr'><strong>hoc</strong></span> <span class='ocrx_word' id='word_1_599' title='bbox 2762 3327 2892 3382; x_wconf 86' lang='lat' dir='ltr'><strong>nihil</strong></span> <span class='ocrx_word' id='word_1_600' title='bbox 2917 3326 3146 3397; x_wconf 82' lang='lat' dir='ltr'><strong>prolicit,</strong></span> <span class='ocrx_word' id='word_1_601' title='bbox 3176 3327 3221 3382; x_wconf 93' lang='lat' dir='ltr'><strong>si</strong></span> <span class='ocrx_word' id='word_1_602' title='bbox 3250 3326 3590 3384; x_wconf 79' lang='lat' dir='ltr'><strong>intolerabile</strong></span> <span class='ocrx_word' id='word_1_603' title='bbox 3618 3327 3671 3383; x_wconf 91' lang='lat' dir='ltr'><strong>id</strong></span> <span class='ocrx_word' id='word_1_604' title='bbox 3699 3343 3796 3383; x_wconf 78' lang='lat' dir='ltr'><strong>no-</strong></span> 
     </span>
    </p>
   </div>
   <div class='ocr_carea' id='block_1_76' title="bbox 2196 3408 3796 3490">
    <p class='ocr_par' dir='ltr' id='par_1_76' title="bbox 2196 3408 3796 3490">
     <span class='ocr_line' id='line_1_76' title="bbox 2196 3408 3796 3490; baseline 0 -16"><span class='ocrx_word' id='word_1_605' title='bbox 2196 3408 2290 3474; x_wconf 79' lang='lat' dir='ltr'><strong>bis</strong></span> <span class='ocrx_word' id='word_1_606' title='bbox 2327 3435 2445 3474; x_wconf 88' lang='lat' dir='ltr'><strong>esse</strong></span> <span class='ocrx_word' id='word_1_607' title='bbox 2492 3419 2779 3474; x_wconf 86' lang='lat' dir='ltr'><strong>videatur?</strong></span> <span class='ocrx_word' id='word_1_608' title='bbox 2817 3420 2928 3490; x_wconf 65' lang='grc' dir='ltr'><strong>βο</strong></span> <span class='ocrx_word' id='word_1_609' title='bbox 2965 3418 3133 3473; x_wconf 79' lang='lat' dir='ltr'><strong>lrnmo</strong></span> <span class='ocrx_word' id='word_1_610' title='bbox 3176 3431 3393 3473; x_wconf 85' lang='lat' dir='ltr'><strong>causam</strong></span> <span class='ocrx_word' id='word_1_611' title='bbox 3423 3426 3663 3473; x_wconf 89' lang='lat' dir='ltr'><strong>nostram</strong></span> <span class='ocrx_word' id='word_1_612' title='bbox 3693 3418 3796 3474; x_wconf 89' lang='lat' dir='ltr'><strong>hoc</strong></span> 
     </span>
    </p>
   </div>
   <div class='ocr_carea' id='block_1_77' title="bbox 2204 3520 3795 3590">
    <p class='ocr_par' dir='ltr' id='par_1_77' title="bbox 2204 3520 3795 3590">
     <span class='ocr_line' id='line_1_77' title="bbox 2204 3520 3795 3590; baseline 0.001 -16"><span class='ocrx_word' id='word_1_613' title='bbox 2204 3522 2378 3590; x_wconf 87' lang='lat' dir='ltr'><strong>magis</strong></span> <span class='ocrx_word' id='word_1_614' title='bbox 2409 3529 2680 3590; x_wconf 87' lang='lat' dir='ltr'><strong>aggravat,</strong></span> <span class='ocrx_word' id='word_1_615' title='bbox 2715 3521 2759 3575; x_wconf 87' lang='lat' dir='ltr'><strong>si</strong></span> <span class='ocrx_word' id='word_1_616' title='bbox 2783 3520 3082 3576; x_wconf 85' lang='lat' dir='ltr'><strong>deteriores</strong></span> <span class='ocrx_word' id='word_1_617' title='bbox 3109 3520 3293 3586; x_wconf 90' lang='lat' dir='ltr'><strong>simus,</strong></span> <span class='ocrx_word' id='word_1_618' title='bbox 3322 3527 3377 3574; x_wconf 93' lang='lat' dir='ltr'><strong>et</strong></span> <span class='ocrx_word' id='word_1_619' title='bbox 3404 3520 3658 3576; x_wconf 85' lang='lat' dir='ltr'><strong>meliores</strong></span> <span class='ocrx_word' id='word_1_620' title='bbox 3696 3535 3795 3576; x_wconf 76' lang='lat' dir='ltr'><strong>os</strong></span> 
     </span>
    </p>
   </div>
   <div class='ocr_carea' id='block_1_78' title="bbox 2194 3619 3793 3692">
    <p class='ocr_par' dir='ltr' id='par_1_78' title="bbox 2194 3619 3793 3692">
     <span class='ocr_line' id='line_1_78' title="bbox 2194 3619 3793 3692; baseline -0.002 -13"><span class='ocrx_word' id='word_1_621' title='bbox 2194 3637 2326 3678; x_wconf 74' lang='lat' dir='ltr'><strong>esse</strong></span> <span class='ocrx_word' id='word_1_622' title='bbox 2352 3622 2651 3677; x_wconf 88' lang='lat' dir='ltr'><strong>credamus.</strong></span> <span class='ocrx_word' id='word_1_623' title='bbox 2683 3619 2786 3686; x_wconf 82' lang='lat' dir='ltr'><strong>Qui</strong></span> <span class='ocrx_word' id='word_1_624' title='bbox 2809 3623 2962 3684; x_wconf 77' lang='lat' dir='ltr'><strong>enim,</strong></span> <span class='ocrx_word' id='word_1_625' title='bbox 2991 3622 3164 3691; x_wconf 86' lang='lat' dir='ltr'><strong>inquit</strong></span> <span class='ocrx_word' id='word_1_626' title='bbox 3191 3621 3500 3692; x_wconf 85' lang='lat' dir='ltr'><strong>Apostolus,</strong></span> <span class='ocrx_word' id='word_1_627' title='bbox 3529 3637 3585 3676; x_wconf 81' lang='lat' dir='ltr'><strong>se</strong></span> <span class='ocrx_word' id='word_1_628' title='bbox 3612 3623 3793 3676; x_wconf 72' lang='lat' dir='ltr'><strong>eaiati-</strong></span> 
     </span>
    </p>
   </div>
   <div class='ocr_carea' id='block_1_79' title="bbox 2211 3719 3794 3795">
    <p class='ocr_par' dir='ltr' id='par_1_79' title="bbox 2211 3719 3794 3795">
     <span class='ocr_line' id='line_1_79' title="bbox 2211 3719 3794 3795; baseline -0.003 -17"><span class='ocrx_word' id='word_1_629' title='bbox 2211 3734 2317 3778; x_wconf 85' lang='lat' dir='ltr'><strong>mat</strong></span> <span class='ocrx_word' id='word_1_630' title='bbox 2347 3723 2542 3795; x_wconf 79' lang='lat' dir='ltr'><strong>aliquid</strong></span> <span class='ocrx_word' id='word_1_631' title='bbox 2561 3739 2690 3788; x_wconf 87' lang='lat' dir='ltr'><strong>esse,</strong></span> <span class='ocrx_word' id='word_1_632' title='bbox 2723 3737 2835 3775; x_wconf 86' lang='lat' dir='ltr'><strong>cum</strong></span> <span class='ocrx_word' id='word_1_633' title='bbox 2863 3722 2993 3774; x_wconf 82' lang='lat' dir='ltr'><strong>nihil</strong></span> <span class='ocrx_word' id='word_1_634' title='bbox 3021 3723 3104 3788; x_wconf 78' lang='lat' dir='ltr'><strong>sit,</strong></span> <span class='ocrx_word' id='word_1_635' title='bbox 3135 3739 3188 3773; x_wconf 77' lang='lat' dir='ltr'><strong>se</strong></span> <span class='ocrx_word' id='word_1_636' title='bbox 3215 3723 3381 3792; x_wconf 85' lang='lat' dir='ltr'><strong>ipsum</strong></span> <span class='ocrx_word' id='word_1_637' title='bbox 3409 3720 3623 3774; x_wconf 73' lang='lat' dir='ltr'><strong>seducit.</strong></span> <span class='ocrx_word' id='word_1_638' title='bbox 3651 3719 3794 3792; x_wconf 84' lang='lat' dir='ltr'><strong>Opus</strong></span> 
     </span>
    </p>
   </div>
   <div class='ocr_carea' id='block_1_80' title="bbox 2210 3823 3794 3895">
    <p class='ocr_par' dir='ltr' id='par_1_80' title="bbox 2210 3823 3794 3895">
     <span class='ocr_line' id='line_1_80' title="bbox 2210 3823 3794 3895; baseline -0.001 -16"><span class='ocrx_word' id='word_1_639' title='bbox 2210 3837 2378 3880; x_wconf 84' lang='lat' dir='ltr'><strong>autem</strong></span> <span class='ocrx_word' id='word_1_640' title='bbox 2408 3843 2554 3879; x_wconf 88' lang='lat' dir='ltr'><strong>suum</strong></span> <span class='ocrx_word' id='word_1_641' title='bbox 2583 3825 2760 3895; x_wconf 82' lang='lat' dir='ltr'><strong>probet</strong></span> <span class='ocrx_word' id='word_1_642' title='bbox 2789 3825 2937 3879; x_wconf 85' lang='lat' dir='ltr'><strong>homo</strong></span> <span class='ocrx_word' id='word_1_643' title='bbox 2971 3823 3113 3894; x_wconf 86' lang='lat' dir='ltr'><strong>(Cal.</strong></span> <span class='ocrx_word' id='word_1_644' title='bbox 3157 3840 3225 3889; x_wconf 84' lang='lat' dir='ltr'><strong>vt,</strong></span> <span class='ocrx_word' id='word_1_645' title='bbox 3260 3823 3320 3887; x_wconf 81' lang='lat'><strong>5,</strong></span> <span class='ocrx_word' id='word_1_646' title='bbox 3357 3823 3434 3893; x_wconf 69' lang='grc'><strong>4).</strong></span> <span class='ocrx_word' id='word_1_647' title='bbox 3474 3823 3636 3892; x_wconf 85' lang='lat' dir='ltr'><strong>Operi</strong></span> <span class='ocrx_word' id='word_1_648' title='bbox 3666 3837 3794 3892; x_wconf 87' lang='lat' dir='ltr'><strong>ergo</strong></span> 
     </span>
    </p>
   </div>
   <div class='ocr_carea' id='block_1_81' title="bbox 2210 3924 3792 3994">
    <p class='ocr_par' dir='ltr' id='par_1_81' title="bbox 2210 3924 3792 3994">
     <span class='ocr_line' id='line_1_81' title="bbox 2210 3924 3792 3994; baseline -0.005 -12"><span class='ocrx_word' id='word_1_649' title='bbox 2210 3937 2394 3984; x_wconf 90' lang='lat' dir='ltr'><strong>nostro</strong></span> <span class='ocrx_word' id='word_1_650' title='bbox 2423 3926 2680 3981; x_wconf 89' lang='lat' dir='ltr'><strong>debemus</strong></span> <span class='ocrx_word' id='word_1_651' title='bbox 2707 3925 2957 3989; x_wconf 86' lang='lat' dir='ltr'><strong>credere,</strong></span> <span class='ocrx_word' id='word_1_652' title='bbox 2997 3941 3103 3978; x_wconf 88' lang='lat' dir='ltr'><strong>non</strong></span> <span class='ocrx_word' id='word_1_653' title='bbox 3131 3924 3395 3994; x_wconf 88' lang='lat' dir='ltr'><strong>opinioni;</strong></span> <span class='ocrx_word' id='word_1_654' title='bbox 3437 3924 3653 3985; x_wconf 88' lang='lat' dir='ltr'><strong>rationi,</strong></span> <span class='ocrx_word' id='word_1_655' title='bbox 3683 3939 3792 3975; x_wconf 91' lang='lat' dir='ltr'><strong>non</strong></span> 
     </span>
    </p>
   </div>
   <div class='ocr_carea' id='block_1_82' title="bbox 2209 4021 3884 4094">
    <p class='ocr_par' dir='ltr' id='par_1_82' title="bbox 2209 4021 3884 4094">
     <span class='ocr_line' id='line_1_82' title="bbox 2209 4021 3884 4094; baseline -0.006 -10"><span class='ocrx_word' id='word_1_656' title='bbox 2209 4028 2448 4094; x_wconf 88' lang='lat' dir='ltr'><strong>libidini;</strong></span> <span class='ocrx_word' id='word_1_657' title='bbox 2482 4027 2735 4090; x_wconf 87' lang='lat' dir='ltr'><strong>veritati,</strong></span> <span class='ocrx_word' id='word_1_658' title='bbox 2781 4041 2888 4080; x_wconf 92' lang='lat' dir='ltr'><strong>non</strong></span> <span class='ocrx_word' id='word_1_659' title='bbox 2917 4025 3199 4079; x_wconf 89' lang='lat' dir='ltr'><strong>voluntati.</strong></span> <span class='ocrx_word' id='word_1_660' title='bbox 3233 4025 3390 4094; x_wconf 89' lang='lat' dir='ltr'><strong>Igitur</strong></span> <span class='ocrx_word' id='word_1_661' title='bbox 3422 4023 3542 4089; x_wconf 88' lang='lat' dir='ltr'><strong>quia</strong></span> <span class='ocrx_word' id='word_1_662' title='bbox 3575 4038 3684 4076; x_wconf 92' lang='lat' dir='ltr'><strong>non</strong></span> <span class='ocrx_word' id='word_1_663' title='bbox 3713 4021 3792 4075; x_wconf 80' lang='lat' dir='ltr'><strong>fc-</strong></span> <span class='ocrx_word' id='word_1_664' title='bbox 3869 4021 3884 4034; x_wconf 80' lang='lat'><strong><em>&#39;</em></strong></span> 
     </span>
    </p>
   </div>
   <div class='ocr_carea' id='block_1_83' title="bbox 2209 4122 3792 4195">
    <p class='ocr_par' dir='ltr' id='par_1_83' title="bbox 2209 4122 3792 4195">
     <span class='ocr_line' id='line_1_83' title="bbox 2209 4122 3792 4195; baseline -0.005 -11"><span class='ocrx_word' id='word_1_665' title='bbox 2209 4129 2435 4184; x_wconf 91' lang='lat' dir='ltr'><strong>rendum</strong></span> <span class='ocrx_word' id='word_1_666' title='bbox 2464 4127 2680 4195; x_wconf 88' lang='lat' dir='ltr'><strong>quidam</strong></span> <span class='ocrx_word' id='word_1_667' title='bbox 2729 4125 3076 4190; x_wconf 82' lang='lat' dir='ltr'><strong>existimant,</strong></span> <span class='ocrx_word' id='word_1_668' title='bbox 3127 4133 3186 4179; x_wconf 92' lang='lat' dir='ltr'><strong>ut</strong></span> <span class='ocrx_word' id='word_1_669' title='bbox 3221 4122 3510 4179; x_wconf 84' lang='lat' dir='ltr'><strong>deteriores</strong></span> <span class='ocrx_word' id='word_1_670' title='bbox 3549 4128 3645 4176; x_wconf 88' lang='lat' dir='ltr'><strong>aut</strong></span> <span class='ocrx_word' id='word_1_671' title='bbox 3681 4137 3792 4177; x_wconf 91' lang='lat' dir='ltr'><strong>non</strong></span> 
     </span>
    </p>
   </div>
   <div class='ocr_carea' id='block_1_84' title="bbox 2210 4222 3793 4294">
    <p class='ocr_par' dir='ltr' id='par_1_84' title="bbox 2210 4222 3793 4294">
     <span class='ocr_line' id='line_1_84' title="bbox 2210 4222 3793 4294; baseline -0.003 -10"><span class='ocrx_word' id='word_1_672' title='bbox 2210 4230 2377 4284; x_wconf 92' lang='lat' dir='ltr'><strong>multo</strong></span> <span class='ocrx_word' id='word_1_673' title='bbox 2418 4229 2582 4283; x_wconf 87' lang='lat' dir='ltr'><strong>etiam</strong></span> <span class='ocrx_word' id='word_1_674' title='bbox 2623 4226 2873 4281; x_wconf 90' lang='lat' dir='ltr'><strong>meliores</strong></span> <span class='ocrx_word' id='word_1_675' title='bbox 2901 4225 3142 4280; x_wconf 88' lang='lat' dir='ltr'><strong>barbaris</strong></span> <span class='ocrx_word' id='word_1_676' title='bbox 3165 4225 3485 4294; x_wconf 89' lang='lat' dir='ltr'><strong>iudicemur,</strong></span> <span class='ocrx_word' id='word_1_677' title='bbox 3515 4222 3793 4280; x_wconf 82' lang='lat' dir='ltr'><strong>videamus</strong></span> 
     </span>
    </p>
   </div>
   <div class='ocr_carea' id='block_1_85' title="bbox 2212 4322 3787 4397">
    <p class='ocr_par' dir='ltr' id='par_1_85' title="bbox 2212 4322 3787 4397">
     <span class='ocr_line' id='line_1_85' title="bbox 2212 4322 3787 4397; baseline -0.004 -14"><span class='ocrx_word' id='word_1_678' title='bbox 2212 4336 2303 4383; x_wconf 88' lang='lat' dir='ltr'><strong>aut</strong></span> <span class='ocrx_word' id='word_1_679' title='bbox 2327 4327 2599 4397; x_wconf 89' lang='lat' dir='ltr'><strong>quomodo</strong></span> <span class='ocrx_word' id='word_1_680' title='bbox 2644 4327 2894 4381; x_wconf 90' lang='lat' dir='ltr'><strong>meliores</strong></span> <span class='ocrx_word' id='word_1_681' title='bbox 2921 4324 3086 4379; x_wconf 89' lang='lat' dir='ltr'><strong>simus</strong></span> <span class='ocrx_word' id='word_1_682' title='bbox 3109 4367 3123 4390; x_wconf 93' lang='lat'><strong>,</strong></span> <span class='ocrx_word' id='word_1_683' title='bbox 3157 4332 3250 4380; x_wconf 91' lang='lat' dir='ltr'><strong>aut</strong></span> <span class='ocrx_word' id='word_1_684' title='bbox 3291 4324 3486 4393; x_wconf 86' lang='lat' dir='ltr'><strong>quibus</strong></span> <span class='ocrx_word' id='word_1_685' title='bbox 3525 4322 3787 4378; x_wconf 86' lang='lat' dir='ltr'><strong>barbaris.</strong></span> 
     </span>
    </p>
   </div>
   <div class='ocr_carea' id='block_1_86' title="bbox 2214 4424 3790 4495">
    <p class='ocr_par' dir='ltr' id='par_1_86' title="bbox 2214 4424 3790 4495">
     <span class='ocr_line' id='line_1_86' title="bbox 2214 4424 3790 4495; baseline -0.004 -13"><span class='ocrx_word' id='word_1_686' title='bbox 2214 4430 2328 4483; x_wconf 92' lang='lat' dir='ltr'><strong>Duo</strong></span> <span class='ocrx_word' id='word_1_687' title='bbox 2354 4427 2495 4482; x_wconf 89' lang='lat' dir='ltr'><strong>enim</strong></span> <span class='ocrx_word' id='word_1_688' title='bbox 2515 4440 2712 4495; x_wconf 92' lang='lat' dir='ltr'><strong>genera</strong></span> <span class='ocrx_word' id='word_1_689' title='bbox 2737 4427 2791 4480; x_wconf 91' lang='lat' dir='ltr'><strong>in</strong></span> <span class='ocrx_word' id='word_1_690' title='bbox 2815 4426 2961 4480; x_wconf 92' lang='lat' dir='ltr'><strong>omni</strong></span> <span class='ocrx_word' id='word_1_691' title='bbox 2988 4433 3148 4494; x_wconf 91' lang='lat' dir='ltr'><strong>gente</strong></span> <span class='ocrx_word' id='word_1_692' title='bbox 3176 4425 3413 4480; x_wconf 77' lang='lat' dir='ltr'><strong>omnium</strong></span> <span class='ocrx_word' id='word_1_693' title='bbox 3440 4424 3790 4479; x_wconf 88' lang='lat' dir='ltr'><strong>barbarorum</strong></span> 
     </span>
    </p>
   </div>
   <div class='ocr_carea' id='block_1_87' title="bbox 2212 4521 3794 4594">
    <p class='ocr_par' dir='ltr' id='par_1_87' title="bbox 2212 4521 3794 4594">
     <span class='ocr_line' id='line_1_87' title="bbox 2212 4521 3794 4594; baseline -0.004 -11"><span class='ocrx_word' id='word_1_694' title='bbox 2212 4537 2352 4594; x_wconf 87' lang='lat' dir='ltr'><strong>sunt,</strong></span> <span class='ocrx_word' id='word_1_695' title='bbox 2385 4528 2431 4581; x_wconf 92' lang='lat' dir='ltr'><strong>id</strong></span> <span class='ocrx_word' id='word_1_696' title='bbox 2463 4534 2562 4593; x_wconf 86' lang='lat' dir='ltr'><strong>est,</strong></span> <span class='ocrx_word' id='word_1_697' title='bbox 2593 4533 2684 4581; x_wconf 90' lang='lat' dir='ltr'><strong>aut</strong></span> <span class='ocrx_word' id='word_1_698' title='bbox 2712 4535 2738 4574; x_wconf 73' lang='grc' dir='ltr'><strong>ϐ</strong></span> <span class='ocrx_word' id='word_1_699' title='bbox 2770 4526 3162 4590; x_wconf 67' lang='lat' dir='ltr'><strong>haereticorum,</strong></span> <span class='ocrx_word' id='word_1_700' title='bbox 3195 4534 3287 4578; x_wconf 91' lang='lat' dir='ltr'><strong>aut</strong></span> <span class='ocrx_word' id='word_1_701' title='bbox 3311 4533 3665 4594; x_wconf 84' lang='lat' dir='ltr'><strong>paganorum.</strong></span> <span class='ocrx_word' id='word_1_702' title='bbox 3698 4521 3794 4576; x_wconf 80' lang='lat' dir='ltr'><strong>llis</strong></span> 
     </span>
    </p>
   </div>
   <div class='ocr_carea' id='block_1_88' title="bbox 1729 4615 2633 4675">
    <p class='ocr_par' dir='ltr' id='par_1_88' title="bbox 1729 4615 2633 4675">
     <span class='ocr_line' id='line_1_88' title="bbox 1729 4615 2633 4675; baseline -0.003 -1"><span class='ocrx_word' id='word_1_703' title='bbox 1729 4617 2063 4675; x_wconf 81' lang='lat' dir='ltr'><strong>STEPHANI</strong></span> <span class='ocrx_word' id='word_1_704' title='bbox 2101 4615 2368 4674; x_wconf 58' lang='lat' dir='ltr'><strong>BALUle</strong></span> <span class='ocrx_word' id='word_1_705' title='bbox 2404 4617 2633 4672; x_wconf 68' lang='lat' dir='ltr'><strong>NOTAE.</strong></span> 
     </span>
    </p>
   </div>
   <div class='ocr_carea' id='block_1_89' title="bbox 597 4705 3792 4786">
    <p class='ocr_par' dir='ltr' id='par_1_89' title="bbox 597 4705 3792 4786">
     <span class='ocr_line' id='line_1_89' title="bbox 597 4705 3792 4786; baseline 0 -24"><span class='ocrx_word' id='word_1_706' title='bbox 597 4713 626 4745; x_wconf 68' lang='grc' dir='ltr'><strong><em>λ</em></strong></span> <span class='ocrx_word' id='word_1_707' title='bbox 645 4705 704 4763; x_wconf 89' lang='lat' dir='ltr'><strong>ld</strong></span> <span class='ocrx_word' id='word_1_708' title='bbox 731 4715 832 4786; x_wconf 85' lang='lat' dir='ltr'><strong>est,</strong></span> <span class='ocrx_word' id='word_1_709' title='bbox 864 4708 1093 4786; x_wconf 82' lang='lat' dir='ltr'><strong>Romani</strong></span> <span class='ocrx_word' id='word_1_710' title='bbox 1121 4710 1324 4786; x_wconf 63' lang='lat' dir='ltr'><strong>populi,</strong></span> <span class='ocrx_word' id='word_1_711' title='bbox 1357 4719 1417 4766; x_wconf 94' lang='lat' dir='ltr'><strong>ut</strong></span> <span class='ocrx_word' id='word_1_712' title='bbox 1454 4711 1597 4768; x_wconf 91' lang='lat' dir='ltr'><strong>dicet</strong></span> <span class='ocrx_word' id='word_1_713' title='bbox 1616 4711 1753 4769; x_wconf 82' lang='lat' dir='ltr'><strong>infra</strong></span> <span class='ocrx_word' id='word_1_714' title='bbox 1781 4729 1904 4785; x_wconf 89' lang='lat' dir='ltr'><strong>pag.</strong></span> <span class='ocrx_word' id='word_1_715' title='bbox 1929 4714 2021 4782; x_wconf 75' lang='lat'><strong>80,</strong></span> <span class='ocrx_word' id='word_1_716' title='bbox 2053 4723 2107 4770; x_wconf 89' lang='lat' dir='ltr'><strong>et</strong></span> <span class='ocrx_word' id='word_1_717' title='bbox 2135 4720 2188 4780; x_wconf 82' lang='grc' dir='ltr'><strong>Ι)</strong></span> <span class='ocrx_word' id='word_1_718' title='bbox 2211 4729 2324 4786; x_wconf 78' lang='lat' dir='ltr'><strong>quae</strong></span> <span class='ocrx_word' id='word_1_719' title='bbox 2348 4716 2402 4767; x_wconf 79' lang='lat' dir='ltr'><strong>in</strong></span> <span class='ocrx_word' id='word_1_720' title='bbox 2446 4714 2562 4786; x_wconf 74' lang='lat' dir='ltr'><strong>aliis</strong></span> <span class='ocrx_word' id='word_1_721' title='bbox 2605 4711 2864 4786; x_wconf 80' lang='lat' dir='ltr'><strong>membris_</strong></span> <span class='ocrx_word' id='word_1_722' title='bbox 2885 4710 3130 4786; x_wconf 66' lang='lat' dir='ltr'><strong>Ecclesia:</strong></span> <span class='ocrx_word' id='word_1_723' title='bbox 3160 4726 3277 4786; x_wconf 69' lang='lat' dir='ltr'><strong>non</strong></span> <span class='ocrx_word' id='word_1_724' title='bbox 3312 4717 3560 4786; x_wconf 64' lang='lat' dir='ltr'><strong>vocantur</strong></span> <span class='ocrx_word' id='word_1_725' title='bbox 3587 4709 3657 4762; x_wconf 76' lang='lat' dir='ltr'><strong>ad</strong></span> <span class='ocrx_word' id='word_1_726' title='bbox 3678 4711 3792 4762; x_wconf 72' lang='lat' dir='ltr'><strong>cnl-</strong></span> 
     </span>
    </p>
   </div>
   <div class='ocr_carea' id='block_1_90' title="bbox 526 4774 1304 4850">
    <p class='ocr_par' dir='ltr' id='par_1_90' title="bbox 526 4774 1304 4850">
     <span class='ocr_line' id='line_1_90' title="bbox 526 4774 1304 4850; baseline 0.005 -19"><span class='ocrx_word' id='word_1_727' title='bbox 526 4774 757 4850; x_wconf 60' lang='lat' dir='ltr'><strong>Iojmani</strong></span> <span class='ocrx_word' id='word_1_728' title='bbox 780 4774 1030 4846; x_wconf 75' lang='lat' dir='ltr'><strong>numinis,</strong></span> <span class='ocrx_word' id='word_1_729' title='bbox 1061 4774 1184 4850; x_wconf 55' lang='lat' dir='ltr'><strong>pa&#39;g.</strong></span> <span class='ocrx_word' id='word_1_730' title='bbox 1196 4774 1304 4836; x_wconf 51' lang='grc' dir='ltr'><strong>ἐἰ</strong></span> 
     </span>
    </p>
   </div>
   <div class='ocr_carea' id='block_1_91' title="bbox 595 4846 1200 4915">
    <p class='ocr_par' dir='ltr' id='par_1_91' title="bbox 595 4846 1200 4915">
     <span class='ocr_line' id='line_1_91' title="bbox 595 4846 1200 4915; baseline 0.003 -11"><span class='ocrx_word' id='word_1_731' title='bbox 595 4846 628 4888; x_wconf 71' lang='grc' dir='ltr'>δ</span> <span class='ocrx_word' id='word_1_732' title='bbox 652 4847 812 4904; x_wconf 84' lang='lat' dir='ltr'><strong>Corb.</strong></span> <span class='ocrx_word' id='word_1_733' title='bbox 822 4889 838 4915; x_wconf 89' lang='lat'><strong>,</strong></span> <span class='ocrx_word' id='word_1_734' title='bbox 868 4846 1200 4907; x_wconf 64' lang='lat' dir='ltr'><strong>malissiinus.</strong></span> 
     </span>
    </p>
   </div>
   <div class='ocr_carea' id='block_1_92' title="bbox 604 4917 965 4991">
    <p class='ocr_par' dir='ltr' id='par_1_92' title="bbox 604 4917 965 4991">
     <span class='ocr_line' id='line_1_92' title="bbox 604 4917 965 4991; baseline 0 -17"><span class='ocrx_word' id='word_1_735' title='bbox 604 4929 628 4957; x_wconf 73' lang='grc' dir='ltr'><strong>ε</strong></span> <span class='ocrx_word' id='word_1_736' title='bbox 655 4917 926 4991; x_wconf 83' lang='lat' dir='ltr'><strong>Juvenalis</strong></span> <span class='ocrx_word' id='word_1_737' title='bbox 954 4941 965 4974; x_wconf 86' lang='lat'><strong>:</strong></span> 
     </span>
    </p>
   </div>
   <div class='ocr_carea' id='block_1_93' title="bbox 591 5010 1800 5080">
    <p class='ocr_par' dir='ltr' id='par_1_93' title="bbox 591 5010 1800 5080">
     <span class='ocr_line' id='line_1_93' title="bbox 591 5010 1800 5080; baseline 0.008 -21"><span class='ocrx_word' id='word_1_738' title='bbox 591 5031 597 5041; x_wconf 90' lang='lat'><strong><em>-</em></strong></span> <span class='ocrx_word' id='word_1_739' title='bbox 649 5010 807 5080; x_wconf 76' lang='lat' dir='ltr'><strong>ane</strong></span> <span class='ocrx_word' id='word_1_740' title='bbox 828 5015 975 5080; x_wconf 81' lang='lat' dir='ltr'><strong>animi</strong></span> <span class='ocrx_word' id='word_1_741' title='bbox 999 5016 1165 5064; x_wconf 86' lang='lat' dir='ltr'><strong>vitium</strong></span> <span class='ocrx_word' id='word_1_742' title='bbox 1187 5022 1320 5080; x_wconf 87' lang='lat' dir='ltr'><strong>tanto</strong></span> <span class='ocrx_word' id='word_1_743' title='bbox 1345 5019 1654 5080; x_wconf 89' lang='lat' dir='ltr'><strong>conspectius</strong></span> <span class='ocrx_word' id='word_1_744' title='bbox 1676 5031 1724 5068; x_wconf 81' lang='lat' dir='ltr'><strong>in</strong></span> <span class='ocrx_word' id='word_1_745' title='bbox 1743 5031 1800 5069; x_wconf 88' lang='lat' dir='ltr'><strong>se</strong></span> 
     </span>
    </p>
   </div>
   <div class='ocr_carea' id='block_1_94' title="bbox 647 5073 1923 5142">
    <p class='ocr_par' dir='ltr' id='par_1_94' title="bbox 647 5073 1923 5142">
     <span class='ocr_line' id='line_1_94' title="bbox 647 5073 1923 5142; baseline 0.004 -17"><span class='ocrx_word' id='word_1_746' title='bbox 647 5073 844 5125; x_wconf 85' lang='lat' dir='ltr'><strong>Crimen</strong></span> <span class='ocrx_word' id='word_1_747' title='bbox 866 5076 1012 5124; x_wconf 82' lang='lat' dir='ltr'><strong>habet</strong></span> <span class='ocrx_word' id='word_1_748' title='bbox 1034 5084 1213 5138; x_wconf 82' lang='lat' dir='ltr'><strong>quanto</strong></span> <span class='ocrx_word' id='word_1_749' title='bbox 1232 5079 1379 5140; x_wconf 86' lang='lat' dir='ltr'><strong>maior</strong></span> <span class='ocrx_word' id='word_1_750' title='bbox 1400 5073 1482 5142; x_wconf 83' lang='lat' dir='ltr'><strong>qui</strong></span> <span class='ocrx_word' id='word_1_751' title='bbox 1505 5086 1675 5142; x_wconf 87' lang='lat' dir='ltr'><strong>peccat</strong></span> <span class='ocrx_word' id='word_1_752' title='bbox 1697 5080 1923 5130; x_wconf 87' lang='lat' dir='ltr'><strong>habetur.</strong></span> 
     </span>
    </p>
   </div>
   <div class='ocr_carea' id='block_1_95' title="bbox 597 5201 2114 5278">
    <p class='ocr_par' dir='ltr' id='par_1_95' title="bbox 597 5201 2114 5278">
     <span class='ocr_line' id='line_1_95' title="bbox 597 5201 2114 5278; baseline 0.001 -18"><span class='ocrx_word' id='word_1_753' title='bbox 597 5204 998 5278; x_wconf 46' lang='lat' dir='ltr'><strong>QHermannus,</strong></span> <span class='ocrx_word' id='word_1_754' title='bbox 1017 5201 1449 5278; x_wconf 87' lang='lat' dir='ltr'><strong>archiepiscopus</strong></span> <span class='ocrx_word' id='word_1_755' title='bbox 1467 5206 1822 5275; x_wconf 90' lang='lat' dir='ltr'><strong>Coloniensis,</strong></span> <span class='ocrx_word' id='word_1_756' title='bbox 1850 5209 1902 5262; x_wconf 91' lang='lat' dir='ltr'><strong>in</strong></span> <span class='ocrx_word' id='word_1_757' title='bbox 1923 5208 2114 5263; x_wconf 87' lang='lat' dir='ltr'><strong>Encbi-</strong></span> 
     </span>
    </p>
   </div>
   <div class='ocr_carea' id='block_1_96' title="bbox 523 5275 2111 5346">
    <p class='ocr_par' dir='ltr' id='par_1_96' title="bbox 523 5275 2111 5346">
     <span class='ocr_line' id='line_1_96' title="bbox 523 5275 2111 5346; baseline 0 -14"><span class='ocrx_word' id='word_1_758' title='bbox 523 5276 661 5332; x_wconf 90' lang='lat' dir='ltr'><strong>ridio</strong></span> <span class='ocrx_word' id='word_1_759' title='bbox 693 5278 815 5331; x_wconf 67' lang='lat' dir='ltr'><strong>vita:</strong></span> <span class='ocrx_word' id='word_1_760' title='bbox 842 5275 1160 5330; x_wconf 75' lang='lat' dir='ltr'><strong>Christiana:</strong></span> <span class='ocrx_word' id='word_1_761' title='bbox 1190 5275 1365 5346; x_wconf 78' lang='lat' dir='ltr'><strong>(quod</strong></span> <span class='ocrx_word' id='word_1_762' title='bbox 1383 5279 1469 5333; x_wconf 89' lang='lat' dir='ltr'><strong>edi</strong></span> <span class='ocrx_word' id='word_1_763' title='bbox 1497 5280 1637 5334; x_wconf 90' lang='lat' dir='ltr'><strong>solet</strong></span> <span class='ocrx_word' id='word_1_764' title='bbox 1665 5294 1784 5334; x_wconf 89' lang='lat' dir='ltr'><strong>cum</strong></span> <span class='ocrx_word' id='word_1_765' title='bbox 1815 5281 2111 5332; x_wconf 88' lang='lat' dir='ltr'><strong>canonibus</strong></span> 
     </span>
    </p>
   </div>
   <div class='ocr_carea' id='block_1_97' title="bbox 523 5347 2108 5418">
    <p class='ocr_par' dir='ltr' id='par_1_97' title="bbox 523 5347 2108 5418">
     <span class='ocr_line' id='line_1_97' title="bbox 523 5347 2108 5418; baseline -0.001 -15"><span class='ocrx_word' id='word_1_766' title='bbox 523 5349 734 5418; x_wconf 84' lang='lat' dir='ltr'><strong>concilii</strong></span> <span class='ocrx_word' id='word_1_767' title='bbox 785 5347 1132 5418; x_wconf 78' lang='lat' dir='ltr'><strong>provincialis</strong></span> <span class='ocrx_word' id='word_1_768' title='bbox 1179 5348 1323 5417; x_wconf 86' lang='lat' dir='ltr'><strong>quod</strong></span> <span class='ocrx_word' id='word_1_769' title='bbox 1371 5364 1512 5418; x_wconf 89' lang='lat' dir='ltr'><strong>anno</strong></span> <span class='ocrx_word' id='word_1_770' title='bbox 1563 5349 1698 5403; x_wconf 78' lang='grc'><strong>1556</strong></span> <span class='ocrx_word' id='word_1_771' title='bbox 1746 5350 1931 5403; x_wconf 84' lang='lat' dir='ltr'><strong>habuit</strong></span> <span class='ocrx_word' id='word_1_772' title='bbox 1970 5349 2108 5402; x_wconf 86' lang='lat' dir='ltr'><strong>idem</strong></span> 
     </span>
    </p>
   </div>
   <div class='ocr_carea' id='block_1_98' title="bbox 526 5415 2110 5490">
    <p class='ocr_par' dir='ltr' id='par_1_98' title="bbox 526 5415 2110 5490">
     <span class='ocr_line' id='line_1_98' title="bbox 526 5415 2110 5490; baseline 0.003 -22"><span class='ocrx_word' id='word_1_773' title='bbox 526 5415 1002 5490; x_wconf 78' lang='lat' dir='ltr'><strong>archiepiscopus)</strong></span> <span class='ocrx_word' id='word_1_774' title='bbox 1052 5415 1211 5473; x_wconf 77' lang='lat' dir='ltr'><strong>titulo</strong></span> <span class='ocrx_word' id='word_1_775' title='bbox 1263 5419 1356 5490; x_wconf 57' lang='lat' dir='ltr'><strong>de_</strong></span> <span class='ocrx_word' id='word_1_776' title='bbox 1390 5417 1729 5474; x_wconf 79' lang='lat' dir='ltr'><strong>Sacramenta</strong></span> <span class='ocrx_word' id='word_1_777' title='bbox 1778 5421 2110 5490; x_wconf 69' lang='lat' dir='ltr'><strong>pmnilentim,</strong></span> 
     </span>
    </p>
   </div>
   <div class='ocr_carea' id='block_1_99' title="bbox 528 5486 2107 5561">
    <p class='ocr_par' dir='ltr' id='par_1_99' title="bbox 528 5486 2107 5561">
     <span class='ocr_line' id='line_1_99' title="bbox 528 5486 2107 5561; baseline 0.001 -24"><span class='ocrx_word' id='word_1_778' title='bbox 528 5486 1027 5561; x_wconf 45' lang='lat' dir='ltr'><strong>haecintcrpmtcra</strong></span> <span class='ocrx_word' id='word_1_779' title='bbox 1056 5490 1242 5544; x_wconf 88' lang='lat' dir='ltr'><strong>scribit</strong></span> <span class='ocrx_word' id='word_1_780' title='bbox 1267 5509 1278 5542; x_wconf 90' lang='lat'>:</span> <span class='ocrx_word' id='word_1_781' title='bbox 1311 5487 1396 5544; x_wconf 75' lang='lat' dir='ltr'><strong>Ex</strong></span> <span class='ocrx_word' id='word_1_782' title='bbox 1423 5508 1640 5561; x_wconf 79' lang='lat' dir='ltr'><strong>persona</strong></span> <span class='ocrx_word' id='word_1_783' title='bbox 1669 5486 1908 5543; x_wconf 68' lang='lat' dir='ltr'><strong>delictum</strong></span> <span class='ocrx_word' id='word_1_784' title='bbox 1934 5490 1992 5558; x_wconf 77' lang='lat' dir='ltr'><strong>ﬁt</strong></span> <span class='ocrx_word' id='word_1_785' title='bbox 2018 5505 2107 5540; x_wconf 88' lang='lat' dir='ltr'><strong>ca-</strong></span> 
     </span>
    </p>
   </div>
   <div class='ocr_carea' id='block_1_100' title="bbox 530 5553 2109 5631">
    <p class='ocr_par' dir='ltr' id='par_1_100' title="bbox 530 5553 2109 5631">
     <span class='ocr_line' id='line_1_100' title="bbox 530 5553 2109 5631; baseline 0.006 -25"><span class='ocrx_word' id='word_1_786' title='bbox 530 5553 757 5631; x_wconf 72' lang='lat' dir='ltr'><strong>pitalius.</strong></span> <span class='ocrx_word' id='word_1_787' title='bbox 806 5557 1020 5614; x_wconf 80' lang='lat' dir='ltr'><strong>Gravius</strong></span> <span class='ocrx_word' id='word_1_788' title='bbox 1061 5572 1233 5631; x_wconf 69' lang='lat' dir='ltr'><strong>pecgat</strong></span> <span class='ocrx_word' id='word_1_789' title='bbox 1271 5553 1509 5615; x_wconf 63' lang='lat' dir='ltr'><strong>sacerdos</strong></span> <span class='ocrx_word' id='word_1_790' title='bbox 1559 5569 1647 5612; x_wconf 85' lang='lat' dir='ltr'><strong>aut</strong></span> <span class='ocrx_word' id='word_1_791' title='bbox 1684 5553 2109 5631; x_wconf 53' lang='lat' dir='ltr'><strong>princepsjuam</strong></span> 
     </span>
    </p>
   </div>
   <div class='ocr_carea' id='block_1_101' title="bbox 532 5615 2109 5704">
    <p class='ocr_par' dir='ltr' id='par_1_101' title="bbox 532 5615 2109 5704">
     <span class='ocr_line' id='line_1_101' title="bbox 532 5615 2109 5704; baseline 0.002 -27"><span class='ocrx_word' id='word_1_792' title='bbox 532 5615 697 5677; x_wconf 71' lang='lat' dir='ltr'><strong>laicus</strong></span> <span class='ocrx_word' id='word_1_793' title='bbox 719 5634 808 5676; x_wconf 88' lang='lat' dir='ltr'><strong>aut</strong></span> <span class='ocrx_word' id='word_1_794' title='bbox 829 5615 1071 5694; x_wconf 59' lang='lat' dir='ltr'><strong>privatus:</strong></span> <span class='ocrx_word' id='word_1_795' title='bbox 1113 5615 1285 5704; x_wconf 74' lang='lat' dir='ltr'><strong>Nugae</strong></span> <span class='ocrx_word' id='word_1_796' title='bbox 1304 5634 1358 5684; x_wconf 88' lang='lat' dir='ltr'><strong>in</strong></span> <span class='ocrx_word' id='word_1_797' title='bbox 1381 5615 1705 5704; x_wconf 57' lang='lat' dir='ltr'><strong>ore_laici,_u&#39;t</strong></span> <span class='ocrx_word' id='word_1_798' title='bbox 1727 5615 1897 5704; x_wconf 72' lang='lat' dir='ltr'><strong>inquit</strong></span> <span class='ocrx_word' id='word_1_799' title='bbox 1921 5615 2109 5704; x_wconf 56' lang='lat' dir='ltr'><strong>Hiero:</strong></span> 
     </span>
    </p>
   </div>
   <div class='ocr_carea' id='block_1_102' title="bbox 533 5698 2112 5775">
    <p class='ocr_par' dir='ltr' id='par_1_102' title="bbox 533 5698 2112 5775">
     <span class='ocr_line' id='line_1_102' title="bbox 533 5698 2112 5775; baseline 0.005 -31"><span class='ocrx_word' id='word_1_800' title='bbox 533 5709 916 5775; x_wconf 30' lang='lat' dir='ltr'><strong>inimum-nugo}</strong></span> <span class='ocrx_word' id='word_1_801' title='bbox 936 5708 1085 5775; x_wconf 64' lang='lat' dir='ltr'><strong>sunt;</strong></span> <span class='ocrx_word' id='word_1_802' title='bbox 1115 5705 1170 5775; x_wconf 76' lang='lat' dir='ltr'><strong>in</strong></span> <span class='ocrx_word' id='word_1_803' title='bbox 1198 5698 1286 5757; x_wconf 71' lang='lat' dir='ltr'><strong>ore</strong></span> <span class='ocrx_word' id='word_1_804' title='bbox 1305 5701 1586 5775; x_wconf 80' lang='lat' dir='ltr'><strong>sacerdotis</strong></span> <span class='ocrx_word' id='word_1_805' title='bbox 1612 5698 1952 5775; x_wconf 51' lang='lat' dir='ltr'><strong>blasphemia.</strong></span> <span class='ocrx_word' id='word_1_806' title='bbox 1978 5698 2112 5775; x_wconf 78' lang='lat' dir='ltr'><strong>Addi</strong></span> 
     </span>
    </p>
   </div>
   <div class='ocr_carea' id='block_1_103' title="bbox 535 5763 2108 5840">
    <p class='ocr_par' dir='ltr' id='par_1_103' title="bbox 535 5763 2108 5840">
     <span class='ocr_line' id='line_1_103' title="bbox 535 5763 2108 5840; baseline 0.003 -23"><span class='ocrx_word' id='word_1_807' title='bbox 535 5763 623 5840; x_wconf 65' lang='lat' dir='ltr'><strong>hic</strong></span> <span class='ocrx_word' id='word_1_808' title='bbox 668 5763 849 5840; x_wconf 77' lang='lat' dir='ltr'><strong>potest</strong></span> <span class='ocrx_word' id='word_1_809' title='bbox 895 5766 1111 5840; x_wconf 79' lang='lat' dir='ltr'><strong>insignis</strong></span> <span class='ocrx_word' id='word_1_810' title='bbox 1157 5773 1308 5826; x_wconf 89' lang='lat' dir='ltr'><strong>locus</strong></span> <span class='ocrx_word' id='word_1_811' title='bbox 1338 5788 1404 5825; x_wconf 82' lang='lat' dir='ltr'><strong>ex</strong></span> <span class='ocrx_word' id='word_1_812' title='bbox 1433 5771 1658 5840; x_wconf 84' lang='lat' dir='ltr'><strong>cpistola</strong></span> <span class='ocrx_word' id='word_1_813' title='bbox 1689 5763 1758 5823; x_wconf 51' lang='lat'><strong>834</strong></span> <span class='ocrx_word' id='word_1_814' title='bbox 1787 5767 1842 5822; x_wconf 91' lang='lat' dir='ltr'><strong>S.</strong></span> <span class='ocrx_word' id='word_1_815' title='bbox 1877 5767 2070 5840; x_wconf 87' lang='lat' dir='ltr'><strong>Leonis</strong></span> <span class='ocrx_word' id='word_1_816' title='bbox 2097 5787 2108 5820; x_wconf 88' lang='lat'><strong>:</strong></span> 
     </span>
    </p>
   </div>
   <div class='ocr_carea' id='block_1_104' title="bbox 536 5825 2112 5908">
    <p class='ocr_par' dir='ltr' id='par_1_104' title="bbox 536 5825 2112 5908">
     <span class='ocr_line' id='line_1_104' title="bbox 536 5825 2112 5908; baseline 0 -16"><span class='ocrx_word' id='word_1_817' title='bbox 536 5825 878 5892; x_wconf 69' lang='lat' dir='ltr'><strong>Sacerdotum</strong></span> <span class='ocrx_word' id='word_1_818' title='bbox 917 5825 1053 5890; x_wconf 63' lang='lat' dir='ltr'><strong>enim</strong></span> <span class='ocrx_word' id='word_1_819' title='bbox 1083 5846 1185 5890; x_wconf 85' lang='lat' dir='ltr'><strong>tam</strong></span> <span class='ocrx_word' id='word_1_820' title='bbox 1225 5825 1482 5894; x_wconf 54' lang='lat' dir='ltr'><strong>excellens</strong></span> <span class='ocrx_word' id='word_1_821' title='bbox 1518 5825 1594 5895; x_wconf 77' lang='lat' dir='ltr'><strong>est</strong></span> <span class='ocrx_word' id='word_1_822' title='bbox 1639 5842 1819 5896; x_wconf 82' lang='lat' dir='ltr'><strong>electio</strong></span> <span class='ocrx_word' id='word_1_823' title='bbox 1842 5882 1857 5908; x_wconf 91' lang='lat'><strong>,</strong></span> <span class='ocrx_word' id='word_1_824' title='bbox 1906 5847 1963 5893; x_wconf 85' lang='lat' dir='ltr'><strong>ut</strong></span> <span class='ocrx_word' id='word_1_825' title='bbox 2003 5839 2112 5894; x_wconf 71' lang='lat' dir='ltr'><strong>hac</strong></span> 
     </span>
    </p>
   </div>
   <div class='ocr_carea' id='block_1_105' title="bbox 2209 4779 3792 4856">
    <p class='ocr_par' dir='ltr' id='par_1_105' title="bbox 2209 4779 3792 4856">
     <span class='ocr_line' id='line_1_105' title="bbox 2209 4779 3792 4856; baseline -0.001 -18"><span class='ocrx_word' id='word_1_826' title='bbox 2209 4779 2328 4856; x_wconf 72' lang='lat' dir='ltr'><strong>pum</strong></span> <span class='ocrx_word' id='word_1_827' title='bbox 2347 4825 2361 4849; x_wconf 91' lang='lat'><strong>,</strong></span> <span class='ocrx_word' id='word_1_828' title='bbox 2403 4785 2458 4837; x_wconf 82' lang='lat' dir='ltr'><strong>in</strong></span> <span class='ocrx_word' id='word_1_829' title='bbox 2501 4783 2605 4856; x_wconf 73' lang='lat' dir='ltr'><strong>illis</strong></span> <span class='ocrx_word' id='word_1_830' title='bbox 2639 4794 2815 4856; x_wconf 73' lang='lat' dir='ltr'><strong>tamen</strong></span> <span class='ocrx_word' id='word_1_831' title='bbox 2844 4782 3129 4856; x_wconf 62' lang='lat' dir='ltr'><strong>habeantur</strong></span> <span class='ocrx_word' id='word_1_832' title='bbox 3154 4779 3520 4856; x_wconf 68' lang='lat' dir='ltr'><strong>illicita._Vide</strong></span> <span class='ocrx_word' id='word_1_833' title='bbox 3546 4787 3792 4836; x_wconf 81' lang='lat' dir='ltr'><strong>sanctum</strong></span> 
     </span>
    </p>
   </div>
   <div class='ocr_carea' id='block_1_106' title="bbox 2209 4851 3414 4924">
    <p class='ocr_par' dir='ltr' id='par_1_106' title="bbox 2209 4851 3414 4924">
     <span class='ocr_line' id='line_1_106' title="bbox 2209 4851 3414 4924; baseline -0.006 -13"><span class='ocrx_word' id='word_1_834' title='bbox 2209 4851 2525 4924; x_wconf 71' lang='lat' dir='ltr'><strong>Gregorium</strong></span> <span class='ocrx_word' id='word_1_835' title='bbox 2555 4854 2646 4924; x_wconf 80' lang='lat' dir='ltr'><strong>lib.</strong></span> <span class='ocrx_word' id='word_1_836' title='bbox 2681 4871 2771 4916; x_wconf 88' lang='lat' dir='ltr'><strong>vn,</strong></span> <span class='ocrx_word' id='word_1_837' title='bbox 2803 4853 2989 4906; x_wconf 89' lang='lat' dir='ltr'><strong>indict.</strong></span> <span class='ocrx_word' id='word_1_838' title='bbox 3018 4851 3073 4915; x_wconf 67' lang='grc'><strong>2,</strong></span> <span class='ocrx_word' id='word_1_839' title='bbox 3105 4851 3260 4920; x_wconf 89' lang='lat' dir='ltr'><strong>epist.</strong></span> 
     </span>
    </p>
   </div>
   <div class='ocr_carea' id='block_1_107' title="bbox 2285 4919 3794 4992">
    <p class='ocr_par' dir='ltr' id='par_1_107' title="bbox 2285 4919 3794 4992">
     <span class='ocr_line' id='line_1_107' title="bbox 2285 4919 3794 4992; baseline -0.003 -12"><span class='ocrx_word' id='word_1_840' title='bbox 2285 4919 2522 4980; x_wconf 45' lang='lat' dir='ltr'><strong>(Codex</strong></span> <span class='ocrx_word' id='word_1_841' title='bbox 2577 4922 2813 4978; x_wconf 87' lang='lat' dir='ltr'><strong>Colbert.</strong></span> <span class='ocrx_word' id='word_1_842' title='bbox 2881 4930 2934 4977; x_wconf 90' lang='lat' dir='ltr'><strong>et</strong></span> <span class='ocrx_word' id='word_1_843' title='bbox 2990 4919 3200 4975; x_wconf 80' lang='lat' dir='ltr'><strong>veteres</strong></span> <span class='ocrx_word' id='word_1_844' title='bbox 3258 4920 3558 4986; x_wconf 86' lang='lat' dir='ltr'><strong>editiones,</strong></span> <span class='ocrx_word' id='word_1_845' title='bbox 3609 4919 3794 4992; x_wconf 73' lang='lat' dir='ltr'><strong>fazdior</strong></span> 
     </span>
    </p>
   </div>
   <div class='ocr_carea' id='block_1_108' title="bbox 2209 4995 2507 5050">
    <p class='ocr_par' dir='ltr' id='par_1_108' title="bbox 2209 4995 2507 5050">
     <span class='ocr_line' id='line_1_108' title="bbox 2209 4995 2507 5050; baseline -0.01 0"><span class='ocrx_word' id='word_1_846' title='bbox 2209 4995 2507 5050; x_wconf 84' lang='lat' dir='ltr'><strong>inebriator.</strong></span> 
     </span>
    </p>
   </div>
   <div class='ocr_carea' id='block_1_109' title="bbox 2288 5063 3417 5128">
    <p class='ocr_par' dir='ltr' id='par_1_109' title="bbox 2288 5063 3417 5128">
     <span class='ocr_line' id='line_1_109' title="bbox 2288 5063 3417 5128; baseline -0.005 -8"><span class='ocrx_word' id='word_1_847' title='bbox 2288 5065 2307 5104; x_wconf 72' lang='grc' dir='ltr'>ί</span> <span class='ocrx_word' id='word_1_848' title='bbox 2339 5067 2481 5120; x_wconf 86' lang='lat' dir='ltr'><strong>Idem</strong></span> <span class='ocrx_word' id='word_1_849' title='bbox 2511 5064 2683 5118; x_wconf 83' lang='lat' dir='ltr'><strong>codex</strong></span> <span class='ocrx_word' id='word_1_850' title='bbox 2711 5071 2766 5118; x_wconf 88' lang='lat' dir='ltr'><strong>et</strong></span> <span class='ocrx_word' id='word_1_851' title='bbox 2793 5069 3003 5119; x_wconf 78' lang='lat' dir='ltr'><strong>veteres</strong></span> <span class='ocrx_word' id='word_1_852' title='bbox 3030 5063 3182 5128; x_wconf 90' lang='lat' dir='ltr'><strong>edit.,</strong></span> <span class='ocrx_word' id='word_1_853' title='bbox 3214 5079 3417 5117; x_wconf 80' lang='lat' dir='ltr'><strong>nomen.</strong></span> 
     </span>
    </p>
   </div>
   <div class='ocr_carea' id='block_1_110' title="bbox 2286 5131 3796 5204">
    <p class='ocr_par' dir='ltr' id='par_1_110' title="bbox 2286 5131 3796 5204">
     <span class='ocr_line' id='line_1_110' title="bbox 2286 5131 3796 5204; baseline -0.003 -14"><span class='ocrx_word' id='word_1_854' title='bbox 2286 5146 2310 5184; x_wconf 74' lang='grc' dir='ltr'><strong><em>Β</em></strong></span> <span class='ocrx_word' id='word_1_855' title='bbox 2341 5136 2420 5190; x_wconf 83' lang='lat' dir='ltr'><strong>Ad</strong></span> <span class='ocrx_word' id='word_1_856' title='bbox 2449 5137 2589 5190; x_wconf 90' lang='lat' dir='ltr'><strong>hunc</strong></span> <span class='ocrx_word' id='word_1_857' title='bbox 2630 5136 2804 5204; x_wconf 85' lang='lat' dir='ltr'><strong>locum</strong></span> <span class='ocrx_word' id='word_1_858' title='bbox 2845 5135 3078 5204; x_wconf 80' lang='lat' dir='ltr'><strong>respexit</strong></span> <span class='ocrx_word' id='word_1_859' title='bbox 3117 5133 3397 5189; x_wconf 88' lang='lat' dir='ltr'><strong>Salvianus</strong></span> <span class='ocrx_word' id='word_1_860' title='bbox 3426 5131 3580 5204; x_wconf 79' lang='lat' dir='ltr'><strong>infra,</strong></span> <span class='ocrx_word' id='word_1_861' title='bbox 3612 5132 3663 5186; x_wconf 89' lang='lat' dir='ltr'><strong>in</strong></span> <span class='ocrx_word' id='word_1_862' title='bbox 3694 5131 3796 5186; x_wconf 83' lang='lat' dir='ltr'><strong>ini-</strong></span> 
     </span>
    </p>
   </div>
   <div class='ocr_carea' id='block_1_111' title="bbox 2215 5201 3795 5275">
    <p class='ocr_par' dir='ltr' id='par_1_111' title="bbox 2215 5201 3795 5275">
     <span class='ocr_line' id='line_1_111' title="bbox 2215 5201 3795 5275; baseline -0.003 -15"><span class='ocrx_word' id='word_1_863' title='bbox 2215 5209 2289 5262; x_wconf 90' lang='lat' dir='ltr'><strong>tio</strong></span> <span class='ocrx_word' id='word_1_864' title='bbox 2333 5207 2423 5260; x_wconf 89' lang='lat' dir='ltr'><strong>lib.</strong></span> <span class='ocrx_word' id='word_1_865' title='bbox 2469 5223 2518 5270; x_wconf 85' lang='lat' dir='ltr'><strong>v,</strong></span> <span class='ocrx_word' id='word_1_866' title='bbox 2550 5219 2667 5275; x_wconf 83' lang='lat' dir='ltr'><strong>pag.</strong></span> <span class='ocrx_word' id='word_1_867' title='bbox 2702 5203 2805 5258; x_wconf 76' lang='lat'><strong>9&#39;5:</strong></span> <span class='ocrx_word' id='word_1_868' title='bbox 2860 5201 2992 5268; x_wconf 72' lang='lat' dir='ltr'><strong>Quia</strong></span> <span class='ocrx_word' id='word_1_869' title='bbox 3042 5206 3141 5258; x_wconf 78' lang='lat' dir='ltr'><strong>(luo</strong></span> <span class='ocrx_word' id='word_1_870' title='bbox 3181 5205 3410 5272; x_wconf 79' lang='lat' dir='ltr'><strong>superius</strong></span> <span class='ocrx_word' id='word_1_871' title='bbox 3457 5201 3795 5256; x_wconf 81' lang='lat' dir='ltr'><strong>barbarorum</strong></span> 
     </span>
    </p>
   </div>
   <div class='ocr_carea' id='block_1_112' title="bbox 2213 5275 3798 5348">
    <p class='ocr_par' dir='ltr' id='par_1_112' title="bbox 2213 5275 3798 5348">
     <span class='ocr_line' id='line_1_112' title="bbox 2213 5275 3798 5348; baseline -0.004 -18"><span class='ocrx_word' id='word_1_872' title='bbox 2213 5295 2397 5348; x_wconf 81' lang='lat' dir='ltr'><strong>genera</strong></span> <span class='ocrx_word' id='word_1_873' title='bbox 2425 5276 2501 5330; x_wconf 86' lang='lat' dir='ltr'><strong>vel</strong></span> <span class='ocrx_word' id='word_1_874' title='bbox 2527 5285 2691 5329; x_wconf 80' lang='lat' dir='ltr'><strong>sectas</strong></span> <span class='ocrx_word' id='word_1_875' title='bbox 2717 5293 2824 5348; x_wconf 59' lang='lat' dir='ltr'><strong>esse</strong></span> <span class='ocrx_word' id='word_1_876' title='bbox 2851 5275 3263 5348; x_wconf 75' lang='lat' dir='ltr'><strong>memoravimus,</strong></span> <span class='ocrx_word' id='word_1_877' title='bbox 3295 5289 3615 5348; x_wconf 75' lang='lat' dir='ltr'><strong>paganorum</strong></span> <span class='ocrx_word' id='word_1_878' title='bbox 3645 5283 3798 5348; x_wconf 78' lang='lat' dir='ltr'><strong>al_que</strong></span> 
     </span>
    </p>
   </div>
   <div class='ocr_carea' id='block_1_113' title="bbox 2214 5342 3795 5413">
    <p class='ocr_par' dir='ltr' id='par_1_113' title="bbox 2214 5342 3795 5413">
     <span class='ocr_line' id='line_1_113' title="bbox 2214 5342 3795 5413; baseline -0.003 -14"><span class='ocrx_word' id='word_1_879' title='bbox 2214 5342 2596 5407; x_wconf 66' lang='lat' dir='ltr'><strong>hazretirorum,</strong></span> <span class='ocrx_word' id='word_1_880' title='bbox 2638 5355 2738 5400; x_wconf 86' lang='lat' dir='ltr'><strong>ctc.</strong></span> <span class='ocrx_word' id='word_1_881' title='bbox 2775 5346 3129 5400; x_wconf 87' lang='lat' dir='ltr'><strong>Barbarorum</strong></span> <span class='ocrx_word' id='word_1_882' title='bbox 3160 5346 3248 5413; x_wconf 91' lang='lat' dir='ltr'><strong>qui</strong></span> <span class='ocrx_word' id='word_1_883' title='bbox 3279 5342 3406 5396; x_wconf 85' lang='lat' dir='ltr'><strong>tunc</strong></span> <span class='ocrx_word' id='word_1_884' title='bbox 3436 5343 3487 5413; x_wconf 88' lang='lat' dir='ltr'><strong>in</strong></span> <span class='ocrx_word' id='word_1_885' title='bbox 3519 5342 3795 5413; x_wconf 57' lang='grc' dir='ltr'><strong>φὼρ]ὶο-</strong></span> 
     </span>
    </p>
   </div>
   <div class='ocr_carea' id='block_1_114' title="bbox 2213 5409 3800 5484">
    <p class='ocr_par' dir='ltr' id='par_1_114' title="bbox 2213 5409 3800 5484">
     <span class='ocr_line' id='line_1_114' title="bbox 2213 5409 3800 5484; baseline -0.004 -14"><span class='ocrx_word' id='word_1_886' title='bbox 2213 5434 2372 5470; x_wconf 88' lang='lat' dir='ltr'><strong>mano</strong></span> <span class='ocrx_word' id='word_1_887' title='bbox 2402 5417 2680 5484; x_wconf 89' lang='lat' dir='ltr'><strong>imperium</strong></span> <span class='ocrx_word' id='word_1_888' title='bbox 2710 5416 2978 5483; x_wconf 84' lang='lat' dir='ltr'><strong>agitabant</strong></span> <span class='ocrx_word' id='word_1_889' title='bbox 3006 5415 3121 5471; x_wconf 73' lang='lat' dir='ltr'><strong>hmc</strong></span> <span class='ocrx_word' id='word_1_890' title='bbox 3147 5409 3299 5469; x_wconf 76' lang='lat' dir='ltr'><strong>erant</strong></span> <span class='ocrx_word' id='word_1_891' title='bbox 3322 5411 3600 5484; x_wconf 76' lang='lat' dir='ltr'><strong>vocabula.</strong></span> <span class='ocrx_word' id='word_1_892' title='bbox 3623 5409 3800 5484; x_wconf 57' lang='lat' dir='ltr'><strong>fran-</strong></span> 
     </span>
    </p>
   </div>
   <div class='ocr_carea' id='block_1_115' title="bbox 2213 5481 3795 5563">
    <p class='ocr_par' dir='ltr' id='par_1_115' title="bbox 2213 5481 3795 5563">
     <span class='ocr_line' id='line_1_115' title="bbox 2213 5481 3795 5563; baseline -0.004 -22"><span class='ocrx_word' id='word_1_893' title='bbox 2285 5527 2298 5548; x_wconf 91' lang='lat'><strong>,</strong></span> <span class='ocrx_word' id='word_1_894' title='bbox 2331 5481 2603 5563; x_wconf 45' lang='lat' dir='ltr'><strong>Sationes,</strong></span> <span class='ocrx_word' id='word_1_895' title='bbox 2638 5481 2835 5563; x_wconf 58' lang='lat' dir='ltr'><strong>Mauri,</strong></span> <span class='ocrx_word' id='word_1_896' title='bbox 2875 5486 3115 5563; x_wconf 30' lang='lat' dir='ltr'><strong>Scythas,</strong></span> <span class='ocrx_word' id='word_1_897' title='bbox 3151 5484 3333 5563; x_wconf 61' lang='lat' dir='ltr'><strong>Alani,</strong></span> <span class='ocrx_word' id='word_1_898' title='bbox 3369 5483 3586 5563; x_wconf 60' lang='lat' dir='ltr'><strong>Hunni,</strong></span> <span class='ocrx_word' id='word_1_899' title='bbox 3605 5481 3795 5563; x_wconf 57' lang='grc' dir='ltr'><strong>βρεὴὶ2</strong></span> 
     </span>
    </p>
   </div>
   <div class='ocr_carea' id='block_1_116' title="bbox 2212 5552 3800 5624">
    <p class='ocr_par' dir='ltr' id='par_1_116' title="bbox 2212 5552 3800 5624">
     <span class='ocr_line' id='line_1_116' title="bbox 2212 5552 3800 5624; baseline -0.004 -14"><span class='ocrx_word' id='word_1_900' title='bbox 2212 5557 2455 5611; x_wconf 74' lang='lat' dir='ltr'><strong>Vandali.</strong></span> <span class='ocrx_word' id='word_1_901' title='bbox 2496 5556 2716 5623; x_wconf 87' lang='lat' dir='ltr'><strong>Franci,</strong></span> <span class='ocrx_word' id='word_1_902' title='bbox 2749 5552 3023 5622; x_wconf 77' lang='lat' dir='ltr'><strong>Saxones,</strong></span> <span class='ocrx_word' id='word_1_903' title='bbox 3054 5557 3248 5617; x_wconf 87' lang='lat' dir='ltr'><strong>Mauri,</strong></span> <span class='ocrx_word' id='word_1_904' title='bbox 3282 5553 3523 5624; x_wconf 65' lang='lat' dir='ltr'><strong>scythae,</strong></span> <span class='ocrx_word' id='word_1_905' title='bbox 3558 5552 3800 5624; x_wconf 80' lang='lat' dir='ltr'><strong>Alaniet</strong></span> 
     </span>
    </p>
   </div>
   <div class='ocr_carea' id='block_1_117' title="bbox 2217 5622 3798 5705">
    <p class='ocr_par' dir='ltr' id='par_1_117' title="bbox 2217 5622 3798 5705">
     <span class='ocr_line' id='line_1_117' title="bbox 2217 5622 3798 5705; baseline -0.004 -25"><span class='ocrx_word' id='word_1_906' title='bbox 2217 5625 2423 5691; x_wconf 87' lang='lat' dir='ltr'><strong>Hunni,</strong></span> <span class='ocrx_word' id='word_1_907' title='bbox 2466 5629 2660 5705; x_wconf 70' lang='lat' dir='ltr'><strong>pagani</strong></span> <span class='ocrx_word' id='word_1_908' title='bbox 2695 5622 2886 5705; x_wconf 69' lang='lat' dir='ltr'><strong>erant,</strong></span> <span class='ocrx_word' id='word_1_909' title='bbox 2925 5629 3062 5705; x_wconf 78' lang='lat' dir='ltr'><strong>ut_i_n</strong></span> <span class='ocrx_word' id='word_1_910' title='bbox 3104 5622 3393 5705; x_wconf 78' lang='lat' dir='ltr'><strong>pagin_a_86</strong></span> <span class='ocrx_word' id='word_1_911' title='bbox 3420 5623 3562 5705; x_wconf 72' lang='lat' dir='ltr'><strong>(licet</strong></span> <span class='ocrx_word' id='word_1_912' title='bbox 3591 5622 3798 5705; x_wconf 72' lang='lat' dir='ltr'><strong>Salvia-</strong></span> 
     </span>
    </p>
   </div>
   <div class='ocr_carea' id='block_1_118' title="bbox 2217 5691 3798 5766">
    <p class='ocr_par' dir='ltr' id='par_1_118' title="bbox 2217 5691 3798 5766">
     <span class='ocr_line' id='line_1_118' title="bbox 2217 5691 3798 5766; baseline -0.003 -16"><span class='ocrx_word' id='word_1_913' title='bbox 2217 5713 2342 5759; x_wconf 88' lang='lat' dir='ltr'><strong>nus;</strong></span> <span class='ocrx_word' id='word_1_914' title='bbox 2376 5691 2571 5761; x_wconf 69' lang='lat' dir='ltr'><strong>caetcri,</strong></span> <span class='ocrx_word' id='word_1_915' title='bbox 2604 5696 2888 5751; x_wconf 85' lang='lat' dir='ltr'><strong>Christiani</strong></span> <span class='ocrx_word' id='word_1_916' title='bbox 2921 5691 3154 5766; x_wconf 79' lang='lat' dir='ltr'><strong>quidem,</strong></span> <span class='ocrx_word' id='word_1_917' title='bbox 3181 5691 3280 5751; x_wconf 69' lang='lat' dir='ltr'><strong>sed</strong></span> <span class='ocrx_word' id='word_1_918' title='bbox 3311 5693 3562 5757; x_wconf 72' lang='lat' dir='ltr'><strong>hmretici,</strong></span> <span class='ocrx_word' id='word_1_919' title='bbox 3599 5691 3798 5746; x_wconf 82' lang='lat' dir='ltr'><strong>Ariana</strong></span> 
     </span>
    </p>
   </div>
   <div class='ocr_carea' id='block_1_119' title="bbox 2215 5767 3794 5837">
    <p class='ocr_par' dir='ltr' id='par_1_119' title="bbox 2215 5767 3794 5837">
     <span class='ocr_line' id='line_1_119' title="bbox 2215 5767 3794 5837; baseline -0.002 -19"><span class='ocrx_word' id='word_1_920' title='bbox 2215 5768 2431 5837; x_wconf 84' lang='lat' dir='ltr'><strong>perfidia</strong></span> <span class='ocrx_word' id='word_1_921' title='bbox 2459 5768 2688 5837; x_wconf 85' lang='lat' dir='ltr'><strong>imbuti.</strong></span> <span class='ocrx_word' id='word_1_922' title='bbox 2752 5767 2860 5822; x_wconf 86' lang='lat' dir='ltr'><strong>llos</strong></span> <span class='ocrx_word' id='word_1_923' title='bbox 2905 5768 3045 5822; x_wconf 89' lang='lat' dir='ltr'><strong>cnim</strong></span> <span class='ocrx_word' id='word_1_924' title='bbox 3098 5768 3164 5837; x_wconf 83' lang='lat' dir='ltr'><strong>dc</strong></span> <span class='ocrx_word' id='word_1_925' title='bbox 3210 5779 3538 5834; x_wconf 83' lang='lat' dir='ltr'><strong>paganorum</strong></span> <span class='ocrx_word' id='word_1_926' title='bbox 3569 5776 3794 5837; x_wconf 79' lang='lat' dir='ltr'><strong>munero</strong></span> 
     </span>
    </p>
   </div>
   <div class='ocr_carea' id='block_1_120' title="bbox 2214 5834 3790 5908">
    <p class='ocr_par' dir='ltr' id='par_1_120' title="bbox 2214 5834 3790 5908">
     <span class='ocr_line' id='line_1_120' title="bbox 2214 5834 3790 5908; baseline -0.004 -15"><span class='ocrx_word' id='word_1_927' title='bbox 2214 5834 2411 5908; x_wconf 81' lang='lat' dir='ltr'><strong>excipit</strong></span> <span class='ocrx_word' id='word_1_928' title='bbox 2446 5836 2724 5892; x_wconf 85' lang='lat' dir='ltr'><strong>Salvianus</strong></span> <span class='ocrx_word' id='word_1_929' title='bbox 2760 5837 2872 5906; x_wconf 89' lang='lat' dir='ltr'><strong>ipse</strong></span> <span class='ocrx_word' id='word_1_930' title='bbox 2911 5852 3028 5907; x_wconf 85' lang='lat' dir='ltr'><strong>pag.</strong></span> <span class='ocrx_word' id='word_1_931' title='bbox 3072 5836 3160 5901; x_wconf 86' lang='lat'><strong>96,</strong></span> <span class='ocrx_word' id='word_1_932' title='bbox 3200 5838 3287 5890; x_wconf 90' lang='lat' dir='ltr'><strong>ubi</strong></span> <span class='ocrx_word' id='word_1_933' title='bbox 3317 5849 3638 5889; x_wconf 88' lang='lat' dir='ltr'><strong>enumerans</strong></span> <span class='ocrx_word' id='word_1_934' title='bbox 3663 5834 3790 5888; x_wconf 70' lang='lat' dir='ltr'><strong>lm-</strong></span> 
     </span>
    </p>
   </div>
  </div>
