  <div class='ocr_page' id='page_1' title='image "/cluster/home/n/w/nwhite01/storage/ocr_20150623/53/hvd.32044015471576/048.png"; bbox 0 0 4088 6360; ppageno 0'>
   <div class='ocr_carea' id='block_1_1' title="bbox 353 237 3612 320">
    <p class='ocr_par' dir='ltr' id='par_1_1' title="bbox 353 237 3612 320">
     <span class='ocr_line' id='line_1_1' title="bbox 353 237 3612 320; baseline -0.002 -16"><span class='ocrx_word' id='word_1_1' title='bbox 353 249 436 320; x_wconf 67' lang='grc' dir='ltr'><strong>ιι</strong></span> <span class='ocrx_word' id='word_1_2' title='bbox 1443 242 1532 303; x_wconf 82' lang='lat' dir='ltr'><strong>DE</strong></span> <span class='ocrx_word' id='word_1_3' title='bbox 1565 237 2092 301; x_wconf 81' lang='lat' dir='ltr'><strong>GUBERNATIONE</strong></span> <span class='ocrx_word' id='word_1_4' title='bbox 2131 241 2242 296; x_wconf 85' lang='lat' dir='ltr'><strong>DEI</strong></span> <span class='ocrx_word' id='word_1_5' title='bbox 2281 244 2404 298; x_wconf 84' lang='lat' dir='ltr'><strong>LIB.</strong></span> <span class='ocrx_word' id='word_1_6' title='bbox 2448 246 2534 300; x_wconf 83' lang='lat' dir='ltr'><strong>IV.</strong></span> <span class='ocrx_word' id='word_1_7' title='bbox 3535 253 3612 314; x_wconf 56' lang='lat' dir='ltr'><strong>si;</strong></span> 
     </span>
    </p>
   </div>
   <div class='ocr_carea' id='block_1_2' title="bbox 353 333 3610 438">
    <p class='ocr_par' dir='ltr' id='par_1_2' title="bbox 353 333 3610 438">
     <span class='ocr_line' id='line_1_2' title="bbox 353 333 3610 438; baseline 0.002 -20"><span class='ocrx_word' id='word_1_8' title='bbox 353 378 486 438; x_wconf 75' lang='lat' dir='ltr'><strong>ergo</strong></span> <span class='ocrx_word' id='word_1_9' title='bbox 514 362 783 428; x_wconf 88' lang='lat' dir='ltr'><strong>omnibus,</strong></span> <span class='ocrx_word' id='word_1_10' title='bbox 813 370 1070 436; x_wconf 84' lang='lat' dir='ltr'><strong>quantum</strong></span> <span class='ocrx_word' id='word_1_11' title='bbox 1099 360 1167 417; x_wconf 93' lang='lat' dir='ltr'><strong>ad</strong></span> <span class='ocrx_word' id='word_1_12' title='bbox 1208 361 1381 431; x_wconf 91' lang='lat' dir='ltr'><strong>legem</strong></span> <span class='ocrx_word' id='word_1_13' title='bbox 1407 333 1642 414; x_wconf 81' lang='lat' dir='ltr'><strong>divinam</strong></span> <span class='ocrx_word' id='word_1_14' title='bbox 1680 355 1930 428; x_wconf 77' lang='lat' dir='ltr'><strong>pertinet,</strong></span> <span class='ocrx_word' id='word_1_15' title='bbox 1960 345 2009 412; x_wconf 75' lang='grc' dir='ltr'><strong>Λ</strong></span> <span class='ocrx_word' id='word_1_16' title='bbox 2037 354 2211 408; x_wconf 77' lang='lat' dir='ltr'><strong>cultor</strong></span> <span class='ocrx_word' id='word_1_17' title='bbox 2239 355 2340 426; x_wconf 84' lang='lat' dir='ltr'><strong>dici</strong></span> <span class='ocrx_word' id='word_1_18' title='bbox 2365 374 2470 412; x_wconf 85' lang='lat' dir='ltr'><strong>non</strong></span> <span class='ocrx_word' id='word_1_19' title='bbox 2494 367 2672 428; x_wconf 82' lang='lat' dir='ltr'><strong>potest</strong></span> <span class='ocrx_word' id='word_1_20' title='bbox 2692 362 2860 418; x_wconf 91' lang='lat' dir='ltr'><strong>malus</strong></span> <span class='ocrx_word' id='word_1_21' title='bbox 2879 364 3068 418; x_wconf 87' lang='lat' dir='ltr'><strong>cultor.</strong></span> <span class='ocrx_word' id='word_1_22' title='bbox 3100 365 3282 436; x_wconf 84' lang='lat' dir='ltr'><strong>Neque</strong></span> <span class='ocrx_word' id='word_1_23' title='bbox 3309 369 3451 423; x_wconf 86' lang='lat' dir='ltr'><strong>enim</strong></span> <span class='ocrx_word' id='word_1_24' title='bbox 3478 368 3610 425; x_wconf 84' lang='lat' dir='ltr'><strong>colit</strong></span> 
     </span>
    </p>
   </div>
   <div class='ocr_carea' id='block_1_3' title="bbox 353 445 1930 530">
    <p class='ocr_par' dir='ltr' id='par_1_3' title="bbox 353 445 1930 530">
     <span class='ocr_line' id='line_1_3' title="bbox 353 445 1930 530; baseline -0.007 -18"><span class='ocrx_word' id='word_1_25' title='bbox 353 455 478 512; x_wconf 84' lang='lat' dir='ltr'><strong>dico</strong></span> <span class='ocrx_word' id='word_1_26' title='bbox 506 470 608 511; x_wconf 91' lang='lat' dir='ltr'><strong>nos</strong></span> <span class='ocrx_word' id='word_1_27' title='bbox 634 455 750 512; x_wconf 84' lang='lat' dir='ltr'><strong>sine</strong></span> <span class='ocrx_word' id='word_1_28' title='bbox 777 454 1178 530; x_wconf 84' lang='lat' dir='ltr'><strong>comparatione</strong></span> <span class='ocrx_word' id='word_1_29' title='bbox 1223 452 1505 517; x_wconf 85' lang='lat' dir='ltr'><strong>meliores;</strong></span> <span class='ocrx_word' id='word_1_30' title='bbox 1535 445 1792 520; x_wconf 81' lang='lat' dir='ltr'><strong>quantum</strong></span> <span class='ocrx_word' id='word_1_31' title='bbox 1834 463 1930 502; x_wconf 87' lang='lat' dir='ltr'><strong>au-</strong></span> 
     </span>
    </p>
   </div>
   <div class='ocr_carea' id='block_1_4' title="bbox 353 542 1929 612">
    <p class='ocr_par' dir='ltr' id='par_1_4' title="bbox 353 542 1929 612">
     <span class='ocr_line' id='line_1_4' title="bbox 353 542 1929 612; baseline -0.005 -11"><span class='ocrx_word' id='word_1_32' title='bbox 353 553 466 601; x_wconf 91' lang='lat' dir='ltr'><strong>tem</strong></span> <span class='ocrx_word' id='word_1_33' title='bbox 500 545 567 600; x_wconf 94' lang='lat' dir='ltr'><strong>ad</strong></span> <span class='ocrx_word' id='word_1_34' title='bbox 595 546 757 600; x_wconf 86' lang='lat' dir='ltr'><strong>vitam</strong></span> <span class='ocrx_word' id='word_1_35' title='bbox 787 553 841 601; x_wconf 89' lang='lat' dir='ltr'><strong>et</strong></span> <span class='ocrx_word' id='word_1_36' title='bbox 863 545 987 600; x_wconf 66' lang='lat' dir='ltr'><strong>vitae</strong></span> <span class='ocrx_word' id='word_1_37' title='bbox 1009 554 1148 609; x_wconf 76' lang='lat' dir='ltr'><strong>acta,</strong></span> <span class='ocrx_word' id='word_1_38' title='bbox 1179 542 1338 599; x_wconf 91' lang='lat' dir='ltr'><strong>doleo</strong></span> <span class='ocrx_word' id='word_1_39' title='bbox 1368 558 1430 598; x_wconf 92' lang='lat' dir='ltr'><strong>ac</strong></span> <span class='ocrx_word' id='word_1_40' title='bbox 1457 542 1650 612; x_wconf 84' lang='lat' dir='ltr'><strong>plango</strong></span> <span class='ocrx_word' id='word_1_41' title='bbox 1679 553 1796 594; x_wconf 89' lang='lat' dir='ltr'><strong>esse</strong></span> <span class='ocrx_word' id='word_1_42' title='bbox 1834 554 1929 610; x_wconf 90' lang='lat' dir='ltr'><strong>pe-</strong></span> 
     </span>
    </p>
   </div>
   <div class='ocr_carea' id='block_1_5' title="bbox 347 622 1929 708">
    <p class='ocr_par' dir='ltr' id='par_1_5' title="bbox 347 622 1929 708">
     <span class='ocr_line' id='line_1_5' title="bbox 347 622 1929 708; baseline -0.003 -18"><span class='ocrx_word' id='word_1_43' title='bbox 347 633 517 703; x_wconf 81' lang='lat' dir='ltr'><strong>jores.</strong></span> <span class='ocrx_word' id='word_1_44' title='bbox 550 633 805 703; x_wconf 83' lang='lat' dir='ltr'><strong>Quamvis</strong></span> <span class='ocrx_word' id='word_1_45' title='bbox 830 635 882 692; x_wconf 92' lang='lat' dir='ltr'><strong>id</strong></span> <span class='ocrx_word' id='word_1_46' title='bbox 912 637 1084 708; x_wconf 89' lang='lat' dir='ltr'><strong>ipsum</strong></span> <span class='ocrx_word' id='word_1_47' title='bbox 1131 644 1310 690; x_wconf 91' lang='lat' dir='ltr'><strong>tamen</strong></span> <span class='ocrx_word' id='word_1_48' title='bbox 1335 676 1350 701; x_wconf 92' lang='lat'><strong>,</strong></span> <span class='ocrx_word' id='word_1_49' title='bbox 1399 642 1458 689; x_wconf 90' lang='lat' dir='ltr'><strong>ut</strong></span> <span class='ocrx_word' id='word_1_50' title='bbox 1496 622 1620 688; x_wconf 81' lang='lat' dir='ltr'><strong>ante</strong></span> <span class='ocrx_word' id='word_1_51' title='bbox 1651 631 1760 703; x_wconf 83' lang='lat' dir='ltr'><strong>jam</strong></span> <span class='ocrx_word' id='word_1_52' title='bbox 1789 629 1929 686; x_wconf 88' lang='lat' dir='ltr'><strong>dixi-</strong></span> 
     </span>
    </p>
   </div>
   <div class='ocr_carea' id='block_1_6' title="bbox 351 723 1928 804">
    <p class='ocr_par' dir='ltr' id='par_1_6' title="bbox 351 723 1928 804">
     <span class='ocr_line' id='line_1_6' title="bbox 351 723 1928 804; baseline 0.001 -26"><span class='ocrx_word' id='word_1_53' title='bbox 351 739 492 791; x_wconf 77' lang='lat' dir='ltr'><strong>mus,</strong></span> <span class='ocrx_word' id='word_1_54' title='bbox 522 739 630 780; x_wconf 91' lang='lat' dir='ltr'><strong>non</strong></span> <span class='ocrx_word' id='word_1_55' title='bbox 672 725 740 781; x_wconf 83' lang='lat' dir='ltr'><strong>de</strong></span> <span class='ocrx_word' id='word_1_56' title='bbox 767 729 914 804; x_wconf 83' lang='lat' dir='ltr'><strong>omni</strong></span> <span class='ocrx_word' id='word_1_57' title='bbox 953 728 1166 799; x_wconf 84' lang='lat' dir='ltr'><strong>penitus</strong></span> <span class='ocrx_word' id='word_1_58' title='bbox 1197 736 1222 764; x_wconf 75' lang='grc' dir='ltr'>ι</span> <span class='ocrx_word' id='word_1_59' title='bbox 1246 723 1471 782; x_wconf 82' lang='lat' dir='ltr'><strong>Romani</strong></span> <span class='ocrx_word' id='word_1_60' title='bbox 1500 724 1682 796; x_wconf 74' lang='lat' dir='ltr'><strong>pepuli</strong></span> <span class='ocrx_word' id='word_1_61' title='bbox 1713 723 1928 779; x_wconf 91' lang='lat' dir='ltr'><strong>univer-</strong></span> 
     </span>
    </p>
   </div>
   <div class='ocr_carea' id='block_1_7' title="bbox 352 815 1929 891">
    <p class='ocr_par' dir='ltr' id='par_1_7' title="bbox 352 815 1929 891">
     <span class='ocr_line' id='line_1_7' title="bbox 352 815 1929 891; baseline 0.002 -20"><span class='ocrx_word' id='word_1_62' title='bbox 352 816 513 873; x_wconf 81' lang='lat' dir='ltr'><strong>sitate</strong></span> <span class='ocrx_word' id='word_1_63' title='bbox 549 817 805 876; x_wconf 83' lang='lat' dir='ltr'><strong>dicamus.</strong></span> <span class='ocrx_word' id='word_1_64' title='bbox 844 818 1066 891; x_wconf 88' lang='lat' dir='ltr'><strong>Excipio</strong></span> <span class='ocrx_word' id='word_1_65' title='bbox 1105 820 1248 874; x_wconf 90' lang='lat' dir='ltr'><strong>enim</strong></span> <span class='ocrx_word' id='word_1_66' title='bbox 1278 819 1504 889; x_wconf 87' lang='lat' dir='ltr'><strong>primum</strong></span> <span class='ocrx_word' id='word_1_67' title='bbox 1535 834 1720 874; x_wconf 90' lang='lat' dir='ltr'><strong>omnes</strong></span> <span class='ocrx_word' id='word_1_68' title='bbox 1745 815 1774 857; x_wconf 68' lang='grc' dir='ltr'>δ</span> <span class='ocrx_word' id='word_1_69' title='bbox 1802 819 1929 874; x_wconf 88' lang='lat' dir='ltr'><strong>reli-</strong></span> 
     </span>
    </p>
   </div>
   <div class='ocr_carea' id='block_1_8' title="bbox 349 908 1929 982">
    <p class='ocr_par' dir='ltr' id='par_1_8' title="bbox 349 908 1929 982">
     <span class='ocr_line' id='line_1_8' title="bbox 349 908 1929 982; baseline 0.002 -17"><span class='ocrx_word' id='word_1_70' title='bbox 349 908 536 979; x_wconf 74' lang='lat' dir='ltr'><strong>giosos</strong></span> <span class='ocrx_word' id='word_1_71' title='bbox 556 949 571 973; x_wconf 86' lang='lat'><strong>,</strong></span> <span class='ocrx_word' id='word_1_72' title='bbox 605 911 797 966; x_wconf 92' lang='lat' dir='ltr'><strong>deinde</strong></span> <span class='ocrx_word' id='word_1_73' title='bbox 844 913 1130 969; x_wconf 88' lang='lat' dir='ltr'><strong>nonnullos</strong></span> <span class='ocrx_word' id='word_1_74' title='bbox 1158 912 1316 967; x_wconf 89' lang='lat' dir='ltr'><strong>etiam</strong></span> <span class='ocrx_word' id='word_1_75' title='bbox 1345 912 1629 967; x_wconf 59' lang='lat' dir='ltr'><strong>saeculares</strong></span> <span class='ocrx_word' id='word_1_76' title='bbox 1668 911 1929 982; x_wconf 79' lang='lat' dir='ltr'><strong>religiosis</strong></span> 
     </span>
    </p>
   </div>
   <div class='ocr_carea' id='block_1_9' title="bbox 351 987 1929 1075">
    <p class='ocr_par' dir='ltr' id='par_1_9' title="bbox 351 987 1929 1075">
     <span class='ocr_line' id='line_1_9' title="bbox 351 987 1929 1075; baseline 0.003 -19"><span class='ocrx_word' id='word_1_77' title='bbox 351 1015 528 1075; x_wconf 85' lang='lat' dir='ltr'><strong>pares,</strong></span> <span class='ocrx_word' id='word_1_78' title='bbox 574 1010 665 1057; x_wconf 91' lang='lat' dir='ltr'><strong>aut</strong></span> <span class='ocrx_word' id='word_1_79' title='bbox 693 1003 738 1057; x_wconf 89' lang='lat' dir='ltr'><strong>si</strong></span> <span class='ocrx_word' id='word_1_80' title='bbox 768 987 820 1058; x_wconf 84' lang='lat' dir='ltr'><strong>id</strong></span> <span class='ocrx_word' id='word_1_81' title='bbox 847 1005 1004 1059; x_wconf 87' lang='lat' dir='ltr'><strong>nimis</strong></span> <span class='ocrx_word' id='word_1_82' title='bbox 1029 1003 1236 1075; x_wconf 79' lang='lat' dir='ltr'><strong>grande</strong></span> <span class='ocrx_word' id='word_1_83' title='bbox 1254 1013 1354 1069; x_wconf 92' lang='lat' dir='ltr'><strong>est,</strong></span> <span class='ocrx_word' id='word_1_84' title='bbox 1401 1004 1576 1074; x_wconf 86' lang='lat' dir='ltr'><strong>aliqua</strong></span> <span class='ocrx_word' id='word_1_85' title='bbox 1602 1012 1781 1059; x_wconf 88' lang='lat' dir='ltr'><strong>tamen</strong></span> <span class='ocrx_word' id='word_1_86' title='bbox 1808 1004 1929 1060; x_wconf 88' lang='lat' dir='ltr'><strong>reli-</strong></span> 
     </span>
    </p>
   </div>
   <div class='ocr_carea' id='block_1_10' title="bbox 348 1093 1929 1168">
    <p class='ocr_par' dir='ltr' id='par_1_10' title="bbox 348 1093 1929 1168">
     <span class='ocr_line' id='line_1_10' title="bbox 348 1093 1929 1168; baseline 0.004 -20"><span class='ocrx_word' id='word_1_87' title='bbox 348 1093 514 1163; x_wconf 77' lang='lat' dir='ltr'><strong>giosis</strong></span> <span class='ocrx_word' id='word_1_88' title='bbox 541 1095 892 1152; x_wconf 84' lang='lat' dir='ltr'><strong>honestorum</strong></span> <span class='ocrx_word' id='word_1_89' title='bbox 930 1103 1142 1152; x_wconf 85' lang='lat' dir='ltr'><strong>actuum</strong></span> <span class='ocrx_word' id='word_1_90' title='bbox 1171 1093 1436 1168; x_wconf 89' lang='lat' dir='ltr'><strong>probitate</strong></span> <span class='ocrx_word' id='word_1_91' title='bbox 1462 1098 1800 1165; x_wconf 87' lang='lat' dir='ltr'><strong>consimiles;</strong></span> <span class='ocrx_word' id='word_1_92' title='bbox 1832 1115 1929 1154; x_wconf 70' lang='lat' dir='ltr'><strong>ae-</strong></span> 
     </span>
    </p>
   </div>
   <div class='ocr_carea' id='block_1_11' title="bbox 351 1192 1927 1261">
    <p class='ocr_par' dir='ltr' id='par_1_11' title="bbox 351 1192 1927 1261">
     <span class='ocr_line' id='line_1_11' title="bbox 351 1192 1927 1261; baseline 0.005 -21"><span class='ocrx_word' id='word_1_93' title='bbox 351 1193 498 1241; x_wconf 83' lang='lat' dir='ltr'><strong>teros</strong></span> <span class='ocrx_word' id='word_1_94' title='bbox 520 1199 650 1242; x_wconf 89' lang='lat' dir='ltr'><strong>vero</strong></span> <span class='ocrx_word' id='word_1_95' title='bbox 689 1195 782 1242; x_wconf 87' lang='lat' dir='ltr'><strong>aut</strong></span> <span class='ocrx_word' id='word_1_96' title='bbox 821 1204 1008 1244; x_wconf 92' lang='lat' dir='ltr'><strong>omnes</strong></span> <span class='ocrx_word' id='word_1_97' title='bbox 1028 1229 1044 1254; x_wconf 92' lang='lat'><strong>,</strong></span> <span class='ocrx_word' id='word_1_98' title='bbox 1087 1197 1179 1243; x_wconf 86' lang='lat' dir='ltr'><strong>aut</strong></span> <span class='ocrx_word' id='word_1_99' title='bbox 1205 1205 1343 1259; x_wconf 89' lang='lat' dir='ltr'><strong>pene</strong></span> <span class='ocrx_word' id='word_1_100' title='bbox 1365 1205 1583 1256; x_wconf 86' lang='lat' dir='ltr'><strong>omnes,</strong></span> <span class='ocrx_word' id='word_1_101' title='bbox 1609 1192 1776 1261; x_wconf 85' lang='lat' dir='ltr'><strong>magis</strong></span> <span class='ocrx_word' id='word_1_102' title='bbox 1803 1207 1927 1248; x_wconf 83' lang='lat' dir='ltr'><strong>reos</strong></span> 
     </span>
    </p>
   </div>
   <div class='ocr_carea' id='block_1_12' title="bbox 347 1277 1921 1353">
    <p class='ocr_par' dir='ltr' id='par_1_12' title="bbox 347 1277 1921 1353">
     <span class='ocr_line' id='line_1_12' title="bbox 347 1277 1921 1353; baseline 0.005 -21"><span class='ocrx_word' id='word_1_103' title='bbox 347 1291 470 1332; x_wconf 86' lang='lat' dir='ltr'><strong>esse</strong></span> <span class='ocrx_word' id='word_1_104' title='bbox 493 1291 653 1347; x_wconf 85' lang='lat' dir='ltr'><strong>quam</strong></span> <span class='ocrx_word' id='word_1_105' title='bbox 676 1277 950 1335; x_wconf 86' lang='lat' dir='ltr'><strong>barbaros.</strong></span> <span class='ocrx_word' id='word_1_106' title='bbox 980 1279 1092 1335; x_wconf 89' lang='lat' dir='ltr'><strong>lloc</strong></span> <span class='ocrx_word' id='word_1_107' title='bbox 1119 1289 1201 1335; x_wconf 91' lang='lat' dir='ltr'><strong>est</strong></span> <span class='ocrx_word' id='word_1_108' title='bbox 1227 1289 1406 1336; x_wconf 89' lang='lat' dir='ltr'><strong>autem</strong></span> <span class='ocrx_word' id='word_1_109' title='bbox 1434 1281 1752 1338; x_wconf 86' lang='lat' dir='ltr'><strong>deteriorem</strong></span> <span class='ocrx_word' id='word_1_110' title='bbox 1783 1300 1921 1353; x_wconf 82' lang='lat' dir='ltr'><strong>esse,</strong></span> 
     </span>
    </p>
   </div>
   <div class='ocr_carea' id='block_1_13' title="bbox 347 1369 1924 1444">
    <p class='ocr_par' dir='ltr' id='par_1_13' title="bbox 347 1369 1924 1444">
     <span class='ocr_line' id='line_1_13' title="bbox 347 1369 1924 1444; baseline 0.006 -21"><span class='ocrx_word' id='word_1_111' title='bbox 347 1369 520 1438; x_wconf 85' lang='lat' dir='ltr'><strong>magis</strong></span> <span class='ocrx_word' id='word_1_112' title='bbox 547 1385 698 1425; x_wconf 90' lang='lat' dir='ltr'><strong>reum</strong></span> <span class='ocrx_word' id='word_1_113' title='bbox 737 1387 875 1428; x_wconf 86' lang='lat' dir='ltr'><strong>esse.</strong></span> <span class='ocrx_word' id='word_1_114' title='bbox 909 1371 1091 1443; x_wconf 89' lang='lat' dir='ltr'><strong>itaque</strong></span> <span class='ocrx_word' id='word_1_115' title='bbox 1113 1375 1237 1444; x_wconf 86' lang='lat' dir='ltr'><strong>quia</strong></span> <span class='ocrx_word' id='word_1_116' title='bbox 1275 1373 1515 1430; x_wconf 89' lang='lat' dir='ltr'><strong>nonnulli</strong></span> <span class='ocrx_word' id='word_1_117' title='bbox 1550 1373 1924 1433; x_wconf 86' lang='lat' dir='ltr'><strong>inrationabile</strong></span> 
     </span>
    </p>
   </div>
   <div class='ocr_carea' id='block_1_14' title="bbox 345 1461 1923 1530">
    <p class='ocr_par' dir='ltr' id='par_1_14' title="bbox 345 1461 1923 1530">
     <span class='ocr_line' id='line_1_14' title="bbox 345 1461 1923 1530; baseline 0.007 -15"><span class='ocrx_word' id='word_1_118' title='bbox 345 1467 509 1530; x_wconf 82' lang='lat' dir='ltr'><strong>atque</strong></span> <span class='ocrx_word' id='word_1_119' title='bbox 549 1461 838 1518; x_wconf 88' lang='lat' dir='ltr'><strong>absurdum</strong></span> <span class='ocrx_word' id='word_1_120' title='bbox 876 1465 1201 1520; x_wconf 84' lang='lat' dir='ltr'><strong>arbitrantur</strong></span> <span class='ocrx_word' id='word_1_121' title='bbox 1223 1505 1238 1530; x_wconf 95' lang='lat'><strong>,</strong></span> <span class='ocrx_word' id='word_1_122' title='bbox 1272 1473 1331 1520; x_wconf 92' lang='lat' dir='ltr'><strong>ut</strong></span> <span class='ocrx_word' id='word_1_123' title='bbox 1375 1474 1467 1522; x_wconf 90' lang='lat' dir='ltr'><strong>aut</strong></span> <span class='ocrx_word' id='word_1_124' title='bbox 1505 1466 1802 1524; x_wconf 89' lang='lat' dir='ltr'><strong>deteriores</strong></span> <span class='ocrx_word' id='word_1_125' title='bbox 1830 1478 1923 1526; x_wconf 90' lang='lat' dir='ltr'><strong>aut</strong></span> 
     </span>
    </p>
   </div>
   <div class='ocr_carea' id='block_1_15' title="bbox 344 1551 1922 1627">
    <p class='ocr_par' dir='ltr' id='par_1_15' title="bbox 344 1551 1922 1627">
     <span class='ocr_line' id='line_1_15' title="bbox 344 1551 1922 1627; baseline 0.009 -25"><span class='ocrx_word' id='word_1_126' title='bbox 344 1565 454 1606; x_wconf 86' lang='lat' dir='ltr'><strong>non</strong></span> <span class='ocrx_word' id='word_1_127' title='bbox 481 1551 705 1609; x_wconf 90' lang='lat' dir='ltr'><strong>multum</strong></span> <span class='ocrx_word' id='word_1_128' title='bbox 733 1554 895 1609; x_wconf 87' lang='lat' dir='ltr'><strong>etiam</strong></span> <span class='ocrx_word' id='word_1_129' title='bbox 936 1555 1185 1612; x_wconf 89' lang='lat' dir='ltr'><strong>meliores</strong></span> <span class='ocrx_word' id='word_1_130' title='bbox 1212 1555 1454 1612; x_wconf 89' lang='lat' dir='ltr'><strong>barbaris</strong></span> <span class='ocrx_word' id='word_1_131' title='bbox 1477 1558 1798 1627; x_wconf 90' lang='lat' dir='ltr'><strong>judicemur,</strong></span> <span class='ocrx_word' id='word_1_132' title='bbox 1843 1560 1922 1616; x_wconf 87' lang='lat' dir='ltr'><strong>vi-</strong></span> 
     </span>
    </p>
   </div>
   <div class='ocr_carea' id='block_1_16' title="bbox 342 1639 1914 1720">
    <p class='ocr_par' dir='ltr' id='par_1_16' title="bbox 342 1639 1914 1720">
     <span class='ocr_line' id='line_1_16' title="bbox 342 1639 1914 1720; baseline 0.006 -24"><span class='ocrx_word' id='word_1_133' title='bbox 342 1639 584 1710; x_wconf 88' lang='lat' dir='ltr'><strong>deamus,</strong></span> <span class='ocrx_word' id='word_1_134' title='bbox 615 1652 672 1699; x_wconf 91' lang='lat' dir='ltr'><strong>ut</strong></span> <span class='ocrx_word' id='word_1_135' title='bbox 698 1645 828 1712; x_wconf 91' lang='lat' dir='ltr'><strong>dixi,</strong></span> <span class='ocrx_word' id='word_1_136' title='bbox 859 1655 952 1702; x_wconf 89' lang='lat' dir='ltr'><strong>aut</strong></span> <span class='ocrx_word' id='word_1_137' title='bbox 984 1649 1274 1718; x_wconf 89' lang='lat' dir='ltr'><strong>quomodo,</strong></span> <span class='ocrx_word' id='word_1_138' title='bbox 1305 1659 1397 1704; x_wconf 88' lang='lat' dir='ltr'><strong>aut</strong></span> <span class='ocrx_word' id='word_1_139' title='bbox 1423 1651 1614 1720; x_wconf 87' lang='lat' dir='ltr'><strong>quibus</strong></span> <span class='ocrx_word' id='word_1_140' title='bbox 1650 1652 1914 1708; x_wconf 88' lang='lat' dir='ltr'><strong>barbaris.</strong></span> 
     </span>
    </p>
   </div>
   <div class='ocr_carea' id='block_1_17' title="bbox 341 1735 1921 1816">
    <p class='ocr_par' dir='ltr' id='par_1_17' title="bbox 341 1735 1921 1816">
     <span class='ocr_line' id='line_1_17' title="bbox 341 1735 1921 1816; baseline 0.008 -25"><span class='ocrx_word' id='word_1_141' title='bbox 341 1735 456 1806; x_wconf 79' lang='lat' dir='ltr'><strong>Ego</strong></span> <span class='ocrx_word' id='word_1_142' title='bbox 483 1738 630 1794; x_wconf 88' lang='lat' dir='ltr'><strong>enim</strong></span> <span class='ocrx_word' id='word_1_143' title='bbox 653 1749 848 1810; x_wconf 61' lang='lat' dir='ltr'><strong>prater</strong></span> <span class='ocrx_word' id='word_1_144' title='bbox 871 1757 966 1799; x_wconf 89' lang='lat' dir='ltr'><strong>eos</strong></span> <span class='ocrx_word' id='word_1_145' title='bbox 992 1742 1364 1800; x_wconf 86' lang='lat' dir='ltr'><strong>tantummodo</strong></span> <span class='ocrx_word' id='word_1_146' title='bbox 1392 1743 1755 1800; x_wconf 85' lang='lat' dir='ltr'><strong>Romanorum</strong></span> <span class='ocrx_word' id='word_1_147' title='bbox 1784 1761 1921 1816; x_wconf 91' lang='lat' dir='ltr'><strong>quos</strong></span> 
     </span>
    </p>
   </div>
   <div class='ocr_carea' id='block_1_18' title="bbox 339 1828 1920 1909">
    <p class='ocr_par' dir='ltr' id='par_1_18' title="bbox 339 1828 1920 1909">
     <span class='ocr_line' id='line_1_18' title="bbox 339 1828 1920 1909; baseline 0.008 -26"><span class='ocrx_word' id='word_1_148' title='bbox 339 1828 505 1899; x_wconf 84' lang='lat' dir='ltr'><strong>paulo</strong></span> <span class='ocrx_word' id='word_1_149' title='bbox 543 1838 670 1886; x_wconf 84' lang='lat' dir='ltr'><strong>ante</strong></span> <span class='ocrx_word' id='word_1_150' title='bbox 693 1833 996 1900; x_wconf 85' lang='lat' dir='ltr'><strong>nominavi,</strong></span> <span class='ocrx_word' id='word_1_151' title='bbox 1027 1843 1252 1893; x_wconf 63' lang='lat' dir='ltr'><strong>ceteros</strong></span> <span class='ocrx_word' id='word_1_152' title='bbox 1297 1845 1390 1891; x_wconf 86' lang='lat' dir='ltr'><strong>aut</strong></span> <span class='ocrx_word' id='word_1_153' title='bbox 1415 1852 1632 1903; x_wconf 91' lang='lat' dir='ltr'><strong>omnes,</strong></span> <span class='ocrx_word' id='word_1_154' title='bbox 1665 1845 1755 1893; x_wconf 90' lang='lat' dir='ltr'><strong>aut</strong></span> <span class='ocrx_word' id='word_1_155' title='bbox 1783 1853 1920 1909; x_wconf 91' lang='lat' dir='ltr'><strong>pene</strong></span> 
     </span>
    </p>
   </div>
   <div class='ocr_carea' id='block_1_19' title="bbox 341 1917 1920 1991">
    <p class='ocr_par' dir='ltr' id='par_1_19' title="bbox 341 1917 1920 1991">
     <span class='ocr_line' id='line_1_19' title="bbox 341 1917 1920 1991; baseline 0.008 -17"><span class='ocrx_word' id='word_1_156' title='bbox 341 1933 548 1986; x_wconf 84' lang='lat' dir='ltr'><strong>omnes,</strong></span> <span class='ocrx_word' id='word_1_157' title='bbox 573 1920 792 1991; x_wconf 78' lang='lat' dir='ltr'><strong>majoris</strong></span> <span class='ocrx_word' id='word_1_158' title='bbox 817 1932 998 1982; x_wconf 87' lang='lat' dir='ltr'><strong>reatus</strong></span> <span class='ocrx_word' id='word_1_159' title='bbox 1025 1927 1148 1982; x_wconf 87' lang='lat' dir='ltr'><strong>dico</strong></span> <span class='ocrx_word' id='word_1_160' title='bbox 1175 1935 1231 1983; x_wconf 90' lang='lat' dir='ltr'><strong>et</strong></span> <span class='ocrx_word' id='word_1_161' title='bbox 1256 1927 1640 1984; x_wconf 81' lang='lat' dir='ltr'><strong>criminosioris</strong></span> <span class='ocrx_word' id='word_1_162' title='bbox 1659 1917 1780 1983; x_wconf 61' lang='lat' dir='ltr'><strong>vitae</strong></span> <span class='ocrx_word' id='word_1_163' title='bbox 1801 1946 1920 1986; x_wconf 89' lang='lat' dir='ltr'><strong>esse</strong></span> 
     </span>
    </p>
   </div>
   <div class='ocr_carea' id='block_1_20' title="bbox 338 2010 1921 2087">
    <p class='ocr_par' dir='ltr' id='par_1_20' title="bbox 338 2010 1921 2087">
     <span class='ocr_line' id='line_1_20' title="bbox 338 2010 1921 2087; baseline 0.006 -21"><span class='ocrx_word' id='word_1_164' title='bbox 338 2024 501 2082; x_wconf 79' lang='lat' dir='ltr'><strong>quam</strong></span> <span class='ocrx_word' id='word_1_165' title='bbox 542 2010 820 2070; x_wconf 89' lang='lat' dir='ltr'><strong>barbaros.</strong></span> <span class='ocrx_word' id='word_1_166' title='bbox 850 2013 1104 2073; x_wconf 85' lang='lat' dir='ltr'><strong>Irasceris</strong></span> <span class='ocrx_word' id='word_1_167' title='bbox 1145 2016 1368 2074; x_wconf 82' lang='lat' dir='ltr'><strong>forsitan</strong></span> <span class='ocrx_word' id='word_1_168' title='bbox 1397 2021 1488 2087; x_wconf 89' lang='lat' dir='ltr'><strong>qui</strong></span> <span class='ocrx_word' id='word_1_169' title='bbox 1517 2019 1632 2073; x_wconf 72' lang='lat' dir='ltr'><strong>hmc</strong></span> <span class='ocrx_word' id='word_1_170' title='bbox 1659 2018 1791 2087; x_wconf 92' lang='lat' dir='ltr'><strong>legis</strong></span> <span class='ocrx_word' id='word_1_171' title='bbox 1813 2058 1830 2083; x_wconf 89' lang='lat'><strong>,</strong></span> <span class='ocrx_word' id='word_1_172' title='bbox 1865 2029 1921 2075; x_wconf 91' lang='lat' dir='ltr'><strong>et</strong></span> 
     </span>
    </p>
   </div>
   <div class='ocr_carea' id='block_1_21' title="bbox 339 2102 1920 2178">
    <p class='ocr_par' dir='ltr' id='par_1_21' title="bbox 339 2102 1920 2178">
     <span class='ocr_line' id='line_1_21' title="bbox 339 2102 1920 2178; baseline 0.004 -19"><span class='ocrx_word' id='word_1_173' title='bbox 339 2105 664 2166; x_wconf 85' lang='lat' dir='ltr'><strong>condemnas</strong></span> <span class='ocrx_word' id='word_1_174' title='bbox 692 2108 912 2178; x_wconf 87' lang='lat' dir='ltr'><strong>insuper</strong></span> <span class='ocrx_word' id='word_1_175' title='bbox 937 2124 1056 2177; x_wconf 80' lang='lat' dir='ltr'><strong>quae</strong></span> <span class='ocrx_word' id='word_1_176' title='bbox 1085 2110 1234 2178; x_wconf 86' lang='lat' dir='ltr'><strong>legis.</strong></span> <span class='ocrx_word' id='word_1_177' title='bbox 1259 2102 1383 2164; x_wconf 72' lang='lat' dir='ltr'><strong>Non</strong></span> <span class='ocrx_word' id='word_1_178' title='bbox 1408 2110 1615 2178; x_wconf 78' lang='lat' dir='ltr'><strong>refugio</strong></span> <span class='ocrx_word' id='word_1_179' title='bbox 1637 2127 1920 2166; x_wconf 86' lang='lat' dir='ltr'><strong>censuram</strong></span> 
     </span>
    </p>
   </div>
   <div class='ocr_carea' id='block_1_22' title="bbox 336 2198 1922 2268">
    <p class='ocr_par' dir='ltr' id='par_1_22' title="bbox 336 2198 1922 2268">
     <span class='ocr_line' id='line_1_22' title="bbox 336 2198 1922 2268; baseline 0.003 -14"><span class='ocrx_word' id='word_1_180' title='bbox 336 2205 507 2255; x_wconf 86' lang='lat' dir='ltr'><strong>tuam.</strong></span> <span class='ocrx_word' id='word_1_181' title='bbox 556 2198 866 2255; x_wconf 87' lang='lat' dir='ltr'><strong>Condemna</strong></span> <span class='ocrx_word' id='word_1_182' title='bbox 890 2242 905 2268; x_wconf 93' lang='lat'><strong>,</strong></span> <span class='ocrx_word' id='word_1_183' title='bbox 952 2202 998 2256; x_wconf 91' lang='lat' dir='ltr'><strong>si</strong></span> <span class='ocrx_word' id='word_1_184' title='bbox 1038 2203 1307 2267; x_wconf 90' lang='lat' dir='ltr'><strong>mentior;</strong></span> <span class='ocrx_word' id='word_1_185' title='bbox 1339 2203 1638 2258; x_wconf 89' lang='lat' dir='ltr'><strong>condemna</strong></span> <span class='ocrx_word' id='word_1_186' title='bbox 1662 2244 1676 2268; x_wconf 91' lang='lat'><strong>,</strong></span> <span class='ocrx_word' id='word_1_187' title='bbox 1723 2204 1768 2257; x_wconf 91' lang='lat' dir='ltr'><strong>si</strong></span> <span class='ocrx_word' id='word_1_188' title='bbox 1813 2219 1922 2258; x_wconf 91' lang='lat' dir='ltr'><strong>non</strong></span> 
     </span>
    </p>
   </div>
   <div class='ocr_carea' id='block_1_23' title="bbox 337 2291 1921 2362">
    <p class='ocr_par' dir='ltr' id='par_1_23' title="bbox 337 2291 1921 2362">
     <span class='ocr_line' id='line_1_23' title="bbox 337 2291 1921 2362; baseline 0.004 -18"><span class='ocrx_word' id='word_1_189' title='bbox 337 2291 676 2362; x_wconf 83' lang='lat' dir='ltr'><strong>probavero;</strong></span> <span class='ocrx_word' id='word_1_190' title='bbox 703 2291 1022 2357; x_wconf 87' lang='lat' dir='ltr'><strong>condemna,</strong></span> <span class='ocrx_word' id='word_1_191' title='bbox 1054 2292 1097 2346; x_wconf 89' lang='lat' dir='ltr'><strong>si</strong></span> <span class='ocrx_word' id='word_1_192' title='bbox 1128 2291 1180 2346; x_wconf 92' lang='lat' dir='ltr'><strong>id</strong></span> <span class='ocrx_word' id='word_1_193' title='bbox 1205 2291 1348 2362; x_wconf 91' lang='lat' dir='ltr'><strong>quod</strong></span> <span class='ocrx_word' id='word_1_194' title='bbox 1377 2307 1578 2358; x_wconf 85' lang='lat' dir='ltr'><strong>assero,</strong></span> <span class='ocrx_word' id='word_1_195' title='bbox 1622 2309 1727 2347; x_wconf 90' lang='lat' dir='ltr'><strong>non</strong></span> <span class='ocrx_word' id='word_1_196' title='bbox 1757 2293 1921 2350; x_wconf 88' lang='lat' dir='ltr'><strong>etiam</strong></span> 
     </span>
    </p>
   </div>
   <div class='ocr_carea' id='block_1_24' title="bbox 337 2381 1922 2452">
    <p class='ocr_par' dir='ltr' id='par_1_24' title="bbox 337 2381 1922 2452">
     <span class='ocr_line' id='line_1_24' title="bbox 337 2381 1922 2452; baseline 0.003 -16"><span class='ocrx_word' id='word_1_197' title='bbox 337 2382 448 2452; x_wconf 68' lang='grc' dir='ltr'><strong>ει</strong></span> <span class='ocrx_word' id='word_1_198' title='bbox 497 2381 804 2451; x_wconf 87' lang='lat' dir='ltr'><strong>Scripturas</strong></span> <span class='ocrx_word' id='word_1_199' title='bbox 847 2397 1026 2437; x_wconf 87' lang='lat' dir='ltr'><strong>sacras</strong></span> <span class='ocrx_word' id='word_1_200' title='bbox 1071 2381 1269 2437; x_wconf 84' lang='lat' dir='ltr'><strong>dixisse</strong></span> <span class='ocrx_word' id='word_1_201' title='bbox 1316 2390 1705 2438; x_wconf 87' lang='lat' dir='ltr'><strong>monstravero.</strong></span> <span class='ocrx_word' id='word_1_202' title='bbox 1755 2383 1922 2452; x_wconf 83' lang='lat' dir='ltr'><strong>Igitur</strong></span> 
     </span>
    </p>
   </div>
   <div class='ocr_carea' id='block_1_25' title="bbox 339 2468 1916 2543">
    <p class='ocr_par' dir='ltr' id='par_1_25' title="bbox 339 2468 1916 2543">
     <span class='ocr_line' id='line_1_25' title="bbox 339 2468 1916 2543; baseline 0.006 -21"><span class='ocrx_word' id='word_1_203' title='bbox 339 2468 437 2536; x_wconf 84' lang='lat' dir='ltr'><strong>qui</strong></span> <span class='ocrx_word' id='word_1_204' title='bbox 465 2469 716 2525; x_wconf 89' lang='lat' dir='ltr'><strong>meliores</strong></span> <span class='ocrx_word' id='word_1_205' title='bbox 756 2486 857 2526; x_wconf 84' lang='lat' dir='ltr'><strong>nos</strong></span> <span class='ocrx_word' id='word_1_206' title='bbox 893 2472 1064 2526; x_wconf 86' lang='lat' dir='ltr'><strong>multo</strong></span> <span class='ocrx_word' id='word_1_207' title='bbox 1091 2473 1294 2528; x_wconf 89' lang='lat' dir='ltr'><strong>cunctis</strong></span> <span class='ocrx_word' id='word_1_208' title='bbox 1322 2488 1441 2543; x_wconf 71' lang='lat' dir='ltr'><strong>qua:</strong></span> <span class='ocrx_word' id='word_1_209' title='bbox 1470 2481 1595 2527; x_wconf 90' lang='lat' dir='ltr'><strong>sunt</strong></span> <span class='ocrx_word' id='word_1_210' title='bbox 1620 2473 1672 2527; x_wconf 91' lang='lat' dir='ltr'><strong>in</strong></span> <span class='ocrx_word' id='word_1_211' title='bbox 1718 2473 1916 2532; x_wconf 92' lang='lat' dir='ltr'><strong>mundo</strong></span> 
     </span>
    </p>
   </div>
   <div class='ocr_carea' id='block_1_26' title="bbox 338 2551 1911 2632">
    <p class='ocr_par' dir='ltr' id='par_1_26' title="bbox 338 2551 1911 2632">
     <span class='ocr_line' id='line_1_26' title="bbox 338 2551 1911 2632; baseline 0.006 -20"><span class='ocrx_word' id='word_1_212' title='bbox 338 2558 589 2628; x_wconf 73' lang='lat' dir='ltr'><strong>gentibus</strong></span> <span class='ocrx_word' id='word_1_213' title='bbox 619 2559 936 2628; x_wconf 85' lang='lat' dir='ltr'><strong>judicamus,</strong></span> <span class='ocrx_word' id='word_1_214' title='bbox 972 2577 1073 2617; x_wconf 91' lang='lat' dir='ltr'><strong>nec</strong></span> <span class='ocrx_word' id='word_1_215' title='bbox 1097 2563 1228 2631; x_wconf 81' lang='lat' dir='ltr'><strong>ipse,</strong></span> <span class='ocrx_word' id='word_1_216' title='bbox 1260 2560 1352 2632; x_wconf 88' lang='lat' dir='ltr'><strong>qui</strong></span> <span class='ocrx_word' id='word_1_217' title='bbox 1382 2559 1653 2617; x_wconf 84' lang='lat' dir='ltr'><strong>Romanos</strong></span> <span class='ocrx_word' id='word_1_218' title='bbox 1696 2551 1816 2619; x_wconf 89' lang='lat' dir='ltr'><strong>dico</strong></span> <span class='ocrx_word' id='word_1_219' title='bbox 1859 2564 1911 2622; x_wconf 91' lang='lat' dir='ltr'><strong>in</strong></span> 
     </span>
    </p>
   </div>
   <div class='ocr_carea' id='block_1_27' title="bbox 334 2636 1912 2722">
    <p class='ocr_par' dir='ltr' id='par_1_27' title="bbox 334 2636 1912 2722">
     <span class='ocr_line' id='line_1_27' title="bbox 334 2636 1912 2722; baseline 0.006 -20"><span class='ocrx_word' id='word_1_220' title='bbox 334 2649 584 2719; x_wconf 84' lang='lat' dir='ltr'><strong>plurimis</strong></span> <span class='ocrx_word' id='word_1_221' title='bbox 611 2650 906 2708; x_wconf 85' lang='lat' dir='ltr'><strong>deteriores</strong></span> <span class='ocrx_word' id='word_1_222' title='bbox 928 2691 944 2716; x_wconf 89' lang='lat'><strong>,</strong></span> <span class='ocrx_word' id='word_1_223' title='bbox 971 2652 1178 2722; x_wconf 81' lang='lat' dir='ltr'><strong>abnego</strong></span> <span class='ocrx_word' id='word_1_224' title='bbox 1217 2636 1268 2706; x_wconf 76' lang='lat' dir='ltr'><strong>iii</strong></span> <span class='ocrx_word' id='word_1_225' title='bbox 1309 2651 1623 2721; x_wconf 88' lang='lat' dir='ltr'><strong>quibusdam</strong></span> <span class='ocrx_word' id='word_1_226' title='bbox 1652 2669 1770 2710; x_wconf 91' lang='lat' dir='ltr'><strong>esse</strong></span> <span class='ocrx_word' id='word_1_227' title='bbox 1799 2670 1912 2711; x_wconf 89' lang='lat' dir='ltr'><strong>me-</strong></span> 
     </span>
    </p>
   </div>
   <div class='ocr_carea' id='block_1_28' title="bbox 333 2739 1908 2814">
    <p class='ocr_par' dir='ltr' id='par_1_28' title="bbox 333 2739 1908 2814">
     <span class='ocr_line' id='line_1_28' title="bbox 333 2739 1908 2814; baseline 0.005 -20"><span class='ocrx_word' id='word_1_228' title='bbox 333 2739 516 2796; x_wconf 78' lang='lat' dir='ltr'><strong>liores.</strong></span> <span class='ocrx_word' id='word_1_229' title='bbox 551 2739 670 2794; x_wconf 83' lang='lat' dir='ltr'><strong>Vita</strong></span> <span class='ocrx_word' id='word_1_230' title='bbox 701 2742 875 2808; x_wconf 86' lang='lat' dir='ltr'><strong>enim,</strong></span> <span class='ocrx_word' id='word_1_231' title='bbox 909 2751 967 2796; x_wconf 90' lang='lat' dir='ltr'><strong>ut</strong></span> <span class='ocrx_word' id='word_1_232' title='bbox 994 2741 1142 2805; x_wconf 87' lang='lat' dir='ltr'><strong>dixi,</strong></span> <span class='ocrx_word' id='word_1_233' title='bbox 1193 2752 1248 2798; x_wconf 90' lang='lat' dir='ltr'><strong>et</strong></span> <span class='ocrx_word' id='word_1_234' title='bbox 1274 2744 1507 2814; x_wconf 87' lang='lat' dir='ltr'><strong>peccatis</strong></span> <span class='ocrx_word' id='word_1_235' title='bbox 1544 2760 1727 2800; x_wconf 88' lang='lat' dir='ltr'><strong>sumus</strong></span> <span class='ocrx_word' id='word_1_236' title='bbox 1754 2744 1908 2802; x_wconf 85' lang='lat' dir='ltr'><strong>dcte--</strong></span> 
     </span>
    </p>
   </div>
   <div class='ocr_carea' id='block_1_29' title="bbox 333 2830 1910 2906">
    <p class='ocr_par' dir='ltr' id='par_1_29' title="bbox 333 2830 1910 2906">
     <span class='ocr_line' id='line_1_29' title="bbox 333 2830 1910 2906; baseline 0.006 -20"><span class='ocrx_word' id='word_1_237' title='bbox 333 2830 536 2896; x_wconf 84' lang='lat' dir='ltr'><strong>riores;</strong></span> <span class='ocrx_word' id='word_1_238' title='bbox 585 2831 700 2900; x_wconf 89' lang='lat' dir='ltr'><strong>lege</strong></span> <span class='ocrx_word' id='word_1_239' title='bbox 729 2841 904 2888; x_wconf 89' lang='lat' dir='ltr'><strong>autem</strong></span> <span class='ocrx_word' id='word_1_240' title='bbox 933 2835 1195 2890; x_wconf 89' lang='lat' dir='ltr'><strong>catholica</strong></span> <span class='ocrx_word' id='word_1_241' title='bbox 1224 2835 1340 2892; x_wconf 85' lang='lat' dir='ltr'><strong>sine</strong></span> <span class='ocrx_word' id='word_1_242' title='bbox 1359 2838 1762 2906; x_wconf 87' lang='lat' dir='ltr'><strong>comparatione</strong></span> <span class='ocrx_word' id='word_1_243' title='bbox 1802 2854 1910 2896; x_wconf 89' lang='lat' dir='ltr'><strong>me-</strong></span> 
     </span>
    </p>
   </div>
   <div class='ocr_carea' id='block_1_30' title="bbox 332 2921 1906 2997">
    <p class='ocr_par' dir='ltr' id='par_1_30' title="bbox 332 2921 1906 2997">
     <span class='ocr_line' id='line_1_30' title="bbox 332 2921 1906 2997; baseline 0.003 -17"><span class='ocrx_word' id='word_1_244' title='bbox 332 2921 514 2980; x_wconf 81' lang='lat' dir='ltr'><strong>liores.</strong></span> <span class='ocrx_word' id='word_1_245' title='bbox 557 2922 664 2979; x_wconf 85' lang='lat' dir='ltr'><strong>Sed</strong></span> <span class='ocrx_word' id='word_1_246' title='bbox 703 2924 829 2979; x_wconf 91' lang='lat' dir='ltr'><strong>illud</strong></span> <span class='ocrx_word' id='word_1_247' title='bbox 866 2925 1311 2981; x_wconf 79' lang='lat' dir='ltr'><strong>considerandum</strong></span> <span class='ocrx_word' id='word_1_248' title='bbox 1343 2935 1453 2992; x_wconf 89' lang='lat' dir='ltr'><strong>est,</strong></span> <span class='ocrx_word' id='word_1_249' title='bbox 1495 2928 1618 2996; x_wconf 86' lang='lat' dir='ltr'><strong>quia</strong></span> <span class='ocrx_word' id='word_1_250' title='bbox 1648 2927 1792 2997; x_wconf 91' lang='lat' dir='ltr'><strong>quod</strong></span> <span class='ocrx_word' id='word_1_251' title='bbox 1819 2929 1906 2984; x_wconf 91' lang='lat' dir='ltr'><strong>lex</strong></span> 
     </span>
    </p>
   </div>
   <div class='ocr_carea' id='block_1_31' title="bbox 332 3010 1908 3086">
    <p class='ocr_par' dir='ltr' id='par_1_31' title="bbox 332 3010 1908 3086">
     <span class='ocr_line' id='line_1_31' title="bbox 332 3010 1908 3086; baseline 0.004 -18"><span class='ocrx_word' id='word_1_252' title='bbox 332 3010 472 3068; x_wconf 87' lang='lat' dir='ltr'><strong>bona</strong></span> <span class='ocrx_word' id='word_1_253' title='bbox 502 3022 601 3081; x_wconf 87' lang='lat' dir='ltr'><strong>est,</strong></span> <span class='ocrx_word' id='word_1_254' title='bbox 645 3024 889 3072; x_wconf 89' lang='lat' dir='ltr'><strong>nostrum</strong></span> <span class='ocrx_word' id='word_1_255' title='bbox 932 3033 1038 3072; x_wconf 89' lang='lat' dir='ltr'><strong>non</strong></span> <span class='ocrx_word' id='word_1_256' title='bbox 1065 3026 1174 3084; x_wconf 89' lang='lat' dir='ltr'><strong>est;</strong></span> <span class='ocrx_word' id='word_1_257' title='bbox 1206 3017 1350 3086; x_wconf 91' lang='lat' dir='ltr'><strong>quod</strong></span> <span class='ocrx_word' id='word_1_258' title='bbox 1387 3026 1562 3073; x_wconf 90' lang='lat' dir='ltr'><strong>autem</strong></span> <span class='ocrx_word' id='word_1_259' title='bbox 1594 3017 1734 3074; x_wconf 88' lang='lat' dir='ltr'><strong>male</strong></span> <span class='ocrx_word' id='word_1_260' title='bbox 1772 3021 1908 3075; x_wconf 85' lang='lat' dir='ltr'><strong>vivi-</strong></span> 
     </span>
    </p>
   </div>
   <div class='ocr_carea' id='block_1_32' title="bbox 2034 447 3606 527">
    <p class='ocr_par' dir='ltr' id='par_1_32' title="bbox 2034 447 3606 527">
     <span class='ocr_line' id='line_1_32' title="bbox 2034 447 3606 527; baseline 0.011 -27"><span class='ocrx_word' id='word_1_261' title='bbox 2034 447 2127 516; x_wconf 90' lang='lat' dir='ltr'><strong>qui</strong></span> <span class='ocrx_word' id='word_1_262' title='bbox 2156 461 2270 501; x_wconf 89' lang='lat' dir='ltr'><strong>rem</strong></span> <span class='ocrx_word' id='word_1_263' title='bbox 2301 458 2542 503; x_wconf 87' lang='lat' dir='ltr'><strong>sanctam</strong></span> <span class='ocrx_word' id='word_1_264' title='bbox 2574 461 2762 508; x_wconf 85' lang='lat' dir='ltr'><strong>sancte</strong></span> <span class='ocrx_word' id='word_1_265' title='bbox 2787 468 2895 510; x_wconf 87' lang='lat' dir='ltr'><strong>non</strong></span> <span class='ocrx_word' id='word_1_266' title='bbox 2925 456 3068 522; x_wconf 80' lang='lat' dir='ltr'><strong>colit,</strong></span> <span class='ocrx_word' id='word_1_267' title='bbox 3101 469 3166 512; x_wconf 76' lang='lat' dir='ltr'><strong>ne</strong></span> <span class='ocrx_word' id='word_1_268' title='bbox 3187 473 3287 527; x_wconf 87' lang='lat' dir='ltr'><strong>per</strong></span> <span class='ocrx_word' id='word_1_269' title='bbox 3312 459 3418 516; x_wconf 89' lang='lat' dir='ltr'><strong>hoc</strong></span> <span class='ocrx_word' id='word_1_270' title='bbox 3441 474 3606 516; x_wconf 75' lang='lat' dir='ltr'><strong>accu-</strong></span> 
     </span>
    </p>
   </div>
   <div class='ocr_carea' id='block_1_33' title="bbox 2034 539 3222 615">
    <p class='ocr_par' dir='ltr' id='par_1_33' title="bbox 2034 539 3222 615">
     <span class='ocr_line' id='line_1_33' title="bbox 2034 539 3222 615; baseline 0.011 -23"><span class='ocrx_word' id='word_1_271' title='bbox 2034 539 2200 594; x_wconf 80' lang='lat' dir='ltr'><strong>satrix</strong></span> <span class='ocrx_word' id='word_1_272' title='bbox 2230 541 2397 595; x_wconf 84' lang='lat' dir='ltr'><strong>nostri</strong></span> <span class='ocrx_word' id='word_1_273' title='bbox 2427 550 2511 596; x_wconf 84' lang='lat' dir='ltr'><strong>est</strong></span> <span class='ocrx_word' id='word_1_274' title='bbox 2534 542 2622 598; x_wconf 83' lang='lat' dir='ltr'><strong>lex</strong></span> <span class='ocrx_word' id='word_1_275' title='bbox 2651 545 2764 614; x_wconf 84' lang='lat' dir='ltr'><strong>ipsa</strong></span> <span class='ocrx_word' id='word_1_276' title='bbox 2794 562 2954 615; x_wconf 79' lang='lat' dir='ltr'><strong>qilam</strong></span> <span class='ocrx_word' id='word_1_277' title='bbox 2982 549 3222 605; x_wconf 75' lang='lat' dir='ltr'><strong>colimus.</strong></span> 
     </span>
    </p>
   </div>
   <div class='ocr_carea' id='block_1_34' title="bbox 2099 625 3606 713">
    <p class='ocr_par' dir='ltr' id='par_1_34' title="bbox 2099 625 3606 713">
     <span class='ocr_line' id='line_1_34' title="bbox 2099 625 3606 713; baseline 0.012 -29"><span class='ocrx_word' id='word_1_278' title='bbox 2099 625 2238 686; x_wconf 73' lang='lat' dir='ltr'><strong>XN.</strong></span> <span class='ocrx_word' id='word_1_279' title='bbox 2272 631 2499 689; x_wconf 81' lang='lat' dir='ltr'><strong>Remota</strong></span> <span class='ocrx_word' id='word_1_280' title='bbox 2529 647 2658 704; x_wconf 84' lang='lat' dir='ltr'><strong>ergo</strong></span> <span class='ocrx_word' id='word_1_281' title='bbox 2685 637 2818 706; x_wconf 81' lang='lat' dir='ltr'><strong>legis</strong></span> <span class='ocrx_word' id='word_1_282' title='bbox 2845 644 3212 710; x_wconf 77' lang='lat' dir='ltr'><strong>praerogativa,</strong></span> <span class='ocrx_word' id='word_1_283' title='bbox 3241 658 3360 713; x_wconf 67' lang='lat' dir='ltr'><strong>quae</strong></span> <span class='ocrx_word' id='word_1_284' title='bbox 3385 659 3486 700; x_wconf 78' lang='lat' dir='ltr'><strong>nos</strong></span> <span class='ocrx_word' id='word_1_285' title='bbox 3511 652 3606 702; x_wconf 82' lang='lat' dir='ltr'><strong>aut</strong></span> 
     </span>
    </p>
   </div>
   <div class='ocr_carea' id='block_1_35' title="bbox 2031 719 3604 801">
    <p class='ocr_par' dir='ltr' id='par_1_35' title="bbox 2031 719 3604 801">
     <span class='ocr_line' id='line_1_35' title="bbox 2031 719 3604 801; baseline 0.013 -26"><span class='ocrx_word' id='word_1_286' title='bbox 2031 719 2161 801; x_wconf 70' lang='lat' dir='ltr'><strong>nihil</strong></span> <span class='ocrx_word' id='word_1_287' title='bbox 2191 723 2410 780; x_wconf 90' lang='lat' dir='ltr'><strong>omnino</strong></span> <span class='ocrx_word' id='word_1_288' title='bbox 2431 724 2670 795; x_wconf 78' lang='lat' dir='ltr'><strong>adjuvat,</strong></span> <span class='ocrx_word' id='word_1_289' title='bbox 2687 730 2953 784; x_wconf 84' lang='lat' dir='ltr'><strong>autetiam</strong></span> <span class='ocrx_word' id='word_1_290' title='bbox 2975 733 3118 801; x_wconf 87' lang='lat' dir='ltr'><strong>justa</strong></span> <span class='ocrx_word' id='word_1_291' title='bbox 3147 736 3604 796; x_wconf 66' lang='lat' dir='ltr'><strong>animadversio-</strong></span> 
     </span>
    </p>
   </div>
   <div class='ocr_carea' id='block_1_36' title="bbox 2031 794 3622 893">
    <p class='ocr_par' dir='ltr' id='par_1_36' title="bbox 2031 794 3622 893">
     <span class='ocr_line' id='line_1_36' title="bbox 2031 794 3622 893; baseline 0.012 -26"><span class='ocrx_word' id='word_1_292' title='bbox 2031 794 2377 882; x_wconf 62' lang='lat' dir='ltr'><strong>eondemnat,</strong></span> <span class='ocrx_word' id='word_1_293' title='bbox 2403 794 2568 871; x_wconf 85' lang='lat' dir='ltr'><strong>vitam</strong></span> <span class='ocrx_word' id='word_1_294' title='bbox 2588 818 2940 875; x_wconf 82' lang='lat' dir='ltr'><strong>barbarorum</strong></span> <span class='ocrx_word' id='word_1_295' title='bbox 2961 794 3122 893; x_wconf 72' lang='lat' dir='ltr'><strong>atque</strong></span> <span class='ocrx_word' id='word_1_296' title='bbox 3153 794 3477 893; x_wconf 84' lang='lat' dir='ltr'><strong>nostrorum,</strong></span> <span class='ocrx_word' id='word_1_297' title='bbox 3497 837 3622 890; x_wconf 60' lang='grc' dir='ltr'><strong>η,</strong></span> 
     </span>
    </p>
   </div>
   <div class='ocr_carea' id='block_1_37' title="bbox 2029 904 3604 984">
    <p class='ocr_par' dir='ltr' id='par_1_37' title="bbox 2029 904 3604 984">
     <span class='ocr_line' id='line_1_37' title="bbox 2029 904 3604 984; baseline 0.01 -25"><span class='ocrx_word' id='word_1_298' title='bbox 2029 904 2138 972; x_wconf 90' lang='lat' dir='ltr'><strong>dia,</strong></span> <span class='ocrx_word' id='word_1_299' title='bbox 2162 921 2358 972; x_wconf 89' lang='lat' dir='ltr'><strong>mores,</strong></span> <span class='ocrx_word' id='word_1_300' title='bbox 2381 908 2510 962; x_wconf 87' lang='lat' dir='ltr'><strong>vitia</strong></span> <span class='ocrx_word' id='word_1_301' title='bbox 2531 923 2924 980; x_wconf 81' lang='lat' dir='ltr'><strong>comparemus.</strong></span> <span class='ocrx_word' id='word_1_302' title='bbox 2947 911 3133 981; x_wconf 84' lang='lat' dir='ltr'><strong>lnjusti</strong></span> <span class='ocrx_word' id='word_1_303' title='bbox 3152 926 3276 971; x_wconf 89' lang='lat' dir='ltr'><strong>sunt</strong></span> <span class='ocrx_word' id='word_1_304' title='bbox 3296 918 3524 984; x_wconf 81' lang='lat' dir='ltr'><strong>barbari,</strong></span> <span class='ocrx_word' id='word_1_305' title='bbox 3545 926 3604 974; x_wconf 79' lang='lat' dir='ltr'><strong>et</strong></span> 
     </span>
    </p>
   </div>
   <div class='ocr_carea' id='block_1_38' title="bbox 2031 998 3601 1075">
    <p class='ocr_par' dir='ltr' id='par_1_38' title="bbox 2031 998 3601 1075">
     <span class='ocr_line' id='line_1_38' title="bbox 2031 998 3601 1075; baseline 0.009 -23"><span class='ocrx_word' id='word_1_306' title='bbox 2031 1014 2130 1056; x_wconf 90' lang='lat' dir='ltr'><strong>nos</strong></span> <span class='ocrx_word' id='word_1_307' title='bbox 2141 998 2245 1055; x_wconf 88' lang='lat' dir='ltr'><strong>hoc</strong></span> <span class='ocrx_word' id='word_1_308' title='bbox 2260 1015 2473 1067; x_wconf 89' lang='lat' dir='ltr'><strong>sumus;</strong></span> <span class='ocrx_word' id='word_1_309' title='bbox 2504 1003 2651 1056; x_wconf 83' lang='lat' dir='ltr'><strong>avari</strong></span> <span class='ocrx_word' id='word_1_310' title='bbox 2663 1010 2789 1057; x_wconf 86' lang='lat' dir='ltr'><strong>sunt</strong></span> <span class='ocrx_word' id='word_1_311' title='bbox 2811 1003 3044 1070; x_wconf 87' lang='lat' dir='ltr'><strong>barbari,</strong></span> <span class='ocrx_word' id='word_1_312' title='bbox 3065 1013 3121 1059; x_wconf 92' lang='lat' dir='ltr'><strong>et</strong></span> <span class='ocrx_word' id='word_1_313' title='bbox 3147 1021 3247 1061; x_wconf 88' lang='lat' dir='ltr'><strong>nos</strong></span> <span class='ocrx_word' id='word_1_314' title='bbox 3266 1009 3371 1064; x_wconf 84' lang='lat' dir='ltr'><strong>hoc</strong></span> <span class='ocrx_word' id='word_1_315' title='bbox 3386 1024 3601 1075; x_wconf 68' lang='lat' dir='ltr'><strong>sumunt</strong></span> 
     </span>
    </p>
   </div>
   <div class='ocr_carea' id='block_1_39' title="bbox 2030 1088 3604 1169">
    <p class='ocr_par' dir='ltr' id='par_1_39' title="bbox 2030 1088 3604 1169">
     <span class='ocr_line' id='line_1_39' title="bbox 2030 1088 3604 1169; baseline 0.009 -27"><span class='ocrx_word' id='word_1_316' title='bbox 2030 1088 2270 1145; x_wconf 84' lang='lat' dir='ltr'><strong>inﬁdeles</strong></span> <span class='ocrx_word' id='word_1_317' title='bbox 2294 1099 2417 1145; x_wconf 85' lang='lat' dir='ltr'><strong>sunt</strong></span> <span class='ocrx_word' id='word_1_318' title='bbox 2441 1091 2674 1157; x_wconf 86' lang='lat' dir='ltr'><strong>barbari,</strong></span> <span class='ocrx_word' id='word_1_319' title='bbox 2705 1103 2758 1147; x_wconf 85' lang='lat' dir='ltr'><strong>et</strong></span> <span class='ocrx_word' id='word_1_320' title='bbox 2786 1107 2886 1149; x_wconf 87' lang='lat' dir='ltr'><strong>nos</strong></span> <span class='ocrx_word' id='word_1_321' title='bbox 2910 1095 3014 1148; x_wconf 91' lang='lat' dir='ltr'><strong>hoc</strong></span> <span class='ocrx_word' id='word_1_322' title='bbox 3037 1110 3246 1160; x_wconf 77' lang='lat' dir='ltr'><strong>sumus;</strong></span> <span class='ocrx_word' id='word_1_323' title='bbox 3278 1099 3457 1169; x_wconf 85' lang='lat' dir='ltr'><strong>cupidi</strong></span> <span class='ocrx_word' id='word_1_324' title='bbox 3480 1107 3604 1156; x_wconf 74' lang='lat' dir='ltr'><strong>sunt</strong></span> 
     </span>
    </p>
   </div>
   <div class='ocr_carea' id='block_1_40' title="bbox 2029 1181 3601 1259">
    <p class='ocr_par' dir='ltr' id='par_1_40' title="bbox 2029 1181 3601 1259">
     <span class='ocr_line' id='line_1_40' title="bbox 2029 1181 3601 1259; baseline 0.009 -24"><span class='ocrx_word' id='word_1_325' title='bbox 2029 1181 2261 1244; x_wconf 87' lang='lat' dir='ltr'><strong>barbari,</strong></span> <span class='ocrx_word' id='word_1_326' title='bbox 2291 1193 2346 1237; x_wconf 91' lang='lat' dir='ltr'><strong>et</strong></span> <span class='ocrx_word' id='word_1_327' title='bbox 2368 1184 2473 1238; x_wconf 87' lang='lat' dir='ltr'><strong>hoc</strong></span> <span class='ocrx_word' id='word_1_328' title='bbox 2497 1199 2598 1238; x_wconf 84' lang='lat' dir='ltr'><strong>nos</strong></span> <span class='ocrx_word' id='word_1_329' title='bbox 2617 1198 2832 1251; x_wconf 81' lang='lat' dir='ltr'><strong>sumus;</strong></span> <span class='ocrx_word' id='word_1_330' title='bbox 2864 1186 3116 1257; x_wconf 82' lang='lat' dir='ltr'><strong>impudici</strong></span> <span class='ocrx_word' id='word_1_331' title='bbox 3141 1196 3267 1243; x_wconf 86' lang='lat' dir='ltr'><strong>sunt</strong></span> <span class='ocrx_word' id='word_1_332' title='bbox 3291 1184 3523 1259; x_wconf 71' lang='lat' dir='ltr'><strong>barbari,</strong></span> <span class='ocrx_word' id='word_1_333' title='bbox 3545 1201 3601 1250; x_wconf 77' lang='lat' dir='ltr'><strong>et</strong></span> 
     </span>
    </p>
   </div>
   <div class='ocr_carea' id='block_1_41' title="bbox 2027 1273 3608 1354">
    <p class='ocr_par' dir='ltr' id='par_1_41' title="bbox 2027 1273 3608 1354">
     <span class='ocr_line' id='line_1_41' title="bbox 2027 1273 3608 1354; baseline 0.008 -28"><span class='ocrx_word' id='word_1_334' title='bbox 2027 1285 2126 1327; x_wconf 87' lang='lat' dir='ltr'><strong>nos</strong></span> <span class='ocrx_word' id='word_1_335' title='bbox 2148 1273 2249 1328; x_wconf 87' lang='lat' dir='ltr'><strong>hoc</strong></span> <span class='ocrx_word' id='word_1_336' title='bbox 2269 1289 2482 1340; x_wconf 87' lang='lat' dir='ltr'><strong>sumus;</strong></span> <span class='ocrx_word' id='word_1_337' title='bbox 2509 1277 2747 1331; x_wconf 82' lang='lat' dir='ltr'><strong>omnium</strong></span> <span class='ocrx_word' id='word_1_338' title='bbox 2766 1276 2995 1347; x_wconf 86' lang='lat' dir='ltr'><strong>denique</strong></span> <span class='ocrx_word' id='word_1_339' title='bbox 3019 1279 3418 1350; x_wconf 79' lang='lat' dir='ltr'><strong>improbitatum</strong></span> <span class='ocrx_word' id='word_1_340' title='bbox 3442 1293 3608 1354; x_wconf 67' lang='lat' dir='ltr'><strong>atque</strong></span> 
     </span>
    </p>
   </div>
   <div class='ocr_carea' id='block_1_42' title="bbox 2028 1363 3598 1435">
    <p class='ocr_par' dir='ltr' id='par_1_42' title="bbox 2028 1363 3598 1435">
     <span class='ocr_line' id='line_1_42' title="bbox 2028 1363 3598 1435; baseline 0.01 -19"><span class='ocrx_word' id='word_1_341' title='bbox 2028 1363 2396 1433; x_wconf 86' lang='lat' dir='ltr'><strong>impurilatum</strong></span> <span class='ocrx_word' id='word_1_342' title='bbox 2426 1366 2572 1435; x_wconf 80' lang='lat' dir='ltr'><strong>pleni</strong></span> <span class='ocrx_word' id='word_1_343' title='bbox 2610 1375 2735 1421; x_wconf 87' lang='lat' dir='ltr'><strong>sunt</strong></span> <span class='ocrx_word' id='word_1_344' title='bbox 2771 1368 3012 1432; x_wconf 77' lang='lat' dir='ltr'><strong>barbari,</strong></span> <span class='ocrx_word' id='word_1_345' title='bbox 3057 1381 3112 1424; x_wconf 84' lang='lat' dir='ltr'><strong>et</strong></span> <span class='ocrx_word' id='word_1_346' title='bbox 3137 1384 3237 1426; x_wconf 74' lang='lat' dir='ltr'><strong>nos</strong></span> <span class='ocrx_word' id='word_1_347' title='bbox 3265 1372 3369 1428; x_wconf 76' lang='lat' dir='ltr'><strong>hoc</strong></span> <span class='ocrx_word' id='word_1_348' title='bbox 3395 1387 3598 1431; x_wconf 76' lang='lat' dir='ltr'><strong>sumus.</strong></span> 
     </span>
    </p>
   </div>
   <div class='ocr_carea' id='block_1_43' title="bbox 2030 1453 3601 1534">
    <p class='ocr_par' dir='ltr' id='par_1_43' title="bbox 2030 1453 3601 1534">
     <span class='ocr_line' id='line_1_43' title="bbox 2030 1453 3601 1534; baseline 0.007 -25"><span class='ocrx_word' id='word_1_349' title='bbox 2030 1463 2053 1492; x_wconf 83' lang='lat'><strong><em>°</em></strong></span> <span class='ocrx_word' id='word_1_350' title='bbox 2079 1453 2187 1509; x_wconf 87' lang='lat' dir='ltr'><strong>Sed</strong></span> <span class='ocrx_word' id='word_1_351' title='bbox 2217 1457 2529 1526; x_wconf 85' lang='lat' dir='ltr'><strong>responderi</strong></span> <span class='ocrx_word' id='word_1_352' title='bbox 2571 1457 2798 1514; x_wconf 76' lang='lat' dir='ltr'><strong>fortasse</strong></span> <span class='ocrx_word' id='word_1_353' title='bbox 2823 1461 2994 1530; x_wconf 82' lang='lat' dir='ltr'><strong>possit</strong></span> <span class='ocrx_word' id='word_1_354' title='bbox 3026 1479 3038 1513; x_wconf 92' lang='lat'><strong>:</strong></span> <span class='ocrx_word' id='word_1_355' title='bbox 3080 1460 3222 1530; x_wconf 79' lang='lat' dir='ltr'><strong>Ergo</strong></span> <span class='ocrx_word' id='word_1_356' title='bbox 3248 1463 3294 1518; x_wconf 88' lang='lat' dir='ltr'><strong>si</strong></span> <span class='ocrx_word' id='word_1_357' title='bbox 3333 1477 3492 1534; x_wconf 79' lang='lat' dir='ltr'><strong>pares</strong></span> <span class='ocrx_word' id='word_1_358' title='bbox 3517 1467 3601 1520; x_wconf 83' lang='lat' dir='ltr'><strong>vi-</strong></span> 
     </span>
    </p>
   </div>
   <div class='ocr_carea' id='block_1_44' title="bbox 2025 1547 3600 1615">
    <p class='ocr_par' dir='ltr' id='par_1_44' title="bbox 2025 1547 3600 1615">
     <span class='ocr_line' id='line_1_44' title="bbox 2025 1547 3600 1615; baseline 0.008 -15"><span class='ocrx_word' id='word_1_359' title='bbox 2025 1547 2264 1602; x_wconf 87' lang='lat' dir='ltr'><strong>tiositate</strong></span> <span class='ocrx_word' id='word_1_360' title='bbox 2289 1547 2532 1604; x_wconf 84' lang='lat' dir='ltr'><strong>barbaris</strong></span> <span class='ocrx_word' id='word_1_361' title='bbox 2558 1564 2761 1615; x_wconf 86' lang='lat' dir='ltr'><strong>sumus,</strong></span> <span class='ocrx_word' id='word_1_362' title='bbox 2792 1567 2888 1606; x_wconf 90' lang='lat' dir='ltr'><strong>cur</strong></span> <span class='ocrx_word' id='word_1_363' title='bbox 2916 1565 3022 1608; x_wconf 90' lang='lat' dir='ltr'><strong>non</strong></span> <span class='ocrx_word' id='word_1_364' title='bbox 3060 1567 3243 1609; x_wconf 86' lang='lat' dir='ltr'><strong>sumus</strong></span> <span class='ocrx_word' id='word_1_365' title='bbox 3277 1556 3439 1611; x_wconf 82' lang='lat' dir='ltr'><strong>etiam</strong></span> <span class='ocrx_word' id='word_1_366' title='bbox 3475 1558 3600 1613; x_wconf 78' lang='lat' dir='ltr'><strong>vivi-</strong></span> 
     </span>
    </p>
   </div>
   <div class='ocr_carea' id='block_1_45' title="bbox 2025 1639 3600 1720">
    <p class='ocr_par' dir='ltr' id='par_1_45' title="bbox 2025 1639 3600 1720">
     <span class='ocr_line' id='line_1_45' title="bbox 2025 1639 3600 1720; baseline 0.008 -27"><span class='ocrx_word' id='word_1_367' title='bbox 2025 1639 2124 1694; x_wconf 87' lang='lat' dir='ltr'><strong>bus</strong></span> <span class='ocrx_word' id='word_1_368' title='bbox 2167 1641 2362 1710; x_wconf 80' lang='lat' dir='ltr'><strong>pares?</strong></span> <span class='ocrx_word' id='word_1_369' title='bbox 2391 1640 2524 1696; x_wconf 87' lang='lat' dir='ltr'><strong>Cum</strong></span> <span class='ocrx_word' id='word_1_370' title='bbox 2571 1645 2714 1698; x_wconf 88' lang='lat' dir='ltr'><strong>enim</strong></span> <span class='ocrx_word' id='word_1_371' title='bbox 2745 1645 2934 1700; x_wconf 77' lang='lat' dir='ltr'><strong>similis</strong></span> <span class='ocrx_word' id='word_1_372' title='bbox 2968 1647 3040 1700; x_wconf 87' lang='lat' dir='ltr'><strong>sit</strong></span> <span class='ocrx_word' id='word_1_373' title='bbox 3081 1647 3395 1718; x_wconf 79' lang='lat' dir='ltr'><strong>improbitas</strong></span> <span class='ocrx_word' id='word_1_374' title='bbox 3439 1658 3600 1720; x_wconf 79' lang='lat' dir='ltr'><strong>atque</strong></span> 
     </span>
    </p>
   </div>
   <div class='ocr_carea' id='block_1_46' title="bbox 1947 1731 3600 1813">
    <p class='ocr_par' dir='ltr' id='par_1_46' title="bbox 1947 1731 3600 1813">
     <span class='ocr_line' id='line_1_46' title="bbox 1947 1731 3600 1813; baseline 0.008 -28"><span class='ocrx_word' id='word_1_375' title='bbox 1947 1731 1996 1794; x_wconf 79' lang='grc' dir='ltr'><strong><em>Β</em></strong></span> <span class='ocrx_word' id='word_1_376' title='bbox 2026 1731 2164 1786; x_wconf 91' lang='lat' dir='ltr'><strong>idem</strong></span> <span class='ocrx_word' id='word_1_377' title='bbox 2185 1741 2384 1800; x_wconf 84' lang='lat' dir='ltr'><strong>reatus,</strong></span> <span class='ocrx_word' id='word_1_378' title='bbox 2411 1743 2503 1788; x_wconf 87' lang='lat' dir='ltr'><strong>aut</strong></span> <span class='ocrx_word' id='word_1_379' title='bbox 2527 1743 2635 1790; x_wconf 89' lang='lat' dir='ltr'><strong>tam</strong></span> <span class='ocrx_word' id='word_1_380' title='bbox 2659 1736 2824 1791; x_wconf 82' lang='lat' dir='ltr'><strong>fortes</strong></span> <span class='ocrx_word' id='word_1_381' title='bbox 2844 1736 3162 1794; x_wconf 85' lang='lat' dir='ltr'><strong>deberemus</strong></span> <span class='ocrx_word' id='word_1_382' title='bbox 3180 1755 3299 1795; x_wconf 89' lang='lat' dir='ltr'><strong>esse</strong></span> <span class='ocrx_word' id='word_1_383' title='bbox 3324 1755 3422 1797; x_wconf 88' lang='lat' dir='ltr'><strong>nos</strong></span> <span class='ocrx_word' id='word_1_384' title='bbox 3439 1757 3600 1813; x_wconf 82' lang='lat' dir='ltr'><strong>quam</strong></span> 
     </span>
    </p>
   </div>
   <div class='ocr_carea' id='block_1_47' title="bbox 2023 1824 3598 1900">
    <p class='ocr_par' dir='ltr' id='par_1_47' title="bbox 2023 1824 3598 1900">
     <span class='ocr_line' id='line_1_47' title="bbox 2023 1824 3598 1900; baseline 0.008 -23"><span class='ocrx_word' id='word_1_385' title='bbox 2023 1833 2146 1878; x_wconf 88' lang='lat' dir='ltr'><strong>sunt</strong></span> <span class='ocrx_word' id='word_1_386' title='bbox 2172 1824 2270 1888; x_wconf 86' lang='lat' dir='ltr'><strong>illi,</strong></span> <span class='ocrx_word' id='word_1_387' title='bbox 2305 1835 2399 1880; x_wconf 89' lang='lat' dir='ltr'><strong>aut</strong></span> <span class='ocrx_word' id='word_1_388' title='bbox 2426 1834 2573 1883; x_wconf 85' lang='lat' dir='ltr'><strong>certe</strong></span> <span class='ocrx_word' id='word_1_389' title='bbox 2602 1837 2709 1882; x_wconf 88' lang='lat' dir='ltr'><strong>tam</strong></span> <span class='ocrx_word' id='word_1_390' title='bbox 2739 1829 2954 1884; x_wconf 74' lang='lat' dir='ltr'><strong>invalidi</strong></span> <span class='ocrx_word' id='word_1_391' title='bbox 2984 1845 3146 1900; x_wconf 87' lang='lat' dir='ltr'><strong>quam</strong></span> <span class='ocrx_word' id='word_1_392' title='bbox 3170 1847 3269 1887; x_wconf 84' lang='lat' dir='ltr'><strong>nos</strong></span> <span class='ocrx_word' id='word_1_393' title='bbox 3297 1849 3498 1898; x_wconf 81' lang='lat' dir='ltr'><strong>smnus,</strong></span> <span class='ocrx_word' id='word_1_394' title='bbox 3523 1835 3598 1891; x_wconf 88' lang='lat' dir='ltr'><strong>illi</strong></span> 
     </span>
    </p>
   </div>
   <div class='ocr_carea' id='block_1_48' title="bbox 2021 1917 3598 1996">
    <p class='ocr_par' dir='ltr' id='par_1_48' title="bbox 2021 1917 3598 1996">
     <span class='ocr_line' id='line_1_48' title="bbox 2021 1917 3598 1996; baseline 0.008 -26"><span class='ocrx_word' id='word_1_395' title='bbox 2021 1932 2139 1971; x_wconf 89' lang='lat' dir='ltr'><strong>esse</strong></span> <span class='ocrx_word' id='word_1_396' title='bbox 2159 1917 2433 1973; x_wconf 84' lang='lat' dir='ltr'><strong>deberent.</strong></span> <span class='ocrx_word' id='word_1_397' title='bbox 2467 1920 2665 1976; x_wconf 81' lang='lat' dir='ltr'><strong>Verum</strong></span> <span class='ocrx_word' id='word_1_398' title='bbox 2695 1931 2796 1987; x_wconf 84' lang='lat' dir='ltr'><strong>est,</strong></span> <span class='ocrx_word' id='word_1_399' title='bbox 2824 1937 2887 1977; x_wconf 89' lang='lat' dir='ltr'><strong>ac</strong></span> <span class='ocrx_word' id='word_1_400' title='bbox 2914 1937 3012 1992; x_wconf 86' lang='lat' dir='ltr'><strong>per</strong></span> <span class='ocrx_word' id='word_1_401' title='bbox 3037 1925 3140 1980; x_wconf 89' lang='lat' dir='ltr'><strong>hoc</strong></span> <span class='ocrx_word' id='word_1_402' title='bbox 3164 1934 3409 1996; x_wconf 82' lang='lat' dir='ltr'><strong>superest</strong></span> <span class='ocrx_word' id='word_1_403' title='bbox 3435 1935 3495 1981; x_wconf 92' lang='lat' dir='ltr'><strong>ut</strong></span> <span class='ocrx_word' id='word_1_404' title='bbox 3523 1927 3598 1983; x_wconf 88' lang='lat' dir='ltr'><strong>illi</strong></span> 
     </span>
    </p>
   </div>
   <div class='ocr_carea' id='block_1_49' title="bbox 2021 2011 3597 2087">
    <p class='ocr_par' dir='ltr' id='par_1_49' title="bbox 2021 2011 3597 2087">
     <span class='ocr_line' id='line_1_49' title="bbox 2021 2011 3597 2087; baseline 0.007 -25"><span class='ocrx_word' id='word_1_405' title='bbox 2021 2011 2364 2064; x_wconf 87' lang='lat' dir='ltr'><strong>nocentiores</strong></span> <span class='ocrx_word' id='word_1_406' title='bbox 2391 2012 2498 2064; x_wconf 88' lang='lat' dir='ltr'><strong>sint</strong></span> <span class='ocrx_word' id='word_1_407' title='bbox 2526 2012 2614 2080; x_wconf 88' lang='lat' dir='ltr'><strong>qui</strong></span> <span class='ocrx_word' id='word_1_408' title='bbox 2644 2013 2982 2068; x_wconf 72' lang='lat' dir='ltr'><strong>inﬁrmiores.</strong></span> <span class='ocrx_word' id='word_1_409' title='bbox 3014 2015 3294 2081; x_wconf 82' lang='lat' dir='ltr'><strong>Quomodo</strong></span> <span class='ocrx_word' id='word_1_410' title='bbox 3327 2018 3431 2072; x_wconf 81' lang='lat' dir='ltr'><strong>hoc</strong></span> <span class='ocrx_word' id='word_1_411' title='bbox 3467 2031 3597 2087; x_wconf 81' lang='lat' dir='ltr'><strong>pro-</strong></span> 
     </span>
    </p>
   </div>
   <div class='ocr_carea' id='block_1_50' title="bbox 2020 2100 3595 2175">
    <p class='ocr_par' dir='ltr' id='par_1_50' title="bbox 2020 2100 3595 2175">
     <span class='ocr_line' id='line_1_50' title="bbox 2020 2100 3595 2175; baseline 0.005 -22"><span class='ocrx_word' id='word_1_412' title='bbox 2020 2100 2243 2153; x_wconf 81' lang='lat' dir='ltr'><strong>bamus?</strong></span> <span class='ocrx_word' id='word_1_413' title='bbox 2278 2100 2497 2154; x_wconf 85' lang='lat' dir='ltr'><strong>Scilicet</strong></span> <span class='ocrx_word' id='word_1_414' title='bbox 2526 2103 2668 2169; x_wconf 87' lang='lat' dir='ltr'><strong>quia.</strong></span> <span class='ocrx_word' id='word_1_415' title='bbox 2698 2105 2806 2172; x_wconf 69' lang='lat'><strong>82</strong></span> <span class='ocrx_word' id='word_1_416' title='bbox 2833 2111 2893 2156; x_wconf 91' lang='lat' dir='ltr'><strong>ut</strong></span> <span class='ocrx_word' id='word_1_417' title='bbox 2919 2106 3161 2172; x_wconf 82' lang='lat' dir='ltr'><strong>superius</strong></span> <span class='ocrx_word' id='word_1_418' title='bbox 3189 2105 3352 2160; x_wconf 86' lang='lat' dir='ltr'><strong>locuti</strong></span> <span class='ocrx_word' id='word_1_419' title='bbox 3392 2122 3595 2175; x_wconf 79' lang='lat' dir='ltr'><strong>sumus,</strong></span> 
     </span>
    </p>
   </div>
   <div class='ocr_carea' id='block_1_51' title="bbox 2023 2190 3598 2258">
    <p class='ocr_par' dir='ltr' id='par_1_51' title="bbox 2023 2190 3598 2258">
     <span class='ocr_line' id='line_1_51' title="bbox 2023 2190 3598 2258; baseline 0.004 -14"><span class='ocrx_word' id='word_1_420' title='bbox 2023 2191 2203 2245; x_wconf 88' lang='lat' dir='ltr'><strong>omnia</strong></span> <span class='ocrx_word' id='word_1_421' title='bbox 2251 2206 2317 2244; x_wconf 84' lang='lat' dir='ltr'><strong>ex</strong></span> <span class='ocrx_word' id='word_1_422' title='bbox 2361 2190 2562 2258; x_wconf 85' lang='lat' dir='ltr'><strong>judicio</strong></span> <span class='ocrx_word' id='word_1_423' title='bbox 2610 2190 2777 2245; x_wconf 88' lang='lat' dir='ltr'><strong>Deum</strong></span> <span class='ocrx_word' id='word_1_424' title='bbox 2831 2193 3006 2247; x_wconf 76' lang='lat' dir='ltr'><strong>facere</strong></span> <span class='ocrx_word' id='word_1_425' title='bbox 3053 2196 3484 2250; x_wconf 83' lang='lat' dir='ltr'><strong>monstravimus.</strong></span> <span class='ocrx_word' id='word_1_426' title='bbox 3539 2198 3598 2251; x_wconf 80' lang='lat' dir='ltr'><strong>Si</strong></span> 
     </span>
    </p>
   </div>
   <div class='ocr_carea' id='block_1_52' title="bbox 2022 2285 3598 2360">
    <p class='ocr_par' dir='ltr' id='par_1_52' title="bbox 2022 2285 3598 2360">
     <span class='ocr_line' id='line_1_52' title="bbox 2022 2285 3598 2360; baseline 0.004 -23"><span class='ocrx_word' id='word_1_427' title='bbox 2022 2285 2184 2348; x_wconf 89' lang='lat' dir='ltr'><strong>enim,</strong></span> <span class='ocrx_word' id='word_1_428' title='bbox 2213 2293 2274 2338; x_wconf 90' lang='lat' dir='ltr'><strong>nt</strong></span> <span class='ocrx_word' id='word_1_429' title='bbox 2302 2285 2556 2354; x_wconf 86' lang='lat' dir='ltr'><strong>scriptum</strong></span> <span class='ocrx_word' id='word_1_430' title='bbox 2587 2295 2688 2352; x_wconf 90' lang='lat' dir='ltr'><strong>est,</strong></span> <span class='ocrx_word' id='word_1_431' title='bbox 2718 2289 2772 2340; x_wconf 86' lang='lat' dir='ltr'><strong>in</strong></span> <span class='ocrx_word' id='word_1_432' title='bbox 2794 2289 2932 2341; x_wconf 86' lang='lat' dir='ltr'><strong>omni</strong></span> <span class='ocrx_word' id='word_1_433' title='bbox 2955 2289 3064 2342; x_wconf 86' lang='lat' dir='ltr'><strong>loco</strong></span> <span class='ocrx_word' id='word_1_434' title='bbox 3093 2287 3226 2342; x_wconf 79' lang='lat' dir='ltr'><strong>oculi</strong></span> <span class='ocrx_word' id='word_1_435' title='bbox 3255 2288 3464 2343; x_wconf 81' lang='lat' dir='ltr'><strong>Domini</strong></span> <span class='ocrx_word' id='word_1_436' title='bbox 3491 2305 3598 2360; x_wconf 74' lang='lat' dir='ltr'><strong>apo-</strong></span> 
     </span>
    </p>
   </div>
   <div class='ocr_carea' id='block_1_53' title="bbox 2022 2374 3595 2450">
    <p class='ocr_par' dir='ltr' id='par_1_53' title="bbox 2022 2374 3595 2450">
     <span class='ocr_line' id='line_1_53' title="bbox 2022 2374 3595 2450; baseline 0.004 -22"><span class='ocrx_word' id='word_1_437' title='bbox 2022 2375 2262 2428; x_wconf 76' lang='lat' dir='ltr'><strong>culanlur</strong></span> <span class='ocrx_word' id='word_1_438' title='bbox 2292 2374 2451 2430; x_wconf 76' lang='lat' dir='ltr'><strong>bonos</strong></span> <span class='ocrx_word' id='word_1_439' title='bbox 2479 2385 2529 2428; x_wconf 78' lang='lat' dir='ltr'><strong>et</strong></span> <span class='ocrx_word' id='word_1_440' title='bbox 2555 2377 2721 2431; x_wconf 81' lang='lat' dir='ltr'><strong>malos</strong></span> <span class='ocrx_word' id='word_1_441' title='bbox 2751 2377 2930 2446; x_wconf 79' lang='lat' dir='ltr'><strong>(Prov.</strong></span> <span class='ocrx_word' id='word_1_442' title='bbox 2961 2395 3047 2443; x_wconf 85' lang='lat' dir='ltr'><strong>xv,</strong></span> <span class='ocrx_word' id='word_1_443' title='bbox 3079 2379 3156 2447; x_wconf 77' lang='grc'><strong>5),</strong></span> <span class='ocrx_word' id='word_1_444' title='bbox 3189 2385 3244 2433; x_wconf 88' lang='lat' dir='ltr'><strong>et</strong></span> <span class='ocrx_word' id='word_1_445' title='bbox 3266 2382 3416 2448; x_wconf 82' lang='lat' dir='ltr'><strong>juxta</strong></span> <span class='ocrx_word' id='word_1_446' title='bbox 3447 2380 3595 2450; x_wconf 86' lang='lat' dir='ltr'><strong>Apo-</strong></span> 
     </span>
    </p>
   </div>
   <div class='ocr_carea' id='block_1_54' title="bbox 2015 2467 3594 2539">
    <p class='ocr_par' dir='ltr' id='par_1_54' title="bbox 2015 2467 3594 2539">
     <span class='ocr_line' id='line_1_54' title="bbox 2015 2467 3594 2539; baseline 0.003 -17"><span class='ocrx_word' id='word_1_447' title='bbox 2015 2468 2232 2532; x_wconf 87' lang='lat' dir='ltr'><strong>stolum,</strong></span> <span class='ocrx_word' id='word_1_448' title='bbox 2256 2468 2511 2539; x_wconf 80' lang='lat' dir='ltr'><strong>judicium</strong></span> <span class='ocrx_word' id='word_1_449' title='bbox 2534 2467 2632 2523; x_wconf 85' lang='lat' dir='ltr'><strong>Dei</strong></span> <span class='ocrx_word' id='word_1_450' title='bbox 2653 2479 2727 2523; x_wconf 73' lang='lat' dir='ltr'><strong>est</strong></span> <span class='ocrx_word' id='word_1_451' title='bbox 2754 2471 3030 2524; x_wconf 79' lang='lat' dir='ltr'><strong>secundum</strong></span> <span class='ocrx_word' id='word_1_452' title='bbox 3050 2471 3313 2526; x_wconf 73' lang='lat' dir='ltr'><strong>veritatem</strong></span> <span class='ocrx_word' id='word_1_453' title='bbox 3337 2473 3390 2525; x_wconf 83' lang='lat' dir='ltr'><strong>in</strong></span> <span class='ocrx_word' id='word_1_454' title='bbox 3418 2481 3594 2527; x_wconf 66' lang='lat' dir='ltr'><strong>omnes</strong></span> 
     </span>
    </p>
   </div>
   <div class='ocr_carea' id='block_1_55' title="bbox 2012 2557 3593 2630">
    <p class='ocr_par' dir='ltr' id='par_1_55' title="bbox 2012 2557 3593 2630">
     <span class='ocr_line' id='line_1_55' title="bbox 2012 2557 3593 2630; baseline 0.004 -18"><span class='ocrx_word' id='word_1_455' title='bbox 2012 2557 2175 2612; x_wconf 80' lang='lat' dir='ltr'><strong>malos</strong></span> <span class='ocrx_word' id='word_1_456' title='bbox 2217 2557 2394 2628; x_wconf 82' lang='lat' dir='ltr'><strong>(Rom.</strong></span> <span class='ocrx_word' id='word_1_457' title='bbox 2424 2574 2494 2623; x_wconf 80' lang='grc' dir='ltr'><strong>ιι,</strong></span> <span class='ocrx_word' id='word_1_458' title='bbox 2527 2557 2602 2628; x_wconf 72' lang='lat'><strong>2),</strong></span> <span class='ocrx_word' id='word_1_459' title='bbox 2636 2559 2876 2615; x_wconf 78' lang='lat' dir='ltr'><strong>videmus</strong></span> <span class='ocrx_word' id='word_1_460' title='bbox 2903 2576 3002 2615; x_wconf 91' lang='lat' dir='ltr'><strong>nos</strong></span> <span class='ocrx_word' id='word_1_461' title='bbox 3043 2562 3134 2630; x_wconf 90' lang='lat' dir='ltr'><strong>qui</strong></span> <span class='ocrx_word' id='word_1_462' title='bbox 3164 2577 3272 2617; x_wconf 91' lang='lat' dir='ltr'><strong>non</strong></span> <span class='ocrx_word' id='word_1_463' title='bbox 3300 2562 3593 2619; x_wconf 75' lang='lat' dir='ltr'><strong>desinimus</strong></span> 
     </span>
    </p>
   </div>
   <div class='ocr_carea' id='block_1_56' title="bbox 2009 2650 3592 2722">
    <p class='ocr_par' dir='ltr' id='par_1_56' title="bbox 2009 2650 3592 2722">
     <span class='ocr_line' id='line_1_56' title="bbox 2009 2650 3592 2722; baseline 0.005 -18"><span class='ocrx_word' id='word_1_464' title='bbox 2009 2650 2150 2705; x_wconf 88' lang='lat' dir='ltr'><strong>mala</strong></span> <span class='ocrx_word' id='word_1_465' title='bbox 2182 2665 2360 2719; x_wconf 90' lang='lat' dir='ltr'><strong>agere,</strong></span> <span class='ocrx_word' id='word_1_466' title='bbox 2384 2667 2449 2705; x_wconf 90' lang='lat' dir='ltr'><strong>ex</strong></span> <span class='ocrx_word' id='word_1_467' title='bbox 2467 2650 2673 2720; x_wconf 85' lang='lat' dir='ltr'><strong>judicio</strong></span> <span class='ocrx_word' id='word_1_468' title='bbox 2696 2651 2826 2720; x_wconf 84' lang='lat' dir='ltr'><strong>justi</strong></span> <span class='ocrx_word' id='word_1_469' title='bbox 2855 2652 2950 2708; x_wconf 85' lang='lat' dir='ltr'><strong>Dei</strong></span> <span class='ocrx_word' id='word_1_470' title='bbox 2979 2669 3166 2722; x_wconf 60' lang='lat' dir='ltr'><strong>pugnas</strong></span> <span class='ocrx_word' id='word_1_471' title='bbox 3192 2655 3408 2709; x_wconf 66' lang='lat' dir='ltr'><strong>malitia:</strong></span> <span class='ocrx_word' id='word_1_472' title='bbox 3431 2656 3592 2712; x_wconf 85' lang='lat' dir='ltr'><strong>susti-</strong></span> 
     </span>
    </p>
   </div>
   <div class='ocr_carea' id='block_1_57' title="bbox 2010 2741 3588 2813">
    <p class='ocr_par' dir='ltr' id='par_1_57' title="bbox 2010 2741 3588 2813">
     <span class='ocr_line' id='line_1_57' title="bbox 2010 2741 3588 2813; baseline 0.001 -15"><span class='ocrx_word' id='word_1_473' title='bbox 2010 2757 2158 2799; x_wconf 89' lang='lat' dir='ltr'><strong>nere.</strong></span> <span class='ocrx_word' id='word_1_474' title='bbox 2191 2741 2300 2798; x_wconf 87' lang='lat' dir='ltr'><strong>Sed</strong></span> <span class='ocrx_word' id='word_1_475' title='bbox 2327 2743 2534 2808; x_wconf 92' lang='lat' dir='ltr'><strong>eadem,</strong></span> <span class='ocrx_word' id='word_1_476' title='bbox 2567 2743 2762 2813; x_wconf 86' lang='lat' dir='ltr'><strong>inquis,</strong></span> <span class='ocrx_word' id='word_1_477' title='bbox 2794 2745 2935 2798; x_wconf 87' lang='lat' dir='ltr'><strong>mala</strong></span> <span class='ocrx_word' id='word_1_478' title='bbox 2977 2745 3138 2799; x_wconf 90' lang='lat' dir='ltr'><strong>etiam</strong></span> <span class='ocrx_word' id='word_1_479' title='bbox 3162 2746 3375 2800; x_wconf 84' lang='lat' dir='ltr'><strong>barbari</strong></span> <span class='ocrx_word' id='word_1_480' title='bbox 3403 2754 3588 2813; x_wconf 87' lang='lat' dir='ltr'><strong>agunt,</strong></span> 
     </span>
    </p>
   </div>
   <div class='ocr_carea' id='block_1_58' title="bbox 2009 2833 3589 2902">
    <p class='ocr_par' dir='ltr' id='par_1_58' title="bbox 2009 2833 3589 2902">
     <span class='ocr_line' id='line_1_58' title="bbox 2009 2833 3589 2902; baseline 0.001 -13"><span class='ocrx_word' id='word_1_481' title='bbox 2009 2844 2065 2890; x_wconf 90' lang='lat' dir='ltr'><strong>et</strong></span> <span class='ocrx_word' id='word_1_482' title='bbox 2095 2843 2273 2889; x_wconf 87' lang='lat' dir='ltr'><strong>tamen</strong></span> <span class='ocrx_word' id='word_1_483' title='bbox 2305 2849 2412 2888; x_wconf 91' lang='lat' dir='ltr'><strong>non</strong></span> <span class='ocrx_word' id='word_1_484' title='bbox 2442 2841 2568 2887; x_wconf 85' lang='lat' dir='ltr'><strong>sunt</strong></span> <span class='ocrx_word' id='word_1_485' title='bbox 2593 2841 2704 2886; x_wconf 88' lang='lat' dir='ltr'><strong>tam</strong></span> <span class='ocrx_word' id='word_1_486' title='bbox 2727 2833 2912 2887; x_wconf 84' lang='lat' dir='ltr'><strong>miseri</strong></span> <span class='ocrx_word' id='word_1_487' title='bbox 2940 2847 3098 2902; x_wconf 89' lang='lat' dir='ltr'><strong>quam</strong></span> <span class='ocrx_word' id='word_1_488' title='bbox 3124 2849 3219 2888; x_wconf 86' lang='lat' dir='ltr'><strong>nos</strong></span> <span class='ocrx_word' id='word_1_489' title='bbox 3242 2850 3444 2890; x_wconf 87' lang='lat' dir='ltr'><strong>sumus.</strong></span> <span class='ocrx_word' id='word_1_490' title='bbox 3476 2835 3589 2890; x_wconf 83' lang='lat' dir='ltr'><strong>lloe</strong></span> 
     </span>
    </p>
   </div>
   <div class='ocr_carea' id='block_1_59' title="bbox 2010 2922 3589 2994">
    <p class='ocr_par' dir='ltr' id='par_1_59' title="bbox 2010 2922 3589 2994">
     <span class='ocr_line' id='line_1_59' title="bbox 2010 2922 3589 2994; baseline -0.001 -12"><span class='ocrx_word' id='word_1_491' title='bbox 2010 2939 2138 2994; x_wconf 82' lang='lat' dir='ltr'><strong>ergo</strong></span> <span class='ocrx_word' id='word_1_492' title='bbox 2162 2927 2403 2989; x_wconf 88' lang='lat' dir='ltr'><strong>interest,</strong></span> <span class='ocrx_word' id='word_1_493' title='bbox 2428 2923 2570 2992; x_wconf 87' lang='lat' dir='ltr'><strong>quod</strong></span> <span class='ocrx_word' id='word_1_494' title='bbox 2589 2923 2690 2977; x_wconf 85' lang='lat' dir='ltr'><strong>etsi</strong></span> <span class='ocrx_word' id='word_1_495' title='bbox 2710 2922 2898 2977; x_wconf 85' lang='lat' dir='ltr'><strong>eadem</strong></span> <span class='ocrx_word' id='word_1_496' title='bbox 2924 2929 3086 2992; x_wconf 78' lang='lat' dir='ltr'><strong>agant</strong></span> <span class='ocrx_word' id='word_1_497' title='bbox 3115 2923 3325 2978; x_wconf 77' lang='lat' dir='ltr'><strong>barbari</strong></span> <span class='ocrx_word' id='word_1_498' title='bbox 3345 2939 3463 2993; x_wconf 62' lang='lat' dir='ltr'><strong>quae</strong></span> <span class='ocrx_word' id='word_1_499' title='bbox 3492 2939 3589 2980; x_wconf 78' lang='lat' dir='ltr'><strong>nol</strong></span> 
     </span>
    </p>
   </div>
   <div class='ocr_carea' id='block_1_60' title="bbox 2011 3013 3584 3086">
    <p class='ocr_par' dir='ltr' id='par_1_60' title="bbox 2011 3013 3584 3086">
     <span class='ocr_line' id='line_1_60' title="bbox 2011 3013 3584 3086; baseline 0.001 -16"><span class='ocrx_word' id='word_1_500' title='bbox 2011 3017 2262 3085; x_wconf 81' lang='lat' dir='ltr'><strong>agimus,</strong></span> <span class='ocrx_word' id='word_1_501' title='bbox 2315 3029 2412 3069; x_wconf 85' lang='lat' dir='ltr'><strong>nos</strong></span> <span class='ocrx_word' id='word_1_502' title='bbox 2460 3022 2638 3068; x_wconf 90' lang='lat' dir='ltr'><strong>tamen</strong></span> <span class='ocrx_word' id='word_1_503' title='bbox 2687 3013 2893 3083; x_wconf 85' lang='lat' dir='ltr'><strong>majore</strong></span> <span class='ocrx_word' id='word_1_504' title='bbox 2944 3013 3238 3070; x_wconf 64' lang='lat' dir='ltr'><strong>ofensione</strong></span> <span class='ocrx_word' id='word_1_505' title='bbox 3283 3029 3584 3086; x_wconf 80' lang='lat' dir='ltr'><strong>peccamus.</strong></span> 
     </span>
    </p>
   </div>
   <div class='ocr_carea' id='block_1_61' title="bbox 331 3102 3584 3183">
    <p class='ocr_par' dir='ltr' id='par_1_61' title="bbox 331 3102 3584 3183">
     <span class='ocr_line' id='line_1_61' title="bbox 331 3102 3584 3183; baseline 0.002 -25"><span class='ocrx_word' id='word_1_506' title='bbox 331 3119 468 3171; x_wconf 92' lang='lat' dir='ltr'><strong>mus,</strong></span> <span class='ocrx_word' id='word_1_507' title='bbox 499 3113 740 3162; x_wconf 88' lang='lat' dir='ltr'><strong>nostrum</strong></span> <span class='ocrx_word' id='word_1_508' title='bbox 760 3119 860 3164; x_wconf 87' lang='lat' dir='ltr'><strong>cst.</strong></span> <span class='ocrx_word' id='word_1_509' title='bbox 893 3107 960 3163; x_wconf 90' lang='lat' dir='ltr'><strong>Et</strong></span> <span class='ocrx_word' id='word_1_510' title='bbox 977 3110 1111 3164; x_wconf 91' lang='lat' dir='ltr'><strong>nihil</strong></span> <span class='ocrx_word' id='word_1_511' title='bbox 1134 3110 1317 3181; x_wconf 88' lang='lat' dir='ltr'><strong>utique</strong></span> <span class='ocrx_word' id='word_1_512' title='bbox 1342 3110 1494 3165; x_wconf 91' lang='lat' dir='ltr'><strong>nobis</strong></span> <span class='ocrx_word' id='word_1_513' title='bbox 1522 3112 1741 3181; x_wconf 88' lang='lat' dir='ltr'><strong>prodest</strong></span> <span class='ocrx_word' id='word_1_514' title='bbox 1761 3113 1906 3183; x_wconf 91' lang='lat' dir='ltr'><strong>quod</strong></span> <span class='ocrx_word' id='word_1_515' title='bbox 1933 3102 1979 3168; x_wconf 88' lang='lat' dir='ltr'><strong>C</strong></span> <span class='ocrx_word' id='word_1_516' title='bbox 2010 3108 2242 3164; x_wconf 86' lang='lat' dir='ltr'><strong>Possunt</strong></span> <span class='ocrx_word' id='word_1_517' title='bbox 2262 3108 2402 3162; x_wconf 87' lang='lat' dir='ltr'><strong>enim</strong></span> <span class='ocrx_word' id='word_1_518' title='bbox 2431 3113 2615 3161; x_wconf 87' lang='lat' dir='ltr'><strong>nostra</strong></span> <span class='ocrx_word' id='word_1_519' title='bbox 2647 3112 2702 3160; x_wconf 90' lang='lat' dir='ltr'><strong>et</strong></span> <span class='ocrx_word' id='word_1_520' title='bbox 2728 3105 3081 3161; x_wconf 83' lang='lat' dir='ltr'><strong>barbarorum</strong></span> <span class='ocrx_word' id='word_1_521' title='bbox 3101 3108 3230 3161; x_wconf 90' lang='lat' dir='ltr'><strong>vitia</strong></span> <span class='ocrx_word' id='word_1_522' title='bbox 3259 3123 3377 3163; x_wconf 87' lang='lat' dir='ltr'><strong>esse</strong></span> <span class='ocrx_word' id='word_1_523' title='bbox 3406 3110 3584 3178; x_wconf 88' lang='lat' dir='ltr'><strong>paria;</strong></span> 
     </span>
    </p>
   </div>
   <div class='ocr_carea' id='block_1_62' title="bbox 329 3196 3585 3270">
    <p class='ocr_par' dir='ltr' id='par_1_62' title="bbox 329 3196 3585 3270">
     <span class='ocr_line' id='line_1_62' title="bbox 329 3196 3585 3270; baseline 0.002 -19"><span class='ocrx_word' id='word_1_524' title='bbox 329 3196 416 3252; x_wconf 91' lang='lat' dir='ltr'><strong>lex</strong></span> <span class='ocrx_word' id='word_1_525' title='bbox 445 3206 528 3252; x_wconf 88' lang='lat' dir='ltr'><strong>est</strong></span> <span class='ocrx_word' id='word_1_526' title='bbox 567 3199 707 3254; x_wconf 91' lang='lat' dir='ltr'><strong>bona</strong></span> <span class='ocrx_word' id='word_1_527' title='bbox 731 3239 747 3264; x_wconf 90' lang='lat'><strong>,</strong></span> <span class='ocrx_word' id='word_1_528' title='bbox 790 3201 834 3254; x_wconf 90' lang='lat' dir='ltr'><strong>si</strong></span> <span class='ocrx_word' id='word_1_529' title='bbox 877 3201 983 3254; x_wconf 90' lang='lat' dir='ltr'><strong>vita</strong></span> <span class='ocrx_word' id='word_1_530' title='bbox 1021 3209 1204 3256; x_wconf 89' lang='lat' dir='ltr'><strong>nostra</strong></span> <span class='ocrx_word' id='word_1_531' title='bbox 1232 3209 1286 3256; x_wconf 90' lang='lat' dir='ltr'><strong>et</strong></span> <span class='ocrx_word' id='word_1_532' title='bbox 1314 3203 1652 3258; x_wconf 87' lang='lat' dir='ltr'><strong>conversatio</strong></span> <span class='ocrx_word' id='word_1_533' title='bbox 1681 3221 1788 3259; x_wconf 92' lang='lat' dir='ltr'><strong>non</strong></span> <span class='ocrx_word' id='word_1_534' title='bbox 1824 3214 1907 3261; x_wconf 87' lang='lat' dir='ltr'><strong>est</strong></span> <span class='ocrx_word' id='word_1_535' title='bbox 2005 3203 2104 3259; x_wconf 81' lang='lat' dir='ltr'><strong>sed</strong></span> <span class='ocrx_word' id='word_1_536' title='bbox 2133 3203 2188 3257; x_wconf 89' lang='lat' dir='ltr'><strong>in</strong></span> <span class='ocrx_word' id='word_1_537' title='bbox 2227 3201 2313 3256; x_wconf 88' lang='lat' dir='ltr'><strong>his</strong></span> <span class='ocrx_word' id='word_1_538' title='bbox 2340 3207 2519 3255; x_wconf 90' lang='lat' dir='ltr'><strong>tamen</strong></span> <span class='ocrx_word' id='word_1_539' title='bbox 2565 3199 2710 3254; x_wconf 86' lang='lat' dir='ltr'><strong>vitiis</strong></span> <span class='ocrx_word' id='word_1_540' title='bbox 2748 3213 2970 3255; x_wconf 87' lang='lat' dir='ltr'><strong>necesse</strong></span> <span class='ocrx_word' id='word_1_541' title='bbox 3007 3207 3089 3255; x_wconf 89' lang='lat' dir='ltr'><strong>est</strong></span> <span class='ocrx_word' id='word_1_542' title='bbox 3137 3209 3356 3270; x_wconf 89' lang='lat' dir='ltr'><strong>peccata</strong></span> <span class='ocrx_word' id='word_1_543' title='bbox 3405 3210 3585 3257; x_wconf 85' lang='lat' dir='ltr'><strong>nostra</strong></span> 
     </span>
    </p>
   </div>
   <div class='ocr_carea' id='block_1_63' title="bbox 327 3287 3581 3364">
    <p class='ocr_par' dir='ltr' id='par_1_63' title="bbox 327 3287 3581 3364">
     <span class='ocr_line' id='line_1_63' title="bbox 327 3287 3581 3364; baseline 0.002 -24"><span class='ocrx_word' id='word_1_544' title='bbox 327 3287 488 3342; x_wconf 89' lang='lat' dir='ltr'><strong>bona.</strong></span> <span class='ocrx_word' id='word_1_545' title='bbox 523 3287 631 3344; x_wconf 87' lang='lat' dir='ltr'><strong>Lex</strong></span> <span class='ocrx_word' id='word_1_546' title='bbox 659 3291 801 3344; x_wconf 90' lang='lat' dir='ltr'><strong>enim</strong></span> <span class='ocrx_word' id='word_1_547' title='bbox 842 3290 1004 3356; x_wconf 89' lang='lat' dir='ltr'><strong>bona,</strong></span> <span class='ocrx_word' id='word_1_548' title='bbox 1045 3293 1281 3348; x_wconf 89' lang='lat' dir='ltr'><strong>muneris</strong></span> <span class='ocrx_word' id='word_1_549' title='bbox 1309 3302 1390 3348; x_wconf 87' lang='lat' dir='ltr'><strong>est</strong></span> <span class='ocrx_word' id='word_1_550' title='bbox 1419 3293 1646 3362; x_wconf 87' lang='lat' dir='ltr'><strong>Christi;</strong></span> <span class='ocrx_word' id='word_1_551' title='bbox 1672 3298 1780 3352; x_wconf 91' lang='lat' dir='ltr'><strong>vita</strong></span> <span class='ocrx_word' id='word_1_552' title='bbox 1809 3315 1901 3353; x_wconf 91' lang='lat' dir='ltr'><strong>au-</strong></span> <span class='ocrx_word' id='word_1_553' title='bbox 2009 3311 2127 3351; x_wconf 81' lang='lat' dir='ltr'><strong>esse</strong></span> <span class='ocrx_word' id='word_1_554' title='bbox 2156 3295 2421 3364; x_wconf 88' lang='lat' dir='ltr'><strong>graviora.</strong></span> <span class='ocrx_word' id='word_1_555' title='bbox 2447 3291 2580 3346; x_wconf 83' lang='lat' dir='ltr'><strong>Nam</strong></span> <span class='ocrx_word' id='word_1_556' title='bbox 2602 3305 2723 3346; x_wconf 89' lang='lat' dir='ltr'><strong>cum</strong></span> <span class='ocrx_word' id='word_1_557' title='bbox 2744 3305 2958 3358; x_wconf 68' lang='lat' dir='ltr'><strong>omnes,</strong></span> <span class='ocrx_word' id='word_1_558' title='bbox 2974 3298 3034 3346; x_wconf 87' lang='lat' dir='ltr'><strong>ut</strong></span> <span class='ocrx_word' id='word_1_559' title='bbox 3056 3300 3182 3345; x_wconf 78' lang='lat' dir='ltr'><strong>ante</strong></span> <span class='ocrx_word' id='word_1_560' title='bbox 3195 3291 3304 3359; x_wconf 87' lang='lat' dir='ltr'><strong>jam</strong></span> <span class='ocrx_word' id='word_1_561' title='bbox 3331 3291 3581 3358; x_wconf 67' lang='lat' dir='ltr'><strong>diximus,</strong></span> 
     </span>
    </p>
   </div>
   <div class='ocr_carea' id='block_1_64' title="bbox 329 3369 3582 3458">
    <p class='ocr_par' dir='ltr' id='par_1_64' title="bbox 329 3369 3582 3458">
     <span class='ocr_line' id='line_1_64' title="bbox 329 3369 3582 3458; baseline 0.002 -26"><span class='ocrx_word' id='word_1_562' title='bbox 329 3386 433 3434; x_wconf 89' lang='lat' dir='ltr'><strong>tem</strong></span> <span class='ocrx_word' id='word_1_563' title='bbox 466 3395 572 3434; x_wconf 91' lang='lat' dir='ltr'><strong>non</strong></span> <span class='ocrx_word' id='word_1_564' title='bbox 600 3381 760 3447; x_wconf 91' lang='lat' dir='ltr'><strong>bona,</strong></span> <span class='ocrx_word' id='word_1_565' title='bbox 793 3383 1028 3438; x_wconf 89' lang='lat' dir='ltr'><strong>criminis</strong></span> <span class='ocrx_word' id='word_1_566' title='bbox 1058 3385 1244 3441; x_wconf 89' lang='lat' dir='ltr'><strong>nostri.</strong></span> <span class='ocrx_word' id='word_1_567' title='bbox 1279 3385 1446 3442; x_wconf 90' lang='lat' dir='ltr'><strong>lmmo</strong></span> <span class='ocrx_word' id='word_1_568' title='bbox 1469 3387 1571 3443; x_wconf 90' lang='lat' dir='ltr'><strong>hoc</strong></span> <span class='ocrx_word' id='word_1_569' title='bbox 1600 3391 1768 3458; x_wconf 90' lang='lat' dir='ltr'><strong>magis</strong></span> <span class='ocrx_word' id='word_1_570' title='bbox 1788 3391 1900 3448; x_wconf 90' lang='lat' dir='ltr'><strong>cul-</strong></span> <span class='ocrx_word' id='word_1_571' title='bbox 2008 3369 2222 3446; x_wconf 81' lang='lat' dir='ltr'><strong>barbari</strong></span> <span class='ocrx_word' id='word_1_572' title='bbox 2253 3397 2344 3442; x_wconf 91' lang='lat' dir='ltr'><strong>aut</strong></span> <span class='ocrx_word' id='word_1_573' title='bbox 2384 3385 2577 3456; x_wconf 87' lang='lat' dir='ltr'><strong>pagani</strong></span> <span class='ocrx_word' id='word_1_574' title='bbox 2607 3386 2715 3439; x_wconf 90' lang='lat' dir='ltr'><strong>sint</strong></span> <span class='ocrx_word' id='word_1_575' title='bbox 2741 3392 2832 3439; x_wconf 89' lang='lat' dir='ltr'><strong>aut</strong></span> <span class='ocrx_word' id='word_1_576' title='bbox 2859 3385 3118 3447; x_wconf 68' lang='lat' dir='ltr'><strong>haeretici,</strong></span> <span class='ocrx_word' id='word_1_577' title='bbox 3153 3393 3212 3438; x_wconf 89' lang='lat' dir='ltr'><strong>ut</strong></span> <span class='ocrx_word' id='word_1_578' title='bbox 3237 3385 3304 3439; x_wconf 88' lang='lat' dir='ltr'><strong>de</strong></span> <span class='ocrx_word' id='word_1_579' title='bbox 3342 3386 3582 3455; x_wconf 77' lang='lat' dir='ltr'><strong>paganis,</strong></span> 
     </span>
    </p>
   </div>
   <div class='ocr_carea' id='block_1_65' title="bbox 325 3469 3582 3553">
    <p class='ocr_par' dir='ltr' id='par_1_65' title="bbox 325 3469 3582 3553">
     <span class='ocr_line' id='line_1_65' title="bbox 325 3469 3582 3553; baseline 0.003 -31"><span class='ocrx_word' id='word_1_580' title='bbox 325 3469 532 3538; x_wconf 91' lang='lat' dir='ltr'><strong>pabiles</strong></span> <span class='ocrx_word' id='word_1_581' title='bbox 565 3485 767 3537; x_wconf 90' lang='lat' dir='ltr'><strong>sumus,</strong></span> <span class='ocrx_word' id='word_1_582' title='bbox 799 3474 842 3527; x_wconf 93' lang='lat' dir='ltr'><strong>si</strong></span> <span class='ocrx_word' id='word_1_583' title='bbox 867 3474 1036 3544; x_wconf 87' lang='lat' dir='ltr'><strong>legem</strong></span> <span class='ocrx_word' id='word_1_584' title='bbox 1064 3477 1260 3530; x_wconf 89' lang='lat' dir='ltr'><strong>bonam</strong></span> <span class='ocrx_word' id='word_1_585' title='bbox 1291 3477 1533 3544; x_wconf 90' lang='lat' dir='ltr'><strong>colimus,</strong></span> <span class='ocrx_word' id='word_1_586' title='bbox 1566 3487 1618 3535; x_wconf 87' lang='lat' dir='ltr'><strong>ct</strong></span> <span class='ocrx_word' id='word_1_587' title='bbox 1641 3483 1766 3535; x_wconf 89' lang='lat' dir='ltr'><strong>mali</strong></span> <span class='ocrx_word' id='word_1_588' title='bbox 1787 3484 1901 3538; x_wconf 90' lang='lat' dir='ltr'><strong>cul-</strong></span> <span class='ocrx_word' id='word_1_589' title='bbox 2006 3484 2130 3553; x_wconf 88' lang='lat' dir='ltr'><strong>quia</strong></span> <span class='ocrx_word' id='word_1_590' title='bbox 2159 3479 2307 3552; x_wconf 86' lang='lat' dir='ltr'><strong>prior</strong></span> <span class='ocrx_word' id='word_1_591' title='bbox 2336 3479 2548 3534; x_wconf 89' lang='lat' dir='ltr'><strong>illorum</strong></span> <span class='ocrx_word' id='word_1_592' title='bbox 2570 3493 2724 3532; x_wconf 85' lang='lat' dir='ltr'><strong>error</strong></span> <span class='ocrx_word' id='word_1_593' title='bbox 2750 3486 2849 3543; x_wconf 86' lang='lat' dir='ltr'><strong>est,</strong></span> <span class='ocrx_word' id='word_1_594' title='bbox 2873 3478 3020 3547; x_wconf 88' lang='lat' dir='ltr'><strong>prius</strong></span> <span class='ocrx_word' id='word_1_595' title='bbox 3040 3478 3234 3541; x_wconf 85' lang='lat' dir='ltr'><strong>dicam,</strong></span> <span class='ocrx_word' id='word_1_596' title='bbox 3257 3491 3387 3546; x_wconf 90' lang='lat' dir='ltr'><strong>gens</strong></span> <span class='ocrx_word' id='word_1_597' title='bbox 3415 3477 3582 3533; x_wconf 85' lang='lat' dir='ltr'><strong>Saxo-</strong></span> 
     </span>
    </p>
   </div>
   <div class='ocr_carea' id='block_1_66' title="bbox 327 3563 3578 3642">
    <p class='ocr_par' dir='ltr' id='par_1_66' title="bbox 327 3563 3578 3642">
     <span class='ocr_line' id='line_1_66' title="bbox 327 3563 3578 3642; baseline 0.003 -29"><span class='ocrx_word' id='word_1_598' title='bbox 327 3567 471 3616; x_wconf 89' lang='lat' dir='ltr'><strong>tores</strong></span> <span class='ocrx_word' id='word_1_599' title='bbox 500 3577 701 3617; x_wconf 89' lang='lat' dir='ltr'><strong>sumus.</strong></span> <span class='ocrx_word' id='word_1_600' title='bbox 734 3563 871 3631; x_wconf 88' lang='lat' dir='ltr'><strong>Quin</strong></span> <span class='ocrx_word' id='word_1_601' title='bbox 904 3565 1080 3635; x_wconf 88' lang='lat' dir='ltr'><strong>potius</strong></span> <span class='ocrx_word' id='word_1_602' title='bbox 1107 3582 1206 3623; x_wconf 91' lang='lat' dir='ltr'><strong>nec</strong></span> <span class='ocrx_word' id='word_1_603' title='bbox 1231 3567 1484 3638; x_wconf 90' lang='lat' dir='ltr'><strong>cultores,</strong></span> <span class='ocrx_word' id='word_1_604' title='bbox 1517 3571 1559 3625; x_wconf 90' lang='lat' dir='ltr'><strong>si</strong></span> <span class='ocrx_word' id='word_1_605' title='bbox 1589 3573 1714 3626; x_wconf 89' lang='lat' dir='ltr'><strong>mali</strong></span> <span class='ocrx_word' id='word_1_606' title='bbox 1742 3592 1752 3625; x_wconf 93' lang='lat'><strong>:</strong></span> <span class='ocrx_word' id='word_1_607' title='bbox 1777 3576 1899 3642; x_wconf 88' lang='lat' dir='ltr'><strong>quia</strong></span> <span class='ocrx_word' id='word_1_608' title='bbox 2006 3587 2134 3629; x_wconf 84' lang='lat' dir='ltr'><strong>num</strong></span> <span class='ocrx_word' id='word_1_609' title='bbox 2165 3571 2276 3626; x_wconf 88' lang='lat' dir='ltr'><strong>fera</strong></span> <span class='ocrx_word' id='word_1_610' title='bbox 2305 3578 2405 3635; x_wconf 89' lang='lat' dir='ltr'><strong>est,</strong></span> <span class='ocrx_word' id='word_1_611' title='bbox 2435 3566 2464 3608; x_wconf 71' lang='grc'><strong><em>⁸</em></strong></span> <span class='ocrx_word' id='word_1_612' title='bbox 2502 3568 2828 3625; x_wconf 54' lang='lat' dir='ltr'><strong>Francorum</strong></span> <span class='ocrx_word' id='word_1_613' title='bbox 2859 3566 3107 3632; x_wconf 75' lang='lat' dir='ltr'><strong>inﬁdelis,</strong></span> <span class='ocrx_word' id='word_1_614' title='bbox 3134 3566 3460 3639; x_wconf 83' lang='lat' dir='ltr'><strong>Gepidarum</strong></span> <span class='ocrx_word' id='word_1_615' title='bbox 3496 3570 3578 3624; x_wconf 89' lang='lat' dir='ltr'><strong>in-</strong></span> 
     </span>
    </p>
   </div>
   <div class='ocr_carea' id='block_1_67' title="bbox 1504 3677 2411 3744">
    <p class='ocr_par' dir='ltr' id='par_1_67' title="bbox 1504 3677 2411 3744">
     <span class='ocr_line' id='line_1_67' title="bbox 1504 3677 2411 3744; baseline -0.001 -9"><span class='ocrx_word' id='word_1_616' title='bbox 1504 3681 1841 3742; x_wconf 62' lang='lat' dir='ltr'><strong>STEPl-lANl</strong></span> <span class='ocrx_word' id='word_1_617' title='bbox 1877 3685 2147 3744; x_wconf 82' lang='lat' dir='ltr'><strong>BALUZII</strong></span> <span class='ocrx_word' id='word_1_618' title='bbox 2184 3677 2411 3737; x_wconf 68' lang='grc' dir='ltr'><strong>ΝΟΤᾸΞ.</strong></span> 
     </span>
    </p>
   </div>
   <div class='ocr_carea' id='block_1_68' title="bbox 321 3788 3578 3870">
    <p class='ocr_par' dir='ltr' id='par_1_68' title="bbox 321 3788 3578 3870">
     <span class='ocr_line' id='line_1_68' title="bbox 321 3788 3578 3870; baseline 0.002 -29"><span class='ocrx_word' id='word_1_619' title='bbox 321 3789 481 3842; x_wconf 88' lang='lat' dir='ltr'><strong>baros</strong></span> <span class='ocrx_word' id='word_1_620' title='bbox 509 3789 607 3870; x_wconf 39' lang='lat' dir='ltr'><strong>qui.</strong></span> <span class='ocrx_word' id='word_1_621' title='bbox 625 3788 914 3870; x_wconf 70' lang='lat' dir='ltr'><strong>Christiani</strong></span> <span class='ocrx_word' id='word_1_622' title='bbox 938 3799 1114 3870; x_wconf 78' lang='lat' dir='ltr'><strong>erant,</strong></span> <span class='ocrx_word' id='word_1_623' title='bbox 1146 3791 1242 3846; x_wconf 86' lang='lat' dir='ltr'><strong>sed</strong></span> <span class='ocrx_word' id='word_1_624' title='bbox 1271 3791 1526 3870; x_wconf 56' lang='lat' dir='ltr'><strong>hzeijetici,</strong></span> <span class='ocrx_word' id='word_1_625' title='bbox 1558 3795 1669 3870; x_wconf 68' lang='lat' dir='ltr'><strong>ait:</strong></span> <span class='ocrx_word' id='word_1_626' title='bbox 1707 3795 1896 3854; x_wconf 73' lang='lat' dir='ltr'><strong>Omnes</strong></span> <span class='ocrx_word' id='word_1_627' title='bbox 1999 3798 2238 3870; x_wconf 82' lang='lat' dir='ltr'><strong>severius</strong></span> <span class='ocrx_word' id='word_1_628' title='bbox 2278 3792 2734 3870; x_wconf 67' lang='lat' dir='ltr'><strong>vitze_ins_titutum</strong></span> <span class='ocrx_word' id='word_1_629' title='bbox 2774 3789 3177 3859; x_wconf 80' lang='lat' dir='ltr'><strong>proﬁtebantur,</strong></span> <span class='ocrx_word' id='word_1_630' title='bbox 3222 3804 3368 3870; x_wconf 38' lang='lat' dir='ltr'><strong>quos.</strong></span> <span class='ocrx_word' id='word_1_631' title='bbox 3399 3792 3578 3846; x_wconf 88' lang='lat' dir='ltr'><strong>statim</strong></span> 
     </span>
    </p>
   </div>
   <div class='ocr_carea' id='block_1_69' title="bbox 321 3857 3579 3938">
    <p class='ocr_par' dir='ltr' id='par_1_69' title="bbox 321 3857 3579 3938">
     <span class='ocr_line' id='line_1_69' title="bbox 321 3857 3579 3938; baseline 0 -25"><span class='ocrx_word' id='word_1_632' title='bbox 321 3867 489 3938; x_wconf 59' lang='lat' dir='ltr'><strong>autem</strong></span> <span class='ocrx_word' id='word_1_633' title='bbox 522 3859 608 3938; x_wconf 58' lang='grc' dir='ltr'><strong>ἕξεί</strong></span> <span class='ocrx_word' id='word_1_634' title='bbox 636 3859 897 3938; x_wconf 54' lang='grc' dir='ltr'><strong>ἀεῃὶρἱ</strong></span> <span class='ocrx_word' id='word_1_635' title='bbox 931 3861 1201 3938; x_wconf 73' lang='lat' dir='ltr'><strong>loquimur,</strong></span> <span class='ocrx_word' id='word_1_636' title='bbox 1240 3871 1328 3938; x_wconf 77' lang='lat' dir='ltr'><strong>aut</strong></span> <span class='ocrx_word' id='word_1_637' title='bbox 1362 3860 1587 3916; x_wconf 81' lang='lat' dir='ltr'><strong>Vandali</strong></span> <span class='ocrx_word' id='word_1_638' title='bbox 1615 3875 1764 3938; x_wconf 75' lang='lat' dir='ltr'><strong>sunt,</strong></span> <span class='ocrx_word' id='word_1_639' title='bbox 1811 3879 1899 3921; x_wconf 80' lang='lat' dir='ltr'><strong>aut</strong></span> <span class='ocrx_word' id='word_1_640' title='bbox 2002 3866 2226 3938; x_wconf 78' lang='lat' dir='ltr'><strong>opponit</strong></span> <span class='ocrx_word' id='word_1_641' title='bbox 2273 3861 2650 3938; x_wconf 66' lang='lat' dir='ltr'><strong>smcularibus,</strong></span> <span class='ocrx_word' id='word_1_642' title='bbox 2705 3857 2958 3938; x_wconf 65' lang='lat' dir='ltr'><strong>tanquam</strong></span> <span class='ocrx_word' id='word_1_643' title='bbox 3015 3872 3181 3938; x_wconf 62' lang='lat' dir='ltr'><strong>genus</strong></span> <span class='ocrx_word' id='word_1_644' title='bbox 3226 3857 3510 3938; x_wconf 67' lang='lat' dir='ltr'><strong>hominum</strong></span> <span class='ocrx_word' id='word_1_645' title='bbox 3550 3878 3579 3914; x_wconf 90' lang='lat' dir='ltr'><strong>a</strong></span> 
     </span>
    </p>
   </div>
   <div class='ocr_carea' id='block_1_70' title="bbox 323 3923 3581 4008">
    <p class='ocr_par' dir='ltr' id='par_1_70' title="bbox 323 3923 3581 4008">
     <span class='ocr_line' id='line_1_70' title="bbox 323 3923 3581 4008; baseline -0 -27"><span class='ocrx_word' id='word_1_646' title='bbox 323 3927 496 4008; x_wconf 55' lang='grc' dir='ltr'><strong>δοριξ.</strong></span> <span class='ocrx_word' id='word_1_647' title='bbox 543 3925 684 4008; x_wconf 71' lang='lat' dir='ltr'><strong>lVam</strong></span> <span class='ocrx_word' id='word_1_648' title='bbox 717 3923 1057 4008; x_wconf 44' lang='lat' dir='ltr'><strong>deﬂentur-lis</strong></span> <span class='ocrx_word' id='word_1_649' title='bbox 1079 3923 1364 3995; x_wconf 68' lang='lat' dir='ltr'><strong>licereticis,</strong></span> <span class='ocrx_word' id='word_1_650' title='bbox 1392 3948 1604 3994; x_wconf 79' lang='lat' dir='ltr'><strong>quorum</strong></span> <span class='ocrx_word' id='word_1_651' title='bbox 1631 3923 1900 3988; x_wconf 76' lang='lat' dir='ltr'><strong>innumera</strong></span> <span class='ocrx_word' id='word_1_652' title='bbox 2002 3923 2228 4008; x_wconf 68' lang='lat' dir='ltr'><strong>st&#39;u&#39;ltitia</strong></span> <span class='ocrx_word' id='word_1_653' title='bbox 2267 3931 2440 4008; x_wconf 70' lang='lat' dir='ltr'><strong>smculi</strong></span> <span class='ocrx_word' id='word_1_654' title='bbox 2474 3923 2771 4008; x_wconf 50' lang='lat' dir='ltr'><strong>remotian</strong></span> <span class='ocrx_word' id='word_1_655' title='bbox 2791 3923 2998 4008; x_wconf 38' lang='lat' dir='ltr'><strong>‘Eadern</strong></span> <span class='ocrx_word' id='word_1_656' title='bbox 3038 3926 3396 4008; x_wconf 40' lang='lat' dir='ltr'><strong>distinctione.</strong></span> <span class='ocrx_word' id='word_1_657' title='bbox 3417 3929 3581 4008; x_wconf 79' lang='lat' dir='ltr'><strong>utitur</strong></span> 
     </span>
    </p>
   </div>
   <div class='ocr_carea' id='block_1_71' title="bbox 2001 3993 3582 4075">
    <p class='ocr_par' dir='ltr' id='par_1_71' title="bbox 2001 3993 3582 4075">
     <span class='ocr_line' id='line_1_71' title="bbox 2001 3993 3582 4075; baseline -0.008 -19"><span class='ocrx_word' id='word_1_658' title='bbox 2001 4006 2166 4060; x_wconf 87' lang='lat' dir='ltr'><strong>etiam</strong></span> <span class='ocrx_word' id='word_1_659' title='bbox 2211 4001 2345 4075; x_wconf 81' lang='lat' dir='ltr'><strong>infra</strong></span> <span class='ocrx_word' id='word_1_660' title='bbox 2385 4012 2508 4066; x_wconf 87' lang='lat' dir='ltr'><strong>pag.</strong></span> <span class='ocrx_word' id='word_1_661' title='bbox 2556 3995 2693 4075; x_wconf 60' lang='lat' dir='ltr'><strong>itis:</strong></span> <span class='ocrx_word' id='word_1_662' title='bbox 2737 3997 2900 4075; x_wconf 70' lang='lat' dir='ltr'><strong>Atque</strong></span> <span class='ocrx_word' id='word_1_663' title='bbox 2937 3995 3033 4075; x_wconf 75' lang='lat' dir='ltr'><strong>hoc</strong></span> <span class='ocrx_word' id='word_1_664' title='bbox 3066 3993 3301 4074; x_wconf 53' lang='lat' dir='ltr'><strong>uidelicet</strong></span> <span class='ocrx_word' id='word_1_665' title='bbox 3323 3995 3444 4050; x_wconf 80' lang='lat' dir='ltr'><strong>laici</strong></span> <span class='ocrx_word' id='word_1_666' title='bbox 3457 4005 3582 4075; x_wconf 62' lang='lat' dir='ltr'><strong>tan.</strong></span> 
     </span>
    </p>
   </div>
   <div class='ocr_carea' id='block_1_72' title="bbox 1999 4063 3581 4136">
    <p class='ocr_par' dir='ltr' id='par_1_72' title="bbox 1999 4063 3581 4136">
     <span class='ocr_line' id='line_1_72' title="bbox 1999 4063 3581 4136; baseline -0.005 -8"><span class='ocrx_word' id='word_1_667' title='bbox 1999 4071 2265 4128; x_wconf 71' lang='lat' dir='ltr'><strong>tummodo</strong></span> <span class='ocrx_word' id='word_1_668' title='bbox 2288 4109 2301 4132; x_wconf 92' lang='lat'><strong>,</strong></span> <span class='ocrx_word' id='word_1_669' title='bbox 2353 4063 2480 4121; x_wconf 18' lang='lat' dir='ltr'><strong>noni</strong></span> <span class='ocrx_word' id='word_1_670' title='bbox 2503 4065 2710 4136; x_wconf 79' lang='lat' dir='ltr'><strong>quidam</strong></span> <span class='ocrx_word' id='word_1_671' title='bbox 2756 4063 2911 4136; x_wconf 80' lang='lat' dir='ltr'><strong>etiam</strong></span> <span class='ocrx_word' id='word_1_672' title='bbox 2954 4063 3278 4136; x_wconf 51' lang='lat' dir='ltr'><strong>clericorurn,</strong></span> <span class='ocrx_word' id='word_1_673' title='bbox 3311 4067 3581 4136; x_wconf 64' lang='lat' dir='ltr'><strong>mutares</strong></span> 
     </span>
    </p>
   </div>
   <div class='ocr_carea' id='block_1_73' title="bbox 2013 4132 3577 4204">
    <p class='ocr_par' dir='ltr' id='par_1_73' title="bbox 2013 4132 3577 4204">
     <span class='ocr_line' id='line_1_73' title="bbox 2013 4132 3577 4204; baseline -0.008 -7"><span class='ocrx_word' id='word_1_674' title='bbox 2013 4139 2382 4201; x_wconf 81' lang='lat' dir='ltr'><strong>tantummodo,</strong></span> <span class='ocrx_word' id='word_1_675' title='bbox 2413 4132 2524 4189; x_wconf 55' lang='lat' dir='ltr'><strong>non&#39;</strong></span> <span class='ocrx_word' id='word_1_676' title='bbox 2547 4134 2691 4189; x_wconf 83' lang='lat' dir='ltr'><strong>multi</strong></span> <span class='ocrx_word' id='word_1_677' title='bbox 2719 4135 2871 4188; x_wconf 81' lang='lat' dir='ltr'><strong>etiam</strong></span> <span class='ocrx_word' id='word_1_678' title='bbox 2901 4134 3144 4204; x_wconf 74' lang='lat' dir='ltr'><strong>religiosi.</strong></span> <span class='ocrx_word' id='word_1_679' title='bbox 3189 4132 3254 4187; x_wconf 89' lang='lat' dir='ltr'><strong>Et</strong></span> <span class='ocrx_word' id='word_1_680' title='bbox 3282 4151 3403 4204; x_wconf 86' lang='lat' dir='ltr'><strong>pag.</strong></span> <span class='ocrx_word' id='word_1_681' title='bbox 3434 4135 3538 4190; x_wconf 68' lang='grc'><strong>268</strong></span> <span class='ocrx_word' id='word_1_682' title='bbox 3565 4157 3577 4190; x_wconf 74' lang='grc' dir='ltr'><strong>ε</strong></span> 
     </span>
    </p>
   </div>
   <div class='ocr_carea' id='block_1_74' title="bbox 2011 4205 3578 4283">
    <p class='ocr_par' dir='ltr' id='par_1_74' title="bbox 2011 4205 3578 4283">
     <span class='ocr_line' id='line_1_74' title="bbox 2011 4205 3578 4283; baseline -0.005 -16"><span class='ocrx_word' id='word_1_683' title='bbox 2011 4207 2164 4266; x_wconf 80' lang='lat' dir='ltr'><strong>Nova</strong></span> <span class='ocrx_word' id='word_1_684' title='bbox 2186 4212 2368 4283; x_wconf 76' lang='lat' dir='ltr'><strong>quippe</strong></span> <span class='ocrx_word' id='word_1_685' title='bbox 2398 4207 2620 4283; x_wconf 77' lang='lat' dir='ltr'><strong>amentia</strong></span> <span class='ocrx_word' id='word_1_686' title='bbox 2651 4214 2753 4258; x_wconf 84' lang='lat' dir='ltr'><strong>tam</strong></span> <span class='ocrx_word' id='word_1_687' title='bbox 2770 4206 3052 4283; x_wconf 48' lang='lat' dir='ltr'><strong>swatlarea</strong></span> <span class='ocrx_word' id='word_1_688' title='bbox 3081 4219 3230 4283; x_wconf 74' lang='lat' dir='ltr'><strong>quam</strong></span> <span class='ocrx_word' id='word_1_689' title='bbox 3255 4205 3408 4283; x_wconf 60' lang='lat' dir='ltr'><strong>etiam</strong></span> <span class='ocrx_word' id='word_1_690' title='bbox 3428 4221 3578 4277; x_wconf 73' lang='lat' dir='ltr'><strong>quor-</strong></span> 
     </span>
    </p>
   </div>
   <div class='ocr_carea' id='block_1_75' title="bbox 2006 4275 3573 4350">
    <p class='ocr_par' dir='ltr' id='par_1_75' title="bbox 2006 4275 3573 4350">
     <span class='ocr_line' id='line_1_75' title="bbox 2006 4275 3573 4350; baseline -0.003 -14"><span class='ocrx_word' id='word_1_691' title='bbox 2006 4284 2128 4336; x_wconf 81' lang='lat' dir='ltr'><strong>dam</strong></span> <span class='ocrx_word' id='word_1_692' title='bbox 2174 4275 2434 4350; x_wconf 69' lang='lat' dir='ltr'><strong>religionis</strong></span> <span class='ocrx_word' id='word_1_693' title='bbox 2461 4279 2733 4350; x_wconf 70' lang='lat' dir='ltr'><strong>professos</strong></span> <span class='ocrx_word' id='word_1_694' title='bbox 2761 4275 2968 4350; x_wconf 71' lang='lat' dir='ltr'><strong>incessit</strong></span> <span class='ocrx_word' id='word_1_695' title='bbox 3000 4275 3246 4350; x_wconf 64' lang='lat' dir='ltr'><strong>homines.</strong></span> <span class='ocrx_word' id='word_1_696' title='bbox 3294 4275 3422 4350; x_wconf 77' lang='lat' dir='ltr'><strong>Item</strong></span> <span class='ocrx_word' id='word_1_697' title='bbox 3441 4275 3573 4346; x_wconf 79' lang='lat' dir='ltr'><strong>pag.</strong></span> 
     </span>
    </p>
   </div>
   <div class='ocr_carea' id='block_1_76' title="bbox 2003 4344 3654 4418">
    <p class='ocr_par' dir='ltr' id='par_1_76' title="bbox 2003 4344 3654 4418">
     <span class='ocr_line' id='line_1_76' title="bbox 2003 4344 3654 4418; baseline -0.028 -12"><span class='ocrx_word' id='word_1_698' title='bbox 2003 4352 2144 4406; x_wconf 70' lang='lat'><strong>282:</strong></span> <span class='ocrx_word' id='word_1_699' title='bbox 2180 4344 2321 4405; x_wconf 58' lang='lat' dir='ltr'><strong>Illud</strong></span> <span class='ocrx_word' id='word_1_700' title='bbox 2355 4344 2532 4401; x_wconf 78' lang='lat' dir='ltr'><strong>durius</strong></span> <span class='ocrx_word' id='word_1_701' title='bbox 2573 4344 2722 4418; x_wconf 76' lang='lat' dir='ltr'><strong>atque</strong></span> <span class='ocrx_word' id='word_1_702' title='bbox 2764 4344 3058 4418; x_wconf 60' lang='lat' dir='ltr'><strong>molestius,</strong></span> <span class='ocrx_word' id='word_1_703' title='bbox 3087 4345 3221 4418; x_wconf 55' lang='lat' dir='ltr'><strong>quod</strong></span> <span class='ocrx_word' id='word_1_704' title='bbox 3246 4344 3494 4418; x_wconf 45' lang='lat' dir='ltr'><strong>quam,</strong></span> <span class='ocrx_word' id='word_1_705' title='bbox 3649 4355 3654 4360; x_wconf 87' lang='lat'><strong>.</strong></span> 
     </span>
    </p>
   </div>
   <div class='ocr_carea' id='block_1_77' title="bbox 2003 4412 3570 4490">
    <p class='ocr_par' dir='ltr' id='par_1_77' title="bbox 2003 4412 3570 4490">
     <span class='ocr_line' id='line_1_77' title="bbox 2003 4412 3570 4490; baseline -0.004 -13"><span class='ocrx_word' id='word_1_706' title='bbox 2003 4424 2243 4484; x_wconf 84' lang='lat' dir='ltr'><strong>arbitror,</strong></span> <span class='ocrx_word' id='word_1_707' title='bbox 2276 4421 2501 4490; x_wconf 78' lang='lat' dir='ltr'><strong>ﬁliarum</strong></span> <span class='ocrx_word' id='word_1_708' title='bbox 2549 4412 2768 4490; x_wconf 52' lang='lat' dir='ltr'><strong>tuorum</strong></span> <span class='ocrx_word' id='word_1_709' title='bbox 2794 4412 2884 4467; x_wconf 83' lang='lat' dir='ltr'><strong>sub</strong></span> <span class='ocrx_word' id='word_1_710' title='bbox 2914 4412 3177 4490; x_wconf 76' lang='lat' dir='ltr'><strong>religionis</strong></span> <span class='ocrx_word' id='word_1_711' title='bbox 3202 4412 3367 4490; x_wconf 75' lang='lat' dir='ltr'><strong>_tilulo</strong></span> <span class='ocrx_word' id='word_1_712' title='bbox 3396 4434 3426 4490; x_wconf 64' lang='grc' dir='ltr'><strong>ςς</strong></span> <span class='ocrx_word' id='word_1_713' title='bbox 3457 4417 3570 4471; x_wconf 84' lang='lat' dir='ltr'><strong>reli-</strong></span> 
     </span>
    </p>
   </div>
   <div class='ocr_carea' id='block_1_78' title="bbox 2001 4485 3576 4565">
    <p class='ocr_par' dir='ltr' id='par_1_78' title="bbox 2001 4485 3576 4565">
     <span class='ocr_line' id='line_1_78' title="bbox 2001 4485 3576 4565; baseline -0.004 -19"><span class='ocrx_word' id='word_1_714' title='bbox 2001 4495 2153 4565; x_wconf 84' lang='lat' dir='ltr'><strong>gione</strong></span> <span class='ocrx_word' id='word_1_715' title='bbox 2182 4485 2517 4565; x_wconf 64' lang='lat' dir='ltr'><strong>dissentiunt,</strong></span> <span class='ocrx_word' id='word_1_716' title='bbox 2565 4495 2613 4539; x_wconf 83' lang='lat' dir='ltr'><strong>et</strong></span> <span class='ocrx_word' id='word_1_717' title='bbox 2651 4487 2823 4565; x_wconf 73' lang='lat' dir='ltr'><strong>habitu</strong></span> <span class='ocrx_word' id='word_1_718' title='bbox 2862 4485 3028 4565; x_wconf 67' lang='lat' dir='ltr'><strong>magis</strong></span> <span class='ocrx_word' id='word_1_719' title='bbox 3052 4485 3298 4565; x_wconf 49' lang='lat' dir='ltr'><strong>piaculum</strong></span> <span class='ocrx_word' id='word_1_720' title='bbox 3334 4487 3576 4565; x_wconf 70' lang='lat' dir='ltr'><strong>reliquere</strong></span> 
     </span>
    </p>
   </div>
   <div class='ocr_carea' id='block_1_79' title="bbox 1996 4554 3574 4626">
    <p class='ocr_par' dir='ltr' id='par_1_79' title="bbox 1996 4554 3574 4626">
     <span class='ocr_line' id='line_1_79' title="bbox 1996 4554 3574 4626; baseline -0.003 -13"><span class='ocrx_word' id='word_1_721' title='bbox 1996 4554 2156 4626; x_wconf 50' lang='lat' dir='ltr'><strong>Euam</strong></span> <span class='ocrx_word' id='word_1_722' title='bbox 2195 4577 2365 4615; x_wconf 62' lang='lat' dir='ltr'><strong>unus.</strong></span> <span class='ocrx_word' id='word_1_723' title='bbox 2408 4558 2763 4626; x_wconf 74' lang='lat' dir='ltr'><strong>Hieronymus</strong></span> <span class='ocrx_word' id='word_1_724' title='bbox 2793 4555 2844 4626; x_wconf 88' lang='lat' dir='ltr'><strong>in</strong></span> <span class='ocrx_word' id='word_1_725' title='bbox 2873 4554 3097 4622; x_wconf 72' lang='lat' dir='ltr'><strong>cpistola</strong></span> <span class='ocrx_word' id='word_1_726' title='bbox 3127 4555 3192 4607; x_wconf 83' lang='lat' dir='ltr'><strong>ad</strong></span> <span class='ocrx_word' id='word_1_727' title='bbox 3221 4554 3574 4626; x_wconf 66' lang='lat' dir='ltr'><strong>Nepotianum</strong></span> 
     </span>
    </p>
   </div>
   <div class='ocr_carea' id='block_1_80' title="bbox 2000 4577 3573 4687">
    <p class='ocr_par' dir='ltr' id='par_1_80' title="bbox 2000 4577 3573 4687">
     <span class='ocr_line' id='line_1_80' title="bbox 2071 4577 3573 4626; baseline -0.003 -12"><span class='ocrx_word' id='word_1_728' title='bbox 2071 4577 2156 4616; x_wconf 84' lang='lat' dir='ltr'><strong>am</strong></span> <span class='ocrx_word' id='word_1_729' title='bbox 2195 4577 2365 4615; x_wconf 71' lang='lat' dir='ltr'><strong>wnsu.</strong></span> <span class='ocrx_word' id='word_1_730' title='bbox 2409 4577 2763 4626; x_wconf 75' lang='lat' dir='ltr'><strong>merouymus</strong></span> <span class='ocrx_word' id='word_1_731' title='bbox 2793 4577 2844 4606; x_wconf 78' lang='lat' dir='ltr'><strong>In</strong></span> <span class='ocrx_word' id='word_1_732' title='bbox 2873 4577 3097 4622; x_wconf 74' lang='lat' dir='ltr'><strong>episwxa</strong></span> <span class='ocrx_word' id='word_1_733' title='bbox 3127 4577 3192 4607; x_wconf 79' lang='lat' dir='ltr'><strong>au</strong></span> <span class='ocrx_word' id='word_1_734' title='bbox 3221 4577 3573 4623; x_wconf 77' lang='lat' dir='ltr'><strong>nepouanum</strong></span> 
     </span>
     <span class='ocr_line' id='line_1_81' title="bbox 2000 4577 3573 4687; baseline -0.005 0"><span class='ocrx_word' id='word_1_735' title='bbox 2000 4577 2066 4687; x_wconf 55' lang='grc' dir='ltr'><strong>ἕξ</strong></span> <span class='ocrx_word' id='word_1_736' title='bbox 2095 4631 2215 4687; x_wconf 85' lang='lat' dir='ltr'><strong>Vita</strong></span> <span class='ocrx_word' id='word_1_737' title='bbox 2244 4631 2558 4686; x_wconf 86' lang='lat' dir='ltr'><strong>clericorum</strong></span> <span class='ocrx_word' id='word_1_738' title='bbox 2586 4646 2596 4679; x_wconf 93' lang='lat'><strong>:</strong></span> <span class='ocrx_word' id='word_1_739' title='bbox 2631 4624 2884 4679; x_wconf 79' lang='lat' dir='ltr'><strong>Nonnulli</strong></span> <span class='ocrx_word' id='word_1_740' title='bbox 2913 4626 3047 4677; x_wconf 85' lang='lat' dir='ltr'><strong>enim</strong></span> <span class='ocrx_word' id='word_1_741' title='bbox 3076 4634 3195 4678; x_wconf 78' lang='lat' dir='ltr'><strong>sunt</strong></span> <span class='ocrx_word' id='word_1_742' title='bbox 3225 4624 3431 4678; x_wconf 75' lang='lat' dir='ltr'><strong>ditiores</strong></span> <span class='ocrx_word' id='word_1_743' title='bbox 3461 4642 3573 4680; x_wconf 91' lang='lat' dir='ltr'><strong>mo-</strong></span> 
     </span>
    </p>
   </div>
   <div class='ocr_carea' id='block_1_81' title="bbox 315 3998 1134 4061">
    <p class='ocr_par' dir='ltr' id='par_1_81' title="bbox 315 3998 1134 4061">
     <span class='ocr_line' id='line_1_82' title="bbox 315 3998 1134 4061; baseline 0.002 -13"><span class='ocrx_word' id='word_1_744' title='bbox 315 3998 594 4050; x_wconf 78' lang='lat' dir='ltr'><strong>multitudo</strong></span> <span class='ocrx_word' id='word_1_745' title='bbox 621 4007 716 4061; x_wconf 82' lang='lat' dir='ltr'><strong>est,</strong></span> <span class='ocrx_word' id='word_1_746' title='bbox 744 3999 871 4052; x_wconf 84' lang='lat' dir='ltr'><strong>nihil</strong></span> <span class='ocrx_word' id='word_1_747' title='bbox 902 3999 1134 4051; x_wconf 75' lang='lat' dir='ltr'><strong>dicimus.</strong></span> 
     </span>
    </p>
   </div>
   <div class='ocr_carea' id='block_1_82' title="bbox 398 4065 1902 4141">
    <p class='ocr_par' dir='ltr' id='par_1_82' title="bbox 398 4065 1902 4141">
     <span class='ocr_line' id='line_1_83' title="bbox 398 4065 1902 4141; baseline 0.003 -23"><span class='ocrx_word' id='word_1_748' title='bbox 398 4075 426 4103; x_wconf 77' lang='grc' dir='ltr'>ι</span> <span class='ocrx_word' id='word_1_749' title='bbox 453 4065 511 4119; x_wconf 83' lang='lat' dir='ltr'><strong>Id</strong></span> <span class='ocrx_word' id='word_1_750' title='bbox 537 4073 644 4141; x_wconf 77' lang='lat' dir='ltr'><strong>est,</strong></span> <span class='ocrx_word' id='word_1_751' title='bbox 688 4082 872 4141; x_wconf 79' lang='lat' dir='ltr'><strong>earum</strong></span> <span class='ocrx_word' id='word_1_752' title='bbox 899 4068 1294 4141; x_wconf 76' lang='lat' dir='ltr'><strong>_gentit_im__qu:n</strong></span> <span class='ocrx_word' id='word_1_753' title='bbox 1321 4067 1565 4141; x_wconf 71' lang='lat' dir='ltr'><strong>Romano</strong></span> <span class='ocrx_word' id='word_1_754' title='bbox 1593 4077 1706 4141; x_wconf 73' lang='lat' dir='ltr'><strong>tum</strong></span> <span class='ocrx_word' id='word_1_755' title='bbox 1733 4071 1902 4141; x_wconf 62' lang='lat' dir='ltr'><strong>inme-</strong></span> 
     </span>
    </p>
   </div>
   <div class='ocr_carea' id='block_1_83' title="bbox 315 4135 1896 4209">
    <p class='ocr_par' dir='ltr' id='par_1_83' title="bbox 315 4135 1896 4209">
     <span class='ocr_line' id='line_1_84' title="bbox 315 4135 1896 4209; baseline 0.007 -24"><span class='ocrx_word' id='word_1_756' title='bbox 315 4135 405 4209; x_wconf 57' lang='grc' dir='ltr'><strong>ζῇς)</strong></span> <span class='ocrx_word' id='word_1_757' title='bbox 433 4135 724 4209; x_wconf 79' lang='lat' dir='ltr'><strong>parebam,</strong></span> <span class='ocrx_word' id='word_1_758' title='bbox 752 4137 868 4209; x_wconf 79' lang='lat' dir='ltr'><strong>sive</strong></span> <span class='ocrx_word' id='word_1_759' title='bbox 897 4137 1036 4190; x_wconf 90' lang='lat' dir='ltr'><strong>intra</strong></span> <span class='ocrx_word' id='word_1_760' title='bbox 1062 4135 1268 4191; x_wconf 83' lang='lat' dir='ltr'><strong>Italiam</strong></span> <span class='ocrx_word' id='word_1_761' title='bbox 1286 4175 1302 4202; x_wconf 88' lang='lat'><strong>,</strong></span> <span class='ocrx_word' id='word_1_762' title='bbox 1348 4138 1466 4209; x_wconf 70' lang='lat' dir='ltr'><strong>sive</strong></span> <span class='ocrx_word' id='word_1_763' title='bbox 1488 4138 1624 4193; x_wconf 90' lang='lat' dir='ltr'><strong>intra</strong></span> <span class='ocrx_word' id='word_1_764' title='bbox 1654 4135 1896 4209; x_wconf 74' lang='lat' dir='ltr'><strong>Galliam,</strong></span> 
     </span>
    </p>
   </div>
   <div class='ocr_carea' id='block_1_84' title="bbox 320 4205 1899 4276">
    <p class='ocr_par' dir='ltr' id='par_1_84' title="bbox 320 4205 1899 4276">
     <span class='ocr_line' id='line_1_85' title="bbox 320 4205 1899 4276; baseline 0.005 -18"><span class='ocrx_word' id='word_1_765' title='bbox 320 4205 607 4276; x_wconf 87' lang='lat' dir='ltr'><strong>Hispanias</strong></span> <span class='ocrx_word' id='word_1_766' title='bbox 629 4247 643 4270; x_wconf 87' lang='lat'><strong>,</strong></span> <span class='ocrx_word' id='word_1_767' title='bbox 692 4206 925 4276; x_wconf 76' lang='lat' dir='ltr'><strong>Africam</strong></span> <span class='ocrx_word' id='word_1_768' title='bbox 947 4247 961 4270; x_wconf 91' lang='lat'><strong>,</strong></span> <span class='ocrx_word' id='word_1_769' title='bbox 989 4215 1122 4276; x_wconf 87' lang='lat' dir='ltr'><strong>-aut</strong></span> <span class='ocrx_word' id='word_1_770' title='bbox 1149 4215 1370 4261; x_wconf 70' lang='lat' dir='ltr'><strong>caeteras</strong></span> <span class='ocrx_word' id='word_1_771' title='bbox 1436 4206 1661 4263; x_wconf 83' lang='lat' dir='ltr'><strong>Romani</strong></span> <span class='ocrx_word' id='word_1_772' title='bbox 1693 4205 1899 4276; x_wconf 88' lang='lat' dir='ltr'><strong>imperii</strong></span> 
     </span>
    </p>
   </div>
   <div class='ocr_carea' id='block_1_85' title="bbox 318 4275 1896 4350">
    <p class='ocr_par' dir='ltr' id='par_1_85' title="bbox 318 4275 1896 4350">
     <span class='ocr_line' id='line_1_86' title="bbox 318 4275 1896 4350; baseline 0.005 -22"><span class='ocrx_word' id='word_1_773' title='bbox 318 4275 646 4350; x_wconf 64' lang='lat' dir='ltr'><strong>provincias.</strong></span> <span class='ocrx_word' id='word_1_774' title='bbox 694 4275 876 4344; x_wconf 87' lang='lat' dir='ltr'><strong>Neque</strong></span> <span class='ocrx_word' id='word_1_775' title='bbox 917 4275 1057 4330; x_wconf 92' lang='lat' dir='ltr'><strong>enim</strong></span> <span class='ocrx_word' id='word_1_776' title='bbox 1110 4275 1565 4350; x_wconf 56' lang='lat' dir='ltr'><strong>Romanipopuli</strong></span> <span class='ocrx_word' id='word_1_777' title='bbox 1607 4275 1896 4350; x_wconf 83' lang='lat' dir='ltr'><strong>appellatio</strong></span> 
     </span>
    </p>
   </div>
   <div class='ocr_carea' id='block_1_86' title="bbox 316 4344 1896 4419">
    <p class='ocr_par' dir='ltr' id='par_1_86' title="bbox 316 4344 1896 4419">
     <span class='ocr_line' id='line_1_87' title="bbox 316 4344 1896 4419; baseline 0.005 -21"><span class='ocrx_word' id='word_1_778' title='bbox 316 4344 458 4415; x_wconf 87' lang='lat' dir='ltr'><strong>apud</strong></span> <span class='ocrx_word' id='word_1_779' title='bbox 491 4344 812 4419; x_wconf 84' lang='lat' dir='ltr'><strong>_Salvianum</strong></span> <span class='ocrx_word' id='word_1_780' title='bbox 862 4346 1159 4400; x_wconf 87' lang='lat' dir='ltr'><strong>coercenda</strong></span> <span class='ocrx_word' id='word_1_781' title='bbox 1195 4354 1278 4419; x_wconf 86' lang='lat' dir='ltr'><strong>est</strong></span> <span class='ocrx_word' id='word_1_782' title='bbox 1315 4344 1592 4403; x_wconf 58' lang='lat' dir='ltr'><strong>ad&#39;urbem</strong></span> <span class='ocrx_word' id='word_1_783' title='bbox 1621 4344 1781 4419; x_wconf 77' lang='lat' dir='ltr'><strong>quam</strong></span> <span class='ocrx_word' id='word_1_784' title='bbox 1811 4352 1896 4406; x_wconf 89' lang='lat' dir='ltr'><strong>di-</strong></span> 
     </span>
    </p>
   </div>
   <div class='ocr_carea' id='block_1_87' title="bbox 315 4414 1894 4489">
    <p class='ocr_par' dir='ltr' id='par_1_87' title="bbox 315 4414 1894 4489">
     <span class='ocr_line' id='line_1_88' title="bbox 315 4414 1894 4489; baseline 0.002 -17"><span class='ocrx_word' id='word_1_785' title='bbox 315 4414 445 4472; x_wconf 71' lang='lat' dir='ltr'><strong>cunt</strong></span> <span class='ocrx_word' id='word_1_786' title='bbox 489 4414 754 4489; x_wconf 82' lang='lat' dir='ltr'><strong>Romam,</strong></span> <span class='ocrx_word' id='word_1_787' title='bbox 797 4423 1079 4489; x_wconf 75' lang='lat' dir='ltr'><strong>postquam</strong></span> <span class='ocrx_word' id='word_1_788' title='bbox 1124 4417 1404 4489; x_wconf 78' lang='lat' dir='ltr'><strong>universus</strong></span> <span class='ocrx_word' id='word_1_789' title='bbox 1447 4419 1593 4474; x_wconf 92' lang='lat' dir='ltr'><strong>orbis</strong></span> <span class='ocrx_word' id='word_1_790' title='bbox 1623 4414 1744 4489; x_wconf 74' lang='lat' dir='ltr'><strong>jure</strong></span> <span class='ocrx_word' id='word_1_791' title='bbox 1783 4420 1894 4477; x_wconf 83' lang='lat' dir='ltr'><strong>Ro-</strong></span> 
     </span>
    </p>
   </div>
   <div class='ocr_carea' id='block_1_88' title="bbox 317 4485 1895 4560">
    <p class='ocr_par' dir='ltr' id='par_1_88' title="bbox 317 4485 1895 4560">
     <span class='ocr_line' id='line_1_89' title="bbox 317 4485 1895 4560; baseline 0.004 -20"><span class='ocrx_word' id='word_1_792' title='bbox 317 4498 487 4560; x_wconf 53' lang='lat' dir='ltr'><strong>manae</strong></span> <span class='ocrx_word' id='word_1_793' title='bbox 525 4486 756 4542; x_wconf 88' lang='lat' dir='ltr'><strong>civitatis</strong></span> <span class='ocrx_word' id='word_1_794' title='bbox 800 4485 1174 4560; x_wconf 24' lang='lat' dir='ltr'><strong>donatusAest.</strong></span> <span class='ocrx_word' id='word_1_795' title='bbox 1237 4487 1368 4560; x_wconf 90' lang='lat' dir='ltr'><strong>Tum</strong></span> <span class='ocrx_word' id='word_1_796' title='bbox 1411 4489 1550 4542; x_wconf 85' lang='lat' dir='ltr'><strong>enim</strong></span> <span class='ocrx_word' id='word_1_797' title='bbox 1583 4485 1663 4560; x_wconf 78' lang='lat' dir='ltr'><strong>(ut</strong></span> <span class='ocrx_word' id='word_1_798' title='bbox 1695 4490 1895 4547; x_wconf 90' lang='lat' dir='ltr'><strong>Plinius</strong></span> 
     </span>
    </p>
   </div>
   <div class='ocr_carea' id='block_1_89' title="bbox 315 4553 1893 4630">
    <p class='ocr_par' dir='ltr' id='par_1_89' title="bbox 315 4553 1893 4630">
     <span class='ocr_line' id='line_1_90' title="bbox 315 4553 1893 4630; baseline 0.004 -21"><span class='ocrx_word' id='word_1_799' title='bbox 315 4557 390 4630; x_wconf 79' lang='lat' dir='ltr'><strong>ait</strong></span> <span class='ocrx_word' id='word_1_800' title='bbox 417 4554 509 4610; x_wconf 91' lang='lat' dir='ltr'><strong>lib.</strong></span> <span class='ocrx_word' id='word_1_801' title='bbox 543 4571 617 4630; x_wconf 74' lang='lat' dir='ltr'><strong>nr,</strong></span> <span class='ocrx_word' id='word_1_802' title='bbox 649 4572 769 4630; x_wconf 78' lang='lat' dir='ltr'><strong>cap.</strong></span> <span class='ocrx_word' id='word_1_803' title='bbox 803 4553 868 4626; x_wconf 82' lang='grc'>5)</span> <span class='ocrx_word' id='word_1_804' title='bbox 910 4557 1097 4630; x_wconf 63' lang='lat' dir='ltr'><strong>unain</strong></span> <span class='ocrx_word' id='word_1_805' title='bbox 1126 4564 1243 4611; x_wconf 88' lang='lat' dir='ltr'><strong>toto</strong></span> <span class='ocrx_word' id='word_1_806' title='bbox 1271 4559 1399 4630; x_wconf 83' lang='lat' dir='ltr'><strong>orbe</strong></span> <span class='ocrx_word' id='word_1_807' title='bbox 1428 4553 1737 4630; x_wconf 81' lang='lat' dir='ltr'><strong>cunctarum</strong></span> <span class='ocrx_word' id='word_1_808' title='bbox 1765 4575 1893 4630; x_wconf 87' lang='lat' dir='ltr'><strong>gen-</strong></span> 
     </span>
    </p>
   </div>
   <div class='ocr_carea' id='block_1_90' title="bbox 317 4625 1892 4697">
    <p class='ocr_par' dir='ltr' id='par_1_90' title="bbox 317 4625 1892 4697">
     <span class='ocr_line' id='line_1_91' title="bbox 317 4625 1892 4697; baseline 0.006 -19"><span class='ocrx_word' id='word_1_809' title='bbox 317 4627 446 4681; x_wconf 90' lang='lat' dir='ltr'><strong>tium</strong></span> <span class='ocrx_word' id='word_1_810' title='bbox 477 4627 647 4695; x_wconf 88' lang='lat' dir='ltr'><strong>patria</strong></span> <span class='ocrx_word' id='word_1_811' title='bbox 677 4625 816 4683; x_wconf 84' lang='lat' dir='ltr'><strong>facta</strong></span> <span class='ocrx_word' id='word_1_812' title='bbox 845 4625 944 4680; x_wconf 87' lang='lat' dir='ltr'><strong>est.</strong></span> <span class='ocrx_word' id='word_1_813' title='bbox 986 4625 1274 4696; x_wconf 86' lang='lat' dir='ltr'><strong>Eleganter</strong></span> <span class='ocrx_word' id='word_1_814' title='bbox 1301 4629 1480 4697; x_wconf 91' lang='lat' dir='ltr'><strong>itaque</strong></span> <span class='ocrx_word' id='word_1_815' title='bbox 1514 4629 1744 4687; x_wconf 79' lang='lat' dir='ltr'><strong>Rutilius</strong></span> <span class='ocrx_word' id='word_1_816' title='bbox 1769 4625 1892 4687; x_wconf 59' lang='grc' dir='ltr'><strong>’Νυι</strong></span> 
     </span>
    </p>
   </div>
   <div class='ocr_carea' id='block_1_91' title="bbox 317 4697 612 4752">
    <p class='ocr_par' dir='ltr' id='par_1_91' title="bbox 317 4697 612 4752">
     <span class='ocr_line' id='line_1_92' title="bbox 317 4697 612 4752; baseline -0.007 -2"><span class='ocrx_word' id='word_1_817' title='bbox 317 4697 581 4752; x_wconf 78' lang='lat' dir='ltr'><strong>matiands</strong></span> <span class='ocrx_word' id='word_1_818' title='bbox 601 4715 612 4748; x_wconf 91' lang='lat'>:</span> 
     </span>
    </p>
   </div>
   <div class='ocr_carea' id='block_1_92' title="bbox 436 4787 1492 4852">
    <p class='ocr_par' dir='ltr' id='par_1_92' title="bbox 436 4787 1492 4852">
     <span class='ocr_line' id='line_1_93' title="bbox 436 4787 1492 4852; baseline 0.001 -14"><span class='ocrx_word' id='word_1_819' title='bbox 436 4787 622 4852; x_wconf 71' lang='lat' dir='ltr'><strong>Fecisti</strong></span> <span class='ocrx_word' id='word_1_820' title='bbox 637 4789 839 4852; x_wconf 82' lang='lat' dir='ltr'><strong>patriam</strong></span> <span class='ocrx_word' id='word_1_821' title='bbox 856 4788 1061 4852; x_wconf 81' lang='lat' dir='ltr'><strong>diversis</strong></span> <span class='ocrx_word' id='word_1_822' title='bbox 1077 4790 1305 4852; x_wconf 89' lang='lat' dir='ltr'><strong>gentibus</strong></span> <span class='ocrx_word' id='word_1_823' title='bbox 1321 4803 1492 4840; x_wconf 84' lang='lat' dir='ltr'><strong>unam:</strong></span> 
     </span>
    </p>
   </div>
   <div class='ocr_carea' id='block_1_93' title="bbox 499 4848 1428 4915">
    <p class='ocr_par' dir='ltr' id='par_1_93' title="bbox 499 4848 1428 4915">
     <span class='ocr_line' id='line_1_94' title="bbox 499 4848 1428 4915; baseline 0.002 -17"><span class='ocrx_word' id='word_1_824' title='bbox 499 4848 687 4901; x_wconf 82' lang='lat' dir='ltr'><strong>Profuit</strong></span> <span class='ocrx_word' id='word_1_825' title='bbox 721 4851 907 4901; x_wconf 84' lang='lat' dir='ltr'><strong>invictis</strong></span> <span class='ocrx_word' id='word_1_826' title='bbox 929 4858 981 4900; x_wconf 89' lang='lat' dir='ltr'><strong>te</strong></span> <span class='ocrx_word' id='word_1_827' title='bbox 1001 4848 1280 4901; x_wconf 77' lang='lat' dir='ltr'><strong>dominante</strong></span> <span class='ocrx_word' id='word_1_828' title='bbox 1306 4853 1428 4915; x_wconf 86' lang='lat' dir='ltr'><strong>capi.</strong></span> 
     </span>
    </p>
   </div>
   <div class='ocr_carea' id='block_1_94' title="bbox 384 4974 1893 5047">
    <p class='ocr_par' dir='ltr' id='par_1_94' title="bbox 384 4974 1893 5047">
     <span class='ocr_line' id='line_1_95' title="bbox 384 4974 1893 5047; baseline 0.003 -16"><span class='ocrx_word' id='word_1_829' title='bbox 384 4975 566 5047; x_wconf 81' lang='lat' dir='ltr'><strong>Neque</strong></span> <span class='ocrx_word' id='word_1_830' title='bbox 596 4976 888 5047; x_wconf 75' lang='lat' dir='ltr'><strong>audiendus</strong></span> <span class='ocrx_word' id='word_1_831' title='bbox 931 4974 1197 5041; x_wconf 87' lang='lat' dir='ltr'><strong>Lacerda,</strong></span> <span class='ocrx_word' id='word_1_832' title='bbox 1249 4979 1339 5047; x_wconf 90' lang='lat' dir='ltr'><strong>qui</strong></span> <span class='ocrx_word' id='word_1_833' title='bbox 1373 4978 1464 5033; x_wconf 90' lang='lat' dir='ltr'><strong>lib.</strong></span> <span class='ocrx_word' id='word_1_834' title='bbox 1499 4995 1512 5033; x_wconf 94' lang='lat' dir='ltr'><strong>l</strong></span> <span class='ocrx_word' id='word_1_835' title='bbox 1545 4980 1893 5035; x_wconf 81' lang='lat' dir='ltr'><strong>Adversario—</strong></span> 
     </span>
    </p>
   </div>
   <div class='ocr_carea' id='block_1_95' title="bbox 311 5046 1892 5120">
    <p class='ocr_par' dir='ltr' id='par_1_95' title="bbox 311 5046 1892 5120">
     <span class='ocr_line' id='line_1_96' title="bbox 311 5046 1892 5120; baseline 0.003 -19"><span class='ocrx_word' id='word_1_836' title='bbox 311 5046 659 5120; x_wconf 22' lang='lat' dir='ltr'><strong>[umAsacron</strong></span> <span class='ocrx_word' id='word_1_837' title='bbox 691 5062 809 5117; x_wconf 88' lang='lat' dir='ltr'><strong>cap.</strong></span> <span class='ocrx_word' id='word_1_838' title='bbox 838 5046 888 5108; x_wconf 81' lang='lat' dir='ltr'><strong>i,</strong></span> <span class='ocrx_word' id='word_1_839' title='bbox 920 5047 1192 5120; x_wconf 78' lang='lat' dir='ltr'><strong>existimat</strong></span> <span class='ocrx_word' id='word_1_840' title='bbox 1214 5046 1512 5120; x_wconf 76' lang='lat' dir='ltr'><strong>Romanum</strong></span> <span class='ocrx_word' id='word_1_841' title='bbox 1533 5065 1728 5104; x_wconf 88' lang='lat' dir='ltr'><strong>nomen</strong></span> <span class='ocrx_word' id='word_1_842' title='bbox 1753 5052 1892 5120; x_wconf 87' lang='lat' dir='ltr'><strong>apud</strong></span> 
     </span>
    </p>
   </div>
   <div class='ocr_carea' id='block_1_96' title="bbox 312 5115 1888 5187">
    <p class='ocr_par' dir='ltr' id='par_1_96' title="bbox 312 5115 1888 5187">
     <span class='ocr_line' id='line_1_97' title="bbox 312 5115 1888 5187; baseline 0.001 -14"><span class='ocrx_word' id='word_1_843' title='bbox 312 5115 620 5173; x_wconf 87' lang='lat' dir='ltr'><strong>Salvianum</strong></span> <span class='ocrx_word' id='word_1_844' title='bbox 651 5115 844 5171; x_wconf 84' lang='lat' dir='ltr'><strong>nomen</strong></span> <span class='ocrx_word' id='word_1_845' title='bbox 875 5132 992 5171; x_wconf 88' lang='lat' dir='ltr'><strong>esse</strong></span> <span class='ocrx_word' id='word_1_846' title='bbox 1021 5117 1312 5187; x_wconf 85' lang='lat' dir='ltr'><strong>religionis,</strong></span> <span class='ocrx_word' id='word_1_847' title='bbox 1347 5133 1452 5172; x_wconf 89' lang='lat' dir='ltr'><strong>non</strong></span> <span class='ocrx_word' id='word_1_848' title='bbox 1481 5121 1674 5187; x_wconf 87' lang='lat' dir='ltr'><strong>gentis,</strong></span> <span class='ocrx_word' id='word_1_849' title='bbox 1705 5134 1768 5174; x_wconf 88' lang='lat' dir='ltr'><strong>ac</strong></span> <span class='ocrx_word' id='word_1_850' title='bbox 1788 5115 1888 5175; x_wconf 64' lang='lat' dir='ltr'><strong>&#39;ca-</strong></span> 
     </span>
    </p>
   </div>
   <div class='ocr_carea' id='block_1_97' title="bbox 313 5185 1890 5251">
    <p class='ocr_par' dir='ltr' id='par_1_97' title="bbox 313 5185 1890 5251">
     <span class='ocr_line' id='line_1_98' title="bbox 313 5185 1890 5251; baseline 0.003 -11"><span class='ocrx_word' id='word_1_851' title='bbox 313 5188 539 5244; x_wconf 85' lang='lat' dir='ltr'><strong>tholicos</strong></span> <span class='ocrx_word' id='word_1_852' title='bbox 580 5188 706 5242; x_wconf 91' lang='lat' dir='ltr'><strong>olim</strong></span> <span class='ocrx_word' id='word_1_853' title='bbox 749 5195 970 5243; x_wconf 89' lang='lat' dir='ltr'><strong>vocatos</strong></span> <span class='ocrx_word' id='word_1_854' title='bbox 1009 5185 1172 5242; x_wconf 80' lang='lat' dir='ltr'><strong>fuisse</strong></span> <span class='ocrx_word' id='word_1_855' title='bbox 1214 5185 1519 5251; x_wconf 78' lang='lat' dir='ltr'><strong>Romanos,</strong></span> <span class='ocrx_word' id='word_1_856' title='bbox 1574 5198 1631 5244; x_wconf 87' lang='lat' dir='ltr'><strong>ut</strong></span> <span class='ocrx_word' id='word_1_857' title='bbox 1670 5205 1733 5244; x_wconf 89' lang='lat' dir='ltr'><strong>ea</strong></span> <span class='ocrx_word' id='word_1_858' title='bbox 1763 5199 1890 5246; x_wconf 88' lang='lat' dir='ltr'><strong>nota</strong></span> 
     </span>
    </p>
   </div>
   <div class='ocr_carea' id='block_1_98' title="bbox 313 5257 1892 5342">
    <p class='ocr_par' dir='ltr' id='par_1_98' title="bbox 313 5257 1892 5342">
     <span class='ocr_line' id='line_1_99' title="bbox 313 5257 1892 5342; baseline 0.002 -29"><span class='ocrx_word' id='word_1_859' title='bbox 313 5257 761 5342; x_wconf 55' lang='lat' dir='ltr'><strong>distinguerentur</strong></span> <span class='ocrx_word' id='word_1_860' title='bbox 781 5257 865 5340; x_wconf 42' lang='lat' dir='ltr'><strong>.ab</strong></span> <span class='ocrx_word' id='word_1_861' title='bbox 894 5257 1186 5342; x_wconf 52' lang='lat' dir='ltr'><strong>haereticis;</strong></span> <span class='ocrx_word' id='word_1_862' title='bbox 1217 5257 1348 5342; x_wconf 53' lang='lat' dir='ltr'><strong>liam</strong></span> <span class='ocrx_word' id='word_1_863' title='bbox 1388 5267 1442 5313; x_wconf 89' lang='lat' dir='ltr'><strong>et</strong></span> <span class='ocrx_word' id='word_1_864' title='bbox 1453 5259 1892 5342; x_wconf 46' lang='lat' dir='ltr'><strong>ipseHSalvia-nus</strong></span> 
     </span>
    </p>
   </div>
   <div class='ocr_carea' id='block_1_99' title="bbox 313 5326 1889 5399">
    <p class='ocr_par' dir='ltr' id='par_1_99' title="bbox 313 5326 1889 5399">
     <span class='ocr_line' id='line_1_100' title="bbox 313 5326 1889 5399; baseline 0.002 -17"><span class='ocrx_word' id='word_1_865' title='bbox 313 5329 387 5382; x_wconf 91' lang='lat' dir='ltr'><strong>ait</strong></span> <span class='ocrx_word' id='word_1_866' title='bbox 423 5326 629 5399; x_wconf 32' lang='lat' dir='ltr'><strong>in’pag.</strong></span> <span class='ocrx_word' id='word_1_867' title='bbox 671 5326 739 5380; x_wconf 85' lang='lat'><strong>96</strong></span> <span class='ocrx_word' id='word_1_868' title='bbox 781 5328 1112 5399; x_wconf 88' lang='lat' dir='ltr'><strong>innumeram</strong></span> <span class='ocrx_word' id='word_1_869' title='bbox 1161 5327 1322 5399; x_wconf 81' lang='lat' dir='ltr'><strong>fuisse</strong></span> <span class='ocrx_word' id='word_1_870' title='bbox 1357 5326 1750 5384; x_wconf 80' lang='lat' dir='ltr'><strong>multitudinem</strong></span> <span class='ocrx_word' id='word_1_871' title='bbox 1779 5331 1889 5386; x_wconf 83' lang='lat' dir='ltr'><strong>Ro-</strong></span> 
     </span>
    </p>
   </div>
   <div class='ocr_carea' id='block_1_100' title="bbox 312 5398 1892 5463">
    <p class='ocr_par' dir='ltr' id='par_1_100' title="bbox 312 5398 1892 5463">
     <span class='ocr_line' id='line_1_101' title="bbox 312 5398 1892 5463; baseline 0.003 -11"><span class='ocrx_word' id='word_1_872' title='bbox 312 5398 591 5453; x_wconf 89' lang='lat' dir='ltr'><strong>manorum</strong></span> <span class='ocrx_word' id='word_1_873' title='bbox 637 5398 1006 5453; x_wconf 68' lang='lat' dir='ltr'><strong>haereticorum</strong></span> <span class='ocrx_word' id='word_1_874' title='bbox 1031 5436 1046 5460; x_wconf 91' lang='lat'><strong>,</strong></span> <span class='ocrx_word' id='word_1_875' title='bbox 1096 5398 1172 5451; x_wconf 90' lang='lat' dir='ltr'><strong>uti</strong></span> <span class='ocrx_word' id='word_1_876' title='bbox 1199 5414 1324 5453; x_wconf 87' lang='lat' dir='ltr'><strong>mox</strong></span> <span class='ocrx_word' id='word_1_877' title='bbox 1354 5399 1690 5463; x_wconf 85' lang='lat' dir='ltr'><strong>dicebamus;</strong></span> <span class='ocrx_word' id='word_1_878' title='bbox 1722 5409 1778 5456; x_wconf 91' lang='lat' dir='ltr'><strong>et</strong></span> <span class='ocrx_word' id='word_1_879' title='bbox 1804 5417 1892 5457; x_wconf 90' lang='lat' dir='ltr'><strong>res</strong></span> 
     </span>
    </p>
   </div>
   <div class='ocr_carea' id='block_1_101' title="bbox 314 5467 1890 5539">
    <p class='ocr_par' dir='ltr' id='par_1_101' title="bbox 314 5467 1890 5539">
     <span class='ocr_line' id='line_1_102' title="bbox 314 5467 1890 5539; baseline 0.002 -17"><span class='ocrx_word' id='word_1_880' title='bbox 314 5469 425 5539; x_wconf 87' lang='lat' dir='ltr'><strong>ipsa</strong></span> <span class='ocrx_word' id='word_1_881' title='bbox 460 5467 655 5524; x_wconf 87' lang='lat' dir='ltr'><strong>clamat</strong></span> <span class='ocrx_word' id='word_1_882' title='bbox 681 5467 1022 5539; x_wconf 82' lang='lat' dir='ltr'><strong>Salvianum,</strong></span> <span class='ocrx_word' id='word_1_883' title='bbox 1053 5482 1173 5523; x_wconf 88' lang='lat' dir='ltr'><strong>cum</strong></span> <span class='ocrx_word' id='word_1_884' title='bbox 1205 5467 1476 5525; x_wconf 79' lang='lat' dir='ltr'><strong>Romanos</strong></span> <span class='ocrx_word' id='word_1_885' title='bbox 1504 5473 1665 5536; x_wconf 84' lang='lat' dir='ltr'><strong>dicit,</strong></span> <span class='ocrx_word' id='word_1_886' title='bbox 1696 5473 1890 5526; x_wconf 81' lang='lat' dir='ltr'><strong>intelli-</strong></span> 
     </span>
    </p>
   </div>
   <div class='ocr_carea' id='block_1_102' title="bbox 312 5538 1888 5611">
    <p class='ocr_par' dir='ltr' id='par_1_102' title="bbox 312 5538 1888 5611">
     <span class='ocr_line' id='line_1_103' title="bbox 312 5538 1888 5611; baseline 0.001 -17"><span class='ocrx_word' id='word_1_887' title='bbox 312 5538 437 5611; x_wconf 73' lang='lat' dir='ltr'><strong>gere</strong></span> <span class='ocrx_word' id='word_1_888' title='bbox 484 5555 578 5611; x_wconf 85' lang='lat' dir='ltr'><strong>eos</strong></span> <span class='ocrx_word' id='word_1_889' title='bbox 625 5538 720 5607; x_wconf 90' lang='lat' dir='ltr'><strong>qui</strong></span> <span class='ocrx_word' id='word_1_890' title='bbox 764 5538 1000 5593; x_wconf 89' lang='lat' dir='ltr'><strong>nondum</strong></span> <span class='ocrx_word' id='word_1_891' title='bbox 1061 5547 1405 5593; x_wconf 76' lang='lat' dir='ltr'><strong>excusserant</strong></span> <span class='ocrx_word' id='word_1_892' title='bbox 1446 5540 1631 5608; x_wconf 82' lang='lat' dir='ltr'><strong>jugum</strong></span> <span class='ocrx_word' id='word_1_893' title='bbox 1677 5542 1888 5611; x_wconf 85' lang='lat' dir='ltr'><strong>imperii</strong></span> 
     </span>
    </p>
   </div>
   <div class='ocr_carea' id='block_1_103' title="bbox 316 5608 1889 5748">
    <p class='ocr_par' dir='ltr' id='par_1_103' title="bbox 316 5608 1889 5748">
     <span class='ocr_line' id='line_1_104' title="bbox 316 5608 1889 5748; baseline -0.001 -13"><span class='ocrx_word' id='word_1_894' title='bbox 316 5608 612 5735; x_wconf 55' lang='lat' dir='ltr'><strong>“Oi&#39;iiiniisi</strong></span> <span class='ocrx_word' id='word_1_895' title='bbox 635 5719 649 5744; x_wconf 91' lang='lat'><strong>,</strong></span> <span class='ocrx_word' id='word_1_896' title='bbox 699 5675 924 5732; x_wconf 84' lang='lat' dir='ltr'><strong>clericos</strong></span> <span class='ocrx_word' id='word_1_897' title='bbox 968 5680 1256 5736; x_wconf 85' lang='lat' dir='ltr'><strong>monachos</strong></span> <span class='ocrx_word' id='word_1_898' title='bbox 1302 5690 1357 5735; x_wconf 86' lang='lat' dir='ltr'><strong>et</strong></span> <span class='ocrx_word' id='word_1_899' title='bbox 1401 5682 1619 5735; x_wconf 87' lang='lat' dir='ltr'><strong>omnino</strong></span> <span class='ocrx_word' id='word_1_900' title='bbox 1663 5695 1756 5736; x_wconf 87' lang='lat' dir='ltr'><strong>eos</strong></span> <span class='ocrx_word' id='word_1_901' title='bbox 1799 5681 1889 5748; x_wconf 91' lang='lat' dir='ltr'><strong>qui</strong></span> 
     </span>
    </p>
   </div>
   <div class='ocr_carea' id='block_1_104' title="bbox 1756 4677 3558 4783">
    <p class='ocr_par' dir='ltr' id='par_1_104' title="bbox 1756 4677 3558 4783">
     <span class='ocr_line' id='line_1_105' title="bbox 1756 4677 3558 4783; baseline -0.004 -27"><span class='ocrx_word' id='word_1_902' title='bbox 1756 4677 1860 4732; x_wconf 48' lang='grc' dir='ltr'><strong>’Π-</strong></span> <span class='ocrx_word' id='word_1_903' title='bbox 1920 4677 1974 4738; x_wconf 62' lang='grc' dir='ltr'><strong>η</strong></span> <span class='ocrx_word' id='word_1_904' title='bbox 2639 4677 3052 4783; x_wconf 44' lang='lat' dir='ltr'><strong>saeculares;</strong></span> <span class='ocrx_word' id='word_1_905' title='bbox 3080 4694 3132 4746; x_wconf 90' lang='lat' dir='ltr'><strong>in</strong></span> <span class='ocrx_word' id='word_1_906' title='bbox 3161 4693 3444 4783; x_wconf 62' lang='lat' dir='ltr'><strong>Epitaphio</strong></span> <span class='ocrx_word' id='word_1_907' title='bbox 3471 4677 3558 4749; x_wconf 78' lang='lat' dir='ltr'><strong>Ne-</strong></span> 
     </span>
    </p>
   </div>
   <div class='ocr_carea' id='block_1_105' title="bbox 1996 4763 3567 4842">
    <p class='ocr_par' dir='ltr' id='par_1_105' title="bbox 1996 4763 3567 4842">
     <span class='ocr_line' id='line_1_106' title="bbox 1996 4763 3567 4842; baseline -0.006 -16"><span class='ocrx_word' id='word_1_908' title='bbox 1996 4763 2293 4842; x_wconf 75' lang='lat' dir='ltr'><strong>potiani&#39;ad</strong></span> <span class='ocrx_word' id='word_1_909' title='bbox 2323 4763 2668 4842; x_wconf 74' lang='lat' dir='ltr'><strong>Heliodorum</strong></span> <span class='ocrx_word' id='word_1_910' title='bbox 2694 4784 2706 4818; x_wconf 88' lang='lat'><strong>:</strong></span> <span class='ocrx_word' id='word_1_911' title='bbox 2753 4763 3118 4842; x_wconf 74' lang='lat' dir='ltr'><strong>Sint_d_it_iores</strong></span> <span class='ocrx_word' id='word_1_912' title='bbox 3139 4765 3394 4842; x_wconf 45' lang='lat' dir='ltr'><strong>monachi</strong></span> <span class='ocrx_word' id='word_1_913' title='bbox 3419 4781 3567 4836; x_wconf 60' lang='grc' dir='ltr'>μ</span> 
     </span>
    </p>
   </div>
   <div class='ocr_carea' id='block_1_106' title="bbox 1997 4833 3566 4913">
    <p class='ocr_par' dir='ltr' id='par_1_106' title="bbox 1997 4833 3566 4913">
     <span class='ocr_line' id='line_1_107' title="bbox 1997 4833 3566 4913; baseline 0.006 -19"><span class='ocrx_word' id='word_1_914' title='bbox 1997 4833 2204 4913; x_wconf 62' lang='lat' dir='ltr'><strong>luerent</strong></span> <span class='ocrx_word' id='word_1_915' title='bbox 2243 4841 2537 4894; x_wconf 62' lang='lat' dir='ltr'><strong>occultaret.</strong></span> <span class='ocrx_word' id='word_1_916' title='bbox 2597 4836 2759 4890; x_wconf 87' lang='lat' dir='ltr'><strong>Iidem</strong></span> <span class='ocrx_word' id='word_1_917' title='bbox 2791 4834 2904 4913; x_wconf 64' lang='lat' dir='ltr'><strong>qui</strong></span> <span class='ocrx_word' id='word_1_918' title='bbox 2943 4834 3030 4889; x_wconf 89' lang='lat' dir='ltr'><strong>hic</strong></span> <span class='ocrx_word' id='word_1_919' title='bbox 3074 4833 3174 4888; x_wconf 87' lang='lat' dir='ltr'><strong>sub</strong></span> <span class='ocrx_word' id='word_1_920' title='bbox 3197 4833 3566 4913; x_wconf 59' lang='grc' dir='ltr'><strong>εοιῦεξοξόμιω</strong></span> 
     </span>
    </p>
   </div>
   <div class='ocr_carea' id='block_1_107' title="bbox 1997 4903 3570 4979">
    <p class='ocr_par' dir='ltr' id='par_1_107' title="bbox 1997 4903 3570 4979">
     <span class='ocr_line' id='line_1_108' title="bbox 1997 4903 3570 4979; baseline -0.005 -13"><span class='ocrx_word' id='word_1_921' title='bbox 1997 4903 2214 4966; x_wconf 74' lang='lat' dir='ltr'><strong>nomine</strong></span> <span class='ocrx_word' id='word_1_922' title='bbox 2259 4916 2635 4979; x_wconf 68' lang='lat' dir='ltr'><strong>opponuntur_</strong></span> <span class='ocrx_word' id='word_1_923' title='bbox 2649 4903 2991 4979; x_wconf 49' lang='lat' dir='ltr'><strong>sucularibus</strong></span> <span class='ocrx_word' id='word_1_924' title='bbox 3013 4944 3028 4969; x_wconf 94' lang='lat'><strong>,</strong></span> <span class='ocrx_word' id='word_1_925' title='bbox 3061 4904 3232 4979; x_wconf 80' lang='lat' dir='ltr'><strong>sancti</strong></span> <span class='ocrx_word' id='word_1_926' title='bbox 3255 4920 3291 4979; x_wconf 86' lang='lat' dir='ltr'><strong>_a</strong></span> <span class='ocrx_word' id='word_1_927' title='bbox 3322 4904 3570 4979; x_wconf 82' lang='lat' dir='ltr'><strong>Salviano</strong></span> 
     </span>
    </p>
   </div>
   <div class='ocr_carea' id='block_1_108' title="bbox 1993 4974 3572 5048">
    <p class='ocr_par' dir='ltr' id='par_1_108' title="bbox 1993 4974 3572 5048">
     <span class='ocr_line' id='line_1_109' title="bbox 1993 4974 3572 5048; baseline -0.004 -15"><span class='ocrx_word' id='word_1_928' title='bbox 1993 4981 2242 5035; x_wconf 85' lang='lat' dir='ltr'><strong>dicuntur</strong></span> <span class='ocrx_word' id='word_1_929' title='bbox 2269 4974 2390 5048; x_wconf 69' lang='lat' dir='ltr'><strong>pag.</strong></span> <span class='ocrx_word' id='word_1_930' title='bbox 2422 4975 2526 5030; x_wconf 69' lang='lat'><strong>229</strong></span> <span class='ocrx_word' id='word_1_931' title='bbox 2552 4995 2566 5028; x_wconf 83' lang='lat'><strong>:</strong></span> <span class='ocrx_word' id='word_1_932' title='bbox 2597 4975 2704 5031; x_wconf 86' lang='lat' dir='ltr'><strong>Sed</strong></span> <span class='ocrx_word' id='word_1_933' title='bbox 2724 4974 2847 5028; x_wconf 80' lang='lat' dir='ltr'><strong>dicit</strong></span> <span class='ocrx_word' id='word_1_934' title='bbox 2869 4975 3088 5048; x_wconf 70' lang='lat' dir='ltr'><strong>fortasse</strong></span> <span class='ocrx_word' id='word_1_935' title='bbox 3109 4975 3311 5048; x_wconf 74' lang='lat' dir='ltr'><strong>aliquis,</strong></span> <span class='ocrx_word' id='word_1_936' title='bbox 3335 4991 3437 5028; x_wconf 82' lang='lat' dir='ltr'><strong>non</strong></span> <span class='ocrx_word' id='word_1_937' title='bbox 3455 4977 3572 5044; x_wconf 72' lang='lat' dir='ltr'><strong>qui—</strong></span> 
     </span>
    </p>
   </div>
   <div class='ocr_carea' id='block_1_109' title="bbox 1997 5045 3571 5108">
    <p class='ocr_par' dir='ltr' id='par_1_109' title="bbox 1997 5045 3571 5108">
     <span class='ocr_line' id='line_1_110' title="bbox 1997 5045 3571 5108; baseline -0.001 -5"><span class='ocrx_word' id='word_1_938' title='bbox 1997 5051 2110 5104; x_wconf 89' lang='lat' dir='ltr'><strong>dem</strong></span> <span class='ocrx_word' id='word_1_939' title='bbox 2131 5045 2381 5104; x_wconf 73' lang='lat' dir='ltr'><strong>debitorés</strong></span> <span class='ocrx_word' id='word_1_940' title='bbox 2405 5064 2510 5102; x_wconf 88' lang='lat' dir='ltr'><strong>non</strong></span> <span class='ocrx_word' id='word_1_941' title='bbox 2531 5063 2641 5101; x_wconf 74' lang='lat' dir='ltr'><strong>esse</strong></span> <span class='ocrx_word' id='word_1_942' title='bbox 2661 5051 2866 5100; x_wconf 73' lang='lat' dir='ltr'><strong>sanctos</strong></span> <span class='ocrx_word' id='word_1_943' title='bbox 2883 5083 2898 5108; x_wconf 91' lang='lat'><strong>,</strong></span> <span class='ocrx_word' id='word_1_944' title='bbox 2935 5045 3025 5098; x_wconf 77' lang='lat' dir='ltr'><strong>sed</strong></span> <span class='ocrx_word' id='word_1_945' title='bbox 3053 5045 3214 5099; x_wconf 82' lang='lat' dir='ltr'><strong>multo</strong></span> <span class='ocrx_word' id='word_1_946' title='bbox 3245 5055 3412 5098; x_wconf 76' lang='lat' dir='ltr'><strong>tamen</strong></span> <span class='ocrx_word' id='word_1_947' title='bbox 3457 5059 3571 5101; x_wconf 67' lang='lat' dir='ltr'><strong>md-</strong></span> 
     </span>
    </p>
   </div>
   <div class='ocr_carea' id='block_1_110' title="bbox 1991 5113 3571 5191">
    <p class='ocr_par' dir='ltr' id='par_1_110' title="bbox 1991 5113 3571 5191">
     <span class='ocr_line' id='line_1_111' title="bbox 1991 5113 3571 5191; baseline -0.008 -17"><span class='ocrx_word' id='word_1_948' title='bbox 1991 5120 2112 5191; x_wconf 82' lang='lat' dir='ltr'><strong>jora</strong></span> <span class='ocrx_word' id='word_1_949' title='bbox 2153 5121 2414 5173; x_wconf 72' lang='lat' dir='ltr'><strong>hominum</strong></span> <span class='ocrx_word' id='word_1_950' title='bbox 2448 5116 2778 5191; x_wconf 52' lang='lat' dir='ltr'><strong>saecularium</strong></span> <span class='ocrx_word' id='word_1_951' title='bbox 2814 5131 2923 5169; x_wconf 71' lang='lat' dir='ltr'><strong>esse</strong></span> <span class='ocrx_word' id='word_1_952' title='bbox 2964 5113 3166 5191; x_wconf 55' lang='lat' dir='ltr'><strong>debita,</strong></span> <span class='ocrx_word' id='word_1_953' title='bbox 3210 5121 3571 5191; x_wconf 48' lang='lat' dir='ltr'><strong>quorurmfunt</strong></span> 
     </span>
    </p>
   </div>
   <div class='ocr_carea' id='block_1_111' title="bbox 2001 5179 3570 5261">
    <p class='ocr_par' dir='ltr' id='par_1_111' title="bbox 2001 5179 3570 5261">
     <span class='ocr_line' id='line_1_112' title="bbox 2001 5179 3570 5261; baseline -0.008 -18"><span class='ocrx_word' id='word_1_954' title='bbox 2001 5179 2150 5260; x_wconf 66' lang='lat' dir='ltr'><strong>plura</strong></span> <span class='ocrx_word' id='word_1_955' title='bbox 2170 5198 2404 5261; x_wconf 67' lang='lat' dir='ltr'><strong>peccata.</strong></span> <span class='ocrx_word' id='word_1_956' title='bbox 2442 5187 2759 5261; x_wconf 82' lang='lat' dir='ltr'><strong>Sanctorum</strong></span> <span class='ocrx_word' id='word_1_957' title='bbox 2787 5200 2948 5261; x_wconf 80' lang='lat' dir='ltr'><strong>porro</strong></span> <span class='ocrx_word' id='word_1_958' title='bbox 2976 5179 3332 5261; x_wconf 72' lang='lat' dir='ltr'><strong>appellatione</strong></span> <span class='ocrx_word' id='word_1_959' title='bbox 3361 5179 3570 5261; x_wconf 76' lang='lat' dir='ltr'><strong>Salvia-</strong></span> 
     </span>
    </p>
   </div>
   <div class='ocr_carea' id='block_1_112' title="bbox 1998 5249 3565 5385">
    <p class='ocr_par' dir='ltr' id='par_1_112' title="bbox 1998 5249 3565 5385">
     <span class='ocr_line' id='line_1_113' title="bbox 1999 5249 3565 5332; baseline -0.009 -19"><span class='ocrx_word' id='word_1_960' title='bbox 1999 5249 2124 5314; x_wconf 79' lang='lat' dir='ltr'><strong>num</strong></span> <span class='ocrx_word' id='word_1_961' title='bbox 2171 5249 2629 5329; x_wconf 71' lang='lat' dir='ltr'><strong>comprehendere</strong></span> <span class='ocrx_word' id='word_1_962' title='bbox 2663 5249 2957 5311; x_wconf 71' lang='lat' dir='ltr'><strong>monachos</strong></span> <span class='ocrx_word' id='word_1_963' title='bbox 2997 5249 3109 5323; x_wconf 69' lang='lat' dir='ltr'><strong>ipse</strong></span> <span class='ocrx_word' id='word_1_964' title='bbox 3138 5270 3236 5308; x_wconf 88' lang='lat' dir='ltr'><strong>nos</strong></span> <span class='ocrx_word' id='word_1_965' title='bbox 3261 5249 3419 5328; x_wconf 78' lang='lat' dir='ltr'><strong>docet</strong></span> <span class='ocrx_word' id='word_1_966' title='bbox 3443 5262 3565 5332; x_wconf 69' lang='lat' dir='ltr'><strong>pag.</strong></span> 
     </span>
     <span class='ocr_line' id='line_1_114' title="bbox 1998 5314 3565 5385; baseline -0.006 -4"><span class='ocrx_word' id='word_1_967' title='bbox 1998 5329 2138 5385; x_wconf 73' lang='lat'><strong>188:</strong></span> <span class='ocrx_word' id='word_1_968' title='bbox 2172 5331 2259 5384; x_wconf 82' lang='lat' dir='ltr'><strong>Ita</strong></span> <span class='ocrx_word' id='word_1_969' title='bbox 2300 5331 2457 5385; x_wconf 75' lang='lat' dir='ltr'><strong>initur</strong></span> <span class='ocrx_word' id='word_1_970' title='bbox 2501 5337 2550 5382; x_wconf 81' lang='lat' dir='ltr'><strong>et</strong></span> <span class='ocrx_word' id='word_1_971' title='bbox 2586 5329 2640 5380; x_wconf 84' lang='lat' dir='ltr'><strong>in</strong></span> <span class='ocrx_word' id='word_1_972' title='bbox 2679 5327 2978 5385; x_wconf 74' lang='lat' dir='ltr'><strong>monachis,</strong></span> <span class='ocrx_word' id='word_1_973' title='bbox 3016 5324 3192 5385; x_wconf 68' lang='lat' dir='ltr'><strong>idest,</strong></span> <span class='ocrx_word' id='word_1_974' title='bbox 3222 5326 3416 5373; x_wconf 63' lang='lat' dir='ltr'><strong>canem</strong></span> <span class='ocrx_word' id='word_1_975' title='bbox 3447 5314 3565 5385; x_wconf 77' lang='lat' dir='ltr'><strong>Det,</strong></span> 
     </span>
    </p>
   </div>
   <div class='ocr_carea' id='block_1_113' title="bbox 2125 5349 3566 5389">
    <p class='ocr_par' dir='ltr' id='par_1_113' title="bbox 2125 5349 3566 5389">
     <span class='ocr_line' id='line_1_115' title="bbox 2125 5349 3566 5389; baseline -0.009 -5"><span class='ocrx_word' id='word_1_976' title='bbox 2125 5349 2138 5384; x_wconf 71' lang='grc' dir='ltr'><strong>ἶ</strong></span> <span class='ocrx_word' id='word_1_977' title='bbox 2172 5349 2259 5384; x_wconf 81' lang='lat' dir='ltr'><strong>ua</strong></span> <span class='ocrx_word' id='word_1_978' title='bbox 2300 5349 2457 5389; x_wconf 70' lang='grc' dir='ltr'><strong>τωιιιν</strong></span> <span class='ocrx_word' id='word_1_979' title='bbox 2501 5349 2549 5382; x_wconf 76' lang='grc' dir='ltr'><strong><em>ει</em></strong></span> <span class='ocrx_word' id='word_1_980' title='bbox 2586 5349 2640 5380; x_wconf 86' lang='lat' dir='ltr'><strong>m</strong></span> <span class='ocrx_word' id='word_1_981' title='bbox 2679 5349 2978 5389; x_wconf 76' lang='lat' dir='ltr'><strong>monacuu,</strong></span> <span class='ocrx_word' id='word_1_982' title='bbox 3016 5349 3192 5385; x_wconf 66' lang='grc' dir='ltr'><strong><em>κιαι,</em></strong></span> <span class='ocrx_word' id='word_1_983' title='bbox 3222 5349 3416 5373; x_wconf 62' lang='lat' dir='ltr'><strong>auan</strong></span> <span class='ocrx_word' id='word_1_984' title='bbox 3447 5349 3566 5385; x_wconf 59' lang='grc' dir='ltr'><strong>νων</strong></span> 
     </span>
    </p>
   </div>
   <div class='ocr_carea' id='block_1_114' title="bbox 1993 5347 3047 5479">
    <p class='ocr_par' dir='ltr' id='par_1_114' title="bbox 1993 5347 3047 5479">
     <span class='ocr_line' id='line_1_116' title="bbox 1998 5347 3047 5400; baseline -0.003 -19"><span class='ocrx_word' id='word_1_985' title='bbox 1998 5347 2138 5385; x_wconf 75' lang='lat' dir='ltr'><strong>nso:</strong></span> <span class='ocrx_word' id='word_1_986' title='bbox 2172 5347 2259 5384; x_wconf 83' lang='lat' dir='ltr'><strong>ua</strong></span> <span class='ocrx_word' id='word_1_987' title='bbox 2300 5347 2457 5400; x_wconf 65' lang='lat' dir='ltr'><strong>igitur</strong></span> <span class='ocrx_word' id='word_1_988' title='bbox 2501 5347 2550 5382; x_wconf 75' lang='lat' dir='ltr'><strong>et</strong></span> <span class='ocrx_word' id='word_1_989' title='bbox 2586 5347 2640 5380; x_wconf 78' lang='grc' dir='ltr'><strong>ιιι</strong></span> <span class='ocrx_word' id='word_1_990' title='bbox 2679 5347 2978 5389; x_wconf 77' lang='lat' dir='ltr'><strong>monacuu,</strong></span> <span class='ocrx_word' id='word_1_991' title='bbox 3016 5347 3047 5377; x_wconf 73' lang='grc' dir='ltr'>ιι</span> 
     </span>
     <span class='ocr_line' id='line_1_117' title="bbox 1993 5397 3047 5479; baseline -0.001 -28"><span class='ocrx_word' id='word_1_992' title='bbox 1993 5401 2236 5479; x_wconf 57' lang='lat' dir='ltr'><strong>Afrognn</strong></span> <span class='ocrx_word' id='word_1_993' title='bbox 2263 5399 2508 5479; x_wconf 78' lang='lat' dir='ltr'><strong>probatur</strong></span> <span class='ocrx_word' id='word_1_994' title='bbox 2528 5397 2718 5479; x_wconf 77' lang='lat' dir='ltr'><strong>odium.</strong></span> <span class='ocrx_word' id='word_1_995' title='bbox 2801 5468 2815 5479; x_wconf 84' lang='lat'><em>_</em></span> <span class='ocrx_word' id='word_1_996' title='bbox 2886 5467 2918 5479; x_wconf 32' lang='lat' dir='ltr'>ﬂ</span> 
     </span>
    </p>
   </div>
   <div class='ocr_carea' id='block_1_115' title="bbox 2071 5465 3567 5544">
    <p class='ocr_par' dir='ltr' id='par_1_115' title="bbox 2071 5465 3567 5544">
     <span class='ocr_line' id='line_1_118' title="bbox 2071 5465 3567 5544; baseline -0.008 -18"><span class='ocrx_word' id='word_1_997' title='bbox 2071 5465 2482 5544; x_wconf 41' lang='lat' dir='ltr'><strong>{Reposuimus</strong></span> <span class='ocrx_word' id='word_1_998' title='bbox 2524 5475 2759 5544; x_wconf 75' lang='lat' dir='ltr'><strong>veterem</strong></span> <span class='ocrx_word' id='word_1_999' title='bbox 2781 5467 3114 5544; x_wconf 38' lang='lat' dir='ltr'><strong>“lectionem,</strong></span> <span class='ocrx_word' id='word_1_1000' title='bbox 3143 5472 3304 5544; x_wconf 53' lang='lat' dir='ltr'><strong>quam</strong></span> <span class='ocrx_word' id='word_1_1001' title='bbox 3341 5465 3567 5544; x_wconf 49' lang='lat' dir='ltr'><strong>vetusta.</strong></span> 
     </span>
    </p>
   </div>
   <div class='ocr_carea' id='block_1_116' title="bbox 1994 5527 3566 5597">
    <p class='ocr_par' dir='ltr' id='par_1_116' title="bbox 1994 5527 3566 5597">
     <span class='ocr_line' id='line_1_119' title="bbox 1994 5527 3566 5597; baseline -0.005 -3"><span class='ocrx_word' id='word_1_1002' title='bbox 1994 5527 2258 5597; x_wconf 78' lang='lat' dir='ltr'><strong>editiones</strong></span> <span class='ocrx_word' id='word_1_1003' title='bbox 2287 5540 2488 5594; x_wconf 87' lang='lat' dir='ltr'><strong>habent</strong></span> <span class='ocrx_word' id='word_1_1004' title='bbox 2506 5546 2563 5595; x_wconf 90' lang='lat' dir='ltr'><strong>et</strong></span> <span class='ocrx_word' id='word_1_1005' title='bbox 2577 5537 2748 5592; x_wconf 89' lang='lat' dir='ltr'><strong>codex</strong></span> <span class='ocrx_word' id='word_1_1006' title='bbox 2775 5532 3129 5588; x_wconf 85' lang='lat' dir='ltr'><strong>Colbertinus.</strong></span> <span class='ocrx_word' id='word_1_1007' title='bbox 3167 5527 3225 5584; x_wconf 90' lang='lat' dir='ltr'><strong>ln</strong></span> <span class='ocrx_word' id='word_1_1008' title='bbox 3255 5527 3566 5588; x_wconf 75' lang='lat' dir='ltr'><strong>Corbeiensi</strong></span> 
     </span>
    </p>
   </div>
   <div class='ocr_carea' id='block_1_117' title="bbox 1993 5602 3563 5685">
    <p class='ocr_par' dir='ltr' id='par_1_117' title="bbox 1993 5602 3563 5685">
     <span class='ocr_line' id='line_1_120' title="bbox 1993 5602 3563 5685; baseline -0.008 -19"><span class='ocrx_word' id='word_1_1009' title='bbox 1993 5613 2360 5685; x_wconf 67' lang='lat' dir='ltr'><strong>scriptumest</strong></span> <span class='ocrx_word' id='word_1_1010' title='bbox 2394 5628 2404 5661; x_wconf 93' lang='lat'>:</span> <span class='ocrx_word' id='word_1_1011' title='bbox 2436 5606 2868 5685; x_wconf 54' lang='lat' dir='ltr'><strong>SedIBSpqntlere</strong></span> <span class='ocrx_word' id='word_1_1012' title='bbox 2896 5604 3135 5685; x_wconf 55' lang='lat' dir='ltr'><strong>fortasse.</strong></span> <span class='ocrx_word' id='word_1_1013' title='bbox 3156 5602 3341 5685; x_wconf 47' lang='lat' dir='ltr'><strong>eligis</strong></span> <span class='ocrx_word' id='word_1_1014' title='bbox 3381 5612 3563 5673; x_wconf 63' lang='lat' dir='ltr'><strong>pomi.</strong></span> 
     </span>
    </p>
   </div>
   <div class='ocr_carea' id='block_1_118' title="bbox 2064 5669 3563 5744">
    <p class='ocr_par' dir='ltr' id='par_1_118' title="bbox 2064 5669 3563 5744">
     <span class='ocr_line' id='line_1_121' title="bbox 2064 5669 3563 5744; baseline -0.005 -8"><span class='ocrx_word' id='word_1_1015' title='bbox 2064 5680 2090 5719; x_wconf 70' lang='grc' dir='ltr'>ἀ</span> <span class='ocrx_word' id='word_1_1016' title='bbox 2104 5669 2243 5736; x_wconf 84' lang='lat' dir='ltr'><strong>lnfra</strong></span> <span class='ocrx_word' id='word_1_1017' title='bbox 2256 5681 2358 5735; x_wconf 90' lang='lat' dir='ltr'><strong>hac</strong></span> <span class='ocrx_word' id='word_1_1018' title='bbox 2366 5692 2484 5744; x_wconf 76' lang='lat' dir='ltr'><strong>pag.</strong></span> <span class='ocrx_word' id='word_1_1019' title='bbox 2505 5697 2516 5729; x_wconf 88' lang='lat'><strong>:</strong></span> <span class='ocrx_word' id='word_1_1020' title='bbox 2537 5675 2588 5730; x_wconf 86' lang='grc' dir='ltr'><em>Ν</em></span> <span class='ocrx_word' id='word_1_1021' title='bbox 2595 5669 2740 5739; x_wconf 51' lang='lat' dir='ltr'><strong>mea</strong></span> <span class='ocrx_word' id='word_1_1022' title='bbox 2749 5672 2801 5723; x_wconf 84' lang='lat' dir='ltr'><strong>id</strong></span> <span class='ocrx_word' id='word_1_1023' title='bbox 2815 5680 2920 5722; x_wconf 77' lang='lat' dir='ltr'><strong>tam</strong></span> <span class='ocrx_word' id='word_1_1024' title='bbox 2931 5669 3232 5728; x_wconf 70' lang='lat' dir='ltr'><strong>acmabilis</strong></span> <span class='ocrx_word' id='word_1_1025' title='bbox 3243 5669 3563 5730; x_wconf 65' lang='lat' dir='ltr'><strong>Famem</strong></span> 
     </span>
    </p>
   </div>
  </div>
