4088 6360
289 333 360 388 89
637 339 648 346 “
1357 331 1441 387 DE
1477 323 1998 385 CUBERNATIONE
2037 322 2146 378 DEI
2184 324 2311 379 LIB.
2353 325 2442 379 IV.
3467 321 3536 379 90

288 417 452 516 quam
500 462 598 501 nos
624 462 720 518 per
762 445 1063 501 Christum!
1105 444 1318 511 Quanto
1362 443 1586 497 minoris
1631 441 1868 496 criminis
1891 443 1943 500 Δ
1969 437 2142 492 simile
2169 453 2288 507 quas
2307 437 2568 493 dicimus?
2589 436 2854 507 Numquid
2873 435 2978 492 dici
3003 434 3070 491 de
3089 433 3290 489 Chunis
3319 444 3496 505 potest
3523 454 3536 490 :

289 554 379 592 res
419 547 504 593 est
540 537 686 593 lovis
727 541 919 592 nomen
959 535 1262 599 ludificare,
1308 549 1466 603 quam
1507 532 1736 587 Christi!
1787 531 1865 585 lbi

287 629 456 701 homo
474 638 558 685 est
569 638 830 694 mortuus,
856 644 954 699 per
966 644 1125 697 quem
1145 627 1382 696 iuratur;
1413 627 1502 680 hic
1526 625 1664 679 Deus
1693 624 1862 688 vivus,

251 777 258 786 ,
286 721 381 790 qui
409 720 697 791 peieratur.
721 720 798 776 lbi
827 735 928 775 nec
946 721 1108 775 homo
1134 719 1303 783 ullus;
1326 717 1412 772 hic
1443 717 1580 771 Deus
1607 730 1862 770 summus.

285 811 390 867 Hic
406 826 528 867 cum
548 811 767 866 maximi
795 812 1114 866 sacramenti
1143 811 1214 864 sit
1241 808 1520 877 deieratio,
1545 821 1767 861 necesse
1787 811 1869 859 est

286 904 511 958 maximi
537 903 606 958 sit
625 912 804 957 reatus
825 910 882 958 et
909 901 1205 972 peieratio;
1230 901 1301 955 ibi
1328 915 1449 954 cum
1469 912 1637 968 prope
1666 896 1868 950 nullum

285 997 360 1052 sit
390 1005 416 1034 ι
440 995 836 1065 iuramentum,
870 995 1075 1050 nullum
1127 1000 1336 1049 constat
1381 1006 1500 1047 esse
1553 989 1864 1060 periurium.

286 1088 423 1143 Nam
464 1103 583 1144 cum
613 1087 754 1143 Deus
800 1103 907 1143 non
935 1088 1001 1142 sit
1034 1101 1134 1157 per
1173 1101 1332 1156 quem
1379 1084 1622 1152 iuratur,
1653 1097 1758 1136 non
1789 1088 1872 1135 est

283 1179 582 1250 periurium
637 1195 762 1234 cum
811 1177 1104 1249 peieratur.
1159 1176 1401 1244 Denique
1456 1174 1549 1243 qui
1595 1173 1708 1227 vult
1734 1172 1872 1226 scire

282 1286 447 1340 quam
485 1285 672 1325 verum
718 1270 807 1332 sit,
840 1268 1023 1324 audiat
1066 1268 1281 1322 beatum
1312 1265 1612 1336 apostolum
1649 1262 1872 1317 Paulum

289 1363 410 1432 ipsa
437 1362 551 1416 haec
577 1375 697 1431 quae
743 1375 840 1415 nos
882 1359 1105 1415 dicimus
1132 1357 1526 1428 praedicantem.
1559 1355 1648 1409 Sic
1675 1354 1874 1423 quippe

290 1452 369 1506 ait
401 1470 414 1504 :
446 1451 652 1506 Scimus
681 1460 849 1505 autem
887 1453 1130 1523 quoniam
1158 1465 1482 1522 quacumque
1508 1448 1590 1502 lea:
1629 1447 1870 1516 loquitur,

281 1544 366 1597 his
395 1545 479 1614 qui
500 1544 553 1596 in
582 1543 691 1613 lege
718 1550 839 1596 sunt
861 1542 1086 1614 loquitur
1108 1542 1124 1609 (
1146 1540 1276 1595 Rom
1300 1556 1376 1603 Ill,
1401 1537 1508 1608 l9).
1544 1536 1609 1590 Et
1638 1537 1830 1591 iterum
1855 1552 1869 1588 :

290 1631 411 1697 Ubi,
430 1632 619 1700 inquit,
643 1647 746 1685 non
767 1641 844 1685 est
863 1631 965 1696 lex,
989 1647 1082 1684 nec
1102 1629 1458 1700 prmaricatio
1475 1626 1652 1698 (Rom.
1670 1641 1740 1688 ιν,
1760 1622 1869 1694 15).

1968 528 2106 584 Ecce
2165 530 2350 598 quales
2408 537 2530 583 sunt
2587 531 2679 599 qui
2731 530 3016 587 Christiani
3078 545 3194 585 esse
3251 529 3540 584 dicuntur?

1967 619 2231 690 Numquid
2252 619 2330 680 de
2366 620 2667 676 Saxonibus
2704 631 2797 676 aut
2836 621 3098 686 Francis:
3131 621 3269 678 Ecce
3313 637 3431 692 quae
3460 621 3540 676 fa-

1967 715 2115 769 ciunt
2152 714 2243 783 qui
2284 728 2342 768 se
2384 721 2631 769 asserunt
2669 712 2865 768 Christi
2909 729 3029 770 esse
3065 715 3328 770 cultores?
3373 713 3539 768 Num-

1967 805 2094 875 quid
2149 814 2369 876 propter
2420 804 2726 860 Maurorum
2770 803 2965 861 en‘eros
3019 820 3196 862 mores
3225 805 3311 860 lex
3355 820 3542 892 sacrq-

1969 912 2152 959 sancta
2193 903 2473 972 culpatur?
2514 900 2779 969 Numquid
2821 900 3138 973 Scytharum
3185 908 3278 956 aut
3311 898 3544 971 Gepida-

1969 1011 2088 1050 rum
2115 993 2538 1048 inhumanissimi
2573 993 2707 1046 ritus
2746 992 2798 1046 in
2837 991 3181 1047 maledictum
3209 1001 3370 1062 atque
3405 992 3547 1047 ωδε.

1971 1085 2238 1156 phemiam
2289 1099 2482 1137 nomen
2511 1083 2720 1138 Domini
2750 1081 3043 1138 Salvatoris
3066 1082 3357 1140 inducunt?
3384 1083 3547 1138 Num-

1972 1175 2096 1247 quid
2154 1175 2258 1229 dici
2294 1174 2362 1228 de
2422 1174 2543 1229 ullis
2600 1174 2823 1228 istorum
2883 1181 3062 1243 potest
3110 1191 3122 1226 :
3176 1172 3277 1228 Ubi
3317 1181 3399 1228 est
3463 1174 3551 1231 lex

1973 1265 2235 1321 catholica
2261 1279 2421 1333 quam
2450 1263 2709 1320 credunt?
2731 1264 2831 1320 Ubi
2855 1273 2980 1320 sunt
3007 1264 3221 1334 pietatis
3246 1268 3303 1318 'et
3330 1265 3546 1320 castita-

1974 1360 2041 1414 tis
2072 1367 2337 1428 prtecepta
2366 1373 2484 1426 qua:
2511 1357 2757 1413 discunt?
2793 1356 3084 1425 Evangelia
3123 1357 3326 1426 legunt,
3366 1365 3420 1411 et
3449 1359 3551 1410 im-

1971 1449 2151 1521 pudici
2179 1455 2335 1514 sunt;
2373 1449 2647 1517 apostolos
2675 1447 2918 1513 audiunt,
2946 1450 3052 1520 87
3088 1456 3143 1502 et
3185 1448 3550 1513 inebriantur;

1975 1540 2243 1594 Christum
2287 1547 2603 1607 sequuntur,
2650 1547 2705 1593 et
2750 1539 2996 1609 rapiunt;
3044 1539 3208 1593 vitam
3253 1538 3551 1608 improbam

1975 1640 2158 1700 agunt,
2196 1639 2251 1686 et
2286 1631 2509 1700 probam
2540 1631 2710 1698 legem
2740 1631 2941 1685 habere
2967 1645 3027 1684 se
3056 1630 3256 1684 dicunt.
3289 1627 3554 1698 Numquid

282 1725 502 1780 Duabus
540 1723 623 1778 his
650 1723 930 1778 sententiis
955 1721 1090 1776 duas
1116 1719 1392 1776 evidenter
1420 1717 1666 1787 exposuit
1693 1723 1873 1786 partes
1974 1723 2089 1777 lucc
2109 1721 2176 1776 de
2196 1722 2304 1776 ulla
2327 1710 2548 1775 istarum
2571 1722 2808 1788 gentium
2829 1721 2934 1776 dici
2955 1722 3196 1790 queunt?
3211 1720 3326 1776 Non
3350 1722 3554 1790 utique.

289 1814 508 1884 generis
533 1813 771 1878 humani,
799 1821 952 1868 extra
997 1811 1169 1879 legem
1209 1810 1432 1880 positos
1465 1816 1520 1863 et
1547 1808 1600 1862 in
1643 1808 1760 1876 lege
1787 1808 1869 1862 Vi-
1902 1814 1947 1875 Β
1975 1814 2051 1869 De
2076 1814 2437 1883 nobisquippe
2459 1814 2637 1867 omnia
2659 1813 2758 1868 ista
2778 1813 3041 1868 dicuntur.
3057 1813 3114 1868 In
3145 1813 3299 1868 nobis
3317 1811 3556 1868 Christus

281 1915 490 1962 ventes.
525 1892 626 1972 Qui
647 1914 772 1961 sunt
798 1906 960 1974 igitur
981 1920 1123 1959 nunc
1152 1903 1206 1958 in
1227 1903 1342 1972 lege
1371 1902 1568 1972 positi?
1596 1901 1695 1967 Qui
1723 1900 1868 1957 scili-
1971 1908 2175 1977 patitur
2199 1905 2549 1976 opprobium,
2595 1906 2648 1960 in
2677 1907 2854 1961 nobis
2892 1906 3094 1976 patitur
3132 1907 3218 1962 lex
3259 1905 3557 1963 Christiana

281 2006 374 2053 cet
400 1996 502 2052 nisi
529 1995 836 2059 Christiani,
881 1996 1018 2050 sicut
1045 1995 1158 2064 ipse
1206 1993 1495 2062 Apostolus
1524 1993 1642 2054 fuit,
1672 1992 1763 2060 qui
1804 1989 1871 2044 de
1972 1996 2337 2050 maledictum.
2371 1995 2446 2050 De
2475 1995 2631 2050 nobis
2677 1997 2819 2051 enim
2843 1998 3036 2052 dicitur
3064 1998 3190 2052 illud
3228 1998 3371 2067 quod
3399 2015 3558 2068 supra

246 2159 249 2162 _
279 2103 344 2142 se
373 2088 445 2142 ait
479 2105 491 2140 :
517 2085 646 2142 Sine
672 2087 783 2157 lege
806 2085 902 2140 Dei
931 2103 1036 2140 non
1064 2101 1194 2147 sum,
1219 2085 1310 2138 sed
1330 2085 1385 2137 in
1416 2084 1524 2153 lege
1552 2099 1663 2135 sum
1684 2081 1872 2135 Christi
1974 2086 2206 2140 diximus
2242 2103 2254 2136 :
2279 2085 2420 2139 Ecce
2447 2086 2632 2153 quales
2655 2095 2776 2139 sunt
2803 2089 2894 2154 qui
2921 2087 3191 2142 Christum
3219 2089 3418 2143 colunt.
3438 2088 3559 2141 Fal-

284 2179 339 2250 (l
362 2178 482 2234 Car.
516 2196 590 2242 Ix,
619 2177 742 2248 21).
775 2176 877 2243 Qui
908 2177 1068 2244 igitur
1094 2176 1210 2229 sine
1239 2176 1354 2242 lege
1380 2172 1578 2228 Christi
1598 2174 1621 2224 ?
1644 2173 1746 2236 Qui
1775 2171 1875 2224 nisi

283 2271 480 2342 pagani
529 2268 792 2332 homines,
841 2268 1016 2333 legem
1056 2264 1378 2320 dominicam
1428 2261 1763 2316 nescientes?
1812 2258 1879 2314 Et

285 2361 410 2416 ideo
444 2361 511 2415 de
542 2361 628 2414 his
653 2359 782 2413 dicit
815 2375 827 2410 :
863 2355 962 2410 Ubi
991 2372 1095 2410 non
1131 2363 1207 2409 est
1234 2356 1340 2418 lex,
1378 2370 1472 2407 nec
1501 2353 1873 2423 praevaricatio.

287 2451 316 2492 δ
330 2452 450 2520 Quo
467 2467 575 2506 uno
589 2452 776 2519 utique
792 2447 1024 2503 ostendit
1038 2447 1371 2503 Christianos
1385 2454 1612 2510 tantum,
1625 2460 1745 2500 cum
1760 2459 1879 2513 pec-

293 2542 554 2605 caverint,
593 2541 723 2608 legis
760 2539 1197 2610 prievaricatores
1232 2552 1379 2602 esse;
1423 2549 1663 2606 paganos
1697 2543 1876 2589 autern

293 2633 388 2703 qui
412 2634 583 2702 legem
604 2634 870 2698 nesciunt,
890 2633 1005 2687 sine
1026 2631 1463 2701 praevaricatione
1482 2645 1726 2701 peccare,
1751 2630 1875 2699 quis

290 2723 468 2777 nullus
495 2730 673 2792 potest
694 2721 808 2791 eius
844 2723 923 2776 rei
953 2721 1330 2791 pravaricator
1354 2736 1472 2777 esse
1499 2736 1661 2790 quam
1685 2721 1869 2776 nescit.

285 2812 396 2868 Nos
424 2827 552 2881 ergo
581 2820 787 2867 tantum
816 2813 1254 2882 praevaricatores
1279 2812 1473 2868 divinae
1493 2812 1644 2881 legis,
1675 2811 1788 2880 qui,
1817 2819 1877 2866 ut

286 2906 543 2975 scriptum
575 2912 655 2959 est
681 2903 868 2975 (Rom.
903 2921 960 2969 ιι,
994 2903 1082 2970 21,
1109 2921 1244 2976 seqq.
1264 2904 1304 2973 ),
1335 2904 1507 2972 legem
1547 2904 1790 2971 legimus,
1823 2909 1878 2958 et

286 3011 394 3052 non
416 2995 637 3052 facimus
651 3011 768 3052 eam
788 3014 802 3062 ;
827 2998 940 3068 86
964 3012 1030 3052 ac
1047 3011 1145 3066 per
1165 2997 1268 3052 hoc
1286 2997 1415 3051 nihil
1437 3003 1518 3052 est
1538 2995 1682 3050 aliud
1703 2996 1877 3050 scien-

286 3089 360 3144 tia
388 3097 570 3167 postra
584 3103 742 3158 quam
764 3089 937 3158 culpa,
961 3088 1054 3157 qui
1077 3088 1144 3142 ad
1171 3089 1275 3144 hoc
1303 3088 1677 3143 tantummodo
1699 3087 1874 3156 legem

1977 2191 2096 2229 sum
2125 2176 2285 2244 plane
2307 2173 2436 2250 illud
2462 2183 2547 2229 est
2566 2174 2712 2244 quod
2733 2177 2882 2229 aiunt
2906 2193 2964 2231 se
2991 2178 3133 2232 bona
3163 2177 3388 2242 discere.
3420 2177 3562 2246 quod

1975 2263 2180 2332 iactant
2219 2278 2280 2318 se
2329 2271 2528 2318 sancta:
2570 2264 2704 2333 legis
2745 2275 3012 2336 praecepta
3054 2268 3308 2323 retinere.
3337 2267 3394 2322 Si
3422 2269 3562 2323 enim

1979 2359 2120 2414 bona
2148 2359 2433 2424 discerent,
2458 2360 2581 2414 boni
2608 2369 2804 2416 essent.
2840 2360 2984 2418 Talis
3015 2362 3258 2433 profecto
3286 2367 3431 2419 secta
3461 2371 3562 2428 est,

1977 2451 2166 2519 quales
2185 2459 2239 2505 et
2259 2459 2574 2507 sectatores.
2603 2452 2717 2508 Hoc
2737 2462 2860 2509 sunt
2887 2455 3088 2524 absque
3113 2455 3275 2512 dubio
3295 2457 3440 2527 quod
3462 2457 3562 2512 do-

1977 2552 2183 2599 centur.
2210 2544 2450 2614 Apparet
2479 2545 2658 2614 itaque
2687 2554 2741 2600 et
2770 2547 3061 2617 prophetas
3089 2563 3227 2618 quos
3247 2549 3446 2604 habent
3466 2550 3562 2603 im-

1976 2637 2265 2706 puritatem
2296 2637 2512 2700 docere,
2545 2648 2600 2693 et
2648 2638 2922 2710 apostolos
2949 2657 3087 2709 quos
3135 2641 3317 2710 legunt
3363 2641 3562 2696 nefaria

1975 2728 2238 2792 sanxisse,
2271 2735 2326 2782 et
2373 2727 2664 2798 Evangelia
2708 2732 2903 2799 quibus
2945 2713 3276 2794 imbuuntur,
3306 2733 3418 2786 haec
3447 2747 3562 2800 qua:

1977 2820 2077 2890 ipsi
2099 2819 2300 2875 faciunt
2323 2820 2632 2890 praedicare.
2665 2819 2946 2876 Postremo
2973 2831 3160 2876 sancta
3193 2837 3222 2875 a
3250 2820 3563 2876 Christianis

1978 2913 2188 2978 tierent,
2218 2915 2263 2967 si
2283 2911 2526 2968 Christus
2551 2922 2734 2968 sancta
2760 2913 3046 2970 docuisset.
3077 2913 3353 2969 Estimari
3386 2915 3564 2984 itaque

1979 3004 2046 3060 de
2078 3006 2376 3060 cultoribus
2421 3007 2531 3060 suis
2575 3014 2753 3077 potest
2791 3007 2880 3062 ille
2919 3009 3010 3077 qui
3039 3008 3250 3063 colitur.
3284 3007 3564 3074 Quomodo

1980 3099 2121 3152 enim
2169 3097 2341 3152 bonus
2369 3097 2625 3166 magister
2651 3106 2749 3164 est,
2793 3098 2946 3167 cuius
2974 3107 3079 3153 tam
3127 3099 3296 3154 malos
3324 3097 3563 3154 videmus

285 3181 533 3236 novimus
559 3187 620 3234 ut
644 3179 851 3249 maiore
891 3177 1188 3234 offensione
1218 3194 1504 3249 peccemus
1536 3196 1548 3231 :
1581 3179 1705 3248 quia
1733 3178 1878 3248 quod
1902 3181 1950 3244 Ο
1982 3200 2098 3258 esse
2125 3185 2452 3256 discipulos?
2471 3185 2585 3240 cEx
2616 3188 2732 3256 ipso
2748 3187 2891 3242 enim
2910 3187 3197 3243 Christiani
3223 3197 3365 3252 sunt,
3395 3189 3564 3257 ipsum

287 3272 521 3327 lectione
564 3278 620 3326 et
665 3270 830 3326 corde
877 3271 1144 3334 novimus,
1162 3270 1380 3325 libidine
1428 3285 1492 3324 ac
1538 3269 1881 3340 despectione

288 3362 581 3418 calcamus.
614 3359 682 3414 Et
728 3361 850 3416 ideo
897 3361 1196 3417 rectissime
1242 3362 1596 3432 apostolicum
1646 3362 1773 3417 illud
1813 3363 1880 3419 ad

283 3469 503 3509 omnem
553 3453 752 3509 dicitur
800 3452 1163 3510 Christianum
1197 3473 1208 3506 :
1245 3453 1345 3519 Qui
1372 3457 1428 3509 in
1475 3455 1585 3526 lege
1618 3457 1878 3528 gloriaris,

287 3563 385 3615 per
421 3546 899 3615 praevaricationem
945 3545 1070 3616 legis
1114 3545 1279 3600 Deum
1325 3547 1626 3600 inhonorus.
1675 3545 1879 3600 Nomen

286 3635 426 3688 enim
446 3633 541 3688 Dei
566 3652 656 3706 per
675 3652 761 3690 vos
776 3635 1158 3706 blasphematur
1177 3638 1310 3690 inter
1324 3647 1496 3707 gentes
1512 3640 1528 3708 (
1547 3636 1706 3701 Ibid.,
1730 3653 1878 3702 xxm,

286 3726 356 3779 24
376 3725 416 3796 ).
447 3726 613 3796 Cuius
641 3741 771 3796 ergo
800 3728 1041 3782 criminis
1070 3729 1148 3782 rei
1177 3728 1284 3782 sint
1311 3727 1632 3793 Christiani,
1665 3743 1734 3783 ex
1778 3729 1883 3784 hoc

289 3833 402 3872 uno
434 3818 664 3890 intelligi.
676 3827 873 3888 potest,
889 3819 1016 3887 quia
1037 3819 1131 3876 Dei
1155 3834 1352 3873 nomen
1374 3818 1652 3873 infamant.
1677 3818 1880 3874 Etcum

251 3897 256 3901 ’
289 3909 551 3979 scriptum
574 3910 644 3964 sit
671 3910 826 3965 nobis
855 3917 914 3963 ut
941 3910 1121 3964 omnia
1149 3910 1406 3964 faciamus
1458 3911 1510 3964 in
1533 3911 1759 3976 gloriam
1788 3910 1883 3962 Dei

287 4000 346 4069 (Ι
376 3997 496 4054 Cor.
531 4017 591 4066 x,
616 4000 677 4054 3i
700 4001 740 4069 ),
783 4016 885 4056 nos
909 4016 941 4054 e
967 4000 1180 4054 diverso
1205 4008 1396 4054 cuncta
1444 4000 1496 4052 in
1526 4000 1622 4052 Dei
1663 4000 1885 4053 facimus

289 4090 562 4160 iniuriam.
593 4091 834 4160 Cumque
862 4093 976 4161 ipse
1004 4090 1252 4145 Salvator
1272 4097 1456 4144 noster
1476 4089 1543 4144 ad
1571 4105 1670 4144 nos
1698 4091 1880 4157 quoti-

288 4182 382 4238 die
435 4181 671 4236 clamet:
714 4183 803 4238 Sic
860 4183 1028 4236 luceat
1084 4183 1172 4236 tua:
1225 4191 1392 4236 vestra
1447 4199 1619 4236 coram
1660 4183 1882 4237 homini-

284 4274 405 4341 bus,
437 4285 496 4328 ut
535 4274 739 4329 videant
788 4274 890 4344 ﬁlii
936 4275 1199 4343 hominum
1248 4291 1402 4345 opera
1431 4285 1598 4328 vestra
1643 4276 1804 4341 bona,
1832 4286 1884 4330 et

282 4367 628 4437 magniﬁcent
653 4365 864 4420 Patrem
883 4374 1106 4420 vestrum
1127 4368 1210 4438 qui
1237 4368 1291 4420 in
1307 4368 1441 4421 caelis
1468 4375 1545 4420 est
1568 4367 1790 4437 (Matth.
1817 4385 1874 4431 ,v,

283 4453 419 4526 16),
453 4470 552 4509 nos
579 4455 652 4510 ita
694 4455 919 4510 vivimus
955 4457 1258 4512 econtrario
1286 4465 1346 4511 ut
1373 4456 1465 4512 lilii
1493 4457 1770 4512 hominum
1799 4459 1876 4512 vi-

1983 3275 2223 3340 audiunt,
2283 3273 2308 3312 ἀ
2361 3277 2534 3345 ipsum
2581 3277 2784 3346 legunt.
2837 3276 3148 3349 Promptum
3197 3286 3280 3333 est
3320 3278 3564 3332 omnibus

1982 3368 2182 3423 Christi
2213 3370 2514 3438 intelligere
2542 3370 2860 3425 doctrinam.
2894 3369 3030 3425 Vide
3073 3369 3410 3424 Christianos
3438 3367 3565 3438 quid

1984 3469 2162 3528 agant,
2188 3468 2242 3515 et
2268 3461 2546 3516 evidenter
2572 3470 2728 3531 potes
2759 3471 2782 3499 ⁸
2813 3461 2882 3516 de
2903 3459 3118 3514 Christo
3143 3461 3280 3514 scire
3305 3458 3433 3528 quid
3465 3459 3565 3512 do-

1983 3559 2122 3606 ceat.
2157 3552 2397 3619 Denique
2427 3567 2588 3620 quam
2617 3567 2781 3622 prave
2819 3567 2882 3606 ac
2911 3549 3110 3606 nefarie
3135 3551 3329 3622 pagani
3355 3564 3566 3620 semper

1983 3642 2050 3696 de
2079 3643 2247 3697 sacris
2278 3641 2571 3698 Dominicis
2619 3644 2823 3712 opinati
2863 3644 2986 3709 sint,
3018 3643 3213 3699 docent
3258 3652 3566 3713 persecuto-

1983 3751 2102 3790 rum
2129 3736 2440 3790 immanium
2479 3737 2867 3791 cruentissimae
2906 3737 3250 3804 quaestiones,
3279 3735 3370 3802 qui
3401 3735 3454 3787 in
3481 3749 3567 3786 sa-

1984 3828 2200 3882 criﬁciis
2219 3826 2538 3883 Christianis
2567 3828 2699 3881 nihil
2728 3826 2873 3880 aliud
2899 3841 3059 3894 quam
3087 3828 3297 3894 impura
3325 3822 3568 3892 quaedam

1987 3916 2100 3969 fieri
2146 3925 2308 3983 atque
2336 3915 2691 3970 abominanda
2741 3915 3054 3969 credebant.
3086 3911 3358 3981 Siquidem
3408 3912 3568 3966 etiam

1991 4006 2143 4059 initia
2163 4005 2280 4073 ipsa
2305 4014 2502 4059 nostra:
2528 4005 2803 4072 religionis
2832 4020 2937 4059 non
2977 4005 3076 4060 nisi
3103 4021 3132 4059 a
3163 4004 3372 4059 duobus
3398 4004 3570 4058 maxi-

1988 4094 2092 4148 mis
2120 4093 2449 4149 facinoribns
2474 4095 2602 4149 oriri
2629 4095 3028 4150 arbitrabantur
3060 4114 3072 4148 :
3104 4095 3336 4166 primum
3365 4095 3570 4151 scilicet

1987 4185 2310 4242 homicidio:
2343 4186 2556 4253 deinde,
2589 4187 2731 4256 quod
2751 4186 3036 4242 homicidio
3056 4195 3138 4243 est
3160 4188 3394 4256 gravius,
3418 4187 3567 4244 ince-

1985 4286 2103 4343 stu;
2127 4294 2226 4333 nec
2255 4279 2542 4334 homicidio
2563 4279 2734 4334 solum
2763 4287 2818 4333 et
2839 4279 3063 4345 incestu,
3094 4278 3210 4344 sed,
3234 4279 3374 4347 quod
3396 4279 3566 4334 scele-

1984 4371 2152 4424 ratius
2181 4370 2398 4439 quidem
2429 4379 2530 4435 est,
2563 4371 2768 4425 incestu
2793 4371 2909 4441 ipso
2929 4379 2984 4425 et
3009 4370 3327 4437 homicidio;
3359 4371 3565 4426 incestu

1982 4469 2212 4514 matrum
2235 4468 2694 4515 sacrosanctarum
2707 4468 2762 4514 et
2783 4461 3188 4532 homicidio“
3204 4461 3566 4516 innocentium

282 4550 455 4606 deant
485 4566 650 4621 opera
678 4558 862 4606 nostra
893 4551 1033 4606 mala
1061 4558 1117 4608 et
1141 4551 1518 4621 blasphement
1538 4551 1755 4609 Patrem
1785 4567 1885 4609 no-
1907 4554 1962 4614 D
1991 4551 2357 4622 parvulorum,
2390 4565 2526 4619 quos
2573 4567 2679 4605 non
2709 4550 2880 4606 occidi
2906 4558 3112 4606 tantum
3158 4567 3190 4606 a
3229 4550 3563 4616 Christianis,

281 4650 458 4699 strum
489 4642 582 4712 qui
611 4649 693 4696 est
719 4641 772 4695 in
799 4642 968 4698 caelis.

359 4734 519 4790 XVII.
561 4735 690 4802 Quae
732 4751 853 4791 cum
901 4736 974 4790 ita
1019 4736 1146 4802 sint,
1193 4749 1385 4804 magna
1428 4737 1676 4793 videlicet
1727 4737 1882 4792 nobis

231 4823 260 4876 κ’
283 4826 644 4900 praerogativa
667 4827 734 4882 de
764 4825 982 4882 nomine
1009 4825 1428 4882 Christianitatis
1447 4827 1672 4882 blandiri
1696 4843 1882 4898 possu-

283 4931 431 4979 mus,
461 4917 556 4985 qui
577 4917 650 4971 ita
692 4917 897 4984 agimus
952 4931 1016 4971 ac
1047 4916 1276 4971 vivimus
1303 4925 1364 4971 ut
1391 4917 1495 4972 hoc
1525 4918 1697 4987 ipsum
1735 4917 1880 4986 quod

285 5007 630 5063 Christianus
650 5007 879 5078 populus
899 5022 1018 5063 esse
1044 5007 1289 5073 dicimur,
1313 5009 1658 5079 opprobrium
1684 5008 1881 5064 Christi

286 5113 414 5156 esse
456 5098 753 5154 videamur.
785 5099 854 5153 At
892 5114 923 5154 e
951 5097 1162 5154 diverso
1191 5116 1246 5154 in
1272 5101 1494 5170 paganis
1535 5101 1660 5168 quid
1690 5102 1881 5155 horum

1986 4644 2101 4708 sed,
2133 4643 2275 4713 quod
2301 4643 2471 4711 magis
2493 4641 2907 4698 abominandum
2935 4650 3036 4706 est,
3067 4642 3226 4697 etiam
3254 4643 3433 4696 vorari
3454 4641 3568 4696 cxi-

1985 4737 2311 4800 stimabant;
2343 4743 2398 4789 et
2419 4735 2530 4789 haec
2553 4734 2732 4789 omnia
2759 4733 2825 4788 ad
2851 4733 3170 4802 placandum
3198 4732 3386 4798 Deum,
3414 4735 3566 4803 quasi

1985 4826 2095 4881 ullo
2145 4825 2382 4880 facinore
2426 4824 2598 4891 magis
2642 4824 2812 4893 possit
2849 4822 3083 4888 oﬂ'endi;
3127 4822 3194 4877 ad
3233 4823 3564 4894 purgandum

1984 4916 2619 4989 piaculum,quasiullum
2650 4913 2793 4968 aliud
2819 4914 2989 4983 majus
3009 4922 3176 4981 esset;
3208 4914 3273 4968 ad
3289 4930 3563 4970 commen-

1985 5009 2215 5063 dandum
2245 5005 2584 5070 sacriﬁcium,
2608 5005 2761 5073 quasi
2780 5005 2943 5059 ullam
2963 5020 3077 5060 rem
3115 5005 3371 5061 Dominus
3396 5003 3564 5070 magis

1984 5101 2154 5170 possit
2209 5100 2461 5163 horrere;
2512 5095 2579 5151 ad
2615 5095 3026 5166 promerendam
3069 5097 3233 5151 vitam
3283 5103 3558 5154 aeternam,

1469 5189 1806 5244 STEPHANI
1843 5189 2111 5246 BALUZII
2150 5188 2375 5244 NOTAE.

369 5293 395 5321 ι
428 5283 610 5339 Codex
650 5283 886 5338 Colbert.
930 5291 984 5338 et
1013 5290 1221 5337 veteres
1265 5281 1415 5346 edit.,
1464 5281 1874 5344 Sacrameutum.

288 5355 767 5480 Corbeiensis
804 5362 860 5408 et
895 5353 1060 5408 editio
1101 5351 1378 5409 Pithmana
1415 5352 1614 5407 habent
1653 5353 1728 5407 uti
1781 5369 1880 5409 nos

366 5443 380 5480 I
423 5441 578 5480 imus.

267 5427 704 5579 ,ἶόἶτᾱῗξυὲὸᾶθι
731 5493 1090 5551 Corbeiensis.
1123 5494 1461 5550 Colbertiuus
1488 5501 1542 5549 et
1571 5493 1872 5550 editiones:

295 5567 413 5676 Qut?
430 5567 644 5692 milia
692 5635 915 5702 loquens
955 5634 1021 5688 de
1048 5634 1398 5689 Christianis:
1425 5636 1614 5688 Auctor
1642 5636 1873 5689 hominis

2057 5279 2080 5316 ί¹
2114 5281 2238 5335 Hzec
2267 5281 2460 5334 desunt
2501 5280 2553 5334 in
2592 5280 2778 5335 codice
2815 5277 3124 5336 Colbertino
3150 5291 3204 5334 et
3231 5279 3284 5332 in
3314 5274 3562 5330 editioni-

1982 5351 2082 5407 bus
2120 5351 2420 5405 Brassicani
2441 5359 2495 5404 et
2521 5349 2794 5405 Galesinii.

2055 5433 2078 5459 ο
2109 5422 2293 5478 Codex
2343 5421 2503 5476 Corb.
2563 5429 2616 5475 et
2655 5421 2818 5476 editio
2849 5418 3060 5481 Pithmi,
3091 5416 3290 5482 ἀείρεο
3330 5411 3552 5472 Christo.

1980 5491 2140 5557 Male,
2173 5502 2228 5547 ut
2251 5493 2460 5564 Opinor.
2485 5490 2694 5564 Sufficit
2722 5491 2862 5564 enim
2893 5489 3213 5564 alterutram
3237 5482 3425 5564 horum
3456 5503 3556 5564 vo-

1979 5549 2310 5632 cabulorum:
2342 5561 2523 5616 Codex
2552 5561 2892 5632 Colbertiuus
2914 5555 3078 5632 habet
3094 5549 3314 5632 Chij‘sto,
3335 5572 3439 5632 non
3460 5557 3558 5632 ba-

1975 5633 2070 5703 bet
2101 5636 2234 5703 ipso.
2267 5631 2467 5686 Contra
2493 5631 2756 5703 editiones
2780 5621 3082 5703 βγερᾲὶωιιί
3109 5628 3165 5680 et
3182 5620 3437 5690 Galesinii
3462 5627 3554 5687 hl-

295 5709 411 5778 ejns
439 5707 690 5778 Christus,
710 5693 806 5778 qui
839 5703 1037 5756 Tiberio
1084 5706 1402 5778 imperitante
1445 5721 1534 5773 per
1573 5715 1871 5774 procurato—
1976 5693 2272 5776 bent'ipso,
2302 5703 2396 5760 sed
2418 5717 2524 5758 non
2555 5700 2755 5757 habent
2771 5693 2992 5751 Εήήσιο.

296 5773 410 5834 rem
434 5775 679 5835 Pontium
699 5773 928 5830 Pilatum
949 5773 1196 5843 supplic-io
1224 5776 1435 5844 a/Tectus
1455 5783 1585 5831 erat.
1669 5827 1673 5832 .
