4088 6360
533 350 599 411 91
1477 342 1533 398 S.
1574 334 1888 406 SALVMN
1925 329 2386 392 MASSILIENSIS
2423 324 2851 386 PRESBYTERI
3089 363 3092 368 -
3411 337 3430 353 ο
3753 317 3841 382 92

539 464 692 537 quasi
714 477 841 519 vero
867 462 1032 520 etiam
1060 475 1104 516 si
1133 457 1300 530 possit
1323 455 1412 516 bis
1431 455 1593 512 rebus
1613 453 1804 524 accipi,
1824 451 1959 508 tanti
1985 455 2130 508 esset
2155 451 2204 510 Α
2232 445 2578 516 acquieccunt
2605 443 2708 510 legi
2723 449 2777 497 et
2795 440 2972 537 sciunt
2995 438 3326 537 voluntatem
3345 436 3482 508 eius,
3584 441 3843 510 probant

541 533 610 612 ad
630 572 750 611 eam
780 570 877 626 per
893 554 1096 611 scelera
1119 558 1226 604 tam
1256 547 1509 604 immania
1539 539 1830 619 perveniri.
2234 554 2354 610 quae
2383 538 2594 609 potiora
2638 544 2790 601 sunt;
2839 534 2932 604 qui
2960 533 3160 588 habent
3206 533 3436 590 formam
3479 534 3722 592 scientia
3775 544 3842 594 et

614 647 796 704 XVIII.
847 645 1144 713 Intelligere
1193 655 1324 710 ergo
1351 656 1638 711 possumus
1681 647 1775 695 aut
1799 637 1986 709 quales
2013 649 2133 695 esse
2233 633 2477 690 veritatis
2506 631 2562 687 in
2603 631 2752 699 lege;
2793 628 2886 700 qui
2933 626 3226 698 praedicant
3272 642 3380 684 non
3417 626 3726 696 iurandum,
3775 638 3843 687 et

550 740 747 812 pagani
774 736 1096 796 crediderint
1132 732 1487 797 Christianos,
1527 732 1619 800 qui
1638 731 1834 786 talibus
1860 727 2134 785 sacriﬁciis
2235 727 2502 792 furantur;
2527 725 2620 796 qui
2634 724 2818 792 legunt
2841 736 2949 777 non
2969 719 3837 794 mirandumst-amenti”;

547 832 718 888 Deum
756 829 1016 894 colerent,
1046 834 1141 881 aut
1184 825 1402 896 qualem
1429 823 1718 882 sollicitent
1745 823 1912 882 Deum
1940 821 2130 890 ipsum,

545 924 635 994 Qui
674 924 788 978 haec
809 936 963 978 sacra
1004 919 1299 978 docuisset.
1331 917 1400 973 Et
1423 919 1530 974 boc
1554 933 1650 972 cur
1670 917 1780 971 ita?
1817 915 1926 971 Cur
1952 915 2137 985 utique

548 1015 647 1070 nisi
676 1014 744 1069 ob
772 1029 869 1069 eos
888 1013 984 1084 qui
1013 1010 1306 1067 Christiani
1346 1026 1464 1066 esse
1492 1009 1744 1064 dicuntur
1771 1018 1826 1063 et
1853 1025 1961 1064 non
1990 1015 2134 1070 sunt,

545 1110 636 1181 qui
659 1124 757 1179 per
785 1104 988 1177 ﬂagitia
1019 1121 1085 1162 ac
1113 1104 1471 1175 turpitudines
1502 1118 1629 1160 suas
1650 1117 1847 1158 nomen
1867 1100 2139 1170 religionis

547 1200 829 1265 infamant,
861 1198 974 1268 qui,
1003 1205 1062 1254 ut
1087 1197 1344 1267 scriptum
1371 1203 1483 1261 est,
1513 1211 1602 1250 ore
1642 1196 1871 1265 fatentur
1908 1210 1963 1247 se
1990 1209 2142 1248 nosse

547 1291 733 1358 Deum,
759 1293 914 1362 factis
932 1299 1106 1352 cum
1120 1298 1331 1362 negant,
1353 1305 1468 1343 cum
1485 1289 1592 1344 sint
1613 1286 1978 1342 abominabiles
1991 1293 2043 1340 et
2053 1287 2138 1340 in-

549 1383 765 1450 creduli,
796 1382 867 1437 ad
890 1399 1038 1440 omne
1055 1390 1227 1438 autem
1252 1397 1378 1452 opus
1401 1379 1588 1436 bonum
1606 1379 1809 1450 reprobi
1833 1377 1959 1448 (Tit.
1975 1393 2010 1444 r,
2027 1375 2138 1446 16.),

552 1493 645 1545 per
687 1490 835 1545 quos,
870 1482 930 1530 ut
966 1474 1213 1542 legimus,
1245 1475 1328 1528 uia
1372 1475 1600 1528 veritatis
1631 1471 2012 1542 blasphematur
2059 1468 2142 1540 (ll

552 1564 700 1620 Petr.
733 1581 790 1629 rr,
821 1564 899 1636 ‘2),
944 1572 1002 1620 et
1025 1572 1427 1622 sacrosanctum
1459 1564 1670 1619 Domini
1708 1563 1805 1618 Dei
1833 1578 2029 1617 nomen
2051 1575 2142 1616 sa-

2235 823 2328 892 qui
2371 823 2427 877 in
2456 821 2574 888 lege
2600 818 2918 888 gloriantur,
2951 825 3008 872 et
3035 831 3132 886 per
3157 816 3656 886 morientia-sm
3688 817 3842 886 legis

2237 917 2406 971 Deum
2448 915 2558 985 oo
2595 913 2926 968 inhonorant
2962 909 3141 981 (Rom.
3173 925 3228 972 η,
3269 910 3354 976 Π,
3381 911 3570 983 ιαμ).
3603 909 3673 965 Et
3702 911 3841 968 ideo

2239 1007 2344 1062 hoc
2362 1006 2481 1077 ipso
2501 1002 2796 1059 Christiani
2818 1001 3118 1058 deteriores
3135 1010 3281 1067 sunt,
3304 1002 3397 1071 qui
3423 1001 3679 1058 meliores
3707 1016 3843 1059 esse

2237 1097 2520 1154 deberent.
2547 1093 2664 1150 Non
2686 1094 2830 1149 enim
2856 1093 3092 1164 probant
3118 1092 3264 1162 quod
3283 1092 3624 1164 proﬁtentur,
3648 1103 3705 1149 α
3731 1094 3845 1149 im.

2239 1196 2484 1260 pugnant
2531 1186 2928 1257 professionem
2975 1199 3126 1240 mam
3173 1185 3413 1246 moribus
3458 1186 3614 1240 suis:
3659 1185 3844 1256 mags

2243 1283 2388 1338 enim
2436 1278 2758 1336 damnabilis
2799 1286 2884 1332 est
2921 1277 3127 1332 malitia
3165 1291 3328 1345 quam
3353 1277 3545 1331 titulus
3575 1275 3848 1334 bonitatis

2244 1383 2478 1440 accusat,
2509 1382 2566 1429 et
2589 1379 2774 1427 reatus
2803 1370 2950 1440 impii
2971 1369 3217 1440 estpium
3243 1384 3464 1425 nomen.
3490 1367 3644 1424 Unde
3669 1370 3845 1425 etiam

2241 1468 2497 1523 Salvator
2533 1467 2589 1520 in
2618 1463 2942 1534 Apocalypsi
2965 1462 3033 1517 ad
3056 1461 3293 1532 tepidum
3321 1461 3684 1516 Christianum
3709 1463 3792 1516 ait
3825 1480 3841 1515 :

2252 1557 2465 1613 Utinam
2512 1566 2603 1609 aut
2650 1555 2847 1610 calidus
2891 1570 3028 1610 esses
3060 1562 3150 1606 aut
3179 1553 3431 1624 frigidas!
3460 1550 3616 1606 Nunc
3645 1563 3847 1620 autem,

552 1655 873 1724 crilegorum
927 1656 1206 1714 hominum
1241 1654 1619 1711 maledic-sione
1663 1654 1918 1710 violatur.
1970 1654 2144 1720 Quam

2263 1651 2368 1720 yuia
2391 1647 2592 1718 tepidus
2616 1663 2689 1711 es,
2719 1645 2968 1715 incipiam
2997 1653 3046 1697 to
3066 1657 3297 1698 women
3315 1659 3382 1698 ea:
3399 1660 3490 1697 ore
3514 1660 3630 1699 meo
3651 1645 3844 1715 (Apoc.

552 1746 733 1818 gravis
761 1753 944 1802 autern
985 1762 1050 1802 ac
1085 1746 1376 1815 singularis
1404 1746 1600 1815 piaculi
1625 1743 1827 1801 malum
1854 1747 1925 1801 sit
1951 1760 2146 1800 nomen
2251 1756 2327 1805 ur,
2361 1737 2449 1802 i5,
2483 1737 2605 1807 l6).
2649 1735 2876 1790 Omnem
2920 1732 3286 1790 Christianum
3339 1734 3599 1790 Dominus
3635 1735 3742 1791 fide
3782 1749 3847 1792 ae

557 1835 864 1892 Divinitatis
888 1837 943 1892 in
974 1837 1371 1907 blasphemiam
1398 1838 1642 1904 gentium
1669 1837 1821 1903 dare,
1847 1837 2009 1891 etiam
2039 1837 2147 1891 Da~
2177 1837 2226 1898 Β
2251 1832 2444 1902 spiritu
2464 1829 2618 1900 jubet
2646 1842 2767 1884 esse
2788 1827 3108 1890 ferventem.
3138 1825 3232 1882 Sic
3259 1826 3403 1881 enim
3430 1826 3690 1897 scriptum
3718 1833 3806 1881 est
3831 1844 3847 1880 :

555 1926 647 1981 vid
999 1927 1294 1984 edoeemur
1323 1928 1589 1996 exemplo,
1622 1929 1714 1997 qui
1744 1943 1866 1983 cum
1899 1926 2152 1996 suﬁ'ragio
2257 1923 2325 1978 Ut
2345 1926 2505 1977 simus
2535 1922 2721 1992 spiritu
2757 1923 3042 1984 ferventes,
3071 1917 3296 1973 Domino
3343 1920 3616 1973 sentientes
3644 1919 3665 1992 (
3689 1917 3848 1975 Rom.

555 2016 880 2090 justitiarum
929 2033 1148 2076 suarum
1177 2026 1436 2073 aeternam
1475 2033 1576 2088 pro
1613 2019 1998 2075 oll‘ensionibus
2043 2019 2154 2075 suis
2257 2033 2349 2081 xu,
2368 2015 2554 2083 ll).ln
2579 2014 2682 2069 hoc
2705 2023 2835 2081 ergo
2854 2011 3070 2066 fervore
3085 2011 3306 2082 spiritus
3332 2008 3452 2065 ﬁdei
3475 2011 3737 2079 religiosa:
3767 2024 3848 2066 arb

559 2123 779 2181 poenam
805 2124 904 2180 per
933 2125 1094 2165 unam
1114 2116 1325 2164 tantum
1347 2109 1740 2167 confessionem
1761 2112 2017 2166 meruerit
2034 2125 2156 2166 eva-

558 2199 708 2266 dere,
731 2199 893 2270 bujus
912 2208 1095 2256 tamen
1119 2201 1359 2258 criminis
1387 2202 1597 2256 veniam
1631 2217 1732 2258 nec
1759 2218 1856 2272 per
1883 2203 2151 2272 poeniten-

559 2292 692 2348 tiam
718 2293 1148 2363 patrocinantem
1192 2295 1368 2364 potuit
1397 2295 1710 2364 impetrare.
1757 2295 1889 2348 Nam
1940 2310 2062 2350 cum
2101 2295 2154 2352 ei

557 2398 773 2441 errores
799 2385 1050 2458 proprios
1075 2385 1357 2448 conﬁtenti
1381 2385 1592 2440 Nathan
1612 2387 1878 2455 propheta
1896 2386 2150 2441 dixisset:

561 2474 850 2532 Transtulit
869 2475 1014 2531 Deus
1041 2485 1307 2547 peccatum
1323 2485 1463 2530 tuum
1481 2493 1498 2530 :
1516 2477 1620 2531 non
1636 2479 1892 2542 morieris,
1922 2476 2157 2532 subdidit

559 2568 743 2624 statim
773 2585 787 2622 :
840 2568 1207 2623 Verumtamen
1241 2570 1365 2640 quia
1384 2566 1746 2639 blasphemare
1783 2570 1951 2640 fecisti
1978 2569 2155 2623 inimi-

560 2676 647 2716 cos
667 2658 884 2716 Domini
922 2669 1133 2731 propter
1160 2658 1366 2713 verbum
1396 2659 1523 2724 hoc,
1555 2657 1697 2729 ﬁlius
1720 2659 1806 2730 qui
1826 2675 1893 2713 ea:
1920 2667 1968 2712 te
2006 2668 2157 2714 natals

562 2759 638 2805 est
662 2752 911 2825 morietur
935 2749 1008 2821 (ll
1039 2749 1169 2823 Reg.
1201 2767 1296 2817 xu,
1323 2749 1410 2815 15,
1444 2748 1554 2820 Η).
1588 2748 1655 2804 Et
1685 2749 1812 2819 quid
1845 2759 1967 2820 post
2003 2751 2160 2807 haec?

564 2843 824 2916 Deposito
869 2845 1076 2902 scilicet
1119 2843 1448 2909 diademate,
1481 2844 1739 2916 projectis
1770 2845 1885 2915 39
1909 2845 2156 2911 gemmis,

563 2937 740 2992 exutis
783 2938 1053 3008 purpuris,
1085 2945 1110 2974 ι
1141 2946 1353 2993 remoto
1377 2937 1528 2992 omni
1552 2935 1839 3006 splendore
1874 2936 2034 3005 regite
2079 2937 2161 2991 di-

565 3027 804 3096 gnitatis,
829 3043 951 3082 cum
979 3043 1078 3098 pro
1100 3028 1182 3083 his
1201 3028 1452 3084 omnibus
1471 3029 1761 3093 solitarius,
1783 3043 2024 3097 gemens,
2047 3029 2163 3084 elu-

569 3134 683 3184 sus,
715 3134 876 3176 sacco
924 3119 1217 3190 squalidus,
1249 3118 1374 3176 ﬂetu
1403 3121 1678 3187 madidus,
1707 3122 1888 3178 cinere
1915 3121 2162 3178 sordida-

2253 2109 2356 2164 dor
2385 2106 2706 2172 ostenditur,
2736 2105 2804 2161 de
2843 2119 2955 2174 quo
2998 2104 3191 2159 ardore
3217 2105 3309 2173 qui
3337 2103 3632 2174 plurimum
3663 2104 3845 2171 habet,

2257 2193 2471 2255 fervens
2499 2213 2619 2254 esse
2646 2197 2959 2265 agnoscitur
2988 2195 3188 2262 ﬁdelis;
3221 2196 3313 2265 qui
3343 2196 3475 2250 nihil
3501 2197 3724 2252 omnino
3753 2195 3849 2250 ha-

2254 2293 2366 2356 bet,
2391 2289 2615 2358 frigidus
2637 2304 2759 2344 esse
2779 2288 3100 2356 intelligitur
3121 2295 3176 2342 et
3200 2302 3471 2358 paganus;
3494 2289 3586 2358 qui
3610 2303 3752 2343 vero“
3767 2287 3850 2344 in~

2255 2390 2340 2436 ter
2366 2389 2658 2450 utrumque
2687 2380 2775 2434 vel
2796 2387 3046 2433 neutrum
3077 2387 3186 2444 est,
3221 2379 3432 2450 tepidus
3459 2388 3620 2448 atque
3647 2394 3853 2436 exosus

2258 2483 2343 2530 est
2376 2474 2609 2529 Domino
2635 2471 2976 2528 Christianus
3005 2489 3018 2523 :
3070 2479 3126 2526 et
3161 2472 3285 2528 ideo
3331 2471 3399 2527 ad
3441 2487 3563 2527 eum
3611 2472 3852 2528 dicitur:

2263 2567 2478 2622 Utinam
2521 2575 2609 2620 aut
2653 2565 2852 2620 calidus
2879 2580 3015 2618 esses
3043 2572 3134 2617 aut
3180 2564 3432 2635 frigidus!
3460 2561 3616 2617 Nunc
3659 2573 3852 2630 autem,

2260 2662 2382 2732 quia
2406 2658 2608 2730 tepidus
2635 2673 2707 2723 es,
3036 2665 3084 2711 te
3121 2671 3435 2710 eromereex
3463 2656 3854 2720 oremeo;boe

2259 2763 2346 2811 est
2367 2755 2554 2810 dicere
2587 2771 2599 2806 :
2625 2751 2840 2808 Utinam
2869 2758 2966 2806 aut
2985 2751 3221 2807 calorem
3247 2761 3303 2807 et
3330 2751 3488 2807 fidem
3515 2752 3738 2809 haberes
3761 2752 3853 2808 bo-

2261 2861 2455 2904 norum
2480 2846 2942 2910 Christianorum,
2968 2854 3062 2900 aut
3114 2853 3262 2901 certe
3308 2843 3473 2915 frigus
3507 2854 3562 2901 et
3601 2845 3856 2914 ignoran-

2261 2943 2390 2996 tiam
2419 2941 2788 3012 paganorum!
2824 2941 2930 2994 Aut
2978 2939 3122 2995 enim
3160 2935 3290 2995 ﬁdes
3337 2948 3392 2995 te
3438 2940 3611 2995 calida
3639 2939 3750 2995 Deo
3777 2939 3855 2996 in-

2261 3036 2522 3100 sinuaret,
2583 3043 2675 3088 aut
2730 3042 2878 3088 certe
2935 3032 3002 3087 ad
3056 3045 3292 3104 praesens
3320 3032 3493 3089 adhuc
3529 3033 3664 3102 legis
3708 3035 3856 3104 igno-

2267 3126 2441 3181 rantia
2498 3125 2838 3194 aliquatenus
2899 3133 3205 3180 excusaret.
3272 3124 3424 3180 Nunc
3491 3125 3856 3196 autem-quia

573 3221 689 3280 tus,
720 3213 886 3267 vitam
919 3212 1134 3284 parvuli
1182 3212 1265 3268 sui
1293 3219 1376 3267 tot
1402 3212 1848 3269 lamentationum
1894 3211 2160 3284 suﬁ‘ragiis
2183 3221 2230 3284 ρ
2259 3216 2531 3273 Christum
2567 3217 2677 3286 jam
2735 3216 3018 3284 agnovisti,
3069 3224 3124 3271 et
3176 3215 3403 3285 negligis
3430 3232 3592 3286 quem
3631 3218 3855 3286 agnovi-

571 3312 796 3378 peteret.
829 3312 884 3363 et
911 3305 1215 3376 piissimum
1244 3305 1413 3362 Deum
1449 3313 1597 3361 tanta
1617 3321 1840 3376 precum
1869 3307 2162 3360 ambitione

570 3400 828 3472 pulsaret,
861 3400 942 3456 sic
980 3413 1179 3469 rogans
1208 3406 1264 3457 et
1313 3399 1606 3455 obsecrans
1643 3401 1889 3456 obtinere
1932 3415 2039 3454 non
2064 3414 2164 3469 po-

573 3492 706 3558 tuit;
729 3507 850 3548 eum
874 3501 1076 3560 tatuen,
1108 3492 1258 3562 quod
1285 3493 1636 3549 fortissimum
1664 3495 1972 3564 petentibus
2006 3493 2164 3563 adju-

573 3589 812 3638 mentum
839 3593 940 3650 est,
963 3582 1379 3655 impetraturum
1406 3601 1467 3641 se
1487 3585 1641 3655 quod
1669 3587 1746 3642 sic
1768 3601 1800 3641 a
1825 3585 1937 3642 Dee
1957 3594 2168 3656 peteret

574 3673 908 3731 credidisset.
940 3675 1023 3732 Ex
1060 3691 1169 3746 quo
1196 3677 1424 3746 intelligi
1452 3687 1634 3748 potest
1672 3679 1818 3748 quod
1844 3681 2046 3735 nullum
2066 3695 2167 3750 pe-

573 3766 719 3823 nitus
750 3766 975 3836 majoris
998 3767 1197 3838 piaculi
1215 3768 1419 3824 crimen
1443 3777 1545 3834 est,
1575 3785 1737 3840 quam
1769 3771 2170 3842 blasphemandi

575 3873 790 3916 causam
828 3861 1079 3929 gentibus
1129 3859 1280 3917 dare.
1327 3859 1664 3932 Quicumque
1699 3863 1844 3918 enim
1872 3865 1987 3919 sine
2027 3865 2170 3921 blas-

580 3949 793 4020 phemia
813 3951 1048 4009 aliorum
1075 3953 1316 4021 graviter
1341 3955 1622 4020 erraverit,
1653 3954 1755 4010 sibi
1786 3964 1989 4010 tantum
2018 3955 2174 4012 affert

577 4045 1001 4103 damnationem.
1045 4046 1147 4112 Qui
1173 4055 1356 4102 autem
1391 4048 1527 4104 alios
1554 4047 1934 4119 blasphemare
1961 4048 2170 4114 fecerit,

579 4137 779 4192 multos
799 4151 983 4192 secum
1009 4137 1314 4206 praecith
1339 4138 1393 4192 in
1421 4148 1652 4193 mortem
1672 4180 1686 4204 ,
1723 4148 1778 4192 et
1808 4154 2029 4194 necesse
2068 4140 2175 4195 erit

583 4234 642 4282 ut
664 4228 736 4282 sit
762 4230 862 4296 pro
889 4227 1058 4282 tantis
1077 4241 1204 4282 reus
1228 4236 1460 4295 quantos
1489 4245 1673 4284 secum
1702 4229 1927 4284 traxerit
1954 4231 2008 4283 in
2048 4245 2173 4284 rea-

583 4326 717 4374 tum.
770 4317 881 4374 Nec
921 4318 1105 4374 solum
1155 4319 1280 4384 hoc,
1328 4319 1425 4374 sed
1450 4320 1775 4390 quicumque
1803 4329 2056 4390 peccator
2101 4323 2174 4376 ita

583 4415 771 4479 peccat
802 4415 862 4464 ut
888 4409 1025 4464 alios
1068 4416 1244 4463 tamen
1275 4417 1502 4479 peccato
1535 4425 1636 4465 suo
1660 4409 2036 4480 blasphemare
2067 4426 2174 4466 non

584 4501 769 4565 faciat,
799 4508 1080 4570 peccatum
1101 4517 1260 4557 suum
1298 4503 1400 4574 ipsi
1437 4503 1595 4558 obest
1621 4493 1995 4560 tantummodo
2033 4507 2177 4576 quod

2261 3309 2350 3374 sti,
2400 3310 2492 3378 qui
2545 3314 2828 3378 susceptus
2880 3323 2939 3363 es
2992 3307 3145 3378 quasi
3197 3309 3338 3364 intra
3379 3326 3442 3364 os
3479 3310 3575 3366 Dei
3618 3325 3712 3381 per
3735 3307 3857 3365 ﬁdei

2265 3401 2613 3470 agnitionem,
2636 3399 2942 3471 projicieris
2991 3413 3090 3470 per
3123 3409 3398 3472 teporem;
3431 3401 3578 3470 quod
3629 3400 3852 3471 quidem

2264 3491 2430 3546 etiam
2479 3492 2672 3546 beatus
2727 3490 3006 3560 apostolus
3053 3488 3246 3546 Petrus
3286 3491 3564 3548 evidenter
3612 3494 3861 3564 exposuit

2265 3581 2453 3637 dicens
2481 3582 2549 3637 de
2578 3583 2786 3638 vitiosis
2825 3597 2888 3638 ac
2911 3581 3130 3653 tepidis,
3177 3580 3229 3637 id
3258 3592 3360 3649 est,
3389 3585 3531 3640 male
3560 3586 3863 3642 viventibus

2262 3674 2592 3729 Christianis
2621 3692 2636 3726 :
2670 3673 2856 3728 Melius
2876 3683 2990 3728 erat
3015 3673 3122 3729 illis
3147 3689 3252 3729 non
3275 3690 3578 3746 cognouere
3600 3678 3864 3732 veritatem

2270 3784 2422 3838 quam
2469 3768 2891 3838 cognoscentibus
2921 3776 3207 3822 retrorsum
3253 3768 3445 3837 reﬂecti
3475 3787 3507 3822 a
3535 3769 3725 3825 tradito
3763 3768 3865 3824 sibi

2274 3858 2536 3911 mandato.
2563 3857 2792 3929 Contigit
2809 3858 2914 3912 illis
2936 3875 3019 3913 res
3048 3860 3151 3913 veri
3174 3860 3424 3930 proverbii
3451 3877 3470 3913 τ
3503 3859 3658 3914 Canis
3687 3879 3864 3916 rever-

2272 3967 2357 4004 sus
2387 3950 2456 4003 ad
2473 3966 2622 4005 suum
2645 3951 2904 4014 vomitum,
2929 3961 2979 4004 et
3002 3967 3090 4006 sus
3119 3952 3224 4005 lota
3248 3950 3275 3990 δ
3299 3953 3351 4006 in
3372 3949 3629 4005 volutabra
3658 3953 3755 4005 (uti
3784 3952 3869 4022 (ll

2265 4036 2417 4096 ‘Petr.
2449 4059 2505 4106 ιι,
2532 4040 2619 4107 Si,
2651 4040 2721 4094 22
2744 4041 2782 4111 ).
2829 4041 2982 4108 Quod
3030 4052 3090 4097 ut
3134 4042 3406 4098 evidenter
3431 4039 3496 4095 de
3523 4040 3607 4095 his
3649 4041 3867 4098 dictum

2273 4135 2378 4205 91
2412 4135 2774 4202 intelligamus
2801 4135 2893 4203 qui
2930 4135 3030 4189 sub
3065 4133 3369 4190 Christiano
3409 4133 3625 4188 nomine
3653 4133 3709 4188 in
3736 4148 3865 4189 sor-

2277 4225 2434 4280 dibus
2459 4225 2648 4280 mundi
2696 4235 2860 4295 atque
2901 4227 3299 4297 impuritat‘ibus
3342 4225 3552 4292 vivunt,
3581 4223 3704 4280 audi
3731 4226 3866 4295 quid

2277 4315 2344 4370 de
2373 4316 2576 4372 eisdem
2598 4317 2653 4371 in
2683 4317 2875 4373 eodem
2912 4319 3031 4374 loco
3060 4317 3205 4374 dicat
3239 4337 3250 4372 :
3295 4319 3354 4374 Si
3378 4321 3534 4385 enim,
3564 4319 3752 4388 inquit,
3778 4336 3864 4372 re-

2279 4410 2534 4480 fugientes
2554 4412 2993 4482 coinqm‘nationes
3019 4412 3194 4466 mundi
3221 4413 3274 4466 in
3305 4411 3617 4484 agnitionem
3656 4409 3866 4466 Domini

2281 4501 2443 4554 nostri
2463 4510 2513 4554 et
2540 4503 2911 4556 conservatoris
2935 4501 3058 4556 Jesu
3079 4501 3288 4568 Christi,
3313 4503 3394 4556 his
3425 4519 3602 4557 rursus
3627 4502 3867 4574 impliciti

586 4595 916 4663 peccaverit,
944 4605 1348 4652 sacrosanctum
1377 4605 1554 4652 autem
1587 4599 1682 4653 Dei
1702 4614 1896 4655 nomen
1917 4602 2175 4672 sacrilega
2202 4605 2257 4668 ι)
2275 4603 2608 4666 superantur,
2645 4597 2784 4666 facta
2804 4606 2924 4648 sunt
2950 4594 3056 4650 illis
3095 4597 3372 4650 norissima
3400 4595 3579 4668 pejora
3607 4594 3869 4667 prioribus

589 4682 1079 4754 blasphemantium
1122 4686 1500 4743 maledictione
1547 4703 1655 4744 non
1704 4689 1863 4744 laedit.
1909 4692 2010 4759 Qui
2049 4707 2177 4748 vero

588 4774 958 4846 blasphemare
984 4778 1122 4834 alios
1138 4793 1370 4850 peccans
1397 4779 1606 4848 fecerit,
1629 4795 1850 4837 necesse
1879 4793 1964 4838 est
1984 4800 2175 4854 pecca-

592 4872 706 4920 tum
735 4865 891 4936 hujus
925 4883 1086 4939 supra
1123 4870 1363 4926 criminis
1408 4872 1628 4928 humani
1671 4887 1790 4928 esse
1834 4887 2174 4943 mensuram,

591 4955 720 5025 quia
746 4971 844 5027 per
871 4958 1110 5015 convicia
1130 4960 1485 5030 plurimorum
1512 4961 1940 5018 inmstimabilern
1968 4964 2079 5021 Deo
2109 4965 2180 5022 fa-

592 5047 668 5102 cit
695 5047 964 5115 injuriam.

664 5136 806 5192 XIX.
845 5137 963 5194 Hoc
990 5147 1190 5204 autem,
1212 5147 1276 5196 ut
1293 5140 1426 5205 dixi,
1454 5143 1655 5197 malum
1677 5145 2021 5215 peculiariter
2057 5155 2179 5204 tan-

592 5238 707 5285 tum
744 5229 1171 5286 Christianorum
1210 5241 1311 5298 est,
1355 5235 1478 5305 quia
1529 5251 1625 5306 per
1666 5251 1761 5293 eos
1805 5241 2182 5296 tantummodo

593 5323 994 5395 blasphematur
1011 5323 1173 5390 Deus,
1195 5325 1455 5393 qui‘bona
1476 5326 1690 5383 discunt
1706 5337 1764 5384 et
1787 5332 1928 5385 mala
1951 5331 2179 5397 faciunt;

596 5415 706 5480 qui,
733 5423 792 5470 ut
817 5415 1078 5486 scriptum
1116 5425 1229 5480 est,
1267 5417 1434 5473 Deum
1464 5420 1640 5476 verbis
1668 5421 1991 5477 conﬁtentur
2017 5430 2074 5477 et
2101 5423 2181 5477 fa-

2282 4687 2299 4753 (
2318 4687 2362 4741 lI
2383 4685 2526 4741 Petr.
2560 4703 2614 4752 u,
2645 4686 2770 4757 20).
2815 4686 2970 4752 Quod
2995 4686 3209 4756 quidem
3258 4693 3312 4741 et
3358 4687 3549 4742 beatus
3590 4687 3871 4758 apostolus

2279 4780 2479 4836 Paulus
2503 4781 2558 4835 in
2579 4780 2826 4835 eumdem
2854 4779 3070 4834 modum
3098 4780 3227 4835 dicit
3259 4799 3271 4833 :
3306 4782 3636 4836 Circumcisio
3661 4779 3870 4853 “quidem

2281 4873 2508 4944 prodest,
2538 4875 2582 4928 si
2605 4875 2764 4945 legem
2792 4869 3072 4948 custodias.
3117 4873 3177 4930 Si
3205 4884 3373 4929 autem
3401 4875 3768 4946 praevaricator
3793 4871 3874 4927 le-

2281 4969 2358 5040 gis
2379 4970 2470 5032 sis,
2504 4968 2824 5021 circumcisio
2863 4973 2950 5020 tua
2990 4969 3297 5038 prtcputium
3325 4968 3463 5040 facta
3489 4973 3564 5021 est
3594 4957 3781 5036 (Rom.
3807 4980 3870 5032 α,

2282 5058 2408 5129 25).
2439 5058 2913 5114 Circumcisionem
2949 5067 3129 5116 autem
3165 5054 3622 5116 Christianitatem
3669 5051 3874 5114 intelli-

2285 5152 2513 5223 gendam
2544 5152 2657 5222 ipse
2701 5152 3096 5209 evidentissima
3141 5153 3300 5210 docet
3328 5154 3511 5210 dicens
3542 5172 3554 5207 :
3598 5137 3713 5210 Nos
3733 5153 3874 5208 enim

2285 5261 2458 5299 sumus
2481 5245 2820 5311 circumcisio,
2849 5247 2935 5316 qui
2972 5247 3156 5316 spiritu
3174 5246 3283 5302 Deo
3326 5249 3592 5312 servimus,
3613 5257 3663 5300 et
3681 5263 3784 5301 non
3811 5247 3871 5300 in

2289 5352 2445 5389 carne
2468 5336 2772 5406 confidimus
2801 5333 3054 5408 (Philipp.
3071 5354 3147 5403 ur,
3171 5339 3244 5408 5).
3278 5338 3354 5394 Ac
3377 5355 3474 5409 per
3500 5339 3602 5394 hoc
3623 5337 3874 5393 videmus

2289 5423 2434 5494 quod
2462 5424 2632 5479 malos
2659 5424 2994 5482 Christianos
3021 5429 3244 5498 paganis
3273 5437 3580 5500 comparat;
3609 5445 3712 5485 nec
3727 5443 3877 5484 eom-

605 5505 704 5560 Ctis
731 5514 927 5577 negant
963 5503 1111 5579 (Tit.
1137 5525 1174 5577 ι,
1210 5507 1337 5580 l6);
1368 5511 1479 5580 qui,
1511 5519 1570 5566 ut
1598 5511 1737 5567 idem
1782 5513 2059 5582 apostolus
2085 5514 2180 5580 ait,
2293 5521 2448 5585 parat
2471 5522 2702 5583 tantum,
2731 5516 2828 5572 sed
2851 5531 2993 5588 pene
3031 5519 3324 5590 postponit,
3347 5519 3529 5578 dicens
3559 5538 3572 5575 :
3606 5519 3669 5577 Si
3701 5529 3878 5578 autem

1786 5626 2124 5682 STEPHANI
2164 5627 2432 5687 BALUZII
2470 5629 2696 5686 NOTE.
2917 5625 2922 5630 ’

677 5715 702 5785 ξ
732 5704 1006 5785 Editiones
1030 5716 1331 5775 Brassicani
1361 5728 1416 5774 et
1444 5718 1697 5773 Galesinii
1715 5758 1731 5785 ,
1771 5717 1986 5774 Remota
2014 5722 2180 5775 omnis

604 5779 894 5850 splendoris
915 5787 1056 5854 regia
1077 5787 1343 5858 dignitate.
1363 5789 1619 5856 Pithoeus,
1645 5779 1842 5844 rentota
1863 5792 2002 5844 omni
2021 5791 2185 5863 splen-

2289 5723 2426 5776 doris
2453 5725 2579 5778 reaii
2601 5724 2869 5778 dianitate.

2364 5794 2388 5830 δ
2418 5793 2603 5850 Codex
2635 5793 2897 5860 Colbert.,
2930 5797 3072 5852 cani.
