4088 6360
3313 197 3456 206 ...ια-..μ

298 280 369 336 95
1363 275 1454 330 DE:
1485 276 2012 333 GUBERNATIONE
2051 278 2161 332 DE
2197 278 2326 336 ιιι.
3199 301 3202 306 ‘
3489 284 3560 344 Μ

294 397 601 468 praeputium
638 396 867 467 justitias
916 395 1040 466 legis
1068 391 1340 459 custodiat,
1367 411 1537 449 nonne
1574 395 1877 465 pra-:pntium
1903 399 1950 458 Α
1982 393 2159 461 (Rom.
2187 405 2263 460 tv,
2291 392 2418 466 15).
2467 373 2547 451 Ac
2563 409 2662 466 per
2700 395 2806 451 hoc
2842 393 2888 450 si
2923 408 3032 451 non
3082 393 3500 466 pravaricantur
3523 411 3556 451 a

291 488 436 543 illius
468 489 522 541 in
565 488 998 542 circumcisionem
1037 486 1392 557 reputabitur?
1427 483 1494 540 Et
1524 485 1778 556 juditabit
1824 486 1881 540 id

295 580 434 654 quod
460 597 527 635 ea:
547 589 735 634 nautra
767 589 844 634 est
867 581 1192 652 prwputium,
1225 581 1382 651 legem
1420 594 1808 644 consummans,
1834 589 1882 634 te

294 673 383 744 qui
410 687 500 742 per
528 671 752 726 litteram
777 679 829 724 et
870 671 1304 726 circumcisionem
1341 671 1708 740 prmaricator
1755 670 1880 742 legis

289 779 347 817 es
369 761 547 834 (Rom.
571 775 629 828 ιι,
649 760 738 828 26,
765 759 890 832 27).
923 761 1000 818 Ac
1016 777 1117 831 per
1137 764 1239 817 hoc
1260 760 1620 829 intelligimus,
1642 769 1698 815 ut
1717 775 1878 830 supra

292 854 426 918 dixi,
458 845 835 922 culpabilium
861 863 960 908 nos
988 854 1158 908 multo
1187 868 1322 917 esse,
1353 853 1444 922 qui
1471 852 1642 920 legem
1671 853 1766 908 Dei
1790 853 1878 908 ha-

292 943 484 1000 bemus
509 952 564 1000 et
589 947 911 1014 spernimus,
928 959 1092 1015 quam
1109 945 1229 1002 illos
1247 946 1339 1016 qui
1360 963 1459 1003 nec
1487 947 1687 1003 habent
1703 945 1877 1003 omni-

291 1051 366 1092 no
394 1049 497 1092 nec
524 1043 743 1091 norunt.
791 1037 962 1092 Nemo
991 1038 1132 1093 enim
1179 1039 1356 1109 ignota
1395 1041 1710 1096 contemnit.
1743 1039 1878 1094 Con—

283 1123 660 1195 apiscena'am
689 1128 874 1198 quippe
899 1127 1208 1192 nesciebam,
1239 1127 1528 1198 Apostolus
1561 1129 1748 1198 inquit,
1777 1129 1880 1184 nisi

290 1215 376 1268 lea:
401 1214 593 1278 diceret
636 1232 655 1270 :
696 1215 823 1271 Non
867 1221 1188 1289 concupisces
1238 1217 1412 1290 (Rom.
1445 1236 1536 1281 vn,
1584 1220 1666 1289 7).
1694 1218 1878 1288 Neque

289 1304 438 1358 enim
457 1305 878 1374 pravaricantur
903 1322 935 1362 a
965 1309 1081 1377 lege
1108 1323 1269 1379 quam
1300 1325 1411 1364 non
1452 1310 1651 1365 habent
1683 1329 1696 1363 :
1731 1313 1872 1381 quia,

291 1406 358 1452 ut
402 1398 658 1469 sta-ipsum
683 1408 792 1464 est,
827 1399 926 1456 Ubi
971 1415 1076 1456 non
1122 1413 1199 1456 est
1235 1403 1346 1466 lex,
1389 1419 1480 1456 nec
1521 1405 1876 1474 prtevaricatio

455 1515 525 1549 ,,
641 1515 882 1549 .._,,_

1980 487 2099 554 lege
2127 500 2288 554 quam
2319 501 2428 541 non
2457 483 2678 550 habent,
2727 499 2858 554 ergo
2903 500 3002 540 nec
3039 493 3388 540 contemnunt
3424 485 3558 556 legis

1981 579 2111 633 scita
2153 592 2272 646 quae
2304 592 2409 632 non
2459 576 2658 632 habent
2690 596 2702 630 :
2742 577 2867 647 quia
2920 575 3106 642 nemo,
3137 586 3195 634 ut
3220 576 3352 642 dixi,
3378 585 3557 648 potest

1981 670 2256 740 despicere
2283 669 2426 739 quod
2454 670 2646 726 nescit.
2671 669 2779 725 Nos
2806 685 2936 741 ergo
2957 680 3014 726 et
3043 678 3440 742 contemptores
3458 687 3555 743 ps-

1984 761 2113 815 riter
2141 769 2194 814 et
2221 761 2655 831 praevaricatores
2700 777 2902 824 sumus,
2935 778 3000 818 ac
3043 777 3142 832 per
3182 763 3284 818 hoc
3333 763 3554 834 paganis

1982 852 2298 918 deteriores,
2327 854 2449 922 quia
2480 853 2554 908 illi
2577 868 2683 909 non
2714 863 2909 909 norunt
2929 854 3023 910 Dei
3044 855 3314 923 mandata,
3345 871 3445 914 nos
3465 872 3557 914 no-

1987 946 2156 1002 vimus
2185 963 2198 1013 ;
2232 945 2306 1000 illi
2337 961 2399 999 ea
2431 961 2536 1001 non
2575 946 2792 1011 habent,
2833 961 2932 1004 nos
2972 945 3263 1014 habemus;
3295 948 3371 1005 illi
3401 949 3553 1006 inau-

1982 1035 2091 1093 dita
2135 1054 2244 1094 non
2275 1037 2496 1101 iaciunt,
2530 1053 2631 1094 nos
2668 1039 2806 1094 lecta
2835 1039 3122 1095 calcamus.
3166 1038 3234 1094 Et
3267 1041 3388 1097 ideo
3418 1041 3557 1114 apud

1985 1129 2106 1185 illos
2145 1131 2446 1200 ignorantia
2495 1139 2595 1194 est,
2646 1129 2787 1201 apud
2834 1146 2934 1186 nos
2977 1131 3378 1201 praevaricatio;
3433 1133 3556 1204 quia

1986 1222 2210 1276 minoris
2253 1222 2493 1279 criminis
2548 1232 2728 1280 reatus
2781 1231 2865 1280 est
2917 1223 3091 1293 legem
3134 1223 3346 1280 nescire
3399 1239 3558 1296 quam

1982 1329 2256 1384 spernere.

1279 1633 1752 1744 LIBER
1840 1635 2572 1763 QUINTUS.

1571 1829 2290 1858 *-

364 1957 473 2031 9,
501 1955 542 2012 l.
569 1955 696 2014 Scio
737 1921 1132 2014 inﬁdelissimos
1168 1971 1411 2027 quosque
1453 1965 1507 2013 et
1531 1958 1772 2013 veritatis
1800 1957 1881 2012 di-
1910 1965 1960 2025 Β
1988 1957 2262 2013 Dominica
2294 1959 2409 2028 lege
2436 1959 2712 2028 querimur
2738 1974 2897 2029 quam
2934 1959 3086 2030 queri
3124 1958 3190 2015 de
3219 1960 3421 2030 optimo
3449 1973 3562 2015 Io-

289 2053 434 2108 vinte
457 2051 738 2121 incapaces
762 2050 942 2107 dicere
965 2049 1253 2105 adversum
1278 2049 1394 2104 haec
1422 2064 1580 2119 posse
1604 2065 1723 2118 quae
1746 2049 1884 2103 dixi-

291 2159 415 2200 mus
446 2161 460 2197 :
498 2141 559 2198 Si
593 2150 778 2198 tantus
811 2142 882 2199 sit
911 2141 1339 2197 Christianorum
1373 2140 1666 2194 inﬁdelium
1705 2146 1885 2192 reatus

293 2244 358 2292 ut
402 2235 526 2306 plus
568 2241 794 2304 peccent
852 2234 1325 2303 prietermittentes
1376 2229 1630 2283 mandata
1671 2221 1886 2283 Domini

297 2341 421 2399 qua:
447 2328 652 2393 sciant,
683 2327 847 2395 quam
875 2338 1095 2395 pagana:
1131 2330 1319 2391 gentes
1345 2336 1465 2391 quae
1495 2321 1767 2385 nesciant,
1797 2335 1887 2375 sa-

297 2419 596 2476 lubriorem
623 2418 708 2472 his
749 2415 910 2472 fuisse
947 2414 1303 2485 ignorantiam
1343 2428 1505 2484 quam
1535 2413 1884 2482 agnitionem,

300 2521 363 2566 et
385 2518 577 2565 contra
601 2525 696 2564 eos
719 2523 840 2564 esse
865 2507 1150 2563 admodum
1179 2506 1319 2575 quod
1349 2505 1663 2574 agnoverint
1691 2503 1884 2558 verita-

311 2608 439 2655 tem.
495 2599 694 2666 Quibus
733 2599 836 2655 boc
864 2597 1291 2669 respondendum
1319 2606 1430 2662 est,
1461 2599 1574 2650 non
1605 2595 1883 2650 veritatem

305 2689 392 2744 his
419 2687 628 2754 obesse,
660 2687 753 2744 sed
783 2689 946 2756 vitia;
979 2704 1079 2744 nec
1110 2689 1280 2758 legem
1311 2703 1528 2753 nocere,
1561 2685 1654 2742 sed
1682 2701 1878 2742 mores.

307 2791 332 2860 ξ
364 2781 605 2851 Denique
637 2782 702 2836 da
733 2797 912 2837 mores
939 2781 1143 2847 bonos,
1187 2791 1241 2836 et
1280 2781 1412 2850 legis
1441 2781 1572 2835 scita
1603 2796 1702 2850 pro
1729 2779 1883 2834 nobis

304 2883 448 2935 sunt.
491 2873 642 2930 Tolle
669 2874 796 2928 vitia
817 2914 831 2937 ,
877 2873 965 2929 lex
997 2871 1232 2945 prodest.
1286 2873 1490 2928 Scimus
1517 2874 1681 2939 enim,
1709 2863 1886 2941 inquit

307 2963 614 3036 Apostolus,
631 2968 749 3038 quia
779 2965 862 3020 lex
889 2965 1022 3019 bona
1044 2971 1147 3029 est,
1176 2965 1220 3018 si
1242 2965 1352 3035 quis
1382 2981 1444 3017 ea
1463 2964 1686 3036 legitime
1713 2970 1888 3015 utatur

307 3055 350 3127 (1
382 3056 512 3112 Tim.
545 3073 582 3122 ι,
609 3056 684 3129 8).
746 3057 1006 3126 Legitime
1036 3057 1215 3124 itaque
1253 3056 1369 3124 lege
1402 3063 1585 3123 utere,
1631 3063 1686 3110 et
1714 3055 1886 3123 legem

307 3146 402 3200 tibi
430 3148 624 3202 bonam
655 3147 769 3217 ipse
793 3147 983 3202 fecisti.
1029 3147 1230 3202 Scimus
1252 3149 1407 3211 enim,
1439 3145 1629 3214 inquit,
1661 3147 1780 3217 quia
1805 3145 1889 3199 lea:

303 3237 438 3292 bona
465 3248 571 3303 est,
596 3240 783 3318 siquis
820 3256 880 3292 ea
922 3239 1146 3309 legitime
1182 3246 1390 3292 utatur:
1419 3239 1584 3292 sciens
1610 3238 1724 3301 hoc,
1753 3237 1888 3308 quod

1987 2049 2110 2104 dico
2141 2050 2423 2118 impatiens
2451 2058 2683 2117 :egrotus
2721 2051 2861 2104 solet
2885 2068 2898 2102 :
2928 2051 3018 2119 qui
3047 2067 3166 2105 cum
3195 2051 3564 2120 ingravescere

1987 2140 2088 2193 sibi
2130 2141 2349 2194 morbos
2388 2142 2518 2194 vitio
2563 2156 2661 2197 suo
2699 2141 2909 2206 fecerit,
2951 2142 3270 2211 imperitiam
3307 2141 3567 2196 medentis

1991 2240 2227 2287 accusat.
2269 2231 2431 2298 Quasi
2459 2247 2588 2288 vero
2629 2247 2817 2290 curare
2853 2233 3015 2289 ullam
3045 2231 3406 2288 infirmitatem
3433 2247 3568 2315 prm-

1990 2333 2143 2395 cepta
2187 2325 2420 2396 possint,
2449 2325 2494 2380 si
2524 2323 2572 2380 ei
2616 2340 2722 2378 non
2764 2325 3028 2379 obedierit
3061 2324 3332 2390 inﬁrmus;
3365 2331 3458 2379 aut
3481 2339 3567 2384 sa—

1991 2430 2120 2468 nare
2149 2429 2471 2484 quamquam
2484 2414 2824 2469 observantia
2864 2413 3043 2470 valeat
3066 2430 3227 2484 quam
3254 2414 3492 2470 medicus
3518 2416 3567 2472 ei

1989 2506 2238 2577 imperat,
2267 2508 2309 2562 si
2342 2522 2460 2562 eam
2488 2507 2588 2562 sibi
2615 2515 2850 2575 mgrotus
2878 2507 2991 2577 ipse
3020 2523 3127 2564 non
3154 2512 3388 2578 praestat.
3431 2505 3567 2573 Quid

1981 2593 2173 2667 juvant
2200 2599 2532 2653 stomachum
2567 2596 2593 2636 δ
2623 2597 2888 2652 absinthia
2906 2638 2922 2664 ,
2952 2598 2996 2652 si
3025 2598 3205 2653 statim
3238 2597 3412 2653 dulcia
3438 2597 3567 2653 sub-

1987 2692 2318 2763 sequantur?
2363 2690 2499 2758 Quid
2541 2690 2824 2747 conl‘erunt
2865 2692 3177 2762 phrenetico
3217 2692 3428 2747 silentia
3463 2692 3568 2747 cir-

1990 2784 2406 2849 cumstantium,
2451 2800 2612 2853 quem
2653 2800 2778 2839 suus
2813 2784 3019 2838 clamor
3058 2783 3285 2839 occidit?
3311 2785 3415 2837 Aut
3442 2783 3569 2852 quid

1987 2873 2243 2944 prodesse
2273 2874 2470 2942 poterit
2511 2873 2839 2936 antidotum,
2869 2873 2954 2928 cui
2982 2872 3380 2944 superfunditur
3406 2887 3569 2928 vene-

1991 2966 2154 3020 num?
2180 2963 2252 3018 Et
2280 2965 2437 3019 nobis
2467 2964 2644 3033 itaque
2674 2965 2758 3019 lex
2787 2971 2869 3019 est
2897 2963 3216 3030 antidotum,
3245 2963 3337 3019 sed
3367 2963 3569 3018 vitiosi-

1991 3064 2072 3111 tas
2099 3071 2381 3112 venenum.
2447 3055 2650 3111 Sanare
2697 3070 2798 3110 nos
2846 3071 2952 3112 non
2989 3055 3169 3127 potest
3195 3055 3328 3125 legis
3355 3054 3568 3110 antido-

1991 3156 2102 3203 tum
2127 3188 2143 3214 ,
2192 3163 2329 3217 quos
2375 3147 2626 3203 occidunt
2663 3162 2870 3203 venena
2908 3148 3175 3203 vitiorum.
3234 3146 3341 3202 Sed
3363 3145 3478 3215 jam
3501 3146 3570 3203 de

1993 3240 2074 3296 his
2103 3249 2157 3294 et
2183 3249 2338 3294 antea
2364 3239 2492 3295 satis
2532 3240 2795 3306 diximus;
2835 3249 2890 3295 et
2916 3241 2962 3296 si
2991 3241 3063 3295 ita
3091 3255 3177 3295 res
3199 3240 3566 3310 postulaverit.

296 3332 442 3406 justo
464 3332 546 3386 lea:
574 3345 679 3385 non
713 3340 786 3386 est
822 3332 991 3402 posita
1029 3329 1211 3403 (lbid.,
1244 3330 1298 3395 8,
1328 3331 1403 3400 9).
1449 3333 1525 3385 Ac
1552 3346 1648 3400 per
1676 3331 1780 3386 hoc
1800 3329 1890 3400 jus
1912 3325 1958 3386 (Ξ
1991 3333 2152 3387 etiam
2181 3339 2304 3402 post
2330 3331 2441 3386 haec
2465 3329 2684 3400 juvante
2713 3331 2825 3387 Deo
2853 3331 3031 3402 aliqua
3052 3331 3309 3387 dicemus.

302 3434 422 3481 stus
450 3439 568 3480 esse
598 3425 771 3494 incipe
795 3463 810 3489 ,
853 3431 908 3478 et
948 3425 1055 3479 eris
1092 3423 1228 3479 liber
1256 3441 1285 3478 a
1327 3425 1442 3494 lege
1470 3443 1480 3476 :
1512 3424 1634 3493 quia
1662 3439 1768 3478 non
1795 3439 1888 3494 po-

303 3521 414 3574 test
450 3519 535 3573 lex
571 3518 757 3572 venire
796 3524 983 3572 contra
1025 3532 1203 3574 mores
1225 3558 1238 3582 ,
1280 3533 1399 3586 qua:
1432 3515 1541 3585 jam
1578 3517 1802 3571 habetur
1831 3517 1885 3570 in

304 3609 565 3665 moribus.
610 3609 816 3663 Scimus
845 3610 1009 3673 enim,
1040 3609 1237 3678 inquit,
1286 3610 1405 3680 quia
1441 3609 1523 3662 lea:
1557 3603 1691 3663 bona
1717 3616 1811 3671 est,
1841 3609 1887 3662 si

303 3704 418 3774 quis
447 3717 507 3756 ea
529 3701 752 3774 legitime
778 3710 984 3755 utatur:
1015 3703 1179 3755 sciens
1205 3698 1320 3765 hoc,
1349 3701 1484 3773 quod
1497 3703 1638 3771 justo
1667 3703 1750 3754 lea:
1783 3717 1885 3754 non

303 3801 384 3847 est
411 3795 598 3864 posita,
628 3792 717 3847 sed
744 3792 950 3863 injustis
969 3831 985 3856 ,
1025 3802 1073 3846 et
1110 3809 1213 3846 non
1243 3790 1484 3856 subditis,
1515 3791 1605 3845 sed
1626 3792 1886 3845 sceleratis

305 3893 357 3939 et
379 3887 548 3955 impiis
576 3894 625 3938 et
654 3883 1003 3954 peccatoribus
1021 3894 1102 3948 ;et
1121 3886 1164 3937 si
1188 3881 1320 3954 quod
1350 3885 1490 3936 aliud
1521 3901 1662 3937 sana:
1692 3885 1886 3936 doctri-

307 3989 394 4028 na:
445 3975 744 4029 adversatur
783 3974 970 4044 (lbid.,
1012 3973 1188 4041 8-l0).
1248 3974 1321 4025 Ac
1361 3989 1458 4042 per
1491 3973 1592 4025 hoc
1633 3988 1738 4024 non
1782 3980 1887 4023 tam

309 4067 402 4118 lex
430 4065 555 4128 tibi,
595 4080 627 4118 ο
664 4063 860 4128 homo,
899 4079 1063 4131 quam
1101 4070 1160 4115 tu
1187 4062 1290 4130 legi
1321 4062 1645 4125 adversaris;
1677 4077 1778 4114 nec
1805 4062 1893 4115 lex

307 4161 502 4209 contra
548 4161 603 4207 te
648 4154 785 4207 bene
834 4153 1194 4222 praecipiendo
1219 4193 1234 4217 ,
1283 4151 1374 4208 sed
1415 4161 1471 4206 tu
1501 4160 1686 4206 contra
1720 4153 1889 4221 legem

302 4244 453 4300 male
478 4243 708 4300 vivendo
731 4245 864 4314 agis.
893 4247 1000 4318 93
1027 4245 1195 4300 Immo
1220 4245 1307 4300 illa
1333 4261 1432 4316 pro
1463 4257 1514 4300 te
1537 4254 1640 4310 est,
1670 4253 1727 4300 tu
1755 4261 1886 4300 con-

301 4343 392 4392 tta
421 4334 586 4389 illam.
628 4333 720 4389 Illa
759 4337 900 4389 enim
945 4335 1040 4390 tibi
1072 4337 1300 4390 consulit
1341 4343 1525 4392 sancta
1551 4336 1796 4400 dicendo,
1828 4345 1886 4391 tu
1955 4351 1958 4356 '

299 4434 497 4483 contra
522 4425 666 4480 illam
693 4425 847 4481 venis
881 4441 1044 4498 prava
1084 4425 1355 4492 iaciendo;
1397 4443 1496 4482 nec
1522 4436 1708 4482 contra
1737 4427 1885 4482 illam

301 4525 552 4586 tantum,
600 4517 694 4573 sed
734 4519 896 4573 etiam
937 4526 1125 4574 contra
1171 4525 1251 4584 te;
1295 4520 1398 4574 hoc
1425 4521 1544 4590 ipso
1570 4520 1712 4574 enim
1741 4520 1886 4588 quod

299 4617 499 4668 contra
529 4610 675 4665 illam
715 4619 771 4665 et
801 4619 990 4666 contra
1022 4617 1104 4676 te,
1135 4611 1258 4681 quia
1301 4611 1353 4665 in
1391 4611 1479 4665 illa
1517 4611 1660 4666 salus
1693 4618 1749 4666 et
1775 4611 1884 4665 vita

2062 3420 2122 3474 ll.
2166 3420 2386 3476 Interim
2432 3422 2557 3492 quia
2596 3433 2615 3460 ε
2649 3421 2756 3477 duo
2804 3423 3050 3491 Superius
3103 3421 3451 3476 barbarorum
3478 3434 3570 3491 ge-

1990 3527 2116 3567 nera
2144 3512 2228 3566 vel
2274 3520 2448 3568 sectas
2497 3527 2616 3567 esse
2656 3512 3103 3578 memoravimus,
3132 3526 3462 3583 paganorum
3488 3520 3569 3568 st-

1987 3618 2092 3673 que
2122 3602 2494 3657 hmreticorum
2513 3641 2529 3669 ,
2558 3603 2682 3672 quia
2713 3602 2781 3657 de
2809 3604 3030 3674 paganis
3045 3602 3188 3673 jam,
3230 3611 3288 3657 ut
3317 3605 3567 3671 arbitror.

1990 3693 2345 3750 satisfecimus
2368 3734 2384 3760 ,
2423 3694 2491 3749 de
2538 3694 2802 3751 haereticis
2823 3710 3066 3765 quoque,
3100 3703 3157 3750 ut
3185 3711 3344 3751 causa
3374 3697 3567 3765 poscit,

1988 3787 2348 3857 subjiciamus.
2388 3787 2572 3843 Potest
2601 3789 2742 3844 enim
2778 3789 3043 3858 quispiam
3070 3788 3250 3842 dicere
3284 3805 3296 3840 :
3351 3787 3568 3842 Etiamsi

1991 3905 2020 3940 a
2051 3889 2274 3957 paganis
2320 3889 2404 3942 lex
2445 3889 2626 3942 divina
2669 3905 2777 3943 non
2815 3889 2994 3955 exigat
3023 3895 3080 3940 ut
3104 3886 3352 3940 mandata
3380 3886 3572 3941 laci-at

1991 4001 2110 4054 qum
2141 4002 2246 4039 non
2275 3987 2470 4050 sciunt,
2501 3994 2650 4040 certe
2674 3987 2742 4040 ab
2769 3984 3035 4041 baretieis
3054 3985 3219 4054 exigit
3243 3986 3338 4056 qui
3361 3986 3566 4041 sciunt:

1992 4085 2178 4140 eadem
2225 4085 2367 4140 enim
2414 4086 2578 4140 etiam
2624 4085 2744 4140 illos
2794 4085 2974 4154 legere
3014 4101 3131 4155 qua:
3181 4101 3280 4142 nos
3325 4087 3568 4156 legimus,

1989 4187 2207 4243 eosdem
2235 4187 2373 4256 apud
2398 4187 2518 4242 illos
2543 4187 2834 4258 prophetas
2864 4186 2987 4252 Dei,
3017 4187 3235 4242 eosdem
3263 4189 3558 4258 apostolos,

1997 4287 2216 4343 eosdem
2241 4288 2596 4355 evangelistas
2623 4302 2774 4352 esse;
2802 4302 2870 4342 ac
2897 4302 2994 4357 per
3013 4289 3116 4343 hoc
3140 4297 3232 4344 aut
3259 4305 3367 4344 non
3393 4291 3570 4346 minus

1987 4389 2055 4444 ab
2080 4389 2184 4443 illis
2206 4388 2378 4458 legem
2408 4387 2603 4459 negligi
2631 4402 2792 4458 quam
2824 4402 2854 4442 a
2884 4388 3059 4453 nobis,
3090 4396 3182 4443 aut
3205 4390 3370 4445 etiam
3399 4390 3568 4448 multo

1986 4488 2185 4556 magis:
2218 4487 2326 4558 94
2352 4488 2477 4556 quia
2506 4504 2628 4544 cum
2659 4489 2846 4544 eadem
2871 4487 3052 4556 legant
3088 4486 3286 4556 scripta
3312 4502 3434 4556 qm
3465 4502 3565 4543 no-

1987 4589 2106 4652 stri,
2137 4589 2300 4642 multa
2332 4587 2533 4642 faciunt
2560 4587 2829 4643 deteriora
2857 4599 3016 4656 quam
3047 4585 3233 4642 nostri.
3268 4585 3567 4657 Utrumque

298 4709 401 4757 tua
427 4708 547 4757 est:
581 4713 644 4756 ac
671 4714 769 4772 per
791 4699 900 4756 hoc
927 4700 1050 4757 dum
1085 4701 1255 4770 legem
1288 4701 1522 4757 divinam
1550 4701 1773 4767 deseris,
1803 4717 1886 4756 sa-

1996 4704 2124 4759 ergo
2171 4688 2465 4744 videamus.
2526 4687 2748 4755 Eadem,
2791 4689 2998 4758 inquis,
3031 4688 3213 4756 legunt
3239 4688 3313 4744 illi
3339 4700 3459 4758 que
3483 4687 3567 4745 le-

297 4794 475 4851 lutem
502 4794 776 4867 propriam
803 4793 1146 4864 derelinquis.
1202 4793 1320 4850 Non
1358 4795 1515 4850 aliter
1540 4810 1668 4864 ergo
1695 4809 1796 4850 nos
1821 4794 1888 4850 de

1993 4802 2187 4870 guntur
2211 4809 2242 4847 a
2271 4792 2443 4848 nobis.
2483 4792 2771 4859 Quomodo
2794 4791 3004 4856 eadem,
3033 4806 3153 4862 qua:
3177 4787 3203 4828 *³
3235 4791 3304 4847 ab
3330 4790 3567 4847 sectori-

1475 4901 1814 4959 STEPIIANI
1849 4901 2115 4958 BALUZI]
2155 4900 2380 4956 NOTAE.

383 5029 412 5059 ι
437 5019 584 5075 Idem
609 5017 781 5075 codex
803 5026 860 5075 et
889 5025 1098 5074 veteres
1124 5015 1390 5072 editiones
1420 5031 1433 5068 :
1467 5014 1698 5086 Denique
1725 5029 1889 5068 mores

302 5092 451 5148 boui.
887 5097 890 5100 '

382 5161 412 5202 ι)
444 5160 599 5216 Hunc
625 5160 802 5215 locum
832 5160 906 5214 ita
935 5157 1271 5214 correximus
1296 5155 1513 5226 propria
1551 5155 1888 5226 auctoritate,

303 5231 599 5288 tamenetsi
626 5238 682 5284 et
709 5230 972 5285 editiones
999 5235 1056 5283 et
1076 5225 1424 5296 mamscripti
1454 5225 1572 5280 libri
1612 5238 1890 5296 repugna-

305 5311 455 5360 rents
488 5299 784 5369 Utrobique
811 5300 954 5355 enim
981 5305 1294 5369 constanter
1320 5294 1516 5369 legitur
1547 5315 1562 5369 ἶ
1577 5294 1730 5369 Quid
1744 5295 1890 5366 juvat

302 5371 636 5429 stomlmm
663 5367 968 5425 abstinentia
985 5409 1004 5435 ,
1027 5370 1095 5436 si,
1124 5376 1228 5424 etc.
1261 5367 1368 5423 Sed
1396 5367 1527 5422 vitio
1553 5367 1887 5422 librariorum

302 5442 529 5512 irrepsit
555 5443 642 5496 hic
665 5456 834 5496 error.
864 5440 998 5512 Nam
1021 5439 1302 5512 Salvianus
1329 5439 1589 5512 absinthia
1607 5451 1890 5512 ‘opponere

302 5505 484 5570 voluit
511 5512 773 5576 dideibus,
802 5518 864 5564 ut
889 5510 1100 5564 silentia
1129 5510 1371 5574 clamari,
1400 5516 1456 5564 et
1476 5505 1773 5576 antidotum
1799 5519 1891 5558 ve—

305 5599 476 5640 neno.
511 5575 1138 5648 Nostram’coi’ijecturam
1166 5577 1448 5634 conﬁrmat
1476 5579 1589 5647 ipse
1612 5575 1891 5630 Salvianus

305 5656 476 5710 etiam
508 5653 560 5707 in
591 5666 713 5722 pag.
757 5649 896 5730 137.:
932 5649 1078 5729 ..Sic.u.t
1103 5650 1258 5712 enim,
1291 5649 1481 5716 inquit,
1509 5648 1687 5718 optimi
1703 5662 1776 5728 ac
1806 5662 1892 5715 pe-

828 5716 1156 5773 dumltbus
1217 5718 1412 5772 morbis
1459 5733 1608 5771 curas
1664 5715 1891 5786 dispares

1993 5019 2262 5083 prtestant,
2286 5021 2435 5081 atque
2462 5010 2585 5083 aliis
2609 5026 2697 5083 per
2715 5009 2910 5083 Δάιιιεῇιι
2929 5011 3267 5083 medicamina
3285 5049 3298 5073 ,
3333 5007 3450 5083 aliis
3478 5019 3568 5078 per

1993 5078 2172 5135 amara
2195 5078 2513 5135 succurrunt.
2542 5078 2691 5134 Unde
2713 5079 2922 5148 interim
2945 5080 3212 5148 colligitur
3235 5079 3564 5133 verissimam

1993 5167 2110 5207 esse
2153 5150 2254 5204 viri
2293 5150 2584 5204 doctissimi
2621 5150 2822 5205 Nicolai
2869 5147 3092 5219 Rigaltii
3115 5149 3565 5219 observationem,

1992 5223 2080 5291 qui
2120 5222 2173 5276 in
2211 5219 2522 5296 prmfatione
2565 5211 3045 5296 ad_Te_rt_ullian'um
3081 5216 3363 5296 annotavit
3403 5211 3568 5296 etiam

1994 5288 2233 5346 veterum
2274 5291 2526 5345 librorum
2576 5289 2676 5345 ﬁde
2724 5290 3031 5345 falsissimas
3081 5288 3338 5350 lectiones
3374 5288 3559 5337 asseri.

1995 5361 2134 5415 Nam
2154 5372 2202 5414 et
2231 5370 2349 5414 sunt
2377 5362 2490 5415 libri
2515 5372 2722 5426 veteres,
2766 5361 2963 5432 inquit,
3009 5351 3425 5432 depravatissiine
3451 5365 3566 5432 cur:

1994 5435 2116 5486 recti
2134 5451 2149 5495 ;
2173 5447 2330 5504 neque
2357 5434 2462 5486 ulla
2480 5449 2606 5508 spes
2632 5421 2935 5508 reducendte
2953 5421 3181 5508 unquam
3198 5421 3451 5508 totis,
3464 5423 3566 5479 nisi

1995 5512 2098 5556 tam
2123 5502 2309 5556 veteres
2339 5504 2696 5557 nanciscamur
2723 5509 2778 5554 ut
2805 5502 2908 5552 sint
2929 5502 3068 5549 omni
3103 5502 3442 5550 correctorum
3466 5512 3563 5549 an-

1993 5575 2224 5643 tiquitate
2244 5575 2556 5628 vetustiores.

2069 5656 2088 5682 ο
2124 5643 2253 5697 Vide
2281 5659 2458 5724 supra,
2491 5653 2610 5763 [lia-g.
2644 5639 2730 5691 80.

2069 5714 2089 5748 τί
2121 5713 2177 5763 In
2220 5713 2454 5763 editione
2547 5710 2730 5762 Itboeat

2065 5714 2089 5748 α
2121 5713 2177 5766 In
2220 5699 2457 5767 editione
2495 5699 2778 5763 'Piihmana
2821 5699 3077 5771 scriptum
3117 5711 3199 5762 est
3225 5703 3557 5761 auditoribus.
