4088 6360
522 367 593 424 95
1477 357 1533 413 S.
1574 354 1886 412 SALVIANI
1923 353 2376 411 MASSILIENSIS
2416 308 2836 411 PRESBYTER!
3717 359 3793 415 96

523 475 622 532 bus
649 443 916 543 quondam
947 469 1099 525 malis
1126 473 1180 523 et
1207 465 1345 521 male
1374 474 1499 520 sunt
1532 466 1854 536 interpolata
1881 474 1935 520 et
1963 466 2102 521 male
2128 469 2177 528 Α
2206 483 2264 522 se
2291 482 2407 521 esse
2435 478 2778 536 praesumunt.
2831 466 3016 523 Honor
3043 467 3138 524 Dei
3160 471 3302 541 apud
3333 486 3430 527 nos
3457 480 3556 538 est,
3587 473 3682 528 sed
3711 474 3793 530 illi

524 567 758 623 tradita?
788 581 850 620 ac
896 578 991 634 per
1034 561 1134 614 hoc
1175 558 1284 627 jam
1314 574 1422 613 non
1452 558 1660 623 eadem,
1689 558 1813 627 quia
1846 573 1954 612 non
1981 573 2105 627 pos-

503 657 650 716 sunt
689 656 900 726 penitus
934 651 1037 706 dici
1077 650 1189 720 ipsa
1230 664 1349 719 quas
1390 657 1513 704 sunt
1562 649 1613 702 in
1641 648 1818 716 aliqua
1847 649 1927 702 sui
1957 657 2108 718 parte

525 750 736 806 vitiata.
788 744 1212 801 lncolumitatem
1256 743 1397 796 enim
1430 756 1535 795 non
1565 739 1764 794 habent
1789 755 1907 808 quae
1931 739 2105 808 pleni-

526 841 763 896 tudinem
793 835 1172 906 perdiderunt,
1205 849 1305 889 nec
1333 841 1531 888 statum
1562 847 1714 886 suum
1745 815 1964 885 omnino
1993 847 2108 885 ser-

525 936 653 985 vant
679 943 796 998 quae
833 935 1291 982 sacramentorum
1334 926 1526 979 virtute
1568 923 1776 994 privata
1814 932 1958 978 sunt.
1999 923 2107 978 Nos

527 1037 654 1091 ergo
682 1026 890 1075 tantum
918 1018 1224 1089 Scripturas
1247 1032 1423 1072 sacras
1452 1017 1664 1086 plenas,
1696 1015 1996 1080 inviolatas,
2027 1015 2108 1069 in-

527 1120 703 1181 tegras
749 1111 1042 1175 habemus,
1096 1111 1185 1180 qui
1229 1124 1321 1164 eas
1349 1109 1433 1162 vel
1459 1107 1510 1162 in
1542 1108 1690 1162 fonte
1731 1123 1828 1161 suo
1855 1107 2103 1172 bibimus,

525 1205 611 1260 vel
639 1212 787 1260 certe
833 1204 902 1259 de
949 1202 1232 1273 purissimo
1283 1200 1429 1255 fonte
1474 1200 1690 1253 haustas
1740 1213 1837 1268 per
1864 1198 2106 1252 ministe-

525 1296 664 1352 rium
695 1304 722 1333 ³
753 1310 897 1365 pura:
945 1293 1310 1348 translationis
1355 1293 1647 1345 haurimus.
1717 1289 1824 1343 Nos
1877 1297 2108 1343 tantum-
2150 1333 2154 1338 .

527 1389 691 1445 modo
726 1389 863 1444 bene
899 1388 1140 1455 legimus.
1185 1388 1358 1453 Atque
1395 1384 1598 1437 utinam
1627 1397 1786 1452 quam
1811 1382 1946 1435 bene
1973 1382 2107 1449 legi-
2143 1399 2148 1444 ί

529 1497 668 1547 mus,
703 1489 810 1534 tam
832 1480 968 1534 bene
996 1477 1437 1548 adimpleremus!
1491 1476 1597 1531 Sed
1627 1491 1820 1530 vereor
1845 1474 1986 1542 quod
2016 1475 2107 1544 qui

534 1588 642 1628 non
685 1573 823 1627 bene
871 1571 1252 1634 observamus,
1304 1584 1404 1624 nec
1446 1569 1583 1624 bene
1613 1568 1950 1623 lectitemus:
1983 1567 2108 1635 quia

532 1662 710 1716 minor
737 1668 916 1715 reatus
941 1668 1023 1714 est
1051 1666 1232 1714 sancta
1264 1676 1370 1713 non
1399 1659 1604 1726 legere,
1635 1673 1794 1726 quam
1825 1657 1963 1711 lecta
1995 1655 2107 1710 vio-

532 1752 661 1807 lare.
703 1749 921 1805 Casterze
946 1751 1143 1820 quippe
1172 1751 1416 1804 nationes
1450 1759 1541 1803 aut
1577 1765 1682 1804 non
1712 1749 1912 1803 habent
1937 1748 2107 1816 legem

2209 559 2312 612 hoc
2359 559 2682 612 arbitrantur
2726 559 2987 614 honorem
3026 558 3319 615 divinitatis
3347 576 3466 624 esse
3491 561 3638 631 quod
3663 579 3790 618 cre-

2209 650 2359 705 dunt.
2400 649 2682 705 lnoiiiciosi
2709 659 2851 717 sunt,
2875 651 2969 706 sed
2995 651 3098 706 illis
3124 652 3230 708 hoc
3256 659 3338 708 est
3364 667 3630 708 summum
3659 654 3794 709 reli-

2209 740 2383 808 gionis
2424 740 2678 795 oﬂicium.
2738 741 2890 811 lmpii
2937 749 3090 809 sunt,
3133 743 3229 798 sed
3256 742 3361 799 hoc
3388 751 3580 813 putant
3604 760 3792 800 veram

2210 850 2327 890 esse
2352 837 2626 905 pietatem.
2670 836 2866 891 Errant
2891 852 3020 906 ergo
3038 878 3052 901 ,
3085 837 3178 892 sed
3206 837 3350 892 bono
3376 838 3559 893 animo
3583 847 3789 906 errant,

2212 941 2319 981 non
2350 926 2493 992 odio,
2526 926 2618 981 sed
2647 925 2841 982 ail'ectu
2869 927 2984 992 Dei,
3008 928 3278 982 honorare
3307 944 3366 982 se
3395 929 3678 984 Dominum
3708 938 3794 985 at-

2209 1032 2312 1086 que
2337 1033 2519 1071 amare
2547 1017 2847 1072 credentes.
2902 1017 3154 1084 Quamvis
3189 1035 3296 1074 non
3325 1019 3561 1074 habeant
3585 1029 3790 1076 rectam

2212 1108 2367 1163 ﬁdem
2386 1150 2400 1174 ,
2438 1109 2511 1162 illi
2539 1115 2718 1162 tamen
2747 1109 2852 1163 hoc
2877 1108 3173 1178 perfectam
3200 1109 3295 1163 Dei
3322 1109 3590 1165 zestimant
3616 1110 3794 1165 chari-

2185 1207 2394 1254 tatem.
2440 1202 2457 1236 ί
2491 1198 2732 1266 Qualiter
2761 1215 2859 1270 pro
2879 1200 2982 1254 hoc
3006 1199 3123 1270 ipso
3145 1198 3290 1255 falsae
3312 1199 3580 1269 opinionis
3605 1215 3794 1256 errore

2211 1292 2264 1347 in
2295 1293 2380 1348 die
2400 1293 2588 1362 judicii
2637 1293 2890 1362 puniendi
2930 1294 3065 1360 sint,
3113 1294 3290 1350 nullus
3317 1302 3496 1364 potest
3523 1296 3665 1351 scire
3690 1297 3793 1352 nisi

2204 1385 2389 1454 judex.
2429 1384 2642 1438 Interim
2667 1384 2866 1439 idcirco
2895 1385 2974 1438 eis
2996 1424 3011 1449 ,
3044 1391 3102 1438 ut
3129 1399 3272 1450 reor,
3304 1384 3622 1455 patientiam
3650 1385 3811 1441 Deus-

2159 1489 2163 1520 ι
2209 1475 2545 1539 commodat,
2595 1475 2720 1544 quia
2752 1475 2895 1528 videt
2923 1490 3049 1540 eos,
3101 1475 3202 1530 etsi
3231 1491 3340 1530 non
3367 1483 3514 1531 recte
3542 1477 3787 1542 credere,

2165 1568 2407 1644 ‘~._‘ail”cctu
2443 1576 2620 1623 tamen
2668 1569 2768 1638 pia:
2808 1569 3075 1637 opinionis
3125 1584 3334 1634 errare;
3384 1570 3618 1624 maxime
3667 1585 3789 1625 cunt

2209 1661 2345 1715 sciat
2368 1674 2462 1714 eos
2486 1675 2550 1713 ea
2581 1658 2756 1713 facere
2784 1674 2902 1728 quae
2939 1659 3216 1724 nesciunt,
3247 1666 3460 1714 nostros
3487 1666 3664 1714 autem
3692 1675 3790 1715 ne-

2210 1751 2408 1819 gligere
2433 1749 2578 1818 quod
2607 1750 2832 1804 credunt
2859 1767 2870 1802 :
2905 1765 2968 1804 ac
2998 1765 3092 1818 per
3119 1750 3222 1804 hoc
3263 1749 3381 1804 illos
3412 1749 3789 1817 magistrorum

534 1843 627 1897 Dei
646 1882 661 1906 9
691 1849 784 1896 τιυὶ
813 1841 1040 1895 debilem
1085 1850 1139 1895 ει
1178 1840 1616 1895 COHVlllnel‘alam
1663 1839 1891 1902 habent;
1925 1853 1987 1891 ac
2015 1852 2111 1906 per
2139 1845 2188 1905 B
2213 1857 2439 1913 peccare
2469 1842 2598 1896 vitio
2617 1881 2631 1906 ,
2663 1850 2875 1896 nostros
2908 1857 3035 1906 suo;
3068 1841 3186 1895 illos
3216 1841 3546 1908 ignorantes,
3576 1849 3790 1896 nostros

533 1934 666 2000 hoc,
695 1942 754 1987 ut
798 1933 1028 1987 diximus
1047 1973 1061 1996 ,
1113 1947 1220 1986 non
1251 1931 1446 1986 habent
1474 1945 1592 1998 qua:
1619 1931 1694 1985 sic
1719 1930 1935 1983 habent.
1976 1927 2110 1982 Nam

532 2025 630 2079 etsi
651 2025 741 2094 qui
763 2011 997 2093 gentium
1018 2025 1364 2078 barbararum
1385 2031 1507 2077 sunt
1520 2024 1609 2091 qui
1633 2023 1685 2076 in
1707 2022 1855 2078 libris
1875 2023 1987 2076 suis
2007 2022 2109 2076 mi-

531 2133 631 2171 nus
655 2116 939 2171 videantur
984 2115 1313 2184 Scripturam
1360 2129 1566 2169 sacram
1606 2113 1980 2182 interpolatam
2011 2114 2109 2166 ha-

529 2207 657 2262 bere
686 2207 768 2262 vel
808 2207 1064 2269 laceram,
1115 2206 1315 2260 habent
1345 2213 1523 2259 tamen
1550 2212 1789 2259 veterum
1829 2205 2111 2272 magistro-

532 2313 651 2351 rum
680 2297 706 2336 δ
736 2298 1022 2352 traditione
1049 2306 1356 2367 corruptam
1376 2337 1392 2362 ,
1420 2312 1482 2350 ac
1509 2311 1608 2366 per
1635 2296 1739 2351 hoc
1769 2297 2110 2351 traditionem

531 2391 711 2460 potius
739 2406 899 2458 quam
931 2389 1262 2458 Scripturam
1292 2389 1510 2452 habent,
1539 2389 1663 2457 quia
1702 2389 1805 2442 hoc
1843 2404 1946 2442 non
1976 2389 2107 2442 reti-

537 2487 667 2534 nent
713 2479 856 2548 qnod
900 2479 1095 2533 veritas
1137 2479 1271 2547 legis
1315 2480 1533 2542 suadet,
1587 2479 1679 2533 sed
1706 2479 1848 2548 quod
1878 2480 2113 2548 pravitas

532 2571 686 2625 malm
731 2570 1033 2626 traditionis
1082 2571 1324 2625 inseruit.
1366 2570 1584 2625 Barbari
1622 2571 1819 2641 quippe
1847 2571 2109 2636 homines,

532 2755 625 2825 qui
657 2766 680 2795 ε
710 2755 842 2809 nihil
869 2756 1088 2810 omnino
1117 2756 1294 2810 sciunt
1321 2755 1419 2809 nisi
1441 2755 1582 2824 quod
1613 2771 1642 2809 a
1669 2755 1975 2810 doctoribus
2003 2756 2114 2809 suis

532 2846 784 2908 audiunt;
834 2847 977 2915 quod
1025 2847 1274 2912 audiunt,
1323 2847 1425 2902 hoc
1464 2855 1796 2916 sequuntur:
1827 2862 1890 2901 ac
1916 2847 1991 2900 sic
2021 2862 2112 2900 ne-

531 2954 682 2996 cesse
727 2948 809 2994 est
871 2955 964 2994 eos
1020 2941 1112 3010 qui
1166 2940 1330 2995 totius
1376 2940 1685 2995 litteratura:
1749 2955 1811 2994 ac
1877 2939 2113 2993 scientirc

534 3031 749 3100 ignari,
799 3040 1189 3086 sacramentum
1247 3031 1439 3086 divina:
1481 3031 1610 3098 legis
1657 3030 1898 3085 doctrina
1945 3029 2113 3097 magis

535 3138 698 3192 quam
724 3123 956 3177 lectione
984 3131 1334 3191 cognoscunt,
1358 3121 1654 3176 doctrinam
1678 3123 1852 3191 potius
1880 3121 2113 3175 retinere

2214 1935 2473 1999 scientes;
2506 1934 2624 1989 illos
2653 1933 2705 1987 id
2735 1932 2910 1988 facere
2938 1918 3082 2002 quod
3101 1939 3291 2002 putent
3316 1940 3546 1997 rectum,
3574 1939 3791 1988 nostros

2211 2027 2356 2096 quod
2403 2027 2575 2080 sciant
2621 2041 2738 2081 esse
2789 2039 3118 2095 perversum.
3175 2024 3244 2078 Et
3283 2024 3404 2080 ideo
3424 2023 3569 2093 justo
3592 2024 3792 2094 judicio

2213 2117 2332 2172 illos
2377 2117 2634 2186 patientia
2683 2115 2779 2170 Dei
2827 2115 3085 2178 sustinet,
3126 2122 3180 2169 et
3205 2129 3304 2170 nos
3333 2113 3793 2168 animadversione

2211 2208 2466 2277 castigat;
2495 2208 2618 2276 quia
2653 2206 2854 2275 ignosci
2883 2206 3217 2274 aliquatenus
3245 2203 3564 2271 ignorantia:
3590 2210 3791 2273 potest,

2210 2309 2551 2370 contemptus
2579 2299 2791 2354 veniam
2820 2314 2927 2352 non
2956 2305 3209 2352 merctur.
3253 2295 3343 2351 Sic
3371 2296 3513 2351 enim
3534 2304 3796 2366 scriptum

2212 2401 2295 2446 est
2321 2411 2332 2444 :
2367 2391 2553 2446 Servus
2582 2392 2667 2463 qui
2697 2391 2858 2444 nescit
2886 2391 3199 2444 voluntatem
3227 2389 3425 2442 domini
3456 2389 3564 2452 sui,
3609 2397 3659 2441 et
3684 2405 3799 2442 non

2216 2483 2343 2552 facit
2369 2497 2483 2534 eam
2502 2520 2517 2544 ,
2567 2479 2826 2550 vapulabit
2869 2480 3063 2549 paucis.
3127 2475 3227 2542 Qui
3269 2487 3438 2534 autem
3458 2479 3553 2532 scit
3580 2494 3716 2544 eam,
3745 2485 3801 2532 et

2136 2567 2320 2658 ι-λκζιοη
2352 2571 2480 2640 facit
2499 2586 2633 2634 eam,
2664 2567 2923 2641 vapulabit
2945 2569 3118 2622 multis
3151 2566 3299 2639 (Luc.
3334 2584 3424 2631 χιι,
3458 2567 3545 2630 47,
3581 2566 3692 2637 ιε).

533 2661 810 2727 Romante,
841 2663 1004 2718 immo
1033 2664 1210 2733 potius
1237 2664 1483 2718 humana:
1503 2663 1814 2718 eruditionis
1843 2672 2110 2734 expertes,
2165 2667 2176 2696 ἰ

2284 2664 2371 2720 ιιι.
2411 2664 2529 2720 Νοη
2556 2680 2684 2734 ergo
2721 2665 2978 2718 miremur
3004 2665 3114 2734 96
3139 2661 3281 2731 quod
3310 2661 3491 2716 multis
3517 2661 3792 2728 caedimur;

2214 2759 2339 2827 quia
2369 2774 2475 2811 non
2505 2757 2807 2823 inscientia,
2837 2757 2931 2813 sed
2955 2756 3246 2811 rebellione
3274 2769 3575 2824 peccamus.
3604 2752 3791 2808 Scien-

2215 2855 2298 2900 tcs
2327 2847 2468 2900 enim
2514 2845 2692 2913 bona,
2731 2863 2838 2900 non
2878 2846 3014 2900 bene
3055 2844 3285 2912 agimus,
3337 2850 3391 2897 et
3418 2842 3796 2898 discretionem

2214 2936 2349 2991 recti
2377 2951 2440 2990 ac
2480 2936 2628 3006 pravi
2671 2936 3053 3002 intelligentes,
3095 2923 3256 3002 prava
3296 2940 3592 2996 sectamur;
3625 2932 3796 2999 legem

2215 3029 2438 3097 legimus
2463 3068 2477 3092 ,
2533 3035 2588 3081 et
2635 3027 2871 3094 legitima
2916 3026 3214 3087 calcamus,
3267 3032 3323 3078 et
3360 3022 3427 3076 ad
3455 3023 3561 3078 hoc
3589 3029 3796 3076 tantum

2215 3127 2604 3190 praeceptorum
2654 3132 2927 3171 sacrorum
2973 3117 3107 3170 scita
3158 3113 3557 3184 cognoscimus,
3584 3120 3643 3166 ut
3671 3127 3796 3181 gra-

535 3227 697 3282 quam
738 3213 929 3282 legem.
985 3213 1168 3282 Itaque
1214 3213 1292 3268 eis
1333 3212 1547 3266 traditio
1588 3212 1962 3279 magistrorum
1990 3210 2187 3273 suo-C
2217 3212 2334 3264 vius
2381 3217 2504 3278 post
2551 3208 2832 3264 interdicta
2882 3222 3183 3277 peccemus.
3257 3206 3424 3260 Deum
3474 3205 3648 3260 colere
3695 3220 3798 3259 nos

536 3319 654 3357 rum
679 3304 786 3374 95
838 3310 892 3357 et
937 3303 1181 3357 doctrina
1229 3303 1522 3357 inveterata
1551 3302 1703 3370 quasi
1730 3302 1816 3356 lex
1846 3311 1957 3368 est,
1992 3303 2114 3370 quia

533 3395 640 3450 hoc
685 3395 864 3449 sciunt
911 3393 1279 3448 tantummodo
1325 3393 1467 3461 quod
1517 3393 1794 3447 docentur.
1870 3387 2116 3458 Περι-ειῖεὶ

467 3555 483 3565 κ
534 3501 663 3555 ergo
693 3495 848 3551 sunt,
879 3487 972 3544 sed
1008 3502 1114 3541 non
1145 3487 1392 3541 scientes.
1436 3486 1674 3555 Denique
1703 3487 1840 3556 apud
1871 3503 1969 3542 nos
1995 3493 2119 3540 sunt

536 3579 775 3632 haretici
798 3618 812 3642 ,
844 3579 983 3648 apud
1010 3593 1068 3631 se
1096 3593 1201 3632 non
1226 3586 1369 3631 sunt.
1433 3577 1563 3631 Nam
1615 3577 1665 3630 in
1709 3585 1908 3631 tantum
1938 3593 1995 3632 se
2024 3593 2117 3632 ca-

537 3669 770 3724 tholicos
797 3684 915 3723 esse
951 3668 1223 3738 iudicant,
1267 3677 1326 3722 ut
1363 3683 1460 3722 nos
1502 3669 1646 3738 ipsos
1674 3669 1825 3722 titulo
1855 3669 2118 3722 haeretica:

536 3759 912 3830 appellationis
961 3758 1237 3813 infament.
1299 3759 1452 3825 Quod
1499 3773 1628 3826 ergo
1679 3759 1752 3811 illi
1785 3759 1939 3813 nobis
1967 3767 2110 3825 sunt,

536 3851 642 3906 hoc
668 3866 768 3906 nos
797 3849 918 3904 illis.
979 3849 1088 3904 Nos
1134 3864 1230 3905 eos
1277 3850 1524 3918 injuriam
1564 3849 1756 3903 divina:
1784 3851 2117 3918 generationi

534 3942 714 3998 facere
742 3943 874 3998 certi
901 3957 1104 4005 sumus,
1145 3942 1290 4010 quod
1325 3942 1588 3996 minorem
1631 3939 1788 3996 Patre
1815 3940 2005 3995 Filium
2033 3941 2108 3996 di-

536 4042 680 4090 cant.
720 4033 801 4087 llli
825 4048 923 4087 nos
951 4033 1237 4102 injuriosos
1262 4031 1409 4086 Patri
1437 4033 1763 4101 existimant,
1795 4035 1918 4103 quia
1935 4043 2122 4104 aequa-

536 4124 617 4180 les
643 4138 762 4180 esse
787 4123 1086 4178 credamus.
1117 4122 1328 4178 Veritas
1348 4122 1490 4193 apud
1508 4139 1607 4179 nos
1631 4132 1730 4189 est,
1760 4126 1854 4178 sed
1877 4125 1951 4178 illi
1981 4126 2122 4195 apud

2220 3302 2460 3364 dicimus,
2491 3309 2545 3356 et
2573 3301 2785 3356 diabolo
2812 3301 3261 3370 obtemperamus.
3313 3296 3381 3352 Et
3412 3307 3536 3367 post
3563 3298 3672 3353 htec
3701 3313 3798 3353 vo-

2222 3394 2394 3447 lumus
2435 3401 2493 3446 ut
2540 3393 2681 3447 bona
2730 3407 2761 3445 a
2791 3391 2902 3447 Deo
2932 3391 3284 3466 accipiamus,
3326 3405 3447 3444 cum
3476 3389 3630 3444 malis
3658 3389 3800 3444 mala

2220 3500 2431 3555 semper
2479 3485 2766 3549 addamus;
2817 3484 2932 3539 fieri
2977 3484 3309 3538 voluntatem
3348 3491 3598 3552 nostram
3627 3498 3657 3536 a
3686 3482 3798 3537 Deo

2221 3575 2462 3645 cupimus
2485 3615 2499 3640 ,
2542 3591 2662 3630 cum
2704 3576 2798 3630 Dei
2827 3591 2926 3630 nos
2953 3575 3129 3630 facere
3154 3575 3403 3630 nolimus.
3443 3575 3605 3641 Quasi
3633 3590 3796 3644 snpe-

2221 3667 2390 3721 riores
2418 3683 2516 3721 nos
2540 3667 2652 3722 Deo
2679 3668 2902 3736 agimus.
2942 3666 3201 3722 Volumus
3225 3675 3285 3722 ut
3307 3667 3572 3722 voluntati
3603 3675 3798 3722 nostra:
3883 3721 3886 3728 ,

2216 3760 2356 3814 Dens
2380 3760 2577 3828 jugiter
2603 3767 2788 3829 pareat
2815 3798 2829 3823 ,
2879 3773 2999 3812 cum
3042 3774 3229 3813 omnes
3260 3773 3358 3812 nos
3383 3758 3644 3828 voluntati
3674 3758 3796 3826 ejus

2214 3851 2416 3920 jugiter
2445 3865 2820 3921 repugnemus.
2860 3849 2966 3903 Sed
2995 3849 3084 3904 ille
3107 3847 3281 3917 justus
3309 3858 3419 3916 est,
3451 3849 3575 3903 licet
3595 3865 3697 3904 nos
3719 3850 3798 3904 si-

2222 3961 2343 3999 mus
2390 3943 2589 4014 injusti.
2649 3940 2886 4016 Castigat
2922 3942 3065 3996 enim
3093 3955 3230 4010 quos
3255 3938 3583 4007 castigandos
3611 3949 3797 4008 putat,

2224 4037 2426 4107 patitur
2467 4051 2601 4106 quos
2649 4041 2801 4104 putat
2847 4048 2963 4088 esse
3011 4034 3306 4103 patiendos.
3385 4029 3678 4101 Utrumque
3723 4035 3798 4090 ad

2224 4144 2383 4181 unam
2415 4143 2525 4180 rem
2547 4127 2662 4181 vult
2688 4125 2950 4196 proiicere
3015 4134 3074 4179 ut
3101 4134 3156 4180 et
3179 4123 3454 4194 castigatio
3482 4123 3538 4179 in
3563 4125 3798 4182 catholi-

1724 4233 2060 4292 STEPHANI
2099 4235 2368 4290 BALUZII
2407 4236 2629 4291 ΝΟΤᾹΞ.

541 4328 696 4397 Quod
725 4328 1084 4397 Rittershusw
1112 4325 1401 4396 displicuit,
1430 4327 1522 4396 qui
1555 4331 1764 4381 censuit
1792 4327 1896 4396 legi
1925 4327 2122 4382 debere

539 4396 850 4454 auctoribus.
884 4396 1014 4452 Cum
1038 4398 1218 4465 itaque
1240 4397 1524 4451 lectionem
1551 4411 1712 4465 quam
1737 4397 2122 4452 Rittershusius

540 4469 776 4540 praetulit
809 4468 1043 4540 habeant
1089 4466 1353 4540 editiones
1393 4467 1690 4540 Brassicani
1745 4474 1799 4540 et
1850 4466 2116 4540 Galesinii,

541 4536 656 4594 tum
691 4540 853 4595 etiam
900 4537 1070 4592 codex
1099 4536 1471 4603 Corbeiensis,
1500 4552 1619 4593 eam
1658 4538 1712 4591 in
1760 4537 1860 4591 hac
1887 4537 2120 4593 editione

541 4609 762 4666 retineri
791 4607 988 4663 debere
1017 4608 1188 4662 visum
1211 4615 1308 4662 est.

617 4688 643 4718 ι
671 4678 932 4749 Loquitur
971 4678 1038 4749 de
1067 4677 1230 4733 variis
1257 4693 1532 4749 sacrorum
1561 4677 1845 4749 bibliorum
1874 4677 2120 4749 editioni-

544 4751 644 4805 bus
676 4735 795 4818 quae
831 4757 945 4804 tum
993 4748 1045 4803 in
1103 4764 1200 4803 usu
1249 4756 1420 4802 erant.
1459 4747 1764 4803 Catholicos
1816 4747 2119 4817 Scripturas
2145 4735 2195 4796 Ι)

546 4835 748 4883 sacras,
776 4819 982 4890 plenas,
1014 4818 1775 4890 inviolatas,integrashabere
1795 4819 1890 4883 ait,
1903 4818 2117 4890 han-eti-

546 4905 640 4946 cos
667 4887 795 4946 vero
825 4890 1191 4960 interpolatas,
1222 4888 1362 4943 tnale
1391 4887 1625 4950 traditas,
1657 4888 1934 4960 laceratas,
1967 4888 2120 4960 debi~

548 4961 647 5025 les,
677 4958 1086 5015 convulneratas
1108 4999 1123 5024 ,
1172 4975 1236 5014 ac
1279 4967 1519 5015 veterum
1550 4959 1926 5026 magistrorum
1955 4958 2121 5013 tradi-

549 5032 697 5087 tione
725 5037 1020 5099 corruptas.

619 5100 647 5140 δ
674 5098 1025 5154 Existimabat
1049 5098 1431 5153 Rittershusius
1459 5107 1764 5168 corruptam
1787 5114 1903 5154 esse
1931 5099 2124 5154 editio-

551 5187 673 5228 nem
720 5169 933 5234 Pithmi,
975 5184 1094 5237 quae
1129 5169 1452 5222 traditionem
1495 5169 1671 5224 habet.
1715 5168 1893 5223 Visum
1942 5170 2123 5238 itaque

549 5243 626 5299 illi
653 5241 937 5311 legendum
979 5255 1095 5311 esse
1143 5239 1433 5311 traditione.
1466 5238 1748 5311 Editiones
1767 5248 1940 5293 tamen
1965 5239 2122 5311 Bras-

549 5308 729 5370 sicani
742 5321 798 5367 et
821 5309 1076 5366 Galesinii
1105 5308 1393 5379 praeferunt
1426 5310 1587 5364 etiam
1635 5310 1976 5364 traditionem.
2015 5308 2122 5362 Nos

550 5382 717 5438 secuti
741 5381 1118 5438 auctoritatem
1158 5379 1358 5434 codicis
1399 5379 1736 5435 Corbeiensis
1763 5388 1817 5434 et
1845 5379 2122 5448 conjectu-

552 5467 682 5522 ram,
705 5451 1048 5522 Rittershusii
1100 5450 1407 5522 scripsimus
1455 5451 1745 5522 tradilione.
1787 5449 1952 5504 Paulo
1999 5455 2123 5518 post

554 5520 828 5606 legebatur
856 5522 998 5606 apud
1022 5520 1399 5606 Pitbmum‘aut
1416 5538 1516 5606 Per
1535 5521 1680 5606 ‘ltoc,
1711 5535 1830 5574 cum
1852 5528 1906 5573 et
1933 5534 2121 5606 sensus

553 5591 786 5658 postulet
803 5589 980 5664 legiac
1005 5611 1095 5664 per
1122 5593 1305 5664 hoc,_et
1333 5591 1395 5664 in
1416 5589 1518 5664 hac
1535 5590 1764 5664 lectione
1786 5589 2122 5644 consentiant

556 5666 762 5713 cetera:
783 5659 1042 5718 editiones
1079 5671 1134 5717 et
1160 5660 1327 5716 codex
1357 5659 1713 5715 Corbeiensis.

632 5738 655 5766 ε
691 5725 1004 5783 Existimare
1044 5733 1254 5786 videtur
1307 5729 1586 5784 Salvianus
1638 5743 1856 5783 necesse
1900 5742 2018 5782 esse
2065 5737 2124 5782 ut

557 5797 922 5872 unusquisque
945 5799 1271 5860 Christianus
1299 5800 1539 5874 apprime
1561 5800 1795 5859 imbutus
1821 5798 1889 5858 sit
1915 5799 2122 5859 arcanis

2226 4327 2348 4400 ﬁdei
2396 4345 2525 4394 suae,
2573 4345 2745 4400 neque
2786 4331 2837 4384 in
2876 4330 3174 4400 sacerdotis
3193 4335 3274 4386 sui
3299 4331 3401 4387 ﬁde
3433 4331 3793 4399 conquiescat.

2225 4399 2439 4467 Antiqui
2482 4400 2622 4453 enim
2662 4399 2831 4453 etiam
2863 4399 3083 4454 feminas
3131 4403 3436 4457 excitabant
3471 4400 3538 4454 ad
3565 4401 3798 4456 studium

2222 4485 2493 4543 sacrarunt
2515 4471 2826 4543 litterarum.
2850 4469 3023 4543 Testis
3051 4471 3434 4543 Hieronymus,
3465 4471 3554 4539 qui
3585 4472 3636 4524 in
3687 4473 3803 4542 epi-

2222 4540 2358 4611 stola
2396 4540 2463 4593 ad
2501 4538 2858 4611 Gaudentium
2894 4541 3008 4595 vult
3043 4538 3271 4611 pycllani
3308 4544 3445 4597 scire
3487 4538 3804 4597 memoriter

2222 4609 2474 4680 psalmos,
2499 4610 2664 4666 libros
2702 4610 3024 4677 Salomonis,
3047 4609 3380 4680 ’Evangelia,
3426 4611 3700 4680 apostolos
3744 4620 3805 4666 et

2220 4679 2528 4751 prophetas.
2554 4681 2699 4736 Idem
2743 4680 3049 4735 Marcellam
3078 4679 3255 4735 laudat
3283 4683 3336 4736 in
3370 4679 3484 4749 ejus
3512 4679 3806 4751 Epitaphio

2219 4750 2362 4819 quod
2389 4750 2685 4806 divinarum
2732 4752 3131 4820 Scripturarum
3170 4752 3331 4806 ardor
3369 4751 3423 4804 in
3451 4766 3510 4804 ea
3541 4750 3684 4804 esset
3712 4753 3804 4805 in-

2222 4821 2510 4885 credibilis,
2534 4830 2590 4877 et
2615 4822 2682 4876 ad
2703 4821 3097 4876 Demetriadem
3125 4823 3384 4882 scribens,
3408 4836 3525 4875 eam
3551 4821 3808 4876 hortatur

2222 4900 2281 4962 ut
2309 4899 2509 4945 statuat
2537 4901 2668 4960 quot
2715 4891 2860 4945 horis
2899 4900 3136 4962 sanctam
3183 4890 3511 4962 Scriptttratn
3559 4891 3806 4946 ediscere

2222 4961 2434 5024 debeat,
2464 4970 2665 5030 quanto
2695 4967 2936 5030 tempore
2960 4961 3156 5030 legere,
3184 4960 3386 5015 nonad
3412 4960 3672 5026 laborem,
3702 4962 3807 5016 sed

2225 5031 2291 5084 ad
2316 5030 2725 5086 delectationem
2772 5039 2826 5084 et
2863 5031 3266 5085 instructionem
3293 5032 3500 5086 animte.
3532 5030 3598 5084 Et
3617 5031 3809 5086 Victor

2225 5100 2458 5156 Vitensis
2505 5101 2556 5154 in
2587 5102 2738 5155 initio
2773 5100 2862 5154 lib.
2901 5118 2933 5155 v
2972 5101 3039 5155 de
3089 5099 3471 5156 Persecutione
3509 5100 3802 5156 Vandalica

2225 5169 2531 5241 Dionysiam
2573 5171 2857 5240 quamdam
2895 5178 3298 5235 commemorat,
3330 5185 3449 5240 qua:
3494 5169 3807 5241 Scriptura-

2227 5256 2346 5293 rum
2371 5240 2680 5296 divinarum
2710 5241 2931 5296 scientia
2958 5243 3116 5311 plena
3147 5249 3283 5297 erat.
3316 5240 3674 5309 Leodegarius
3702 5241 3809 5296 de-

2227 5311 2388 5378 nique
2432 5311 3019 5382 AAugustoduttensium
3089 5313 3370 5382 episcopus
3445 5311 3512 5364 ad
3572 5320 3808 5367 matrem

2227 5395 2379 5450 suam
2423 5380 2699 5448 Sigradam
2747 5381 3004 5445 scribens,
3048 5380 3166 5450 quin
3215 5380 3289 5436 ἧι(
3311 5383 3694 5436 monasterium
3739 5397 3812 5437 se

2229 5449 2523 5515 abdiderat,
2557 5467 2622 5506 eo
2644 5453 2782 5506 inter
2802 5452 2906 5506 alia
2934 5449 3248 5521 argumento
3277 5467 3394 5506 eam
3424 5451 3627 5506 solatur
3655 5452 3810 5521 quod

2226 5535 2324 5589 pro
2350 5522 2633 5577 amissione
2661 5538 2840 5579 rerum
2867 5523 3091 5578 haberet
3109 5521 3440 5590 Scripturam
3465 5530 3706 5578 sanctam
3729 5521 3814 5576 di-

2227 5591 2425 5645 vinam.
2459 5592 2558 5647 'Ea
2611 5592 2709 5648 fuit
2764 5593 3062 5662 prisconnn
3127 5600 3428 5662 temporum
3491 5591 3814 5664 simplicitas

2227 5668 2274 5714 et
2302 5663 2636 5717 confidentia.

2221 5668 2274 5714 et
2302 5663 2636 5718 confidentia.

2297 5729 2321 5767 δ
2355 5731 2484 5787 Vide
2512 5734 2577 5787 ad
2606 5735 2747 5787 hunc
2773 5735 2952 5790 locum
2980 5734 3215 5795 Diarium
3245 5733 3495 5795 Litterar.
3525 5732 3641 5794 Ital.
3666 5741 3806 5792 tom.

2227 5800 2415 5874 XXIV,
2449 5818 2568 5875 pag.
2604 5803 2670 5860 i7
2694 5811 2747 5860 et
2775 5819 2926 5876 seqq.
3112 5823 3116 5826 ~
