4088 6360
342 326 410 387 9‘7
1414 319 1502 387 DE
1537 321 2064 390 GUBERNA'I'IONE
2103 327 2213 384 DEI
2252 329 2379 386 LIB.
2421 329 2483 386 V.
3519 326 3591 392 08

330 449 412 506 cis
435 447 693 520 peccandi
721 449 954 504 retrenet
980 445 1275 514 libidinem,
1304 454 1361 502 et
1387 448 1710 518 quandoque
1738 448 1912 503 haere-
1939 449 1988 510 Α
2014 444 2130 499 Jam
2161 461 2289 500 vero
2319 445 2448 499 illud
2476 446 2657 514 quale,
2689 459 2850 516 quam
2879 456 3074 501 saevum
3099 484 3116 511 ,
3165 453 3328 516 quam
3375 459 3442 500 ex
3488 445 3591 502 bac

329 539 472 595 ticos
500 539 754 610 patientia
792 538 886 593 Dei
926 535 1083 593 faciat
1131 537 1343 608 plenam
1375 534 1495 591 ﬁdei
1521 553 1744 592 noscere
1772 538 1911 591 veri-

329 641 520 699 tatem,
553 634 781 687 maxime
809 647 928 687 cum
965 631 1100 686 sciat
1139 645 1234 685 eos
1261 629 1483 684 forsitan
1513 628 1774 684 catholica
1805 644 1912 682 non

329 726 582 795 indignos
610 724 713 779 llde
736 763 752 789 ,
799 738 934 794 quos
981 721 1161 777 videat
1188 720 1466 777 catholicis
1493 719 1614 773 vita:
1642 733 1916 789 compara-

329 817 482 870 tione
531 822 800 884 przestare.
861 812 1060 868 Omnes
1097 819 1274 866 autem
1307 810 1393 864 isti
1426 809 1493 863 de
1519 808 1714 877 quibus
1742 807 1913 876 loqui-

337 923 481 972 mur,
515 915 610 961 aut
635 905 862 960 Vandali
891 913 1016 959 sunt
1045 911 1136 957 aut
1163 901 1342 957 Gothi.
1401 899 1534 954 Nam
1562 900 1629 954 de
1657 898 1912 952 Romanis

330 998 638 1062 haereticis,
688 1013 917 1066 quorum
963 997 1240 1050 innumera
1286 992 1568 1047 multitudo
1617 999 1730 1054 est,
1781 991 1910 1044 nihil

329 1091 560 1145 dicimus
585 1130 598 1153 ,
650 1103 823 1158 neque
851 1095 943 1142 aut
972 1086 1226 1141 Romanis
1253 1101 1347 1140 eos
1387 1092 1478 1138 aut
1502 1084 1748 1139 barbaris
1773 1099 1914 1139 com-

330 1197 615 1253 paramus,
670 1183 794 1252 quia
822 1189 876 1235 et
905 1180 1214 1235 intldelitate
1243 1178 1498 1233 Romanis
1526 1185 1649 1232 sunt
1675 1175 1910 1231 deterio-

329 1289 462 1338 res,
511 1283 566 1329 et
611 1273 848 1330 foeditate
896 1274 1014 1327 vita:
1061 1273 1300 1326 barbaris
1328 1271 1612 1340 turpiores.
1676 1269 1781 1324 Sed
1810 1270 1914 1325 hoc

330 1378 436 1419 nos
462 1381 567 1419 non
593 1364 765 1420 solum
796 1379 900 1418 non
923 1363 1092 1431 juvat,
1123 1363 1216 1417 sed
1262 1362 1424 1416 etiam
1468 1375 1630 1430 supra
1677 1360 1727 1414 id
1769 1360 1912 1429 quod

332 1469 367 1509 a
398 1455 550 1510 nobis
589 1456 718 1526 ipsis
757 1468 1042 1522 gravamur
1079 1461 1281 1522 gravat,
1313 1454 1437 1522 quia
1469 1459 1523 1507 et
1551 1452 1588 1506 ii
1615 1467 1750 1520 quos
1783 1452 1914 1506 tales

330 1561 616 1602 eausamur
640 1562 788 1612 esse,
835 1546 1062 1602 Romani
1095 1554 1237 1600 sunt.
1281 1544 1433 1600 Unde
1473 1545 1770 1614 intelligere
1798 1561 1912 1614 pos

331 1654 518 1694 sumus
567 1639 695 1709 quid
745 1647 1014 1694 mereatur
1072 1638 1246 1691 omnis
1299 1637 1540 1692 Romana
1589 1636 1909 1706 respublica,

2017 536 2129 607 ipsa
2160 536 2434 606 impietate
2461 534 2812 601 descendens,
2841 553 3003 606 quam
3027 537 3257 592 alienum
3277 553 3308 591 a
3327 536 3592 605 barbaris,

2015 643 2176 698 quam
2207 627 2468 682 familiare
2497 627 2772 694 Romanis,
2803 630 2945 700 quod
2976 647 3036 686 se
3063 630 3288 686 invicem
3310 632 3594 687 exactione

2015 725 2394 794 proscribunt:
2447 725 2611 778 immo
2662 741 2767 780 non
2815 726 3081 782 invicem:
3115 744 3236 783 nam
3264 728 3366 783 hoc
3393 725 3593 781 tolera-

2017 814 2178 869 bilius
2224 816 2391 869 ferme
2437 823 2580 869 esset
2625 815 2670 869 si
2716 824 2994 886 pateretur
3047 819 3272 888 quisque
3317 817 3591 890 98quod

2016 903 2246 969 fecerat;
2299 905 2424 958 illud
2452 906 2664 973 gravius
2691 915 2802 970 est,
2841 907 2987 975 quod
3016 908 3228 977 plurimi
3261 909 3596 978 proscribun-

2019 1005 2105 1050 tur
2147 1014 2176 1050 a
2226 998 2408 1067 paucis
2431 1037 2444 1061 ,
2495 999 2686 1066 quibus
2733 999 2941 1052 exactio
2969 999 3179 1069 publica
3207 1000 3488 1070 peculiaris
3515 1009 3597 1056 est

2018 1088 2220 1156 przeda,
2251 1089 2340 1156 qui
2373 1087 2564 1143 ﬁscalis
2591 1090 2754 1142 debiti
2786 1090 2966 1144 titulos
2992 1090 3191 1144 faciunt
3218 1101 3451 1160 quaastus
3478 1107 3595 1147 esse

2021 1179 2286 1250 privatos;
2337 1186 2389 1232 et
2438 1179 2540 1233 hoc
2569 1195 2675 1233 nou
2709 1181 2901 1234 summi
2935 1188 3172 1244 tantum,
3203 1181 3296 1234 sed
3326 1196 3463 1250 pene
3489 1181 3598 1235 inﬂ-

2021 1270 2125 1333 mi;
2178 1286 2284 1323 non
2327 1269 2536 1338 judices
2588 1270 2759 1325 solum
2789 1312 2802 1336 ,
2843 1270 2937 1325 sed
2965 1270 3128 1326 etiam
3151 1269 3418 1338 judicibus
3447 1273 3599 1327 obse~

2019 1373 2263 1436 quentes.
2306 1364 2432 1430 Qua:
2461 1365 2600 1418 enim
2631 1374 2755 1420 sunt
2782 1381 2890 1420 non
2920 1364 3080 1419 modo
3110 1364 3287 1428 urbes,
3317 1364 3413 1418 sed
3433 1365 3596 1420 etiam

2019 1456 2305 1525 municipia
2353 1463 2514 1524 atque
2563 1456 2690 1521 vici;
2742 1455 2829 1509 ubi
2879 1471 2987 1509 non
3015 1463 3147 1523 quot
3176 1453 3201 1492 δ
3229 1451 3456 1508 curiales
3481 1453 3597 1509 fue-

2019 1547 2146 1610 rint,
2179 1554 2258 1600 tot
2288 1547 2501 1616 tyranni
2530 1546 2675 1599 sint?
2701 1557 2722 1584 ο
2751 1545 3065 1614 Quanquam
3089 1543 3224 1599 forte
3253 1545 3356 1599 hoc
3379 1544 3596 1598 nomine

2020 1638 2119 1692 sibi
2167 1637 2524 1706 gratulentur,
2573 1637 2697 1705 quia
2746 1645 2938 1706 potens
2966 1643 3020 1689 et
3050 1635 3346 1690 honoratus
3372 1650 3490 1689 esse
3520 1634 3596 1688 vi-

331 1745 455 1785 cum
484 1746 610 1800 pars
655 1729 1017 1785 Romanorum
1066 1727 1302 1783 offendat
1332 1728 1499 1782 Deum
1539 1729 1668 1793 vita,
1703 1743 1829 1797 pars
1856 1735 1911 1782 et
1941 1755 1987 1816 B
2017 1727 2224 1782 deatur.
2287 1725 2416 1780 Nam
2465 1734 2520 1780 et
2568 1727 2803 1781 latrones
2852 1723 3017 1781 ferme
3069 1741 3256 1780 omnes
3283 1725 3515 1794 gaudent
3543 1734 3597 1780 et

333 1821 642 1876 inﬁdelitate
673 1822 874 1892 pariter
900 1829 954 1875 et
975 1821 1100 1875 vita.
1140 1818 1301 1874 Salvo
1330 1834 1394 1874 eo
1423 1818 1566 1889 quod
1595 1820 1753 1874 etiam
1785 1819 1909 1888 ipsa:

331 1911 599 1981 quondam
639 1913 869 1968 hmreses
894 1912 1243 1965 barbarorum
1267 1919 1292 1948 ι
1313 1909 1380 1965 de
1403 1909 1627 1964 Romani
1657 1911 1909 1978 magiste-

331 2003 398 2056 rii
446 2003 708 2072 pravitate
755 2003 1060 2066 tinxerunt,
1109 2002 1214 2072 97
1269 2016 1332 2054 ac
1377 2000 1594 2070 perinde
1620 2001 1781 2055 etiam
1808 2000 1912 2054 hoc

332 2102 573 2148 nostrum
602 2094 805 2148 crimen
836 2100 944 2156 est,
981 2091 1124 2160 quod
1153 2091 1339 2161 populi
1367 2090 1715 2145 barbarorum
1747 2090 1915 2143 hmre-

331 2186 422 2241 tici
452 2201 570 2240 esse
597 2194 894 2254 emperunt.

404 2275 490 2328 IV.
534 2273 704 2328 Porro
734 2282 913 2326 autem
941 2282 1198 2340 quantum
1228 2273 1296 2326 ad
1325 2275 1788 2327 conversationem
1817 2271 1919 2327 Go-

333 2365 551 2420 thorum
598 2373 691 2419 aut
738 2363 1098 2417 Vandalorum
1149 2364 1416 2433 pertinet,
1463 2363 1591 2432 quid
1619 2364 1782 2418 estin
1809 2379 1917 2432 quo

334 2459 416 2511 eis
445 2464 537 2510 aut
587 2470 903 2526 prmponere
947 2471 1045 2510 nos
1087 2464 1179 2510 aut
1225 2456 1386 2510 etiam
1416 2472 1728 2526 comparare
1751 2457 1917 2526 possi-

339 2546 494 2598 mus?
525 2546 601 2599 Ae
649 2545 880 2614 primum
927 2552 984 2599 ut
1029 2545 1096 2599 de
1143 2544 1338 2600 aﬂ'ectu
1365 2555 1420 2600 et
1453 2547 1712 2600 charitate
1739 2546 1909 2602 dicam

343 2635 526 2704 (quam
577 2634 896 2704 praecipuam
938 2635 1192 2691 Dominus
1218 2635 1375 2691 docet
1401 2651 1520 2691 esse
1547 2638 1826 2703 virtutem,
1856 2647 1911 2694 et

337 2741 499 2795 quam
526 2743 635 2782 non
681 2728 852 2782 solum
901 2743 996 2798 per
1036 2745 1223 2784 omnes
1262 2729 1566 2800 Scripturas
1591 2747 1788 2796 sacras,
1818 2731 1910 2787 sed

334 2817 496 2871 etiam
524 2833 622 2888 per
649 2833 708 2872 se
736 2813 849 2888 ipse
875 2821 1212 2875 commendat
1238 2819 1422 2876 dicens
1445 2839 1458 2874 :
1493 2821 1559 2876 In
1592 2823 1686 2877 hoc
1726 2826 1911 2878 scietur

333 2907 469 2978 quod
496 2907 732 2978 discipuli
752 2910 1010 2975 meiestis,
1041 2912 1086 2964 si
1117 2929 1202 2966 vos
1222 2913 1437 2967 invicem
1464 2914 1692 2984 diligatis
1719 2915 1904 2987 [Ιοαη.

335 3012 457 3063 xm,
488 2997 595 3070 55]
641 3015 828 3054 omnes
881 3016 940 3056 se
989 3000 1098 3057 fere
1139 3003 1394 3067 barbari,
1451 3007 1542 3074 qui
1589 3007 1749 3060 modo
1790 3015 1912 3061 sunt

2012 1823 2334 1892 gloriantur,
2383 1822 2426 1875 si
2469 1822 2765 1875 atrociores
2819 1819 3109 1874 admodum
3139 1835 3299 1890 quam
3329 1829 3451 1873 sunt
3479 1833 3597 1873 esse

2012 1914 2274 1969 dicantur.
2339 1911 2469 1979 Quis
2515 1927 2663 1989 ergo,
2718 1921 2775 1966 ut
2821 1912 2955 1978 dixi,
3003 1912 3154 1967 locus
3199 1921 3282 1967 est
3311 1911 3397 1966 ubi
3428 1927 3535 1966 non
3565 1927 3595 1966 ι

2013 2005 2397 2076 principalibus
2433 2003 2706 2058 civitatum
2755 2003 3032 2057 viduarum
3079 2012 3132 2057 et
3161 2002 3486 2072 pupillorum
3514 2003 3597 2056 vi—

2016 2109 2165 2147 scera
2194 2095 2540 2155 devorentur,
2589 2101 2644 2147 et
2688 2109 2809 2147 cum
2838 2095 2920 2147 his
2949 2093 3114 2148 ferme
3143 2102 3453 2148 sanctorum
3482 2110 3597 2147 om-

2021 2183 2203 2235 nium?
2254 2181 2386 2234 Nam
2427 2190 2481 2234 et
2508 2181 2608 2234 hos
2633 2182 2785 2249 quasi
2816 2181 3002 2235 viduas
3030 2197 3092 2234 ac
3121 2181 3352 2250 pupillos
3379 2183 3598 2246 habent,

2021 2270 2145 2337 quia
2177 2270 2313 2322 tueri
2343 2284 2400 2323 se
2430 2278 2520 2322 aut
2550 2285 2647 2339 pro
2683 2268 2858 2322 studio
2890 2268 3241 2338 professionis
3261 2286 3369 2324 sua:
3391 2270 3600 2338 nolunt,

2022 2367 2114 2411 aut
2142 2374 2240 2427 pro
2289 2358 2590 2412 innocentia
2639 2366 2800 2427 atque
2847 2357 3148 2414 humilitate
3199 2374 3305 2414 non
3354 2370 3595 2430 possunt.

2020 2451 2184 2506 Nemo
2214 2452 2393 2521 itaque
2423 2452 2612 2506 horum
2643 2460 2787 2506 tutus
2816 2460 2935 2516 est,
2985 2467 3158 2520 neque
3187 2453 3281 2506 ulli
3311 2453 3597 2510 admodum

2016 2552 2211 2616 przeter
2259 2560 2495 2598 sunuuos
2540 2559 2570 2598 a
2630 2545 2928 2599 vastatione
2983 2544 3250 2599 latrocinii
3295 2544 3596 2615 populantis

2021 2635 2284 2688 immunes
2308 2675 2320 2697 ,
2375 2634 2475 2687 nisi
2519 2634 2613 2702 qui
2644 2632 2840 2688 fuerint
2865 2634 2993 2704 ipsis
3021 2634 3319 2688 latronibus
3349 2650 3506 2704 pares
3537 2636 3588 2688 in

2017 2726 2120 2780 hac
2149 2727 2495 2788 conditione;
2553 2727 2716 2779 immo
2770 2726 2824 2779 in
2869 2726 2972 2780 hoc
3009 2725 3184 2779 scelus
3222 2741 3308 2780 res
3344 2726 3594 2780 devoluta

2014 2828 2114 2880 est,
2148 2829 2206 2872 ut
2235 2820 2334 2872 nisi
2363 2820 2481 2887 quis
2511 2819 2682 2872 malus
2712 2818 2892 2881 fuerit,
2924 2819 3102 2872 salvus
3130 2834 3249 2871 esse
3272 2835 3377 2872 non
3404 2819 3591 2887 possit.

2086 2909 2149 2962 V.
2181 2908 2286 2963 Sed
2330 2909 2577 2962 videlicet
2605 2924 2725 2960 cum
2765 2916 2845 2960 tot
2883 2909 2988 2961 sint
3029 2909 3120 2977 qui
3157 2908 3330 2961 bonos
3359 2914 3593 2969 vastant,

2016 3009 2139 3055 sunt
2162 3000 2391 3054 fortasse
2419 2999 2580 3067 aliqui
2603 3000 2694 3068 qui
2725 2998 2776 3051 in
2803 2999 2900 3052 hac
2923 2998 3222 3052 vastatione
3251 3003 3593 3060 succurrant;

335 3090 492 3145 unius
542 3091 717 3158 gentis
769 3099 825 3145 et
869 3093 1010 3160 regis
1033 3134 1048 3159 ,
1102 3103 1288 3148 mutuo
1327 3103 1538 3160 amant,
1564 3109 1752 3150 omnes
1779 3111 1914 3166 pene
1941 3104 1989 3169 ρ
2017 3093 2127 3162 qui,
2173 3100 2229 3145 ut
2269 3092 2524 3160 scriptum
2566 3099 2664 3153 est,
2709 3090 2940 3159 eripiant
2967 3103 3192 3166 egenum
3223 3101 3275 3143 et
3307 3102 3596 3158 pauperem

336 3179 563 3235 Romani
608 3197 666 3235 se
713 3189 900 3248 mutuo
952 3192 1363 3254 persequuntur.
1424 3184 1554 3251 Quis
1599 3186 1740 3240 enim
1781 3187 1912 3240 civis

335 3286 442 3325 non
473 3270 672 3326 invidet
698 3271 840 3326 civi?
883 3271 1013 3337 Quis
1062 3274 1202 3327 enim
1234 3273 1447 3344 plenam
1476 3275 1653 3330 vicino
1697 3275 1912 3330 exhibet

334 3363 688 3418 charitatem?
736 3361 934 3418 Omnes
979 3366 1177 3435 quippe
1228 3381 1256 3420 a
1295 3382 1375 3431 se,
1406 3367 1505 3421 etsi
1535 3367 1654 3436 loco
1681 3386 1786 3424 non
1817 3370 1909 3424 ab-

333 3461 500 3517 sunt,
551 3452 742 3508 all'ectu
792 3455 1012 3518 absunt;
1073 3456 1172 3509 etsi
1221 3456 1551 3513 habitatione
1592 3458 1904 3527 junguntur,

334 3553 516 3600 mente
554 3544 804 3614 disjuncti
843 3553 986 3599 sunt.
1033 3545 1206 3615 Atque
1249 3547 1453 3600 utinam
1500 3548 1629 3612 hoc,
1680 3549 1802 3604 licet
1840 3549 1910 3603 sit

334 3635 622 3705 pessimum
651 3635 866 3701 malum,
899 3637 1100 3690 utinam
1130 3637 1273 3692 cives
1296 3647 1502 3692 tantum
1524 3647 1683 3708 atque
1711 3640 1903 3695 vicini!

333 3722 468 3780 Illud
514 3733 595 3781 est
642 3726 852 3792 gravius
875 3767 890 3791 ,
933 3726 1075 3795 quod
1106 3742 1205 3782 nec
1233 3728 1516 3797 propinqui
1544 3729 1756 3798 quidem
1785 3746 1910 3799 pro-

333 3815 649 3886 piuquitatis
683 3817 798 3885 jura
840 3826 1176 3872 conservant.
1236 3818 1365 3884 Quis
1395 3820 1535 3872 enim
1566 3837 1623 3875 se
1650 3823 1910 3890 proximis

334 3908 446 3962 suis
473 3909 774 3978 proximum
805 3908 1014 3962 reddit?
1042 3908 1172 3974 Quis
1199 3909 1357 3962 solvit
1387 3910 1652 3973 charitati,
1683 3913 1823 3979 quod
1852 3929 1910 3967 se

335 4000 578 4066 agnoscit
621 3999 816 4053 debere
866 3999 947 4051 vel
996 3999 1230 4051 nomini?
1281 3998 1410 4063 Quis
1459 3999 1561 4051 hoc
1607 4008 1687 4052 est
1735 4001 1913 4055 animo

339 4087 484 4157 quod
530 4091 786 4142 vocatur?
836 4088 967 4153 Quis
1013 4095 1121 4140 tam
1171 4089 1502 4156 propinquus
1549 4089 1708 4142 corde
1755 4105 1912 4157 quam

338 4177 638 4244 sanguine,
682 4179 736 4230 in
785 4193 894 4245 quo
945 4192 1051 4229 non
1098 4176 1300 4231 luridus
1347 4178 1734 4233 malevolentiae
1771 4182 1915 4235 zelus

335 4265 520 4330 ardet,
564 4265 714 4334 cujus
751 4281 857 4320 non
898 4282 1111 4321 sensum
1141 4266 1278 4320 livor
1306 4267 1515 4333 invasit,
1546 4269 1629 4322 cui
1661 4286 1764 4324 non
1797 4287 1913 4340 pro:

2013 3184 2080 3239 de
2107 3199 2265 3237 manu
2289 3184 2582 3253 peccatoris
2615 3181 2784 3253 (Psal.
2819 3199 2996 3249 Luxu,
3030 3181 3106 3252 ι).
3144 3180 3265 3236 Νοη
3296 3185 3480 3253 estqui
3513 3184 3596 3253 {a-

2013 3279 2120 3330 ciat
2153 3277 2356 3348 bonum,
2394 3293 2492 3329 nou
2534 3285 2608 3329 est
2641 3292 2767 3346 pene
2795 3292 2950 3346 usque
2994 3275 3062 3328 ad
3089 3292 3242 3328 mmm
3275 3273 3446 3344 (Psal.
3478 3290 3589 3338 xm,

2014 3367 2087 3436 1).
2123 3367 2246 3421 Ideo
2275 3366 2426 3432 dixit,
2459 3384 2582 3437 pene
2606 3383 2762 3437 usque
2790 3367 2858 3418 ad
2887 3383 3040 3418 unum
3069 3367 3191 3436 quia
3223 3373 3368 3418 tanta
3398 3373 3478 3418 est
3509 3379 3594 3417 ra-

2011 3459 2142 3513 ritas
2190 3459 2474 3523 bonorum,
2528 3466 2586 3511 ut
2631 3473 2769 3526 pene
2822 3473 2958 3510 unus
3003 3473 3121 3509 esse
3172 3455 3431 3507 videatur.
3465 3452 3596 3519 Quis

2013 3549 2155 3602 enim
2185 3550 2390 3603 vexatis
2421 3556 2580 3616 atque
2610 3547 2974 3602 laborantibus
3018 3561 3176 3616 opem
3207 3545 3425 3610 tribuat,
3469 3559 3592 3599 cum

2013 3638 2379 3708 improborum
2420 3637 2695 3692 hominum
2735 3637 3002 3692 violentia:
3031 3636 3192 3690 etiam
3232 3634 3257 3672 ά
3288 3635 3594 3690 sacerdotes

2011 3729 2221 3784 Domini
2261 3745 2367 3784 non
2407 3729 2693 3784 resistant?
2722 3729 2856 3784 Nam
2897 3738 2989 3783 aut
3031 3737 3212 3784 tacent
3252 3728 3465 3798 plurimi
3492 3743 3589 3782 eo-

2010 3837 2147 3884 rum,
2174 3829 2266 3874 aut
2293 3821 2493 3875 similes
2521 3831 2644 3874 sunt
2673 3821 2992 3883 tacentibus,
3027 3819 3237 3873 etiamsi
3268 3819 3586 3887 loquantur;

2012 3921 2068 3966 et
2094 3914 2196 3967 hoc
2237 3913 2390 3965 multi
2418 3928 2527 3964 non
2558 3912 2938 3973 inconstantia,
2988 3909 3082 3962 sed
3109 3908 3357 3973 consilio,
3384 3914 3441 3960 ut
3487 3923 3589 3976 pu-

2019 4012 2152 4066 tant,
2197 4011 2359 4070 atque
2405 4003 2633 4054 ratione.
2664 4003 2774 4070 99
2811 4000 3091 4052 Exsertam
3130 3997 3272 4052 enim
3311 3997 3593 4051 veritatem

2015 4094 2256 4164 proferre
2285 4093 2490 4154 nolunt,
2523 4093 2644 4160 quia
2674 4107 2791 4146 eam
2821 4107 2979 4146 aures
3019 4091 3383 4161 improborqu
3414 4091 3590 4144 homi-

2015 4199 2112 4238 nes
2139 4185 2401 4238 sustinere
2431 4197 2535 4236 non
2568 4191 2826 4252 possunt;
2859 4196 2958 4235 nec
2975 4181 3149 4235 solum
3179 4179 3464 4249 refugiunt,
3495 4180 3590 4236 sed

2013 4276 2175 4330 etiam
2219 4285 2241 4312 ο
2273 4274 2502 4328 oderunt
2531 4281 2585 4327 et
2624 4280 2988 4336 exsecrantur,
3015 4280 3069 4326 et
3097 4287 3204 4326 non
3233 4271 3393 4326 modo
3433 4271 3587 4326 audi-

333 4356 563 4425 speritas
600 4357 772 4411 aliena
811 4357 1122 4426 supplicium
1166 4358 1286 4410 est?
1313 4355 1441 4424 Quis
1470 4375 1574 4412 non
1606 4360 1802 4414 bonum
1832 4363 1909 4415 al-
1934 4422 1975 4431 _
2009 4373 2117 4418 tam
2144 4381 2248 4418 non
2289 4373 2604 4418 reverentur
2631 4373 2724 4418 aut
2753 4371 3016 4424 metuunt,
3049 4362 3143 4417 sed
3173 4362 3378 4431 majore
3419 4362 3584 4416 etiam

332 4447 518 4511 terius,
549 4447 746 4500 malum
776 4462 929 4502 suum
973 4447 1180 4500 credit?
1219 4445 1317 4500 Cui
1337 4422 1430 4500 ita
1461 4447 1654 4504 sufficit
1683 4451 1905 4507 felicitas
1934 4422 1986 4483 Β
2009 4455 2366 4524 superbientis
2395 4455 2708 4523 pervicacia:
2729 4422 3096 4524 perduellione
3121 4422 3492 4507 contemnunt.
3518 4451 3589 4507 Et

332 4554 427 4595 sua
447 4577 462 4604 ,
511 4548 570 4593 ut
614 4539 778 4593 etiam
825 4539 988 4592 alium
1035 4538 1165 4592 velit
1191 4553 1310 4592 esse
1340 4537 1588 4594 felicem?
1618 4540 1821 4597 Novum
1851 4554 1905 4598 et

329 4634 696 4689 inaestimabile
740 4650 878 4688 nunc
924 4634 979 4688 in
1025 4634 1268 4703 plurimis
1315 4635 1512 4688 malum
1563 4643 1665 4689 est.
1709 4634 1902 4690 Parum

328 4726 490 4782 alicui
537 4735 619 4782 est
663 4727 706 4781 si
753 4727 864 4796 ipse
905 4727 974 4781 sit
1018 4724 1170 4792 felix,
1217 4726 1317 4780 nisi
1347 4727 1481 4781 alter
1509 4727 1666 4782 fuerit
1695 4724 1896 4783 infelix'.

2010 4548 2131 4603 ideo
2158 4556 2340 4604 tacent
2366 4547 2527 4601 etiam
2553 4547 2647 4615 qui
2667 4547 2812 4616 loqui
2833 4535 3085 4616 'possunt,
3105 4544 3233 4598 dum
3255 4546 3384 4615 ipsis
3417 4545 3584 4600 inter-

2009 4639 2132 4694 dum
2159 4639 2176 4678 ί
2199 4639 2350 4693 malis
2374 4646 2626 4708 parcunt;
2656 4653 2754 4693 nec
2775 4637 2960 4693 volunt
2987 4637 3065 4692 eis
3092 4638 3202 4691 vim
3228 4646 3427 4707 apertae
3455 4653 3584 4706 pro-

2009 4745 2155 4785 mere
2178 4729 2436 4795 veritatis,
2474 4744 2541 4784 ne
2568 4729 2766 4784 faciant
2793 4743 2888 4784 eos
2917 4729 3121 4796 ingesta
3163 4729 3337 4784 acrius
3361 4728 3589 4783 veritate

1503 4881 1835 4938 STEPHANI
1873 4884 2138 4942 BALUZII
2175 4883 2403 4943 ΝΟΤιΕ.

403 5007 428 5034 ⁸·
457 4997 530 5052 De
579 4995 768 5051 Gothis
811 5003 1037 5051 testatur
1093 4994 1326 5051 Isidorus
1368 4998 1421 5052 in
1460 4997 1755 5064 Cht‘bnico,
1808 5014 1903 5054 eos

327 5067 560 5138 Arianos
581 5068 749 5138 factos
776 5081 894 5138 esse
925 5068 977 5120 in
995 5066 1230 5138 gratiam,
1254 5065 1490 5138 Valentis
1514 5069 1851 5138 imperatoris
1886 5088 1896 5121 :

328 5137 483 5208 Cat/ii
505 5139 574 5190 ad
604 5137 792 5191 Istrum
822 5136 1004 5208 bifarie
1031 5136 1644 5208 in_duolmsFridigerito
1673 5148 1722 5191 et
1749 5139 1902 5191 Atha-

327 5206 489 5278 lariro
513 5208 659 5262 divisi
681 5216 798 5260 sunt
821 5205 1039 5277 regibus.
1067 5205 1174 5260 Sed
1198 5205 1529 5278 Fridigermis
1552 5208 1902 5278 Athalaricum

344 5275 569 5332 Valentis
592 5279 768 5331 Ariani
789 5275 1111 5346 imperatoris
1133 5278 1328 5329 auxilio
1349 5275 1614 5347 superans,
1656 5277 1901 5331 suadente

325 5347 502 5401 eodem
531 5351 582 5401 in
627 5349 776 5419 hujus
802 5347 1029 5419 beneﬁcii
1066 5348 1286 5419 gratiam
1315 5364 1378 5400 ea:
1401 5347 1650 5402 catholico
1679 5348 1900 5401 Arianus

327 5425 436 5500 tum
465 5420 602 5472 omni
632 5415 777 5488 gente
797 5415 1079 5471 Gothorum
1096 5417 1323 5485 effectus,
1347 5435 1570 5471 errarent
1591 5427 1792 5471 secutus
1821 5427 1896 5471 est

324 5504 625 5635 7,893:qu
663 5566 985 5635 post_vocat_
1019 5558 1370 5635 principales;
1408 5557 1462 5612 In
1508 5559 1724 5635 antiqua
1780 5575 1899 5635 ver-

324 5629 481 5698 sione
517 5625 748 5688 .concilii
794 5625 1044 5698 Ephesini
1089 5625 1208 5698 pag.
1257 5626 1372 5698 7555
1413 5637 1466 5681 et
1516 5625 1654 5698 apud
1677 5627 1897 5683 Marium

325 5697 680 5752 Mercatorem
711 5694 980 5766 pag.§f21,
999 5694 1210 5766 curialis
1237 5697 1449 5760 dicitur,
1479 5694 1569 5764 qui
1601 5698 1651 5749 in
1683 5699 1898 5766 antiqua

326 5769 576 5824 versione
603 5763 815 5824 concilii
848 5763 1297 5821 Chalcedonensis
1348 5782 1466 5838 pag.
1500 5763 1654 5830 H37,
1680 5763 1900 5822 vocatur

2044 4999 2338 5056 rincinalis.

2007 5015 2464 5140 Ψξηιῗῗιῗέιῆἰειιηι
2493 5067 2632 5123 haud
2659 5082 2844 5123 sanum
2874 5067 3289 5140 existimaverim
3311 5069 3577 5140 equidem.

2076 5136 2103 5174 ἀ
2134 5138 2272 5208 Infra
2321 5148 2564 5194 extremo
2599 5140 2692 5194 lib.
2744 5154 2794 5192 Iv
2837 5137 3092 5195 adversus
3140 5136 3415 5208 avaritiam
3458 5153 3577 5208 pag.

2190 5207 2469 5282 Interhwc
2497 5210 2621 5282 quid
2653 5209 3024 5282 agautquibus
3054 5211 3293 5282 loquendi
3315 5227 3346 5262 α
3377 5207 3582 5282 Christo

2003 5280 2170 5348 ofﬁcia
2195 5275 2544 5350 mandantur?
2559 5279 2667 5334 Deo
2687 5275 2982 5350 displicent,
2995 5282 3040 5333 si
3063 5275 3257 5344 tacent;
3275 5275 3581 5350 hominibus,

2001 5346 2359 5420 si'loquuntur.
2385 5348 2460 5404 Ea
2509 5365 2638 5419 ergo
2684 5346 2783 5404 fuit
2810 5350 2960 5402 istius
2998 5346 3500 5420 seculi__infelicit_as
3526 5357 3583 5420 ut

2006 5413 2370 5473 sacerdotibus
2390 5437 2499 5475 non
2531 5413 2714 5476 liceret
2742 5421 2919 5488 eloqui
2947 5417 3326 5488 quodvellent,
3357 5413 3581 5488 sedpal-

2002 5489 2176 5560 panda
2223 5499 2402 5544 essent
2445 5491 2570 5544 vitia
2617 5483 2997 5560 subjecterum.
3051 5486 3183 5560 Vide
3207 5499 3324 5551 qua:
3369 5483 3584 5560 de

2002 5554 2316 5628 argumento
2356 5569 2607 5615 annotata
2652 5577 2683 5614 a
2713 5554 2885 5628 'nobis
2907 5564 3031 5609 sunt
3083 5554 3148 5628 ad
3177 5563 3338 5628 caput
3366 5555 3433 5609 l3
3459 5556 3579 5612 libri

2003 5623 2267 5703 Agohardi
2297 5630 2376 5703 de;
2388 5629 2671 5703 Privilegio
2695 5637 2751 5681 et
2774 5627 2900 5679 lure
2928 5623 3234 5703 sacerdotii.

2077 5711 2098 5738 ε
2126 5701 2309 5754 Codex
2339 5693 2656 5754 Colbertfet
2683 5705 2894 5748 veteres
2924 5693 3077 5760 edit.,
3105 5695 3304 5750 odium.

2079 5768 2096 5806 τ
2125 5771 2266 5825 Idem
2297 5771 2430 5823 liber
2457 5777 2510 5822 et
2533 5775 2744 5822 veteres
2765 5760 2918 5830 edit.,
2945 5765 3080 5821 male
3107 5776 3347 5841 parcunt.
