4088 6360
512 259 586 320 99
1455 258 1512 314 s.
1551 251 1864 311 SALVIANI
1902 249 2360 310 mssxusssns
2399 251 2815 324 PRESBYTERI
3679 257 3783 317 ,ου

512 373 905 451 pejores.lnter
923 375 1038 431 haec
1057 381 1333 432 vastantur
1352 391 1634 447 pauperes,
1659 375 1831 432 viduae
1851 383 2092 444 gemunt,
2117 375 2169 438 Α
2197 383 2370 443 erant,
2401 375 2526 444 quia
2571 391 2677 438 non
2727 370 3176 445 permittebadﬁi‘
3194 369 3504 446 essequod
3535 375 3780 448 fuerant;

512 475 738 544 orphani
767 475 1163 545 proculcantur,
1194 473 1247 526 in
1290 481 1495 544 tantum
1536 483 1595 530 ut
1631 473 1786 530 multi
1826 485 2017 528 eorum
2046 477 2102 524 et
2205 468 2482 540 coactique
2526 477 2650 526 sunt
2679 469 2844 524 vitam
2867 469 3056 524 saltem
3093 467 3401 535 defendere,
3433 469 3559 540 quia
3588 485 3647 526 se
3672 469 3783 541 jam

512 581 624 634 non
650 567 890 632 obscuris
916 566 1182 622 natalibus
1202 565 1332 622 editi
1365 575 1421 623 et
1448 568 1740 624 liberaliter
1767 565 1997 621 instituti
2029 561 2097 618 ad

512 654 696 722 hostes
741 655 956 724 fugiant,
990 671 1055 711 ne
1100 657 1494 726 persecutionis
1533 659 1758 728 publica:
1801 653 2098 712 afﬂictione

512 748 836 812 moriantur;
867 755 1166 816 quau-entes
1195 749 1400 807 scilicet
1426 749 1569 818 apud
1605 748 1868 804 barbaros
1898 746 2102 801 Roma-

512 852 635 904 nam
683 837 1088 904 humanitatem,
1137 838 1264 908 quia
1293 838 1431 908 apud
1478 838 1753 893 Romanos
1804 837 2096 892 barbaram

511 931 956 990 inhumanitatem
985 930 1126 986 ferre
1149 947 1256 987 non
1287 940 1532 1003 possunt.
1565 931 1632 986 Et
1653 931 1898 1002 quamvis
1921 931 1988 986 ab
2013 930 2098 986 his

509 1024 579 1084 ad
605 1040 742 1095 quos
782 1025 1100 1095 confugiunt
1139 1023 1447 1097 discrepent
1487 1027 1616 1094 ritu,
1655 1027 1963 1097 discrepent
1991 1025 2096 1080 lin-

507 1129 629 1186 gua,
660 1116 778 1187 ipso
809 1117 992 1188 etiam,
1025 1124 1084 1172 ut
1111 1117 1184 1172 ita
1213 1117 1408 1185 dicam,
1439 1134 1733 1189 corporum
1753 1126 1916 1189 atque
1944 1117 2098 1173 indu-

507 1208 717 1267 viarum
749 1207 1153 1266 barbaricarum
1198 1208 1369 1280 fetore
1408 1209 1746 1274 dissentiant,
1777 1209 1985 1263 malunt
2013 1215 2096 1261 ta-

507 1313 635 1355 men
684 1298 738 1354 in
784 1299 1026 1372 barbaris
1074 1301 1186 1371 pati
1232 1301 1436 1356 cultum
1483 1300 1817 1363 dissimilem,
1851 1315 2012 1371 quam
2041 1299 2097 1356 in

510 1388 770 1450 Romanis
789 1389 1105 1458 iniustitiam
1129 1392 1458 1447 saevientem.
1477 1391 1663 1461 Itaque
1682 1391 1884 1462 passim
1915 1390 1998 1445 vel
2030 1388 2098 1444 ad

509 1476 736 1545 Gothos,
762 1480 844 1534 vel
873 1480 939 1535 ad
959 1489 986 1518 ⁸
1008 1480 1303 1549 Bacaudas,
1330 1482 1414 1537 vel
1435 1481 1504 1537 ad
1531 1482 1670 1538 alios
1695 1482 1896 1551 ubique
1922 1479 2100 1535 domi-

511 1577 705 1630 nantes
732 1570 992 1627 barbaros
1017 1571 1268 1641 migrant,
1295 1580 1351 1628 et
1379 1573 1767 1644 commigrasse
1796 1587 1905 1626 non
1926 1569 2101 1641 poeni-

2202 559 2505 618 libertatem
2559 560 2811 617 videbant
2858 560 3074 630 penitus
3126 560 3440 633 perdidisse.
3499 561 3604 617 Aut
3657 563 3786 632 quid

2205 655 2351 712 aliud
2374 656 2538 714 etiam
2562 672 2705 713 nunc
2725 657 2902 728 agitur
2928 671 3090 728 quam
3122 664 3252 713 tunc
3270 664 3450 736 actum
3470 665 3572 724 est,
3597 656 3654 714 id
3681 667 3784 724 est,

2203 755 2265 804 ut
2316 749 2408 819 qui
2458 747 2634 803 adhuc
2677 747 2939 806 Bacaudm
2985 766 3096 807 non
3149 757 3291 814 sunt,
3323 763 3444 806 esse
3487 750 3789 818 cogantur?

2204 838 2472 907 Quantum
2503 841 2649 896 enim
2675 841 2742 896 ad
2770 841 2880 896 vim
2901 850 3064 912 atque
3091 840 3318 912 injurias
3350 842 3606 913 pertinet,
3637 856 3790 898 com-

2201 929 2472 1000 pelluntur
2499 940 2559 985 ut
2585 931 2753 987 velint
2781 946 2920 995 esse,
2945 931 3045 1012 sed
3077 931 3442 990 imbecillitate
3479 930 3788 1001 impediun-

2201 1028 2290 1080 tur
2313 1029 2372 1076 ut
2400 1037 2509 1077 non
2543 1021 2670 1078 sint.
2704 1021 2793 1077 Sic
2820 1031 2943 1076 sunt
2971 1035 3099 1090 ergo
3123 1022 3278 1091 quasi
3306 1020 3505 1091 captivi
3526 1019 3657 1090 jugo
3685 1020 3788 1076 bo-

2201 1114 2363 1171 stium
2410 1115 2598 1184 pressi.
2652 1115 2909 1170 Tolerant
2951 1115 3272 1185 supplicium
3305 1114 3646 1178 necessitate,
3677 1129 3787 1170 non

2203 1211 2353 1260 ,voto.
2381 1203 2573 1260 Animo
2593 1203 2901 1260 desiderant
2930 1204 3254 1269 libertatem,
3286 1203 3381 1260 sed
3409 1218 3675 1259 summam
3703 1219 3793 1260 su-

2204 1295 2407 1350 stinent
2435 1298 2771 1352 servitutem.

2281 1389 2432 1458 ιοι
2455 1387 2566 1443 Vll.
2591 1387 2669 1442 lta
2691 1403 2820 1457 ergo
2847 1395 2903 1443 et
2927 1404 3050 1443 cum
3070 1387 3318 1444 omnibus
3346 1387 3512 1444 ferme
3535 1386 3790 1444 humilio-

2203 1478 2351 1533 ribus
2379 1479 2574 1548 agitur.
2594 1477 2708 1534 Una
2729 1479 2873 1534 enim
2894 1495 2953 1534 re
2974 1479 3039 1534 ad
3067 1479 3200 1534 duas
3227 1478 3614 1538 diversissimas
3644 1492 3792 1540 coar-

2205 1579 2437 1627 ctantur.
2459 1571 2550 1626 Vis
2571 1587 2779 1627 summa
2807 1572 2973 1640 exigit
3000 1578 3057 1625 ut
3085 1583 3106 1610 ο
3126 1572 3363 1642 aspirare
3391 1570 3456 1625 ad
3486 1570 3791 1626 libertatem

512 1667 609 1716 tet.
635 1660 833 1716 Malunt
863 1662 1006 1717 enim
1043 1663 1141 1718 sub
1170 1665 1352 1734 specie
1397 1664 1726 1734 captivitatis
1753 1663 1937 1717 vivere
1961 1661 2100 1716 libe-
2133 1677 2184 1738 Β
2206 1662 2392 1728 velint,
2421 1663 2516 1717 sed
2544 1663 2732 1718 eadem
2757 1663 2838 1718 vis
2859 1678 3018 1732 posse
3047 1678 3156 1718 non
3178 1663 3304 1718 sinit
3331 1677 3452 1731 quas
3477 1661 3617 1716 velle
3641 1676 3792 1716 eom-

512 1751 580 1818 ri,
607 1746 769 1820 quam
797 1754 895 1808 sub
917 1754 1096 1823 specie
1125 1755 1388 1810 libertatis
1409 1771 1528 1810 esse
1553 1755 1769 1824 captivi.
1796 1753 1982 1822 Itaque
2002 1767 2103 1807 no-

512 1856 636 1898 men
667 1843 863 1900 civium
893 1843 1278 1912 Romanorum,
1313 1846 1603 1916 aliquando
1647 1862 1753 1901 non
1783 1845 1957 1900 solum
1987 1859 2102 1898 ma-

511 1947 618 2002 gno
645 1935 988 2002 mstimatum,
1020 1937 1115 1992 sed
1158 1951 1353 2007 magno
1388 1946 1648 2009 emptum,
1672 1951 1815 1991 nunc
1843 1936 1984 1990 ultro
2011 1950 2100 1990 re-

512 2025 764 2095 pudiatur
791 2042 856 2082 ac
882 2026 1112 2096 fugitur;
1145 2043 1246 2083 nec
1269 2029 1372 2084 vile
1400 2035 1627 2096 tantum,
1660 2027 1755 2083 sed
1783 2027 1947 2081 etiam
1970 2026 2104 2081 abo-

511 2116 764 2172 minabile
793 2133 932 2188 pene
958 2119 1204 2174 habetur.
1239 2118 1306 2174 Et
1333 2119 1476 2188 quod
1503 2134 1624 2174 esse
1658 2118 1830 2187 majus
1849 2117 2098 2172 testimo-

512 2208 661 2276 nium
690 2209 946 2265 Romana:
984 2211 1284 2280 iniquitatis
1324 2219 1524 2282 potest,
1555 2227 1718 2282 quam
1746 2210 1892 2282 quod
1929 2209 2096 2279 pleri-

511 2315 618 2371 que
645 2310 700 2357 et
726 2304 943 2360 honesti
967 2311 1023 2360 et
1040 2305 1268 2369 nobiles,
1312 2313 1369 2359 et
1393 2305 1587 2374 quibus
1623 2304 1901 2359 Romanus
1927 2311 2100 2359 status

511 2405 724 2448 summ
773 2401 832 2448 et
870 2394 1147 2464 splendori
1187 2410 1304 2451 esse
1351 2395 1536 2450 debuit
1573 2403 1629 2449 et
1653 2395 1866 2458 honori,
1899 2395 1964 2448 ad
1995 2395 2099 2450 hoc

512 2491 694 2540 tamen
734 2484 990 2540 Romanae
1019 2487 1317 2556 iniquitatis
1345 2476 1664 2542 crudelitate
1691 2487 1948 2556 compulsi
1975 2495 2102 2542 sunt

512 2582 574 2630 ut
602 2575 774 2630 nolint
801 2591 920 2632 esse
948 2575 1212 2632 Romani?
1240 2577 1309 2632 Et
1329 2578 1456 2634 hinc
1475 2585 1558 2633 est
1576 2577 1721 2646 quod
1742 2578 1906 2632 etiam
1928 2577 1981 2631 hi
2009 2576 2101 2647 qui

513 2663 583 2720 ad
600 2665 858 2722 barbaros
885 2668 1170 2739 ιοσιιοιι
1189 2668 1526 2738 confugiunt,
1543 2668 1760 2722 barbari
1785 2676 1960 2722 tamen
1983 2681 2103 2722 esse

513 2765 777 2826 coguntur
801 2775 814 2810 :
847 2758 1052 2814 scilicet
1077 2767 1134 2813 ut
1158 2767 1240 2814 est
1266 2774 1394 2828 pars
1419 2772 1612 2827 magna
1635 2757 2012 2828 Hispanorum,
2046 2766 2102 2812 et

513 2863 620 2914 non
646 2850 865 2905 minima
895 2850 1194 2916 Gallorum,
1217 2867 1407 2907 omnes
1428 2851 1660 2922 denique
1688 2866 1826 2920 quos
1854 2865 1950 2920 per
1977 2850 2098 2904 uni-

2207 1755 2374 1825 pellit.
2408 1754 2514 1809 Sed
2541 1755 2794 1825 imputari
2820 1756 2903 1814 his
2950 1762 3131 1824 potest
3158 1753 3382 1810 forsitan
3405 1751 3550 1823 quod
3575 1751 3681 1806 hoc
3698 1766 3793 1807 ve-

2207 1846 2310 1900 lint
2339 1847 2585 1901 homines
2614 1847 2706 1915 qui
2735 1847 2868 1902 nihil
2907 1846 3079 1915 magis
3118 1852 3380 1915 cuperent
3407 1859 3568 1914 quam
3598 1859 3666 1900 ne
3693 1859 3791 1900 oo-

2208 1945 2464 2006 gerentur
2492 1939 2596 1994 hoc
2620 1939 2774 1994 velle.
2800 1937 3018 1992 Summa
3049 1938 3195 1992 enim
3222 1936 3508 1992 infelicitas
3535 1944 3619 1991 est
3645 1935 3791 2005 quod

2206 2029 2415 2085 volunt.
2443 2029 2578 2084 Nam
2617 2045 2738 2084 cum
2770 2029 2853 2084 his
2891 2029 3059 2084 multo
3086 2029 3278 2085 melius
3311 2028 3567 2096 agebatur
3595 2027 3641 2082 si
3682 2041 3789 2082 non

2209 2120 2664 2189 compellerentur
2710 2120 2814 2174 hoc
2861 2119 3018 2174 velle.
3051 2118 3158 2175 Sed
3203 2118 3331 2188 quid
3377 2124 3604 2188 possunt
3646 2114 3792 2171 aliud

2203 2211 2344 2270 velle
2372 2212 2575 2275 miseri,
2598 2212 2689 2282 qui
2710 2211 3000 2277 assiduum,
3024 2212 3188 2266 immo
3210 2212 3524 2266 continuum
3545 2209 3788 2266 exactio-

2204 2304 2290 2358 nis
2309 2303 2536 2379 publicae
2558 2303 2836 2374 patiuntur
2855 2302 3145 2368 excidium,
3167 2303 3362 2371 quibus
3385 2302 3627 2357 imminet
3645 2315 3796 2356 sem-

2203 2411 2305 2466 per
2343 2396 2522 2465 gravis
2550 2402 2606 2450 et
2649 2394 2918 2452 indefessa
2948 2395 3289 2466 proscriptio,
3321 2395 3413 2465 qui
3446 2393 3634 2449 domos
3660 2407 3795 2449 suas

2205 2486 2483 2552 deserunt,
2531 2503 2599 2542 ne
2641 2487 2695 2541 in
2732 2487 2864 2556 ipsis
2901 2486 3151 2544 domibus
3190 2491 3562 2555 torqueantur,
3593 2485 3790 2540 exsilia

2207 2586 2422 2654 petunt,
2448 2593 2516 2634 ne
2542 2577 2805 2649 supplicia
2834 2577 3167 2633 sustineant?
3198 2575 3456 2632 Leniores
3481 2575 3566 2630 his
3604 2575 3794 2630 hostes

2206 2686 2372 2746 quam
2394 2678 2675 2742 exactores
2695 2677 2841 2726 sunt.
2857 2668 2926 2723 Et
2944 2683 3034 2725 res
3058 2668 3172 2738 ipsa
3203 2669 3306 2723 hoc
3336 2666 3555 2722 indicat.
3580 2664 3660 2720 Ad
3683 2665 3789 2722 ho-

2204 2773 2316 2822 stes
2361 2765 2569 2834 fugiunt
2615 2772 2673 2818 ut
2700 2764 2808 2818 vim
2836 2761 3133 2818 exactionis
3171 2760 3423 2816 evadant.
3459 2759 3525 2813 Et
3566 2758 3788 2828 quidem

2204 2858 2310 2914 hoc
2353 2859 2547 2927 ipsum,
2590 2857 2836 2926 quamvis
2878 2856 3071 2910 durum
3111 2863 3168 2910 et
3207 2853 3579 2917 inhumanum,
3608 2851 3790 2908 minus

512 2953 726 2998 versum
754 2942 1057 2998 Romanum
1077 2945 1265 2999 orbem
1291 2942 1420 3000 fecit
1446 2944 1688 3026 Romam
1712 2943 1964 3012 iniquitas
1985 2941 2097 3011 jam
2125 2973 2170 3034 Ο
2203 2954 2384 3002 tamen
2405 2961 2569 3016 grave
2591 2956 2754 3015 atque
2775 2946 3030 3002 acerbum
3057 2951 3194 3010 erat,
3217 2944 3261 2999 si
3291 2959 3481 2999 omnes
3506 2942 3788 3012 aequaliter

512 3047 623 3087 non
652 3047 770 3088 esse
809 3032 1102 3089 Romanos.

583 3124 671 3180 Vl.
696 3125 773 3181 De
795 3125 1056 3182 Bacaudis
1074 3143 1217 3182 nunc
1236 3127 1364 3182 mihi
1393 3143 1571 3183 sermo
1599 3135 1700 3194 est,
1732 3127 1824 3197 qui
1851 3142 1950 3198 per
1975 3143 2093 3183 ma--

2202 3045 2368 3109 atque
2395 3040 2451 3094 in
2471 3054 2757 3094 commune
2789 3038 3100 3094 tolerarent.
3127 3035 3260 3092 lllud
3284 3034 3558 3103 indignius
3578 3049 3642 3089 ac
3669 3047 3785 3103 pte-

2200 3133 2394 3197 nalius,
2422 3132 2572 3202 quod
2594 3131 2834 3186 omnium
2857 3145 2996 3185 onus
3022 3145 3132 3184 non
3157 3142 3345 3184 omnes
3371 3127 3661 3192 sustinent,
3685 3125 3787 3179 im-

513 3215 597 3282 los
616 3213 825 3285 judices
853 3224 910 3271 et
936 3226 1190 3272 cruentos
1217 3218 1452 3288 spoliati,
1487 3216 1687 3283 afflicti,
1715 3218 1910 3282 necati,
1942 3226 2095 3287 post—
2202 3239 2292 3279 nio
2322 3223 2468 3293 quod
2494 3221 2856 3293 pauperculos
2884 3221 3132 3276 homines
3169 3203 3366 3274 tributa
3407 3217 3632 3273 divitum
3659 3229 3785 3286 pre-

510 3305 781 3374 (1⁸³11³1³18
811 3305 1068 3361 Romam?
1098 3306 1361 3363 libertatis
1389 3308 1700 3376 amiseram,
1735 3307 1761 3346 ⁸³
1791 3309 1958 3363 etiam
1998 3309 2098 3364 h0-
2198 3324 2372 3380 munt,
2404 3324 2458 3370 et
2487 3313 2809 3370 infirmiores
2848 3313 3027 3367 ferunt
3063 3311 3303 3366 sarcinas
3341 3309 3641 3364 fortiorum.
3673 3305 3785 3364 Nec

511 3412 700 3454 norem
746 3397 974 3453 Romani
1015 3399 1250 3454 nominis
1292 3399 1657 3470 perdiderunt.
1691 3399 1760 3454 Et
1799 3401 2098 3470 imputatur
2199 3411 2305 3466 alia
2333 3424 2496 3465 causa
2526 3407 2782 3476 estquod
2809 3407 3075 3461 sustinere
3102 3420 3213 3460 non
3251 3411 3496 3474 possunt,
3531 3401 3630 3456 nisi
3656 3398 3785 3469 quia

509 3487 593 3544 his
620 3489 902 3546 infelicitas
928 3505 1044 3557 sua,
1078 3491 1403 3560 imputamus
1433 3492 1516 3546 his
1542 3507 1741 3556 nomen
1769 3491 2095 3546 calamitatis

2204 3502 2373 3571 major
2393 3509 2477 3556 est
2513 3501 2832 3555 miserorum
2859 3499 3072 3554 sarcina
3099 3511 3261 3566 quam
3289 3494 3535 3550 facultas.
3567 3492 3674 3548 Res
3699 3490 3782 3546 di;

510 3593 640 3643 sua,
673 3580 997 3650 imputamus
1018 3596 1216 3637 nomen
1242 3582 1388 3652 quod
1416 3582 1520 3652 ipsi
1547 3582 1790 3638 fecimus.
1823 3580 1892 3635 Et
1931 3597 2094 3637 voca-

2204 3593 2534 3648 versissimas
2569 3591 3058 3659 dissimillimasque
3094 3587 3389 3658 patiuntur,
3432 3583 3688 3640 invidiam
3725 3592 3780 3638 et

509 3686 630 3728 Inus
679 3674 922 3740 rebelles,
957 3689 1213 3730 vocamus
1241 3675 1501 3745 perditos,
1526 3691 1664 3744 quos
1691 3691 1813 3730 esse
1832 3675 2095 3744 compuli-
2199 3692 2512 3752 egestatem.
2546 3682 2747 3737 Invidia
2773 3690 2855 3737 est
2890 3681 3035 3736 enim
3080 3680 3132 3733 in
3162 3676 3450 3742 solutione,
3482 3683 3694 3744 egestas
3724 3673 3778 3726 in

511 3778 630 3821 mus
671 3766 1006 3822 criminosas.
1040 3765 1246 3833 Quibus
1291 3767 1435 3822 enim
1483 3766 1602 3821 aliis
1645 3765 1806 3820 rebus
1836 3765 2095 3820 Bacaudte

2204 3775 2468 3831 facultate.
2501 3773 2557 3829 Si
2587 3775 2845 3843 respicias
2862 3772 3006 3843 quod
3026 3770 3353 3842 dependunt,
3385 3767 3658 3823 abundare
3686 3781 3779 3819 ar-

509 3855 633 3912 lacti
661 3865 802 3924 sunt,
829 3859 928 3914 nisi
958 3859 1330 3928 iniquitatibus
1351 3858 1568 3923 nostris,
1599 3857 1700 3912 nisi
1732 3857 2092 3927 improbitati-
2197 3866 2445 3931 bin-eris;
2491 3865 2536 3920 si
2573 3865 2830 3934 respicias
2865 3862 3010 3932 quod
3055 3861 3273 3924 habent,
3315 3873 3472 3928 egere
3513 3857 3777 3926 reperies.

509 3945 606 4002 bus
627 3947 889 4016 judicum,
921 3950 1024 4004 nisi
1044 3965 1233 4006 eorum
1261 3948 1746 4022 proscriptionibus
1781 3955 1836 4004 et
1867 3947 2088 4017 rapinis,
2195 3958 2326 4025 Quis
2353 3957 2626 4012 insinuare
2653 3972 2766 4010 rem
2789 3954 2946 4024 hujus
2973 3953 3270 4023 iniquitatis
3296 3949 3504 4021 potest?
3531 3946 3778 4001 Salutio-

507 4038 597 4108 qui
643 4041 939 4096 exactionis
984 4042 1212 4110 publicae
1259 4057 1454 4097 nomen
1504 4042 1557 4095 in
1605 4049 1839 4110 qumstus
1887 4041 2091 4111 proprii
2195 4064 2319 4105 nem
2363 4049 2633 4105 sustinent
2659 4048 2882 4102 divitum
2913 4055 2968 4101 et
3009 4043 3350 4113 indigentiam
3379 4037 3771 4094 mendicorum.

506 4128 867 4184 emolumenta
920 4141 1226 4194 verterunt,
1289 4141 1344 4186 et
1393 4131 1718 4187 indictiones
1775 4132 2090 4186 tributarias
2194 4138 2321 4194 Plus
2347 4140 2518 4194 multo
2538 4145 2619 4194 est
2639 4137 2784 4206 quod
2806 4137 3044 4192 dicturus
3070 4151 3208 4191 sum.
3235 4130 3574 4202 Adjectiones
3593 4128 3774 4184 tribu-

504 4217 713 4289 pmdas
740 4233 865 4273 suas
893 4234 1010 4274 esse
1038 4221 1298 4285 fecerunt,
1329 4222 1421 4289 qui
1471 4222 1523 4275 in
1553 4220 1958 4275 similitudinem
1985 4221 2088 4274 im-

2204 4231 2357 4285 larias
2383 4231 2484 4301 ipsi
2513 4230 2781 4285 interdum
2809 4229 3002 4284 divites
3042 4227 3264 4291 faciunt,
3292 4240 3392 4295 pro
3417 4223 3609 4292 quibus
3637 4235 3774 4291 pau-

504 4307 744 4364 manium
789 4309 1080 4364 bestiarum
1116 4326 1224 4366 non
1262 4318 1520 4365 texerunt
1554 4311 1779 4364 traditos
1823 4309 1944 4376 sibi,
1995 4310 2090 4365 sed
2117 4307 2170 4336 ν
2194 4334 2352 4390 peres
2394 4320 2628 4375 solvunt.
2667 4319 2773 4374 sed
2819 4319 2952 4374 dicis
3001 4336 3013 4370 :
3054 4317 3190 4373 Cum
3231 4317 3468 4386 ipsorum
3506 4313 3775 4368 maximus

503 4397 848 4463 devoratum.
871 4415 974 4456 nec
997 4401 1185 4470 εροιίίε
1216 4409 1421 4456 lanium
1442 4401 1740 4466 hominum,
1766 4409 1825 4454 ιιι
1846 4400 2088 4470 Plerique
2194 4423 2386 4464 census
2415 4409 2500 4475 sit,
2526 4417 2580 4464 et
2598 4410 2838 4478 ipsorum
2860 4409 3106 4464 maxima:
3125 4408 3431 4480 pensiones,
3465 4406 3618 4478 102
3639 4419 3773 4472 quo-

503 4489 738 4546 latrones
773 4493 968 4560 solent,
1011 4493 1106 4558 sed
1133 4493 1462 4549 laceratione
1490 4493 1654 4548 etiam
1695 4502 1770 4559 et,
1804 4501 1861 4548 ut
1892 4493 1965 4547 ita
2006 4493 2086 4548 di-
2189 4499 2350 4554 modo
2380 4498 2432 4555 id
2458 4499 2572 4554 fieri
2601 4508 2800 4570 potest,
2835 4509 2893 4554 ut
2921 4500 3021 4570 ipsi
3062 4500 3164 4556 sibi
3183 4515 3382 4569 augere
3407 4499 3644 4554 debitmn
3673 4513 3770 4552 ve-

503 4597 642 4649 eam,
669 4583 932 4653 sanguine
959 4587 1346 4655 pascebantur?
1385 4586 1464 4640 Ac
1490 4585 1568 4640 sic
1595 4593 1774 4640 actum
1801 4593 1884 4640 est
1912 4593 1970 4640 ut
2008 4586 2086 4641 la-
2186 4592 2322 4646 lint?
2350 4591 2536 4661 Neque
2564 4608 2664 4662 ego
2705 4593 2756 4648 id
2800 4592 2922 4648 dico
2943 4593 3088 4663 quod
3128 4593 3228 4648 sibi
3259 4599 3509 4662 augeant.
3551 4590 3683 4645 Nam
3710 4599 3777 4646 et

503 4677 742 4734 maniis
765 4678 1001 4746 iudicum
1026 4679 1344 4746 strangulati
1372 4679 1621 4736 homines
1648 4686 1704 4734 et
1731 4680 1906 4734 necati
1949 4679 2084 4734 inci—
2184 4684 2306 4742 ideo
2335 4695 2551 4755 augent,
2582 4687 2707 4755 quia
2736 4703 2845 4740 non
2871 4687 2974 4743 sibi
2995 4695 3208 4757 augent.
3241 4687 3423 4744 Dicam
3462 4684 3764 4756 quomodo.

502 4775 691 4834 perent
718 4783 841 4823 esse
868 4771 1023 4838 quasi
1052 4769 1289 4837 barbari,
1335 4771 1460 4839 quia
1497 4786 1606 4825 non
1635 4771 2084 4842 permittebantur
2185 4774 2418 4830 Veniunt
2463 4777 2780 4848 plerumque
2829 4779 2951 4832 novi
3000 4779 3190 4844 nuntii,
3235 4779 3360 4834 novi
3400 4775 3692 4848 epistolarii
3738 4791 3772 4830 a

474 4866 619 4910 .esse
665 4855 893 4912 Romani
941 4877 954 4912 :
1000 4859 1387 4929 acquieverunt
1427 4860 1571 4916 enim
1613 4876 1732 4916 esse
1773 4860 1918 4930 quod
1969 4877 2078 4918 non
2185 4866 2406 4921 summis
2435 4867 2848 4924 sublimitatibus
2876 4869 3026 4925 missi
3074 4869 3166 4939 qui
3213 4858 3654 4925 commendantur
3683 4867 3770 4922 in-

1689 5015 2024 5075 STEPHANI
2060 5020 2330 5079 BALUZII
2367 4976 2594 5079 NOTIE.

569 5147 1404 5235 tAnlii,_Bago‘udt_u,_Brassicanus
1421 5163 1479 5235 et
1505 5153 1827 5235 Galesinius‘,
1847 5155 2079 5235 Dougan-
2181 5160 2442 5235 pularem,
2484 5169 2706 5235 motum
2740 5162 3062 5235 agrestium,
3103 5177 3167 5235 ac
3219 5161 3556 5235 seditionem.

496 5219 611 5277 das.
633 5218 845 5278 Codex'
862 5218 1206 5280 Corbeiensis
1222 5234 1534 5281 constanter
1559 5224 1748 5293 habet,
1780 5218 2075 5282 Bacauitas.
2183 5218 2199 5230 ’
2221 5218 2570 5286 robatniultis
2589 5218 2924 5287 testimoniis.
2953 5218 3083 5286 Vide
3099 5232 3259 5286 etiam
3279 5218 3767 5303 JustumLipsium,

496 5287 614 5352 Quo
662 5293 826 5348 etiam
881 5289 1042 5348 modo
1094 5294 1351 5352 scriptum
1386 5305 1470 5352 est
1500 5297 1638 5352 anud
1671 5295 2076 5352 Hieronvmum.
2181 5247 2274 5352 ΕΙ).
2300 5317 2356 5352 ιιι
2382 5301 2666 5352 Annalium
2708 5299 2877 5352 Taciti
2920 5299 3328 5352 Lindenbmtrii.
3361 5303 3767 5352 ObservalinnPs

495 5287 628 5374 Quo
662 5293 836 5374 etiam
881 5289 1080 5374 modo_
1090 5294 1351 5374 scriptum
1386 5305 1470 5374 est
1500 5297 1653 5374 apud
1671 5287 2076 5374 Hieronymum,
2181 5287 2286 5374 lib.
2300 5317 2356 5354 ιιι
2382 5301 2667 5374 Annalium
2708 5299 2877 5374 Taciti
2920 5299 3328 5371 Lindenbrogii,
3359 5287 3771 5360 observationes

496 5360 757 5443 ldatiqm,
789 5372 844 5443 e_t
876 5360 1263 5443 alibi._N_om6n
1301 5360 1552 5443 partium'
1582 5365 1702 5434 fuit,
1737 5383 1850 5443 Anon
1876 5360 2074 5443 gentis,
2183 5370 2599 5443 in_Ammia_num
2620 5371 2988 5443 Marcellinum
3001 5360 3258 5443 pag.l8f,
3278 5360 3334 5430 et
3349 5374 3770 5430 Rittershusium

497 5437 560 5486 ut
584 5433 670 5507 vel
714 5448 780 5507 ex
815 5433 931 5507 ipso
954 5433 1207 5507 salviano
1246 5433 1461 5507 probari
1489 5433 1693 5507 potest.
1721 5433 1959 5507 Annotat
1983 5435 2078 5493 Jo—
2183 5438 2251 5492 ad
2280 5440 2421 5494 hunc
2452 5439 2689 5495 Salviani
2711 5441 2910 5496 locum.

498 5497 956 5581 gwhtlg_S_caliger
999 5505 1054 5560 in
1091 5497 1646 5581 animadversionibus
1674 5507 1741 5562 ad
1769 5505 2075 5581 Chronicon
2256 5509 2282 5547 ι’
2305 5508 2488 5581 Codex
2515 5511 2780 5577 Colbert.,
2807 5515 2963 5567 etiam
2982 5531 3185 5568 nomen.

498 5563 714 5646 Eusebii
739 5563 985 5646 latrones
1006 5585 1120 5632 tum
1159 5579 1337 5646 lingua
1371 5578 1645 5633 Gallorum
1666 5585 1888 5632 vocatos
1917 5576 2079 5631 fuisse
2259 5591 2279 5618 ε
2313 5563 2404 5635 ne
2431 5563 2642 5636 sine;
2660 5563 2964 5637 summa;
2982 5563 3342 5642 "seramus
3382 5589 3502 5643 libri
3549 5597 3776 5646 veteres

2183 5649 2492 5718 praeferunt,
2516 5653 2762 5707 Asm'rare
2781 5654 2838 5706 in
2859 5653 3149 5710 libertatem

3607 5160 3774 5229 Quod

1197 5593 1337 5648 ngua
1371 5578 1645 5633 Gallorum
1666 5585 1888 5648 vocatos
1917 5576 2079 5648 fuisse

499 5638 807 5715 Βπέιιάθε»
863 5644 1218 5715 θιλβδειιιιὰερ
1235 5638 1425 5704 ’θείειηι
1471 5647 1732 5703 vocabulo
1788 5647 2076 5715 significari

498 5707 642 5781 apud
667 5716 914 5766 auctores
933 5713 1070 5772 illius
1087 5721 1261 5774 aetatis
1280 5719 1640 5785 latrocinium,
1667 5707 1952 5773 tumultum
1972 5732 2077 5787 p0-
