4088 6360
309 323 410 382 101

1401 325 1488 383 DE
1519 323 2050 382 GUBERN‘A'ITONE
2089 324 2200 381 DEI
2239 325 2364 382 LIB.

305 441 571 502 Iustribns
609 442 794 515 paucis
832 439 898 497 ad
940 440 1099 497 exitia
1127 439 1498 512 plurimorum.
1529 442 1898 496 Decernuntur
1921 447 1976 508 Α
1999 441 2248 496 medela?
2276 439 2341 494 Et
2364 441 2492 512 quid
2519 441 2713 512 plura?
2743 441 3027 502 ‘h-ihutarii
3056 445 3273 503 omnino
3307 463 3576 522 pauperes

303 535 394 592 his
423 551 563 590 nova
584 550 825 602 munera,
850 534 1214 590 decernuntur
1243 549 1394 589 novm
1419 535 1754 589 indictiones.
1791 533 1891 588 De—

305 631 541 694 cet-nunt
587 635 836 697 potentes
881 625 1025 696 quod
1074 625 1286 681 solvant
1328 639 1608 696 pauperes,
1653 626 1894 681 decernit

307 721 482 792 gratia
511 719 733 774 divitum
762 718 906 788 quod
937 728 962 756 ﬁ
1006 718 1196 790 perdat
1235 718 1391 773 turba
1421 717 1758 772 miserorum.
1788 716 1895 788 Ipsi

307 811 455 867 enim
486 811 538 864 in
564 811 711 865 nullo
739 810 976 866 sentiunt
1005 809 1150 880 quod
1175 809 1490 864 decernunt.
1513 807 1618 864 Sed
1643 823 1748 863 non
1771 822 1896 880 pos-

307 912 456 968 sunt,
506 903 699 978 inquis,
747 919 853 957 non
894 902 1151 958 honorari
1196 909 1250 956 et
1277 900 1548 956 liberalius
1589 900 1758 972 accipi
1804 902 1896 971 qui

308 999 510 1053 fuerint
557 1011 585 1050 a
629 995 920 1066 majoribus
961 983 1130 1051 missi.
1172 991 1361 1051 Estote
1408 1009 1537 1064 ergo
1568 1011 1665 1051 vos
1704 995 1898 1050 divites

305 1089 470 1174 primi
495 1088 549 1143 in
577 1088 926 1155 conferendo,
958 1089 1050 1158 qui
1084 1088 1212 1143 estis
1239 1089 1399 1159 primi
1444 1088 1500 1142 in
1534 1088 1892 1143 decernendo.

308 1178 499 1236 Estote
529 1180 683 1252 pi’imi
723 1181 776 1235 in
818 1181 1066 1250 largitate
1109 1195 1307 1246 rerum,
1337 1180 1429 1249 qui
1470 1180 1627 1249 primi
1673 1179 1802 1234 estis
1843 1179 1898 1233 in

306 1269 632 1330 liberalitate
653 1273 958 1329 verborum.
994 1272 1094 1340 Qui
1123 1272 1218 1327 das
1242 1272 1308 1326 de
1339 1287 1478 1337 meo,
1511 1271 1577 1327 da
1607 1280 1664 1327 et
1684 1271 1751 1326 de
1783 1279 1893 1327 tuo.

309 1362 546 1420 Tametsi
573 1365 889 1429 rectissime,
918 1364 1160 1435 quisquis
1188 1363 1275 1418 ille
1305 1378 1364 1418 es
1391 1365 1483 1434 qui
1512 1364 1656 1419 solus
1694 1365 1775 1418 vis
1804 1379 1896 1419 ca—

308 1469 438 1526 pere
465 1455 710 1523 gratiam,
742 1454 888 1509 solus
914 1453 1177 1524 patereris
1205 1470 1517 1524 expensam.
1544 1452 1650 1508 Sed
1678 1455 1898 1525 acquie-

307 1548 508 1604 scimus
529 1563 793 1617 pauperes
816 1555 1026 1611 vestrte,
1051 1546 1261 1610 divites,
1287 1547 1568 1601 voluntati.
1593 1545 1747 1612 Quod
1769 1562 1900 1617 pau-

306 1638 387 1696 eis
410 1637 627 1708 iubetis,
673 1639 942 1692 solvamus
971 1651 1177 1691 omnes.
1211 1635 1349 1703 Quid
1381 1645 1490 1690 tam
1516 1635 1741 1704 justum,
1770 1635 1898 1706 quid

1999 543 2104 588 non
2135 541 2408 604 putantur,
2451 536 2553 589 nisi
2579 545 2700 591 cum
2742 539 2826 594 his
2857 539 3037 594 tributi
3061 541 3303 596 cumulus
3339 543 3573 612 imponi-

1999 634 2104 681 tur.
2135 623 2300 682 Extra
2329 641 2611 682 numerum
2641 638 2818 685 autem
2845 633 3246 688 tributariorum
3276 643 3419 702 sunt,
3448 651 3573 692 cum

1998 718 2237 774 remedia
2281 719 2604 774 dividuntur.
2637 718 2704 774 Et
2739 728 2988 790 putamus
3016 725 3158 795 quod
3185 739 3344 796 paena
3383 725 3574 782 divina

1999 810 2300 865 severitatis
2327 810 2528 880 indigni
2569 827 2771 877 sumus,
2801 829 2923 868 cum
2949 816 3034 874 sic
3063 832 3162 871 nos
3189 831 3400 888 semper
3439 833 3575 890 pau-

1999 916 2158 971 peres
2183 902 2503 973 puniamus?
2541 913 2632 957 aut
2659 904 2947 970 credimus,
2972 921 3093 961 cum
3123 909 3289 978 iniqui
3315 925 3410 965 nos
3435 909 3577 980 jugl-

1998 1001 2083 1050 ter
2110 996 2294 1060 simus,
2327 995 2468 1066 quod
2497 995 2638 1051 Deus
2669 996 2844 1066 justus
2874 997 2928 1051 in
2959 1014 3056 1053 nos
3085 1001 3303 1056 omnino
3327 1015 3445 1056 esse
3469 1017 3576 1057 non

2000 1084 2236 1142 debeat?
2268 1085 2364 1141 Ubi
2391 1088 2531 1141 enim
2562 1095 2653 1142 aut
2683 1087 2736 1140 in
2759 1088 2954 1156 quibus
2993 1096 3137 1155 sunt,
3169 1091 3271 1145 nisi
3302 1093 3353 1145 in
3380 1090 3583 1146 Roma-

2005 1176 2086 1231 nis
2110 1185 2336 1241 tantum,
2364 1177 2476 1231 hmo
2518 1177 2695 1232 mala?
2733 1176 2974 1244 Quorum
3002 1179 3261 1248 injustitia
3292 1189 3461 1248 tanta,
3485 1183 3587 1238 nisi

2005 1270 2227 1324 nostra?
2248 1268 2438 1324 Franci
2469 1270 2610 1325 enim
2640 1271 2745 1325 hoc
2765 1271 2941 1326 scelus
2961 1272 3223 1326 nesciunt.
3267 1273 3422 1346 105
3439 1273 3585 1330 Chu-

2002 1359 2058 1416 ni
2099 1361 2165 1416 ah
2194 1361 2276 1416 his
2313 1363 2606 1418 sceleribus
2636 1363 2900 1418 immunes
2938 1371 3079 1419 sunt.
3115 1362 3253 1417 Nihil
3284 1363 3475 1418 horum
3503 1375 3588 1420 est

2005 1451 2145 1522 apud
2166 1451 2453 1517 Vandalos,
2479 1453 2611 1508 nihil
2635 1453 2825 1508 horum
2851 1454 2992 1524 apud
3013 1453 3239 1510 Gothos.
3267 1453 3396 1508 Tam
3427 1456 3587 1524 longe

2003 1544 2146 1598 enim
2177 1553 2258 1598 est
2284 1553 2342 1598 ut
2369 1544 2480 1599 haec
2513 1546 2654 1602 inter
2680 1544 2886 1600 Gothos
2915 1545 3127 1600 barbari
3157 1546 3409 1611 tolerent,
3433 1555 3490 1601 ut
3519 1563 3589 1602 ne

2005 1631 2234 1688 Romani
2275 1635 2493 1706 quidem
2532 1638 2623 1705 qui
2651 1636 2793 1691 inter
2822 1652 2915 1692 eos
2942 1638 3129 1691 vivunt
3161 1638 3257 1691 ista
3295 1639 3584 1708 patiantur.

309 1731 419 1783 tam
441 1727 769 1782 humanum?
796 1725 1036 1782 Gravant
1057 1741 1157 1782 nos
1179 1727 1335 1782 novis
1354 1726 1550 1781 debitis
1570 1726 1787 1781 decreta
1809 1742 1900 1781 ve-
1931 1756 1977 1817 Β
2005 1724 2187 1797 itaque
2217 1744 2380 1782 unum
2426 1729 2532 1784 illic
2560 1728 2927 1784 Romanorum
2970 1730 3208 1784 omnium
3253 1738 3436 1784 votum
3484 1739 3588 1796 est,

309 1821 441 1876 stra.
470 1817 652 1873 Facite
696 1818 884 1873 saltem
925 1817 1163 1872 debitum
1209 1817 1381 1893 ipsum
1422 1817 1575 1871 vobis
1623 1817 1897 1872 nobiscum

310 1929 428 1969 esse
457 1927 760 1968 commune.
795 1909 933 1978 Quid
960 1911 1103 1966 enim
1132 1910 1364 1980 iniquius
1389 1921 1503 1965 esse
1533 1918 1626 1964 aut
1647 1909 1773 1980 quid
1812 1909 1896 1964 in-

310 2003 524 2075 dignius
561 2009 758 2076 potest,
784 2017 944 2075 quam
973 2011 1031 2058 ut
1055 2003 1155 2059 soli
1194 2002 1310 2057 sitis
1339 2001 1602 2056 immunes
1631 2013 1662 2054 a
1690 2000 1893 2064 debito.

310 2100 403 2170 qui
446 2107 667 2153 cunctos
711 2096 886 2152 facitis
928 2095 1234 2151 debitores?
1275 2091 1343 2148 Et
1370 2094 1588 2165 quidem
1613 2094 1899 2148 miserrimi

309 2187 578 2260 pauperes
603 2190 682 2243 sic
709 2195 884 2242 totum
911 2187 1015 2262 hoc
1053 2185 1198 2256 quod
1226 2184 1458 2239 diximus
1486 2184 1725 2247 solvunt,
1756 2183 1902 2251 quod

311 2294 418 2349 qua
448 2295 509 2333 re
536 2279 622 2333 vel
647 2293 752 2347 qua
781 2277 992 2330 ratione
1019 2275 1236 2330 solvant
1261 2274 1478 2344 penitus
1502 2273 1772 2339 ignorant.
1806 2270 1908 2326 Cui

2001 1833 2072 1873 ne
2101 1834 2353 1890 umquam
2395 1835 2490 1875 eos
2515 1835 2739 1876 necesse
2769 1821 2837 1874 sit
2866 1821 2919 1874 in
2937 1821 3025 1889 jus
3056 1822 3284 1876 transire
3315 1820 3590 1876 Romano-

2001 1923 2141 1963 rum.
2181 1907 2294 1964 Una
2322 1919 2376 1964 et
2398 1912 2741 1966 consentiens
2765 1911 2870 1967 illic
2901 1910 3157 1966 Romamn
3180 1912 3354 1982 plebis
3393 1913 3590 1978 oratio,

2003 2008 2064 2053 ut
2091 2000 2248 2054 liceat
2270 2002 2348 2056 eis
2375 2001 2541 2056 vitam
2571 2016 2731 2072 quam
2769 2010 2934 2073 agunt
2976 2016 3134 2071 agere
3165 2017 3284 2058 cum
3323 2002 3587 2058 barbaris.

2004 2086 2072 2142 Et
2099 2091 2357 2143 miramur
2395 2093 2439 2144 si
2469 2106 2577 2145 non
2602 2093 2891 2146 vincuntur
2931 2108 2960 2146 a
2989 2095 3188 2148 nostris
3217 2094 3462 2162 partibus
3480 2089 3591 2148 Go—

2010 2180 2109 2243 thi,
2140 2195 2260 2234 cum
2300 2181 2490 2234 malint
2514 2181 2652 2250 apud
2680 2197 2774 2235 eos
2794 2197 2914 2236 esse
2951 2197 3110 2252 quam
3145 2195 3165 2221 ε
3201 2185 3340 2252 apud
3368 2200 3464 2238 nos
3485 2181 3595 2238 Ro—

2011 2271 2194 2324 mani?
2222 2270 2407 2340 Itaque
2438 2287 2545 2325 non
2590 2272 2763 2327 solum
2793 2273 3132 2341 transfugere
3161 2275 3228 2329 ab
3269 2275 3346 2329 eis
3392 2275 3458 2328 ad
3499 2290 3596 2330 nos

324 2370 472 2426 enim
511 2370 640 2424 licet
681 2369 949 2423 discutere
993 2382 1090 2421 cur
1123 2366 1318 2430 solvat,
1351 2373 1443 2419 aut
1471 2366 1556 2421 cui
1585 2364 1911 2434 permittitur
2010 2361 2205 2417 fratres
2246 2363 2414 2418 nostri
2458 2365 2676 2420 omnino
2712 2365 2922 2430 nolunt,
2957 2365 3050 2420 sed
3080 2374 3139 2420 ut
3178 2365 3245 2421 ad
3287 2382 3379 2422 eos
3408 2367 3596 2422 confu-

314 2461 603 2531 explorare
624 2461 716 2530 qui
744 2458 975 2513 debeat?
1001 2456 1106 2513 Sed
1131 2466 1256 2512 tunc
1282 2455 1335 2510 id
1359 2443 1758 2511 evidentissime
1780 2467 1907 2525 pro-
2008 2453 2174 2523 giant,
2201 2470 2300 2508 nos
2329 2454 2655 2524 relinquunt.
2679 2453 2746 2510 Et
2765 2455 2985 2526 quidem
3015 2456 3195 2512 mirari
3221 2458 3419 2528 possim
3448 2459 3591 2527 quod

322 2550 490 2614 ditur,
517 2565 639 2604 cum
667 2549 897 2603 invicem
923 2548 1022 2603 sibi
1048 2547 1240 2602 divites
1269 2546 1586 2612 irascuntur,
1619 2561 1738 2600 cum
1771 2545 1907 2600 iudi-
2005 2544 2111 2600 hoc
2139 2561 2246 2599 non
2288 2560 2476 2600 omnes
2505 2547 2724 2601 omnino
2755 2546 2997 2602 facerent
3027 2548 3295 2602 tributarii
3327 2563 3592 2621 pauperes

323 2631 558 2710 gnantur
585 2639 745 2710 aliqui
775 2653 959 2693 eorum
985 2637 1128 2707 quod
1169 2636 1282 2692 sine
1311 2635 1534 2692 consilio
1566 2651 1630 2690 ac
1675 2643 1904 2691 tractatu
2006 2645 2061 2691 et
2100 2638 2388 2705 egestuosi,
2429 2638 2532 2692 nisi
2563 2639 2711 2707 quod
2739 2653 2841 2693 una
2875 2649 3080 2694 tantum
3111 2656 3271 2696 causa
3316 2651 3396 2696 est
3425 2656 3594 2711 quare

319 2747 421 2786 suo
463 2729 639 2801 aliqua
677 2729 893 2784 decreta
942 2730 1066 2783 sint.
1111 2725 1261 2782 Tunc
1302 2741 1333 2781 a
1370 2725 1687 2797 quihusdam
1717 2740 1903 2782 eorum
2008 2743 2112 2785 non
2138 2730 2356 2796 laciunt,
2379 2731 2504 2799 quia
2527 2732 2819 2787 transferre
2841 2732 2968 2788 illuc
2989 2734 3229 2788 resculas
3253 2743 3413 2804 atque
3442 2735 3594 2789 habi-

318 2821 505 2878 audias
531 2823 634 2878 dici
669 2841 680 2874 :
714 2819 758 2876 0
791 2819 998 2877 facinus
1026 2819 1332 2890 indignum!
1377 2819 1494 2875 Duo
1525 2827 1616 2873 aut
1656 2827 1766 2873 tres
1795 2827 1904 2875 sta-
1955 2888 1970 2902 .
2005 2821 2327 2875 tatiuuculas
2356 2835 2481 2875 suas
2508 2819 2844 2890 familiasque
2873 2838 2980 2876 non
3008 2832 3256 2892 possunt.
3301 2823 3431 2878 Nam
3471 2841 3593 2880 cum

317 2920 475 2967 tuunt
503 2911 644 2982 quod
675 2911 874 2966 multos
895 2909 924 2950 δ
954 2912 1110 2966 necet
1141 2929 1154 2963 :
1187 2919 1218 2965 a
1259 2910 1444 2982 paucis
1473 2908 1783 2980 potentibus
1811 2909 1905 2963 de-
2006 2909 2247 2982 plerique
2276 2925 2464 2965 eorum
2495 2912 2698 2980 agellos
2723 2927 2786 2967 ac
2825 2913 3174 2968 tabernacula
3201 2928 3298 2968 sua
3344 2913 3596 2993 deserant

318 3005 557 3061 cernitur
584 3003 729 3074 quod
758 3017 787 3058 a
813 3004 995 3061 multis
1015 3003 1226 3060 miseris
1253 3003 1603 3072 dependatur.
1627 3002 1781 3074 103
1797 3000 1908 3057 lio-
1944 3066 1978 3074 _
2009 3011 2070 3056 ut
2094 3003 2200 3057 vim
2227 3003 2524 3057 exactionis
2553 3003 2803 3069 evadant,
2847 3003 3118 3073 quomodo
3151 3019 3258 3060 non
3297 3019 3417 3073 quae
3447 3017 3597 3059 com-

319 3097 438 3153 nori
468 3066 620 3153 enini
637 3115 736 3154 suo
777 3099 1138 3170 unusquisque
1167 3066 1392 3152 divitum
1418 3066 1670 3167 pnestat:
1686 3066 1905 3152 iit-nolit
1934 3066 1982 3130 θ
2011 3094 2282 3167 pelluntur
2303 3094 2551 3149 deserere
2579 3066 2798 3160 vellent,
2831 3066 2925 3150 sed
2953 3111 3156 3162 secum,
3179 3097 3232 3151 ‘si
3265 3066 3594 3167 possibilitas

319 3190 520 3261 aliquid
548 3206 606 3248 se
635 3191 859 3248 absente
899 3191 1135 3258 decerni,
1179 3207 1285 3246 non
1326 3189 1565 3259 justitiaz,
1618 3195 1675 3243 ut
1721 3189 1903 3259 iniqua

319 3276 454 3336 nolit
482 3299 539 3336 se
563 3291 828 3352 prasente
855 3283 1132 3338 constitui.
1159 3282 1396 3350 Denique
1427 3279 1567 3350 quod
1590 3279 1644 3333 in
1673 3280 1791 3337 aliis
1821 3297 1904 3336 re-

317 3369 733 3444 prehenderant,
763 3373 861 3444 ipsi
902 3383 1090 3444 postea
1137 3381 1227 3428 aut
1256 3388 1354 3443 pro
1397 3377 1741 3442 contemptus
1768 3385 1904 3444 prae-

312 3459 462 3517 teriti
491 3463 714 3528 ultione,
748 3463 838 3519 aut
871 3481 970 3535 pro
1007 3466 1290 3538 potestatis
1317 3465 1736 3540 praesumptione
1773 3481 1905 3520 con-

317 3551 562 3608 stituunt.
597 3553 675 3610 Ac
702 3569 798 3625 per
823 3553 928 3610 hoc
969 3554 1316 3610 infelicissimi
1357 3573 1623 3628 pauperes
1667 3559 1744 3613 sic
1779 3565 1903 3612 sunt

317 3646 468 3716 quasi
495 3641 635 3702 inter
663 3657 1037 3704 concertantes
1066 3648 1330 3720 procellas
1356 3649 1412 3704 in
1439 3652 1616 3706 medio
1643 3651 1774 3705 mari
1805 3649 1903 3721 po-

317 3727 424 3790 siti.
456 3735 607 3793 Nunc
653 3738 876 3796 istorum
921 3739 1143 3808 scilicet,
1191 3756 1335 3798 nunc
1383 3741 1597 3798 illorum
1656 3741 1902 3798 fluetibus

319 3826 638 3884 bbruuntur.

389 3915 521 3973 VIII.
559 3918 666 3974 Sed
687 3915 935 3976 videlicet
970 3920 1064 3992 qui
1092 3922 1144 3976 in
1171 3921 1275 3978 hac
1299 3929 1453 3992 parte
1481 3923 1651 3992 iniqui
1677 3930 1819 3987 sunt,
1849 3922 1903 3976 in

316 4007 422 4065 alia
465 4007 728 4066 moderati
775 4011 1118 4067 inveniuntur
1167 4021 1222 4067 et
1262 4011 1421 4081 justi',
1473 4028 1535 4067 ac
1581 4011 1903 4081 pravitatem

2009 3195 2303 3258 pateretur,
2332 3187 2642 3242 auferrent?
2665 3187 2806 3257 Ergo
2831 3189 2954 3258 quia
2985 3190 3090 3243 hoc
3117 3203 3227 3244 non
3249 3190 3427 3252 valent
3449 3191 3593 3262 quod

2011 3277 2150 3333 forte
2180 3279 2430 3345 mallent,
2456 3278 2656 3334 faciunt
2684 3281 2827 3350 quod
2851 3296 3017 3335 unum
3040 3281 3240 3336 valent.
3273 3281 3509 3336 Tradunt
3538 3295 3596 3338 se

2010 3371 2078 3426 ad
2117 3373 2372 3426 tuendum
2421 3373 2920 3442 protegendumque
2966 3373 3279 3443 majoribus,
3325 3372 3596 3428 dedititios

2009 3475 2069 3518 se
2096 3464 2317 3518 divitum
2349 3465 2566 3527 faciunt,
2611 3473 2664 3519 et
2693 3465 2845 3532 quasi
2878 3464 2930 3518 in
2968 3465 3054 3534 jus
3083 3481 3270 3520 eorum
3307 3464 3594 3518 ditionem-

2007 3567 2112 3626 que
2135 3555 2539 3610 transcendunt.
2560 3553 2670 3609 Nec
2689 3563 2871 3609 tamen
2895 3569 3057 3623 grave
3079 3555 3182 3609 hoc
3208 3563 3300 3608 aut
3321 3554 3594 3623 indignum

2008 3645 2314 3711 arbitrarer,
2361 3647 2526 3700 immo
2567 3647 2746 3716 potius
2792 3647 3092 3714 gratularer
3123 3647 3265 3702 hanc
3307 3653 3591 3716 potentum

2005 3735 2429 3806 magnitudinem
2467 3738 2663 3809 quibus
2691 3753 2748 3793 se
2769 3751 3038 3810 pauperes
3078 3739 3301 3804 dedunt,
3334 3739 3377 3794 si
3407 3747 3591 3809 patro-

2006 3829 2145 3886 cinia
2187 3831 2288 3885 ista
2315 3843 2422 3885 non
2452 3831 2767 3896 venderent,
2800 3833 2844 3886 si
2889 3832 3032 3900 quod
3062 3847 3120 3886 se
3150 3831 3336 3886 dicunt
3365 3831 3592 3884 humiles

2008 3923 2305 3986 defensare,
2334 3923 2655 3976 humanitati
2698 3925 3016 3987 tribuerent,
3048 3938 3153 3975 non
3183 3921 3478 3990 cupiditati.
3521 3919 3592 3974 Il-

2010 4009 2100 4065 lud
2142 4026 2302 4078 grave
2343 4027 2407 4066 ac
2444 4011 2797 4080 peracerbum
2827 4017 2928 4076 est,
2976 4010 3120 4081 quod
3166 4011 3267 4065 hac
3307 4010 3424 4078 lege
3455 4011 3592 4068 tueri

313 4099 479 4153 'uniu‘s
506 4099 583 4154 rei
625 4101 843 4156 alterius
879 4102 1148 4171 probitate
1173 4103 1554 4170 ;compensant.
1596 4099 1729 4153 Nam
1771 4102 1909 4156 sicut
2009 4112 2273 4170 pauperes
2314 4100 2560 4155 videntur
2600 4109 2664 4155 ut
2705 4101 2954 4170 spoliem,
2999 4102 3098 4156 hac
3141 4101 3259 4171 lege
3299 4100 3590 4158 defendunt

321 4185 376 4244 in
406 4205 571 4246 onere
600 4207 858 4245 novarum
889 4191 1237 4246 indictionum
1266 4207 1537 4263 pauperes
1560 4200 1803 4261 gravant,
1833 4190 1906 4246 ita

315 4281 376 4338 in
404 4279 666 4337 novorum
695 4281 1054 4338 remediorum
1075 4284 1430 4354 opitulatione
1458 4290 1763 4338 sustentant
1796 4300 1808 4336 :
1832 4283 1903 4338 si-

2007 4191 2234 4246 mlseros
2281 4199 2338 4246 ut
2383 4193 2690 4247 miseriores
2736 4193 2932 4248 faciant
2981 4191 3336 4250 defendendo.
3394 4192 3592 4252 Omnes

2007 4284 2148 4340 enim
2173 4284 2263 4354 qui
2292 4282 2507 4339 defendi
2539 4283 2808 4350 videntur,
2839 4283 3212 4340 defensoribus
3237 4285 3346 4340 suis
3377 4301 3589 4340 onmem

313 4385 409 4432 cut
437 4376 650 4431 tributis
679 4378 832 4432 novis
871 4377 1109 4432 minores
1144 4377 1377 4432 maxime
1405 4376 1795 4447 deprimuntur,
1825 4377 1902 4432 sic
1931 4368 1983 4429 D
2004 4375 2118 4431 fere
2146 4376 2499 4432 substantiam
2520 4392 2670 4431 suam
2708 4377 2860 4449 105
2888 4379 3204 4449 priusquam
3233 4377 3590 4434 defendantur

307 4467 566 4524 remediis
610 4469 766 4523 novis
811 4469 1042 4523 maxime
1088 4468 1454 4524 sublevantur.
1483 4468 1655 4524 Immo
1692 4485 1789 4539 par
1818 4479 1901 4525 est

302 4552 567 4629 Equites
590 4553 642 4614 in
671 4557 918 4631 utroque.
950 4560 1083 4615 Nam
1112 4562 1249 4617 sicut
1275 4567 1402 4617 sunt
1431 4561 1486 4616 in
1515 4562 1896 4632 aggravatione

309 4668 578 4726 pauperes
597 4655 774 4723 primi,
808 4649 881 4708 ita
901 4654 957 4709 in
979 4655 1306 4710 relevatioue
1329 4655 1606 4724 postremi.
1635 4653 1692 4710 Si
1723 4669 1894 4724 quan-

309 4743 388 4799 do
411 4743 573 4809 enin,
606 4751 664 4798 ut
703 4761 870 4815 nuper
896 4744 1095 4801 factum
1125 4753 1226 4810 est,
1273 4743 1501 4800 defectis
1539 4746 1759 4800 urbibus
1796 4745 1896 4799 mi—

307 4834 554 4890 nuendas
596 4831 649 4888 in
689 4833 868 4904 aliquo
909 4828 1218 4891 tributarias
1255 4833 1558 4890 functiones
1601 4843 1895 4906 potestates

308 4942 534 4983 summa:
576 4928 1014 4997 existimaveri'nt,
1047 4919 1188 4986 illico
1236 4929 1534 4988 remedium
1561 4930 1775 4985 Cunctis
1801 4927 1895 4984 da-

305 5026 431 5073 tum
463 5019 564 5074 soli
605 5020 745 5075 inter
770 5037 828 5076 se
865 5021 1054 5078 divites
1079 5023 1407 5093 partiuntur.
1451 5023 1583 5088 Quis
1613 5031 1738 5076 tunc
1765 5036 1898 5091 pau-

302 5110 500 5190 perum
520 5113 801 5168 meminit?
829 5113 955 5180 Quis
976 5113 1040 5168 ad
1063 5115 1499 5170 communionem
1527 5114 1773 5170 beneﬁcii
1795 5115 1896 5168 liu-

488 5210 547 5259 ‘et
575 5213 887 5274 egestuosos
928 5209 1160 5262 vocant?
1203 5206 1333 5273 Quis
1380 5217 1502 5262 eum
1549 5207 1642 5275 qui
1694 5207 1898 5277 primus

303 5300 400 5350 est
421 5309 634 5365 semper
660 5297 713 5352 in
742 5297 968 5363 sarcina,
1002 5299 1087 5354 vel
1109 5299 1295 5356 ultimo
1324 5314 1445 5354 esse
1466 5299 1588 5353 loco
1616 5297 1817 5368 patitur
1840 5297 1893 5351 in

2003 4467 2286 4532 addicunt;
2339 4483 2403 4523 ac
2442 4469 2538 4532 sic,
2589 4476 2646 4522 ut
2695 4477 2878 4538 patres
2916 4469 3150 4523 habeant
3195 4468 3583 4537 defensionem,

2001 4557 2232 4628 perdunt
2261 4557 2354 4612 lilii
2381 4558 2771 4612 harreditatem.
2807 4556 2986 4613 Tuitio
3013 4569 3295 4630 parentum
3324 4561 3585 4617 mendici-

2003 4656 2112 4702 tate
2143 4651 2424 4720 pignorum
2452 4637 2812 4720 comparatur.
2839 4647 2975 4705 Ecce
3003 4667 3121 4721 quze
3148 4659 3272 4705 sunt
3299 4651 3496 4705 auxilia
3521 4655 3584 4706 ac

2001 4741 2297 4810 patrocinia
2326 4739 2608 4809 majorum.
2639 4739 2780 4794 Nihil
2811 4742 3074 4811 susceptis
3105 4741 3363 4807 tribuunt,
3391 4742 3484 4797 sed
3513 4741 3586 4798 si-

1999 4829 2073 4884 bi.
2100 4829 2212 4885 Hoc
2241 4831 2383 4884 enim
2403 4840 2563 4900 pacto
2582 4831 2787 4900 aliquid
2809 4833 3120 4900 parentibus
3149 4835 3473 4902 temporarie
3500 4842 3584 4888 at-

1999 4919 2271 4985 tribuitur,
2305 4923 2438 4975 utin
2462 4920 2641 4976 futuro
2675 4931 2845 4976 totum
2872 4923 2991 4976 liliis
3013 4921 3302 4978 auferatur.
3334 4923 3583 4980 Vendunt

2000 5016 2199 5086 itaque,
2225 5024 2279 5071 et
2307 5015 2522 5085 quidem
2545 5015 2862 5084 gravissimo
2890 5015 3064 5086 pretio
3086 5015 3322 5071 vendunt
3349 5017 3582 5086 majores

1999 5109 2216 5178 quidam
2245 5115 2436 5163 cuncta
2463 5123 2585 5177 quae
2612 5117 2890 5178 praestant.
2921 5109 2986 5162 Et
3013 5110 3160 5180 quod
3189 5110 3298 5164 dixi
3322 5110 3578 5172 vendunt,

1999 5199 2201 5254 utinam
2231 5199 2524 5254 venderent
2551 5201 2750 5255 usitato
2779 5213 2929 5257 more
2958 5209 3121 5271 atque
3150 5200 3448 5255 communi!
3483 5198 3582 5249 all-

2000 5292 2130 5366 quid
2170 5290 2393 5347 forsitan
2434 5301 2737 5348 remaneret
2770 5292 3119 5364 emptoribus.
3146 5289 3352 5344 Novum
3381 5287 3580 5357 quippe

1487 5405 1829 5463 STEPHANI
1866 5403 2135 5461 BALUZII
2171 5401 2398 5458 NOTAE.

388 5510 416 5540 ι
461 5509 536 5557 ita
585 5517 771 5570 omnes
816 5501 1094 5556 editiones.
1151 5501 1354 5570 Quibus
1405 5504 1677 5568 consentit
1720 5501 1892 5558 codex

302 5572 670 5644 qubeiensis.
705 5571 1026 5644 Egotamen
1055 5571 1267 5644 mallem
1289 5573 1502 5644 pendat,
1544 5572 1801 5644 apertiori
1827 5587 1889 5626 ac

304 5643 568 5714 nobilitari
590 5659 768 5700 sensu.
803 5641 1002 5714 Verum
1023 5641 1147 5710 quia
1189 5641 1315 5699 ferri
1353 5652 1533 5714 potest
1563 5641 1617 5698 et
1643 5658 1742 5697 vox
1764 5659 1885 5714 per-

302 5709 421 5778 dat,
447 5713 576 5767 nihil
606 5722 813 5766 mutare
836 5709 1122 5766 voluimus.

1989 5641 2330 5697 Corb‘eienSis
2360 5639 2521 5694 habet

1987 5682 2308 5778 sillié'ii’éh'a
2362 5719 2462 5766 est.
2657 5707 2772 5778 alia
2789 5682 2951 5778 rmihi
2980 5682 3333 5778 videtu‘res‘se
3359 5682 3579 5777 melior:

1997 5500 2369 5625 ἐεῗθὲεῗξὲθθει
2409 5569 2566 5625 lectio
2611 5569 2848 5625 omnium
2890 5562 3203 5620 editionum.
3235 5561 3418 5623 Codex
3444 5584 3574 5627 vero

2574 5635 2909 5712 quantapmt-
2935 5631 3220 5712 Bongauos.
3255 5627 3384 5705 Qute
3414 5639 3576 5712 lectio

379 5771 617 5840 δ’ὒούει
640 5781 922 5850 Colbert.,f
950 5788 1116 5834 nocet.
1149 5771 1321 5852 Atque
1361 5777 1474 5842 haec
1514 5781 1677 5841 lectio
1702 5775 1887 5853 potest
1986 5781 2134 5851 quod
2155 5775 2488 5851 manifestius
2514 5776 2782 5844 exprimat
2809 5773 3044 5827 mentem
3064 5771 3324 5837 auctoris.
