4088 6360
566 245 669 314 ms

1516 253 1574 310 s.
1615 253 1932 312 suum
1971 241 2428 314 MASSILIENSIS
2467 212 2889 315 raascv'ram

3744 257 3852 315 104

564 383 667 430 hoc
694 385 864 442 genus
889 363 1214 430 venditionis
1241 377 1296 425 et
1322 372 1613 441 emptionis
1639 381 1740 428 est.
1776 372 2037 429 Venditor
2065 374 2147 428 ni-
2171 379 2226 439 Α
2249 375 2386 442 hius,
2418 375 2563 444 quod
2605 373 2818 430 additur
2864 373 2989 429 huic
3035 372 3180 445 malo
3219 371 3412 428 saevius
3459 347 3690 428 malum.
3710 373 3852 432 Nam

561 466 639 523 hil
678 465 860 531 tradit,
891 473 947 519 et
973 472 1142 519 totum
1170 463 1384 533 accipit.
1417 462 1645 534 Emptor
1670 466 1805 520 nihil
1835 467 2053 536 accipit,
2095 475 2150 521 et

561 567 737 614 totum
763 559 977 628 penitus
1003 555 1216 611 amittit.
1247 554 1494 627 Cumque
1519 557 1698 612 omnis
1726 559 1894 616 ferme
1929 571 2148 615 contra-

561 659 681 708 ctus
700 652 806 708 hoc
826 651 879 705 in
898 665 957 705 se
977 649 1172 704 habeat
1189 657 1252 703 ut
1275 649 1475 704 invidia
1503 665 1668 720 penes
1690 659 2012 720 emptorem,
2038 652 2151 708 ino-

561 745 651 815 pia
689 758 854 814 penes
876 741 1215 797 venditorem
1241 757 1359 798 esse
1386 743 1651 811 videatur,
1684 746 1811 814 quia
1841 753 2054 815 emptor
2082 747 2151 801 ad

558 834 664 891 hoc
703 835 832 889 emit
873 842 933 888 ut
977 835 1336 890 substantiam
1364 851 1516 891 suam
1555 846 1770 906 augeat,
1803 839 2055 893 venditor
2081 838 2148 892 ad

557 923 661 981 hoc
686 925 867 980 vendit
894 933 954 980 ut
975 926 1183 980 minuat
1212 943 1225 980 :
1256 926 1553 982 inauditum
1588 930 1694 992 hoc,
1712 930 2025 986 commercii
2055 945 2147 998 ge-

556 1033 657 1074 nus
684 1026 793 1085 est;
827 1018 1192 1074 venditoribus
1217 1021 1410 1076 crescit
1431 1019 1674 1086 facultas,
1707 1022 2042 1091 emptoribus
2064 1023 2147 1076 ni-

554 1110 630 1164 hil
657 1119 904 1191 remanet
945 1110 1050 1165 nisi
1089 1112 1205 1166 sola
1241 1095 1579 1167 mendicitas.
1613 1113 1746 1167 Nam
1793 1101 1924 1168 illud
1962 1115 2143 1184 quale,

555 1216 720 1272 quam
751 1216 859 1256 non
896 1201 1196 1268 ferendum,
1241 1211 1406 1274 atque
1433 1206 1870 1272 monstrigerum,
1903 1215 1958 1260 et
2000 1207 2145 1276 quod

555 1306 667 1346 non
686 1290 859 1346 dicam
885 1293 997 1362 pati
1023 1293 1270 1348 humanm
1297 1303 1525 1362 mentes,
1551 1297 1647 1352 sed
1670 1298 1814 1367 quod
1843 1297 2028 1353 audire
2057 1299 2148 1352 vix

557 1391 810 1452 possunt;
841 1383 988 1454 quod
1026 1384 1273 1455 plerique
1304 1401 1604 1456 pauperum
1633 1395 1795 1458 atque
1825 1389 2146 1444 miserorum

557 1476 776 1546 spoliati
803 1469 1023 1532 resculis
1048 1478 1178 1544 suis,
1205 1486 1260 1532 et
1282 1479 1622 1535 exterminati
1653 1480 1841 1548 agellis
1869 1482 2000 1546 suis,
2024 1497 2147 1536 cum

557 1581 674 1621 rem
712 1567 1009 1635 amiserint,
1042 1569 1362 1624 amissarum
1390 1579 1570 1625 tamen
1605 1585 1784 1624 rerum
1816 1572 2018 1626 tributa
2047 1587 2146 1642 pa-

2256 467 2617 536 suscipiuntur
2644 473 2702 520 ut
2731 465 2972 532 advenze,
3003 464 3136 519 1111111
3163 462 3474 535 prtcjudicio
3496 463 3853 520 habitationis

2256 559 2518 628 indigena:
2549 577 2564 626 ;
2606 567 2662 615 et
2685 559 2934 629 exemplo
2963 557 3198 629 quodam
3225 556 3368 611 illius
3409 555 3670 611 maleficae
3709 573 3853 628 pra:-

2257 650 2496 719 potentis
2521 664 2641 718 qua:
2671 650 2961 704 transferre
2983 649 3230 703 homines
3252 648 3305 701 in
3327 647 3526 702 bestias
3545 647 3849 716 dicebatur,

2258 741 2333 794 ita
2380 749 2436 794 et
2464 741 2551 796 isti
2581 756 2767 796 omnes
2793 742 2886 810 qui
2914 741 3053 794 intra
3103 738 3296 794 fundos
3321 737 3544 792 divitum
3571 739 3851 808 recipiun-

2259 840 2363 897 tur,
2411 834 2562 901 quasi
2591 832 2765 888 Circei
2811 833 2987 902 poculi
3041 831 3507 906 transfiguratione
3545 839 3848 888 mutantur.

2255 922 2389 976 Nam
2430 939 2566 992 quos
2606 923 2900 992 suscipiunt
2929 930 2988 976 ut
3039 929 3328 976 extraneos
3353 929 3408 975 et
3436 921 3662 984 alienos,
3708 921 3854 976 inci-

2253 1016 2409 1085 piunt
2429 1016 2629 1070 habere
2650 1016 2801 1084 quasi
2833 1015 3112 1084 proprios;
3144 1029 3282 1082 quos
3320 1029 3438 1069 esse
3460 1021 3670 1068 constat
3693 1014 3849 1082 inge-

2254 1123 2412 1173 nuos,
2465 1115 2748 1161 vertuntur
2776 1108 2830 1161 in
2877 1121 3083 1160 servos.
3134 1103 3202 1159 Et
3229 1105 3487 1160 miramur
3514 1106 3562 1162 si
3590 1120 3690 1159 nos
3714 1105 3846 1160 bar-

2251 1197 2368 1252 bari
2398 1198 2632 1268 capiunt,
2666 1212 2787 1252 cum
2815 1196 3007 1252 fratres
3047 1205 3262 1251 nostros
3304 1211 3401 1251 nos
3435 1195 3698 1251 faciamus
3722 1211 3846 1252 esse

2255 1289 2500 1359 captivos
2524 1290 2546 1343 ?
2574 1288 2657 1342 Nil
2687 1302 2814 1357 ergo
2843 1289 3036 1342 mirum
3064 1297 3150 1343 est
3173 1287 3319 1356 quod
3344 1288 3674 1342 vastationes
3719 1296 3848 1341 sunt

2254 1389 2418 1450 atque
2445 1380 2652 1436 excidia
2683 1379 2982 1434 civitatum.
3031 1379 3132 1434 Diu
3161 1379 3211 1433 id
3241 1378 3592 1449 plurimorum
3623 1394 3847 1450 oppres-

2253 1473 2406 1528 sione
2435 1473 2828 1528 elaboravimus
2882 1480 2942 1525 ut
2987 1471 3305 1540 captivando
3335 1470 3486 1536 alios,
3532 1469 3697 1524 etiam
3744 1471 3843 1540 ipsi

2255 1566 2617 1636 inciperemus
2643 1581 2762 1621 esse
2785 1564 3001 1635 captivi.
3028 1561 3301 1620 Sentimus
3320 1563 3486 1629 enim,
3512 1565 3614 1618 etsi
3641 1563 3844 1618 tardius

559 1657 781 1722 tiuntur,
826 1674 950 1713 cum
997 1660 1266 1728 possessio
1313 1662 1380 1716 ab
1418 1661 1500 1716 his
1546 1663 1851 1728 recesserit,
1883 1664 2142 1733 capitatio
2175 1694 2222 1753 Β
2260 1661 2412 1730 107
2443 1660 2615 1714 multo
2643 1674 2804 1728 quam
2833 1659 3193 1721 merebamur,
3228 1656 3490 1710 sentimus
3521 1655 3735 1711 tandem
3755 1655 3841 1710 illa

559 1763 669 1802 non
705 1749 941 1804 recedit?
979 1749 1405 1820 Proprietatihus
1449 1762 1653 1818 carent,
1696 1763 1756 1808 et
1800 1756 2148 1823 vectigalibus

559 1840 878 1895 obruuntur.
908 1840 1039 1908 Quis
1075 1843 1342 1900 mstimare
1371 1845 1472 1900 1100
1499 1847 1702 1899 malum
1730 1847 1939 1915 possit?
1970 1846 2150 1903 Rebus

558 1948 748 1989 eorum
791 1935 1046 1990 incubant
1084 1953 1431 2006 pervasores,
1486 1949 1544 1995 et
1585 1941 1785 1995 tributa
1825 1942 2008 1996 miseri
2049 1957 2148 2010 pro

557 2023 937 2092 pervasoribus
963 2024 1198 2079 solvunt.
1235 2036 1260 2063 ι
1290 2024 1418 2081 Post
1446 2037 1674 2082 mortem
1702 2029 1892 2097 patris,
1917 2029 2147 2084 11111101)-

555 2115 757 2184 sequiis
792 2115 932 2184 juris
975 2117 1058 2171 sui
1103 2118 1304 2186 agellos
1349 2134 1458 2173 non
1500 2118 1718 2184 habent,
1751 2128 1809 2174 et
1837 2119 1864 2158 δ
1893 2134 2145 2187 agrorum

554 2223 779 2263 munere
819 2217 1136 2265 enecantur.
1184 2210 1262 2266 Ac
1290 2226 1388 2282 per
1415 2211 1519 2265 hoc
1545 2212 1621 2265 nil
1663 2212 1808 2266 aliud
1848 2213 2144 2267 sceleribus

554 2303 718 2357 tantis
747 2303 940 2370 agitur,
972 2305 1079 2358 nisi
1107 2311 1168 2357 ut
1213 2305 1304 2374 qui
1339 2305 1547 2374 privata
1593 2305 1914 2374 pervasione
1958 2305 2144 2360 nudati

555 2399 700 2457 sunt,
749 2393 963 2461 publica
991 2393 1294 2448 'afllictione
1323 2394 1640 2459 moriantur,
1680 2395 1836 2466 106
1872 2403 1928 2449 et
1954 2397 2148 2465 quibus

558 2495 674 2534 rem
714 2481 1042 2550 depnedatio
1088 2483 1231 2548 tulit,
1273 2483 1440 2537 vitam
1490 2484 1645 2538 tollat
1685 2485 1918 2540 exactio.
1960 2485 2150 2556 Itaque

557 2571 802 2626 nonnulli
823 2587 1010 2626 eorum
1038 2571 1107 2627 de
1127 2573 1327 2643 quibus
1353 2573 1643 2643 loquimur,
1676 2574 1769 2644 qui
1793 2583 1888 2628 aut
1926 2576 2144 2630 consul-

558 2662 725 2717 tiores
752 2671 896 2729 sunt,
928 2671 1020 2718 aut
1059 2680 1197 2735 quos
1222 2662 1498 2720 Consultos
1526 2666 1820 2720 necessitas
1849 2666 1992 2733 fecit,
2025 2682 2146 2722 cum

555 2757 827 2813 domicilia
857 2765 1020 2828 atque
1049 2759 1250 2827 agellos
1275 2774 1402 2816 suos
1429 2766 1523 2814 aut
1565 2759 1976 2829 pervasionibus
2017 2775 2144 2831 per—

554 2847 689 2902 dunt
717 2856 810 2902 aut
839 2847 1008 2917 fugati
1037 2851 1106 2904 ab
1135 2850 1483 2904 exactoribus
1510 2849 1784 2916 deserunt,
1811 2851 1935 2921 quia
1962 2858 2148 2906 tenere

553 2947 662 2993 non
682 2947 929 3008 possunt,
955 2939 1149 2995 fundos
1177 2940 1444 3009 majorum
1472 2949 1749 3011 expetunt,
1775 2948 1831 2996 et
1859 2941 2043 2996 coloni
2063 2941 2144 2996 di-

2252 1765 2372 1820 qua:
2420 1749 2662 1815 fecimus,
2719 1757 2791 1814 et,
2835 1749 2990 1818 juxta
3042 1762 3346 1804 sermonem
3404 1763 3616 1803 sacrum
3667 1747 3839 1819 (Psal.

2253 1858 2451 1906 cxxvu,
2477 1841 2555 1912 2),
2580 1842 2800 1896 labores
2823 1855 3076 1894 manuum
3107 1848 3412 1894 nostrarum
3439 1840 3839 1906 manducamus,

2253 1947 2317 1986 ac
2361 1932 2509 2002 justo
2528 1931 2708 2000 judice
2736 1932 2847 1986 Deo
2876 1931 3132 1986 solvimus
3159 1945 3280 1999 quae
3315 1930 3592 1985 debemus.
3642 1929 3844 1986 Miserti

2249 2024 2450 2093 quippe
2479 2023 2723 2078 exsulum
2745 2039 2852 2078 non
2881 2038 3095 2089 sumus;
3129 2037 3254 2088 ecce
3283 2022 3383 2092 ipsi
3401 2021 3616 2076 exsules
3635 2037 3840 2077 sumus.

2251 2113 2572 2184 Peregrinos
2614 2113 2799 2169 fraude
2839 2115 3109 2184 cepimus;
3156 2128 3283 2168 ecce
3313 2113 3410 2181 ipsi
3441 2112 3844 2182 peregrinantur

2255 2217 2277 2244 ε
2294 2213 2457 2275 atque
2476 2206 2803 2261 fraudamur.
2824 2204 3153 2274 Prmjudiciis
3175 2213 3476 2274 temporum
3499 2203 3714 2272 ingenui
3735 2212 3844 2257 sta-

2251 2306 2336 2354 tus
2365 2299 2610 2353 homines
2635 2297 3109 2362 circumvenimus;
3141 2310 3268 2350 ecce
3303 2295 3403 2364 ipsi
3431 2309 3600 2364 nuper
3622 2293 3845 2363 quidem

2252 2391 2306 2443 in
2337 2390 2513 2443 alieno
2562 2389 2680 2443 solo
2724 2388 2906 2442 vivere
2932 2387 3213 2456 cmpimus,
3263 2384 3357 2440 sed
3397 2383 3699 2454 prmjudicia
3728 2383 3848 2452 jam

2255 2478 2525 2532 timemus.
2552 2477 2618 2531 Et
2647 2493 2680 2532 0
2709 2483 2906 2546 quanta
2933 2485 3016 2531 est
3037 2474 3265 2530 infidelis
3293 2475 3551 2529 malarum
3577 2474 3847 2528 mentium

2255 2569 2496 2624 accitas!
2531 2567 2931 2623 damnationem
2961 2566 3278 2638 perferimus
3301 2565 3589 2635 iudicantis
3637 2565 3756 2631 Dei,
3788 2574 3845 2620 et

2251 2661 2478 2716 necdum
2510 2676 2608 2715 nos
2635 2661 2975 2728 agnoscimus
2997 2659 3249 2728 judicari.
3291 2657 3358 2711 Et
3386 2658 3650 2712 mirantur
3671 2657 3841 2726 aliqui

2250 2760 2578 2817 sanctorum,
2614 2751 2759 2820 quod
2789 2751 3036 2820 exemplo
3067 2759 3253 2805 nostro
3301 2750 3482 2804 caeteri
3519 2763 3624 2802 non
3652 2763 3846 2804 emen-

2247 2847 2440 2900 dentur
2467 2846 2559 2914 qui
2588 2844 2720 2898 nihil
2749 2843 2924 2899 adhuc
2953 2842 3059 2897 tale
3087 2843 3404 2907 tolerarunt,
3428 2856 3549 2896 cum
3597 2848 3845 2895 tormen-

2249 2938 2318 2991 tis
2345 2933 2651 2992 nostra'rum
2681 2934 3025 3004 iniquitatum
3057 2949 3156 2988 nec
3185 2933 3282 3003 ipsi
3309 2931 3526 3002 quidem
3553 2931 3644 3002 qui
3669 2932 3780 3001 jam
3811 2948 3841 2989 a

555 3031 722 3086 vitum
745 3030 897 3085 fiunt.
922 3032 1000 3087 Ac
1018 3033 1158 3087 sicut
1177 3033 1352 3088 solent
1373 3041 1466 3088 aut
1487 3033 1540 3087 hi
1561 3033 1654 3103 qui
1675 3033 1911 3088 hostium
1937 3040 2147 3089 terrore
2176 3021 2224 3097 C
2254 3028 2366 3083 Deo
2397 3028 2704 3098 plectimur,
2738 3027 3086 3094 corrigamur.
3119 3023 3164 3078 Ο
3193 3025 3497 3095 superbiam
3527 3039 3636 3079 non
3672 3023 3840 3078 feren-

554 3122 818 3191 compulsi
845 3121 914 3175 ad
942 3122 1164 3177 castella
1192 3138 1251 3178 se
1279 3123 1585 3189 conferunt,
1617 3133 1710 3178 aut
1741 3125 1793 3178 lii
1815 3125 1906 3194 qui
1933 3123 2143 3194 perdito

555 3215 797 3284 ingenuae
823 3214 1206 3269 incolumitatis
1228 3221 1372 3269 statu
1393 3215 1459 3269 ad
1485 3216 1692 3286 asylum
1705 3215 1929 3286 aliquod
1950 3215 2145 3284 despe-

554 3309 765 3365 ratione
786 3308 1136 3375 confugiunt;
1167 3309 1242 3361 ita
1267 3317 1322 3361 et
1346 3307 1433 3362 isti
1458 3308 1551 3377 qui
1576 3308 1777 3362 habere
1803 3307 2033 3376 amplius
2057 3306 2143 3360 vel

551 3398 736 3453 sedem
766 3398 848 3452 vel
877 3397 1192 3467 dignitatem
1225 3413 1447 3452 suorum
1481 3399 1739 3452 natalium
1771 3413 1877 3452 non
1908 3404 2138 3466 queunt,

551 3488 678 3559 iugo
731 3505 790 3544 se
844 3489 1118 3560 inquilina:
1174 3488 1496 3558 abjectionis
1551 3489 1835 3552 addicunt,
1893 3489 1947 3542 in
2004 3488 2142 3542 hanc

553 3579 929 3632 necessitatem
968 3579 1170 3634 redacti
1208 3589 1268 3633 ut
1295 3589 1541 3634 extorres
1569 3595 1678 3634 non
1708 3578 1979 3634 facultatis
2020 3587 2141 3634 tan-

554 3679 686 3737 tum,
738 3672 831 3725 sed
877 3673 1041 3726 etiam
1085 3672 1408 3726 conditionis
1438 3687 1565 3736 suae,
1617 3680 1782 3742 atque
1829 3673 2140 3728 exsulantes

552 3778 662 3818 11011
692 3778 723 3818 a
744 3763 907 3818 rebus
927 3769 1135 3817 tantum
1163 3763 1292 3828 suis,
1318 3762 1414 3818 sed
1433 3765 1594 3818 etiam
1616 3779 1647 3817 a
1670 3779 1727 3819 se
1753 3765 1902 3832 ipsis,
1929 3779 1992 3819 ac
2012 3780 2138 3834 per-

549 3856 738 3912 dentes
773 3872 956 3912 secum
993 3856 1176 3911 omnia
1209 3871 1326 3922 sua,
1358 3867 1413 3911 et
1453 3870 1634 3910 rerum
1678 3856 2014 3927 proprietate
2042 3871 2136 3912 ca—

547 3957 720 4014 reant,
754 3957 808 4003 et
830 3948 917 4017 jus
957 3948 1224 4003 libertatis
1249 3949 1521 4003 amittant.

617 4039 705 4093 1X.
748 4038 814 4092 Et
841 4039 1076 4108 quidem,
1125 4038 1248 4108 quia
1302 4041 1376 4093 ita
1416 4039 1600 4094 infelix
1642 4041 1937 4096 necessitas
1967 4041 2131 4108 cogit,

546 4131 764 4187 ferenda
793 4139 1081 4200 utcumque
1113 4140 1230 4185 erat
1266 4141 1505 4187 extrema
1536 4133 1650 4187 huic
1678 4150 1798 4189 sors
1847 4150 2055 4198 eorum,
2087 4134 2132 4188 si

547 4237 658 4278 non
684 4230 826 4277 esset
853 4222 1054 4292 aliquid
1097 4225 1406 4278 extremius.
1454 4223 1590 4278 Illud
1639 4226 1854 4292 gravius
1895 4234 1950 4279 et
1972 4241 2128 4280 acer—

2250 3122 2402 3176 dam!
2437 3119 2658 3186 Plurimi
2687 3135 2878 3189 poenas
2906 3127 3251 3189 peccatorum
3294 3132 3515 3172 suorum
3544 3115 3837 3187 perferunt,

2246 3221 2302 3268 et
2330 3213 2626 3281 intelligere
2668 3227 2860 3276 causas
2888 3225 3172 3281 poenarum
3220 3199 3379 3264 nemo
3428 3209 3694 3277 dignatur.
3729 3209 3840 3263 Sed

2249 3313 2332 3360 est
2353 3319 2513 3360 causa
2543 3303 2763 3358 evidens
2789 3318 2906 3371 qum
2935 3303 3075 3356 hanc
3095 3300 3400 3370 superbiam
3426 3300 3583 3367 facit;
3613 3299 3838 3367 scilicet,

2250 3397 2377 3467 quia
2399 3397 2501 3452 etsi
2528 3396 2707 3465 aliqua
2727 3395 2838 3464 jam
2863 3395 3117 3465 patimur,
3143 3393 3383 3452 nondum
3406 3400 3584 3447 tamen
3603 3393 3838 3462 patimur

2249 3504 2369 3558 quae
2395 3503 2682 3542 meremur.
2739 3485 2907 3540 Tanta
2937 3494 3019 3540 est
3065 3485 3208 3538 enim
3235 3482 3606 3538 misericordia
3654 3483 3749 3536 Dei
3778 3489 3836 3536 ut

2247 3580 2350 3634 etsi
2379 3595 2477 3633 nos
2504 3579 2615 3648 pati
2642 3577 2758 3631 vult
2782 3576 2959 3645 aliqua
2986 3575 3052 3630 de
3087 3574 3313 3646 piaculis
3339 3574 3558 3640 nostris,
3590 3573 3726 3628 nolit
3753 3581 3833 3626 ta-

2245 3684 2373 3728 men
2398 3678 2590 3724 cuncta
2629 3669 2862 3722 tolerare
2896 3667 2916 3718 :‘
2940 3666 3064 3735 quia
3094 3666 3320 3733 castigat
3347 3663 3538 3729 malos,
3571 3678 3679 3717 non
3708 3662 3836 3717 red-

2245 3763 2324 3818 dit
2350 3760 2522 3826 mala;
2553 3767 2608 3814 et
2656 3773 2950 3828 agnoscere
2997 3773 3095 3812 nos
3141 3764 3360 3827 peccata
3407 3764 3591 3810 nostra
3631 3755 3837 3809 mavult

2243 3868 2406 3923 quam
2435 3853 2720 3906 sustinere.
2754 3849 2968 3926 Scilicet
2997 3858 3058 3904 ut
3101 3850 3204 3919 piis
3233 3865 3295 3903 ac
3324 3849 3622 3904 salubribus
3649 3847 3839 3917 flagel-

2246 3946 2311 4001 lis
2337 3944 2587 4001 ostendat
2622 3943 2776 3998 nobis
2815 3956 2932 4010 quae
2978 3941 3117 3996 ferre
3166 3955 3482 4005 mereamur,
3509 3940 3664 4009 juxta
3694 3938 3841 3998 illud

2243 4039 2451 4094 scilicet
2478 4035 2622 4091 beati
2652 4032 2896 4104 Apostoli
2926 4032 3126 4087 dictum
3164 4048 3268 4102 quo
3296 4033 3370 4108 ait
3401 4049 3413 4083 :
3449 4029 3672 4101 Ignoras
3702 4048 3837 4104 quo-

2243 4133 2383 4185 niam
2413 4131 2613 4184 bonitas
2643 4125 2741 4180 Dei
2770 4127 2838 4178 ad
2884 4126 3236 4196 paenitentiam
3266 4135 3310 4177 te
3349 4122 3594 4177 adducit?
3624 4122 3834 4177 Secun-

2241 4222 2361 4275 dum
2390 4221 2629 4273 duritiem
2657 4227 2826 4270 autent
2855 4226 2993 4269 tuam
3021 4224 3070 4270 et
3099 4233 3187 4270 cor
3223 4216 3540 4287 impwnitens
3572 4214 3831 4268 thesauri~

1734 4336 2072 4393 STEPHANI
2112 4335 2378 4391 BALUZII
2418 4332 2646 4388 NOTAE.

617 4454 646 4484 ι
683 4427 977 4501 Ε11111011οῗ
998 4429 1295 4502 Brassmam
1323 4453 1378 4501 et
1409 4446 1662 4501 Galesinii
1694 4466 1706 4501 :
1744 4447 1868 4501 Post
1908 4457 2122 4501 mortem
2153 4450 2201 4509 D
2229 4463 2287 4501 se
2315 4445 2588 4500 dedititios
2633 4452 2758 4500 ante
2811 4446 3048 4501 fecerant
3093 4452 3293 4515 patres,
3337 4457 3590 4514 agrorum
3637 4450 3822 4498 tamen

545 4519 708 4600 patris
729 4519 864 4600 nati,
889 4517 1140 4600 obsequiis
1163 4519 1299 4588 juris
1338 4518 1628 4588 posthumi,
1655 4519 1791 4588 juris
1811 4520 1900 4600 sui
1928 4518 2122 4600 agellos

544 4586 649 4658 gon
677 4586 880 4658 habent,
913 4596 962 4640 et
991 4586 1059 4640 ad
1106 4586 1347 4658 agrorum
1374 4604 1558 4642 munus
1605 4586 1896 4641 enecantur.
1949 4586 2125 4642 Editio

545 4654 739 4711 Pithmi
773 4675 785 4710 :
829 4656 957 4729 Post
997 4654 1211 4712 mortem
1240 4660 1403 4729 patris
1432 4659 1685 4728 posthumi
1724 4660 1831 4711 nati
1874 4658 2126 4729 obsequiis

543 4729 674 4797 juris
701 4728 1014 4798 suiAagellos
1044 4745 1146 4782 non
1177 4728 1385 4792 habent,
1423 4739 1470 4798 et
1500 4744 1738 4798 agrorum
1769 4745 1976 4782 munere
2005 4728 2125 4782 ene-

544 4796 968 4870 canturtCo—dex
1003 4798 1346 4870 Corbeiensis
1379 4816 1390 4850 :
1423 4796 1551 4870 Post
1578 4807 1793 4852 mortem
1821 4801 1986 4870 patris
2015 4801 2124 4852 nati

544 4865 798 4937 obsequiis
821 4869 956 4938 juris
983 4872 1064 4924 sui
1092 4869 1286 4939 agellos
1308 4885 1412 4939 non
1441 4867 1647 4932 habent,
1677 4879 1726 4922 et
1747 4865 1989 4939 agrorum
2019 4885 2126 4922 mu-

544 4887 798 4937 oosequus
821 4887 956 4938 Juris
983 4887 1064 4924 sui
1092 4887 1124 4922 a
1159 4887 1286 4923 euos
1308 4887 1412 4922 non
1441 4887 1647 4932 nauem,
1677 4887 1726 4922 et
1747 4887 1989 4939 agrorum
2019 4887 2126 4922 mu-

543 4952 644 5009 nus
684 4947 976 5009 enecantur.
1031 4887 1267 4992 Colbert.
1305 4957 1318 4991 :
1366 4937 1496 4991 Post
1544 4948 1759 4992 mortem
1800 4941 1968 5009 patris
2016 4941 2127 4992 nati

544 5005 795 5076 obsequiis
834 5009 955 5080 viris
986 5010 1398 5080 posthzmﬁjugis
1424 5011 1506 5080 sui
1540 5009 1749 5080 agellos,
1785 5005 1913 5074 etc.,
1942 5025 2125 5063 munus

543 5084 847 5130 onerantur.
878 5077 1062 5146 Itaque
1100 5077 1282 5132 Codex
1312 5077 1651 5134 Corbeiensis
1691 5095 1798 5135 non
1847 5081 2007 5135 habet
2031 5095 2125 5134 vo-

544 5161 664 5202 cem
692 5148 949 5216 postlmmi
981 5165 998 5200 :
1023 5162 1180 5215 quam
1208 5149 1472 5216 glossema
1504 5166 1640 5214 esse,
1672 5159 1726 5204 et
1755 5151 1820 5204 ab
1856 5166 1922 5204 eo
1963 5151 2126 5204 intro-

545 5216 760 5290 ductam
782 5217 874 5290 qui
898 5226 1110 5290 putaret
1135 5219 1220 5271 hic
1246 5219 1328 5285 agi
1354 5217 1420 5272 de
1444 5218 1564 5273 111118
1587 5221 1724 5274 natis
1746 5229 1868 5290 post
1894 5229 2124 5274 mortem

539 5288 734 5358 patris,»
773 5288 865 5358 qui
905 5289 1060 5356 vulgo
1090 5289 1372 5358 posthumi
1412 5298 1690 5352 vocantur,
1738 5288 1865 5344 mihi
1905 5290 2123 5343 dubium

540 5357 650 5430 11011
672 5367 773 5430 081.
813 5357 880 5412 Et
904 5358 1042 5413 haud
1071 5357 1229 5430 dubie
1259 5359 1310 5411 111
1341 5375 1434 5413 ora
1467 5361 1585 5414 libri
1625 5361 1859 5430 reposita
1885 5361 2117 5430 primum

539 5428 658 5498 11111,
689 5429 882 5484 deinde
923 5429 1140 5498 irrepsit
1166 5430 1218 5482 iu
1271 5438 1492 5485 textum.
1523 5428 1721 5485 Verum
1761 5431 2003 5498 quisquis
2034 5428 2120 5482 ille

540 5495 641 5574 fuit
671 5499 940 5574 _qu_i__hanc
965 5495 1155 5574 vocem
1185 5498 1398 5574 adjecit,
1428 5517 1537 5574 non
1564 5502 1706 5574 cepit
1734 5495 1950 5574 sensum
1999 5498 2120 5574 Sal-

540 5565 707 5637 viani.
735 5566 866 5622 Illud
894 5571 1035 5624 enim
1065 5565 1269 5625 tantum
1302 5571 1410 5623 vult
1437 5565 1737 5632 Salvianus,
1789 5567 1924 5623 111108
1956 5568 2122 5637 patri-

541 5633 644 5710 hus
670 5639 998 5705 superstites,
1045 5657 1165 5695 cum
1195 5641 1263 5695 ad
1303 5641 1424 5695 illos
1455 5640 1722 5710 possessio
1768 5633 2120 5708 paternorum

542 5707 812 5766 bonorum
837 5721 944 5762 11011
990 5713 1317 5778 perveniret,
1347 5707 1552 5766 sed—ad
1599 5716 1847 5783 potentes
1889 5722 2118 5776 quorum

2231 4517 2624 4572 conditionibus
2653 4517 2918 4584 obnoxios
2939 4517 3122 4582 fuisse,
3142 4530 3351 4586 proque
3377 4515 3443 4569 iis
3464 4515 3663 4568 tributa
3688 4529 3827 4584 pen-

2229 4586 2357 4640 dere
2383 4596 2622 4651 coactos,
2653 4593 2929 4656 tamquam
2966 4587 3050 4656 sui
3083 4595 3284 4640 essent.

2306 4656 2330 4694 δ
2372 4656 2449 4710 Ita
2477 4657 2642 4711 editio
2686 4653 2900 4711 Pithuei.
2936 4655 3213 4710 Editiones
3242 4655 3542 4710 Brassicani
3571 4664 3625 4710 et
3670 4653 3832 4711 (11110-

2229 4726 2348 4780 sinii
2380 4727 2579 4782 habent
2615 4727 2685 4779 ad
2724 4743 2966 4796 agrorum
2987 4742 3189 4780 munus.
3231 4725 3417 4780 Codex
3436 4723 3783 4782 Corbeiensis
3809 4769 3826 4792 ,

2229 4815 2470 4868 agrorum
2499 4813 2702 4850 munus.
2737 4797 2912 4866 Atque
2939 4812 3007 4868 ea
3034 4804 3304 4868 veterum
3335 4796 3634 4868 editionum
3663 4797 3832 4868 lectio

2230 4865 2360 4922 mihi
2406 4868 2694 4938 plurimum
2735 4865 2930 4936 placet.
2982 4865 3070 4921 Ait
3112 4865 3312 4936 quippe
3359 4865 3642 4921 Salvianus
3686 4866 3832 4921 filios

2236 4938 2377 5004 illos,
2408 4953 2528 4992 cum
2551 4952 2804 5007 agrorum
2833 4946 3179 5006 paternorum
3221 4952 3566 5006 possessores
3595 4953 3701 4990 non
3736 4951 3832 4991 es-

2234 5018 2373 5072 sent,
2391 5024 2489 5078 per
2508 5022 2772 5078 summam
2803 5016 2981 5078 tamen
3010 5007 3259 5074 injuriam
3289 5008 3356 5061 ad
3387 5008 3699 5078 pensionem
3726 5007 3833 5059 tri-

2231 5077 2486 5133 butorum
2515 5094 2577 5133 ac
2602 5077 2960 5145 vectigalium,
2993 5091 3112 5144 qua:
3136 5085 3246 5129 tum
3277 5093 3499 5131 munera
3533 5077 3826 5145 vocabant,

2233 5157 2451 5204 coactos
2481 5148 2662 5211 fuisse,
2696 5143 2938 5215 adeoque
2977 5143 3265 5216 propterea
3307 5156 3561 5201 enecatos
3587 5143 3832 5214 quodam

2233 5220 2395 5273 modo
2422 5218 2765 5274 acerbissima
2797 5225 2852 5270 et
2891 5216 3223 5284 iniquissima
3252 5216 3574 5269 tributorum
3623 5216 3832 5270 intole-

2233 5289 2478 5342 rabilium
2526 5287 2825 5350 exactione,
2861 5286 3135 5355 quomodo
3185 5287 3230 5340 si
3290 5287 3396 5339 vita
3426 5286 3501 5355 ab,
3522 5286 3600 5340 eis
3629 5300 3832 5354 posce—

2229 5366 2396 5412 retur.
2439 5356 2580 5410 lnfra
2615 5364 2860 5411 extremo
2882 5354 3032 5410 libro
3067 5363 3253 5422 sexto,
3286 5370 3409 5425 pag.
3446 5354 3546 5408 MO
3580 5373 3592 5407 :
3624 5356 3832 5409 Aurum

2225 5428 2361 5497 quod
2390 5427 2679 5497 pendimus,
2709 5443 2924 5478 munera
2961 5443 3219 5497 vocamus.
3254 5425 3438 5497 Lectio
3481 5434 3661 5479 tamen
3702 5425 3832 5478 edi-

2225 5496 2724 5562 tiOnisPithmanze,
2750 5511 2912 5564 quam
2940 5496 3277 5560 retinuimus,
3303 5496 3446 5550 bona
3475 5505 3575 5559 est,
3608 5503 3664 5550 et
3691 5509 3833 5548 sen-

2224 5583 2339 5622 sum
2366 5569 2562 5623 bonum
2592 5567 2736 5633 facit,
2765 5566 3051 5620 tamenetsi
3082 5582 3189 5620 non
3225 5569 3296 5620 ita
3336 5566 3570 5622 nobilem
3600 5581 3663 5619 ac
3692 5564 3830 5620 alia.

2299 5649 2322 5677 ο
2364 5639 2489 5693 Haec
2509 5639 2704 5692 desunt
2744 5637 2796 5692 in
2831 5637 3019 5692 codice
3046 5634 3364 5693 Colbertino
3391 5644 3447 5692 et
3477 5636 3531 5694 in
3551 5635 3831 5696 "editioni-

2223 5708 2322 5766 bus
2352 5708 2654 5780 Brassicani
2674 5717 2731 5771 et
2753 5707 3034 5768 Galesinii.
