4088 6360
299 357 462 450 tos

1365 381 1456 442 DE
1493 379 2023 442 GUBERNATIONE
2061 380 2174 436 DEI
2212 379 2338 436 LIB.
2388 377 2447 438 ν.

2903 301 3178 324 “‘C-“w—

3483 387 3587 448 100

296 523 392 562 sas
422 503 512 560 tibi
539 505 678 559 iram
703 503 758 558 in
788 500 870 557 die
895 502 990 557 ira
1029 499 1206 573 (Rom.
1255 515 1313 568 ιι,
1346 498 1399 565 4,
1443 498 1520 573 5).
1550 499 1619 554 Et
1644 514 1773 555 vere
1820 498 1894 553 ita
1919 499 1975 559 Α
1997 505 2053 553 et
2090 497 2460 554 testimonium
2509 495 2642 554 mihi
2669 499 2834 556 etiam
2879 501 3207 560 conscientia
3236 517 3332 561 sua
3375 506 3586 574 dicunt.

296 599 534 668 agimus,
579 605 638 652 ut
661 595 791 651 dicit
814 592 1122 666 Apostolus.
1156 593 1300 650 Deus
1327 594 1470 650 enim
1500 609 1600 650 nos
1640 599 1801 648 vocat
1827 591 1896 647 ad

296 689 698 763 pmnitentiam,
725 687 820 743 sed
847 703 945 744 nos
965 687 1392 744 thesaurizamns
1419 686 1576 742 iram.
1620 685 1763 740 Deus
1791 700 1892 740 nos

297 783 496 838 invitat
535 781 602 836 ad
633 780 864 847 veniam,
897 778 993 836 sed
1037 795 1135 836 nos
1161 778 1402 850 quotidie
1445 777 1781 833 cumulamus
1808 774 1894 831 of-

297 872 530 931 fensam.
553 871 676 928 Vim
705 872 818 929 Deo
846 871 1071 928 facimus
1097 871 1256 944 ιοο
1280 869 1653 940 iniquitatibus
1673 867 1890 932 nostris,

296 967 405 1041 ipsi
451 967 506 1022 in
534 982 634 1022 nos
681 966 819 1021 iram
861 965 1166 1020 Divinitatis
1211 979 1499 1019 armamus.
1544 960 1798 1031 Cogimus
1825 960 1894 1017 ad

298 1059 638 1118 ulciscendas
665 1059 951 1116 criminum
980 1065 1286 1115 nostrorum
1317 1057 1677 1112 immanitates
1701 1055 1891 1111 nolen-

297 1159 413 1208 tem
458 1151 650 1207 Deum.
699 1149 875 1223 Prope
904 1159 986 1206 est
1027 1159 1086 1206 ut
1130 1166 1253 1206 eum
1282 1165 1389 1206 non
1432 1151 1808 1221 permittamus
1835 1156 1895 1203 ut

295 1249 506 1313 parcat.
539 1241 674 1297 Nam
703 1257 830 1298 cum
857 1242 912 1297 in
938 1257 1062 1297 eum
1102 1241 1306 1297 nullum
1354 1255 1589 1311 unquam
1621 1239 1894 1309 iniustitia:

295 1333 513 1404 signum
541 1333 738 1390 cadere
767 1342 860 1388 aut
897 1348 1160 1406 apparere
1186 1334 1376 1404 possit,
1421 1333 1500 1390 sic
1528 1333 1732 1401 agimus
1759 1341 1819 1386 ut
1847 1331 1894 1387 si

297 1424 653 1480 enormitates
682 1433 991 1481 nostrorum
1034 1425 1298 1482 scelerum
1339 1441 1449 1482 non
1477 1425 1774 1491 ulciscitur,
1805 1425 1890 1479 in-

293 1513 475 1584 justus
499 1531 620 1572 esse
649 1517 914 1572 videatur.

372 1603 440 1659 X.
481 1603 587 1661 Sed
615 1605 866 1663 videlicet
907 1615 1164 1678 peccator
1208 1607 1310 1663 fuit
1355 1608 1646 1680 aliquando
1675 1609 1888 1679 aliquis,

294 1696 528 1754 fortasse
549 1697 664 1767 jam
693 1714 802 1755 non
829 1700 945 1755 est?
971 1699 1054 1755 An
1083 1708 1166 1756 est
1192 1699 1333 1757 ullus
1361 1700 1647 1756 criminum
1674 1699 1889 1768 modus,

295 1799 354 1848 et
381 1807 490 1848 non
519 1792 669 1862 prius
697 1799 781 1848 est
805 1800 864 1848 ut
902 1791 970 1847 de
992 1793 1101 1848 vita
1127 1792 1374 1848 homines
1401 1807 1566 1863 quam
1593 1792 1663 1848 de
1691 1791 1889 1862 iniqui-

1997 604 2119 644 cum
2148 589 2301 644 multi
2331 589 2443 652 alii,
2470 596 2586 644 tum
2613 592 2886 662 praecipue
2926 593 3004 649 illi
3032 609 3292 651 novorum
3320 597 3590 655 honorum

1998 682 2235 752 religiosi
2256 683 2568 750 ambitores,
2598 694 2655 739 et
2681 693 2806 756 post
2834 695 3114 759 acceptum
3135 691 3464 761 pcnitentia:
3488 710 3596 750 no—

1997 761 2143 844 men,
2165 777 2510 848 amplissima:
2538 793 2603 833 ac
2625 779 2776 848 prius
2798 796 2905 836 non
2940 781 3139 838 habitas
3165 787 3450 855 potestatis
3474 803 3595 842 em-

1997 876 2201 940 ptores.
2234 868 2385 926 Adeo
2414 886 2522 925 non
2569 871 2855 927 saeculares
2894 880 3124 941 tantum,
3155 877 3252 933 sed
3278 877 3398 950 plus
3425 879 3598 935 etiam

1996 976 2158 1032 quam
2186 963 2473 1018 szeculares
2500 978 2620 1019 esse
2643 962 2961 1030 voluerunt;
2987 975 3046 1020 ut
3076 982 3185 1023 non
3213 967 3486 1027 sufﬂant
3514 971 3599 1026 eis

1995 1053 2141 1123 quod
2169 1062 2295 1110 ante
2321 1053 2553 1120 fuerant,
2588 1054 2688 1109 nisi
2711 1054 2832 1125 plus
2855 1063 3038 1112 essent
3058 1065 3245 1126 postea
3271 1074 3432 1129 quam
3459 1059 3594 1116 fuis-

1995 1153 2134 1201 sent.
2167 1145 2450 1213 Quomodo
2479 1145 2643 1216 igitur
2664 1146 2798 1202 tales
2827 1146 2912 1203 isti
2937 1148 3308 1218 pteniteutiam
3339 1166 3398 1207 se
3419 1152 3595 1220 egisse

1998 1252 2104 1293 non
2128 1236 2395 1308 pmnitent
2418 1255 2432 1305 ;
2455 1238 2598 1294 sicut
2623 1238 2786 1294 etiam
2815 1238 2893 1294 illi
2921 1238 2990 1294 de
3013 1241 3369 1296 conversione
3395 1258 3459 1298 ac
3480 1242 3592 1298 Deo

1996 1329 2200 1400 aliquid
2226 1330 2514 1400 cogitasse,
2536 1331 2628 1400 qui
2654 1346 2686 1385 a
2715 1331 3035 1400 coniugibus
3063 1331 3297 1402 propriis
3325 1333 3596 1389 abstinen-

1999 1428 2098 1487 tes,
2130 1437 2163 1476 a
2191 1437 2373 1478 rerum
2403 1422 2702 1477 alienarum
2732 1423 3051 1493 pervasione
3079 1409 3187 1479 non
3215 1424 3504 1491 abstinent,
3537 1435 3597 1486 et

1995 1528 2118 1570 cum
2162 1512 2522 1585 proﬁteantur
2548 1514 2939 1570 continentiam
2965 1530 3273 1586 corporum,
3307 1514 3334 1554 δ
3361 1516 3598 1573 ὶυοοηιὶς

1999 1605 2182 1660 nentia
2249 1605 2656 1662 debacchantur
2710 1606 3033 1662 animorum.
3110 1605 3318 1663 Novum
3370 1624 3603 1679 prorsus

1995 1697 2367 1754 conversionis
2394 1713 2583 1768 genus.
2612 1697 2782 1754 Licita
2832 1714 2941 1753 non
2969 1697 3192 1763 faciunt,
3224 1708 3280 1754 et
3324 1710 3345 1739 ο
3390 1700 3600 1760 inlicita

1995 1790 2358 1847 committunt.
2390 1789 2720 1861 Temperant
2743 1806 2773 1845 a
2805 1791 3112 1857 concubitu,
3160 1801 3215 1846 et
3243 1808 3352 1847 non
3381 1800 3595 1864 tempe-

295 1891 410 1940 tate
447 1882 764 1940 discedant?
800 1883 932 1951 Quis
960 1884 1108 1940 enim
1138 1899 1247 1940 non
1275 1899 1398 1941 cum
1426 1883 1558 1954 ipsis
1596 1883 1893 1954 iniquitati-
1921 1891 1970 1953 B
1996 1891 2118 1938 rant
2162 1898 2193 1938 a
2241 1882 2449 1954 rapina.
2500 1881 2639 1948 Quid
2666 1882 2800 1951 agis,
2833 1883 2994 1938 stulta
3025 1883 3336 1952 persuasio?
3365 1881 3597 1942 Peccata

293 1975 398 2032 bus
417 1976 528 2032 suis
547 1977 795 2044 moritur,
818 1986 874 2032 et
913 1991 1038 2032 cum
1067 1976 1198 2046 ipsis
1227 1975 1516 2031 admodum
1553 1985 1714 2046 atque
1735 1977 1788 2032 in
1810 1978 1894 2048 ip-

293 2070 372 2126 sis
399 2071 693 2128 sceleribus
721 2070 1024 2142 sepelitur?
1054 2067 1126 2125 Ut
1153 2085 1282 2125 vere
1309 2069 1377 2125 de
1400 2069 1484 2124 his
1512 2069 1892 2139 propheticum

295 2163 429 2220 illud
455 2164 760 2220 rectissime
807 2163 911 2217 dici
938 2162 1111 2232 possit
1161 2179 1172 2213 :
1206 2160 1458 2231 Sepulcra
1487 2177 1682 2223 eorum,
1715 2159 1897 2213 domus

295 2268 472 2308 eorum
499 2254 555 2306 in
585 2262 876 2315 attentum;
907 2258 956 2303 et
985 2250 1273 2319 comparati
1320 2257 1441 2302 sunt
1482 2247 1731 2318 jumentis
1767 2248 1900 2300 insi-

295 2345 574 2417 pientibus,
606 2353 657 2398 et
705 2342 901 2398 similes
949 2342 1079 2413 facti
1107 2349 1226 2393 sunt
1256 2339 1364 2392 illis
1396 2337 1568 2409 (Psal.
1599 2354 1776 2404 vatn,
1809 2337 1896 2402 12,

298 2433 412 2506 15).
445 2436 622 2504 Atque
674 2433 885 2488 utinam
926 2429 1217 2501 jumentis!
1271 2428 1463 2485 Melius
1491 2429 1691 2500 quippe
1737 2428 1901 2486 fuerit

301 2523 545 2579 belluina
571 2522 930 2594 imprudentia
973 2521 1237 2578 deviasse.
1266 2519 1401 2576 Illud
1430 2521 1583 2591 pejus
1629 2529 1684 2576 et
1710 2521 1894 2576 crimi-

304 2618 509 2686 nosius,
537 2616 661 2686 quia
692 2632 802 2672 non
823 2615 1126 2685 ignorantia
1142 2614 1257 2680 Dei,
1281 2614 1377 2671 sed
1402 2614 1749 2686 despectione
1774 2631 1896 2686 pec-

303 2718 511 2764 carunt.
544 2709 721 2779 Atque
769 2709 872 2764 hoc
913 2708 1162 2764 videlicet
1194 2707 1316 2764 laici
1361 2708 1752 2776 tantummodo,
1781 2725 1891 2766 non

300 2799 514 2869 quidam
543 2799 709 2856 etiam
763 2799 1122 2856 clericorum?
1162 2799 1450 2856 saeculares
1493 2801 1888 2869 tantummodo,

297 2905 408 2947 non
434 2891 589 2947 multi
617 2892 780 2948 etiam
805 2891 1080 2960 religiosi?
1105 2891 1268 2948 immo
1290 2892 1390 2949 sub
1409 2895 1594 2963 specie
1613 2893 1892 2964 religionis

298 2983 442 3039 vitiis
470 2984 817 3040 saecularibus
855 2984 1148 3055 mancipati
1181 3003 1193 3038 :
1225 2985 1318 3054 qui
1364 2985 1573 3040 scilicet
1601 2993 1724 3055 post
1750 2994 1894 3042 vete-

297 3089 419 3130 rum
462 3073 787 3145 ﬂagitiorum
839 3077 1039 3146 probra
1101 3084 1157 3131 et
1201 3075 1427 3131 crimina
1475 3075 1632 3132 titulo
1679 3075 1896 3132 sibimet

297 3165 604 3221 sanctitatis
631 3167 910 3237 inscripto,
933 3182 1046 3222 non
1070 3166 1486 3223 conversatione
1509 3166 1622 3233 alii,
1653 3166 1748 3222 sed
1767 3183 1895 3238 pro-

1998 1975 2277 2031 interdixit
2321 1975 2484 2039 Deus,
2531 1971 2558 2010 ά
2589 1990 2698 2029 non
2728 1975 3087 2030 matrimonia.
3120 1973 3239 2029 Non
3267 1975 3598 2033 conveniunt

1996 2064 2192 2119 vestris
2235 2064 2426 2118 studiis
2465 2063 2605 2118 facta
2636 2072 2833 2117 vestra.
2885 2064 3001 2118 Non
3029 2064 3240 2119 debetis
3284 2081 3402 2120 esse
3434 2067 3594 2124 amici

1999 2154 2308 2217 criminum,
2331 2155 2424 2222 qui
2451 2153 2633 2208 dicitis
2672 2168 2768 2207 vos
2791 2163 2815 2190 ⁶
2845 2163 3143 2209 sectatores
3170 2171 3290 2210 esse
3315 2157 3596 2211 virtutum.

2002 2242 2396 2312 Przeposterum
2419 2251 2504 2296 est
2529 2242 2675 2311 quod
2697 2243 2875 2312 agitis.
2906 2243 3024 2299 Non
3045 2254 3130 2300 est
3158 2245 3264 2300 hoc
3289 2249 3594 2315 conversio,
3657 2296 3664 2304 .

2000 2334 2096 2390 sed
2135 2334 2364 2390 aversio.
2409 2333 2544 2402 Quia
2592 2334 2706 2403 jam
2755 2335 2983 2405 pridem,
3035 2345 3093 2391 ut
3121 2336 3262 2393 fama
3306 2347 3407 2402 est,
3459 2356 3596 2409 opus

1999 2425 2163 2480 etiam
2204 2425 2419 2481 honesti
2449 2425 2777 2481 matrimonii
2825 2428 3135 2499 reliquistis,
3179 2429 3394 2484 tandem
3423 2447 3452 2484 a
3480 2447 3596 2487 see.

1997 2514 2110 2570 lere
2137 2523 2366 2571 cessate.
2400 2515 2469 2572 Et
2496 2515 2714 2586 quidem
2731 2517 3070 2587 justumest,
3100 2529 3160 2575 ut
3185 2521 3253 2576 ab
3283 2523 3431 2578 omni
3471 2540 3593 2580 sce~

1993 2608 2124 2665 lere.
2158 2609 2268 2665 Sed
2313 2617 2493 2666 tamen
2525 2611 2570 2666 si
2613 2627 2720 2666 non
2766 2613 2834 2668 ab
2862 2613 3032 2679 omni,
3063 2615 3188 2685 quia
3236 2615 3340 2671 hoc
3366 2616 3595 2678 fortasse

1992 2701 2185 2757 durum
2211 2711 2267 2759 et
2304 2703 2638 2774 impossibile
2665 2720 2786 2761 esse
2809 2707 3045 2773 creditis,
3078 2717 3227 2764 certe
3253 2709 3338 2764 vel
3368 2726 3399 2764 a
3421 2712 3594 2766 maxi~

1993 2811 2084 2851 mo
2139 2805 2194 2852 et
2237 2796 2568 2867 prodigioso.
2602 2796 2753 2863 Esto,
2795 2799 2950 2867 juxta
3008 2810 3081 2865 te,
3119 2802 3445 2871 quicumque
3505 2806 3594 2865 illo

1994 2903 2072 2955 es,
2104 2888 2266 2944 vicini
2310 2898 2455 2945 stare
2495 2904 2602 2944 non
2638 2889 2876 2944 valeant.
2925 2888 3084 2956 Esto,
3128 2907 3395 2962 pauperes
3432 2895 3591 2950 habi-

1994 2992 2114 3038 tare
2179 2998 2288 3038 non
2345 2983 2572 3053 possint.
2636 2981 2797 3048 Esto,
2858 2985 2931 3039 sis
2994 2994 3315 3055 persecutor
3388 2990 3590 3045 multo-

1995 3090 2113 3129 rum
2141 3075 2363 3144 inopum
2405 3083 2753 3146 vastatorque
2807 3076 3148 3132 miserorum.
3202 3077 3332 3135 Esto
3361 3081 3592 3139 afllictor

1997 3170 2261 3234 omnium,
2288 3167 2580 3224 dummodo
2626 3176 3027 3226 extraneorum.
3077 3171 3340 3240 Tandem,
3385 3190 3592 3245 quaeso,

297 3257 532 3315 fossione
568 3275 766 3316 nomen
798 3267 1006 3314 tantum
1032 3259 1400 3327 demutavere,
1429 3276 1539 3316 non
1585 3260 1750 3315 vitam
1782 3269 1809 3299 ι
1836 3267 1892 3317 et
1915 3274 1962 3342 ο
1992 3260 2079 3315 vel
2109 3261 2212 3315 tuis
2237 3275 2432 3330 parce;
2466 3269 2523 3317 et
2567 3262 2612 3317 si
2661 3278 2769 3319 non
2797 3263 3047 3321 omnibus
3070 3265 3196 3331 tuis,
3249 3268 3373 3337 quia
3420 3271 3590 3327 etiam

297 3365 564 3405 summam
617 3350 783 3406 divini
811 3352 986 3406 cultus
1033 3351 1276 3407 habitum
1316 3353 1487 3422 magis
1522 3367 1684 3423 quam
1711 3363 1892 3409 actum

296 3439 691 3507 existimantes,
724 3449 928 3497 vestem
950 3443 1323 3499 tantummodo
1344 3458 1568 3510 exuere,
1596 3460 1707 3501 non
1735 3461 1890 3502 men-

301 3538 433 3586 tem.
467 3531 622 3588 Unde
667 3532 743 3588 illi
772 3549 830 3589 se
858 3534 1067 3590 minore
1095 3534 1294 3591 invidia
1319 3536 1637 3594 criminosos
1665 3545 1889 3609 putant;

298 3623 544 3692 quicum
593 3626 964 3696 pmnitentiam
1009 3627 1162 3698 quasi
1217 3629 1392 3698 egisse
1438 3630 1706 3698 dicantur,
1753 3632 1894 3688 sicut

299 3730 482 3772 mores
509 3717 787 3787 pristinos,
821 3718 893 3772 ita
935 3719 1097 3774 etiam
1126 3719 1369 3775 habitum
1408 3737 1516 3777 non
1557 3722 1888 3792 relinquunt.

299 3806 436 3864 Nam
457 3809 638 3865 taliter
663 3809 831 3866 ferme
851 3811 1034 3867 omnia
1056 3819 1239 3880 agunt,
1268 3821 1328 3868 ut
1355 3828 1450 3884 eos
1470 3829 1580 3868 non
1602 3823 1712 3868 tam
1732 3823 1892 3885 putes

298 3907 460 3957 antea
489 3901 860 3972 pmnitentiam
890 3902 1175 3957 criminum
1204 3903 1377 3972 egisse
1412 3919 1575 3973 quam
1603 3916 1792 3976 postea
1819 3905 1894 3975 ip-

299 3990 413 4046 sius
432 3992 767 4062 paenitentia:
794 3993 1078 4060 pmnitere,
1123 4010 1223 4048 nec
1269 4002 1379 4048 tam
1408 3995 1557 4064 prius
1583 3996 1896 4064 pmnituisse

312 4084 470 4154 ιω
496 4084 641 4152 quod
661 4086 803 4139 male
825 4084 1058 4140 vixerint
1084 4100 1244 4153 quam
1273 4095 1461 4154 postea
1489 4086 1635 4154 quod
1675 4103 1735 4142 se
1770 4104 1897 4158 pro-

307 4171 556 4228 miserint
577 4174 718 4229 bene
745 4188 864 4229 esse
889 4173 1150 4229 victuros.
1179 4173 1370 4231 Sciunt
1393 4189 1480 4230 me
1510 4190 1695 4231 verum
1723 4177 1892 4250 loqui,

1998 3351 2102 3408 hoc
2144 3351 2371 3408 forsitan
2400 3367 2689 3409 onerosum
2717 3355 2814 3410 tibi
2855 3364 2910 3410 et
2949 3371 3114 3426 grave
3150 3358 3361 3427 judicas
3403 3362 3446 3417 si
3487 3365 3593 3419 tuis

1999 3447 2248 3502 omnibus
2275 3447 2432 3519 ιιο
2458 3462 2668 3518 parcas,
2699 3463 2865 3519 parce
2891 3449 3082 3505 saltem
3114 3452 3199 3506 vel
3226 3452 3331 3507 illis
3363 3455 3466 3510 tuis
3494 3457 3592 3525 qui

2002 3548 2054 3594 te
2083 3555 2191 3596 non
2213 3538 2462 3594 afﬁnibus
2485 3549 2693 3595 tantum
2716 3540 2835 3596 aliis
2858 3549 2951 3596 aut
2978 3543 3316 3616 propinquis,
3348 3546 3442 3602 sed
3466 3563 3592 3618 per-

2000 3632 2147 3688 sonis
2173 3632 2338 3686 etiam
2364 3631 2778 3688 devinctissimis
2824 3641 2881 3689 et
2926 3635 3241 3705 pignoribus
3260 3638 3592 3696 charissimis

1999 3722 2370 3792 praetulerunt.
2403 3721 2470 3776 Et
2496 3723 2626 3793 quid
2655 3723 2832 3779 dicam
2881 3724 2948 3781 de
2995 3726 3307 3797 pignoribus
3337 3747 3400 3787 ac
3429 3731 3591 3789 ﬁliis?

1997 3812 2359 3872 Prmtulerunt
2388 3829 2440 3871 te
2467 3816 2628 3872 etiam
2671 3817 2953 3874 animabus
2979 3836 3120 3889 pene
3143 3838 3208 3877 ac
3229 3826 3427 3894 spebus
3455 3829 3589 3893 suis,

1999 3923 2107 3962 non
2135 3907 2352 3976 quidem
2401 3907 2770 3972 laudabiliter;
2817 3916 2872 3962 et
2917 3924 3159 3964 errorem
3198 3928 3355 3967 suum
3397 3917 3489 3985 qui
3516 3918 3592 3974 ita

2000 3998 2128 4064 egit,
2160 3998 2275 4066 ipse
2299 3997 2594 4064 cognoscit.
2628 3995 2735 4050 Sed
2762 3997 2890 4064 quid
2910 3999 2979 4051 ad
2999 4006 3053 4053 te
3074 4007 3276 4068 tamen,
3299 4005 3384 4060 cui
3413 4006 3591 4078 ipsum

2001 4089 2105 4143 hoc
2129 4088 2379 4160 praestitit
2404 4086 2551 4157 quod
2571 4089 2806 4144 erravit?
2845 4089 2959 4146 Hoc
2997 4093 3140 4148 enim
3180 4096 3300 4165 plus
3321 4099 3371 4154 ei
3400 4099 3587 4167 debes,

2000 4181 2126 4251 quia
2155 4179 2458 4237 dilectionis
2499 4189 2602 4236 tua:
2644 4181 2923 4240 nimietate
2949 4187 3212 4255 peccavit.
3245 4189 3431 4248 Caecus
3459 4196 3584 4264 qui-

1470 4285 1808 4344 STEPHANI
1846 4289 2118 4348 BALUZII
2151 4289 2380 4347 NOTE.

377 4409 403 4438 ι
443 4393 626 4455 Secuti
667 4413 850 4454 sumus
876 4399 981 4454 hoc
1007 4400 1129 4455 loco
1158 4401 1536 4457 auctoritatem
1565 4402 1883 4459 editionum.

301 4469 490 4528 Codex
509 4466 851 4524 Corbeiensis
875 4469 955 4524 sic
982 4470 1175 4526 habet:
1196 4469 1269 4524 Et
1296 4483 1504 4526 sumant
1530 4473 1690 4528 divini
1719 4476 1887 4531 cultus

303 4540 536 4612 habitum
559 4541 724 4611 magis
752 4557 905 4612 quam
941 4549 1140 4604 actum,
1171 4543 1526 4612 existimantes
1555 4555 1740 4600 vestem
1772 4556 1888 4599 tan-

301 4610 568 4686 tummodo
596 4610 801 4686 exuere,
831 4626 939 4686 non
969 4621 1206 4686 mentem.
1241 4611 1331 4668 Sic
1370 4629 1500 4686 ergo
1529 4631 1629 4670 nos
1656 4617 1889 4686 scripse-

297 4697 485 4738 ramus
506 4681 562 4734 in
589 4680 762 4750 prima
783 4681 1038 4735 editione.
1064 4681 1172 4736 Sed
1193 4699 1334 4740 nunc
1356 4680 1528 4739 visum
1551 4694 1635 4742 cst
1655 4680 1890 4743 retinere

297 4760 545 4808 veterem
575 4750 879 4806 lectionem.

375 4820 405 4860 ι’
443 4818 1100 4894 lta_codex_Corbeiensis.
1133 4820 1201 4876 Et
1229 4824 1302 4878 ita
1329 4825 1611 4894 legendum
1633 4842 1751 4883 esse
1777 4843 1895 4882 mo-
1916 4813 1972 4876 D

300 4898 500 4948 nuerat
528 4890 920 4964 Rittershusius
956 4907 1056 4963 pro
1085 4908 1152 4949 eo
1191 4894 1336 4964 quod
1382 4890 1647 4952 editiones
1691 4898 1894 4954 habent

293 4965 359 5017 in
386 4962 834 5016 incontinentiam.

294 5077 302 5083 .
379 5029 666 5106 cisanctus
694 5030 987 5106 Gregorius
1007 5034 1097 5106 lib.
1127 5051 1200 5106 ix,
1231 5036 1387 5106 epist.
1419 5035 1519 5090 59:
1548 5035 1682 5100 Quia
1709 5039 1894 5094 illicita

293 5120 358 5157 se
398 5103 579 5168 fecisse
622 5103 945 5168 meminerat,
969 5103 1299 5160 laudabiliter
1335 5124 1368 5158 a
1401 5107 1554 5160 licitis
1583 5107 1890 5164 abstinebat.

292 5170 449 5247 Yide
476 5171 569 5247 lib.
614 5187 683 5226 vn
725 5170 1019 5247 Capitula_r_.
1053 5190 1172 5247 cap.
1206 5175 1293 5243 61,
1325 5183 1379 5231 et
1417 5174 1664 5246 Capitula
1708 5177 1893 5234 Karoli

289 5241 465 5314 Calvi
478 5242 560 5296 tit.
595 5258 776 5309 xxvm,
806 5241 924 5314 cap.
960 5244 1046 5297 12.

288 5342 298 5347 -
372 5311 402 5350 ει
439 5312 672 5388 Damnat
695 5328 791 5368 eos
827 5311 919 5384 qui
959 5317 1345 5372 continentiam
1384 5317 1632 5388 professi,
1664 5317 1879 5374 interim

288 5400 337 5457 ξ
360 5398 538 5456 rerum
566 5383 861 5457 alienarum
883 5388 1202 5456 pervasione
1229 5404 1333 5443 non
1358 5383 1738 5456 abhorrebant,
1758 5391 1881 5446 abs-

289 5452 533 5510 tinentes
566 5455 604 5508 'a
642 5452 830 5521 licitis,
862 5452 918 5511 et
965 5457 1149 5514 illicita
1195 5459 1610 5515 committentes.
1677 5452 1880 5516 Deinde

288 5525 452 5582 addit
491 5531 714 5596 peccata
743 5525 1082 5597 interdixisse
1129 5529 1326 5595 Deum,
1379 5546 1486 5585 non
1515 5531 1878 5597 matrimonia,

287 5597 355 5670 id
381 5595 826 5670 est,’castos__v_iri
854 5605 909 5650 et
935 5599 1120 5652 uxoris
1156 5600 1454 5670 amplexus.
1489 5602 1740 5655 Attamen
1769 5595 1878 5657 non

288 5661 375 5724 iit
395 5661 596 5741 licitum
624 5664 843 5741 cuilibet
868 5680 986 5741 esse
1023 5669 1215 5737 quovis
1241 5661 1486 5741 tempore
1528 5686 1750 5725 uxorem
1776 5672 1876 5727 du-

289 5753 442 5796 cere.
466 5734 645 5810 Quod
689 5733 810 5790 ideo
842 5735 1010 5810 visum
1040 5733 1131 5810 est
1177 5733 1460 5810 annotare,
1509 5756 1577 5795 ne
1604 5741 1725 5810 quis
1752 5742 1878 5798 hinc

290 5825 422 5866 cum
465 5806 631 5862 Baleo
656 5813 840 5860 contra
869 5804 1122 5866 Papistici
1149 5809 1412 5864 caelibatus
1442 5804 1720 5866 assertores
1766 5813 1878 5866 col-

293 5879 429 5953 ligat
471 5877 635 5935 licere
676 5875 1041 5934 sacerdotibus
1069 5892 1292 5935 uxorem
1336 5879 1550 5936 ducere.
1582 5880 1716 5936 Nam
1754 5880 1876 5938 Sal-

580 5971 856 6034 ΡΑτιοι.
901 5970 1067 6034 LIII.

1991 4408 2182 4484 vianus
2203 4407 2299 4484 hic
2321 4422 2428 4462 non
2468 4406 2707 4484 loquitur
2726 4410 2794 4465 de
2812 4481 2821 4484 _
2838 4411 3228 4484 sacerdotibus,
3257 4420 3355 4475 sed
3380 4422 3447 4478 de
3475 4425 3580 4484 illis

1991 4479 2254 4552 quincum
2286 4479 2338 4532 in
2377 4478 2629 4552 coniugio
2651 4481 2928 4552 constituti
2962 4496 3161 4550 essent,
3190 4478 3584 4552 continenti—ani

1991 4546 2403 4624 profitebantur.
2434 4547 2586 4624 Quod
2628 4558 2789 4624 aetate
2832 4551 2921 4607 illa
2950 4546 3586 4624 vulgatissimumﬁfd'iggé

1993 4617 2174 4695 multis
2208 4619 2529 4695 testimoniis
2560 4617 2760 4695 cantici
2808 4632 3008 4692 posset.
3044 4617 3328 4685 'Videndus
3370 4617 3586 4695 tantum

1993 4688 2293 4773 Sal-viariam
2308 4705 2450 4773 “cum
2476 4689 2528 4744 in
2560 4688 2824 4773 hocloco,
2849 4700 2962 4773 tum
2983 4695 3159 4773 _etiam
3189 4698 3323 4773 infra
3359 4688 3579 4773 p.196,

1995 4757 2120 4837 251,
2149 4758 2273 4813 255.
2305 4757 2570 4837 Qgeterum
2600 4775 2666 4815 ex
2703 4761 2822 4837 ipso
2851 4757 3582 4837 Salvianoprobaturfuisse

1998 4830 2086 4904 illa
2113 4838 2271 4886 :etate
2299 4830 2512 4904 aliquod
2535 4844 2713 4904 genus
2724 4830 3002 4904 hominum
3031 4836 3122 4904 qui
3133 4830 3388 4897 'caalibem
3415 4830 3579 4902 vitain

2002 4900 2280 4974 ducerent,
2321 4901 2572 4974 nimirum
2618 4901 2919 4974 religiosos.
2950 4900 3083 4959 Nam
3125 4908 3181 4962 in
3229 4909 3366 4968 libro
3413 4900 3578 4974 tertio

2003 4970 2257 5060 ξιένθτειιε
2285 4970 2562 5060 stetisse
2582 4970 2914 5060 metm
2935 4989 3031 5060 eos
3052 4978 3301 5060 ςειίρρεε
3329 4970 3585 5060 actim-

2002 5048 2285 5126 tates_suas
2314 5041 2385 5126 ita
2417 5041 2556 5096 inter
2581 5040 2781 5126 liberos
2807 5059 2937 5126 suos
2971 5040 3281 5107 dividebant
3305 5063 3363 5108 ut
3392 5040 3579 5126 iisqui

2001 5111 2252 5166 saeculum
2280 5111 2610 5194 reliquerant
2647 5114 3035 5194 usumfructurn
3076 5127 3283 5176 tantum
3312 5111 3579 5194 ι)οηὶοῆἰέ

2000 5196 2109 5235 suae
2136 5181 2527 5260 pennitterent,
2559 5183 2941 5260 proprietatem
2970 5181 3330 5260 denegarem:
3356 5196 3432 5249 ait
3477 5181 3578 5250 de;

2000 5250 2148 5305 mum
2171 5251 2222 5323 in
2251 5263 2374 5323 pag.
2405 5250 2501 5304 261
2533 5250 2783 5323 parentes
2807 5255 2929 5312 illos
2978 5258 3081 5316 hac
3110 5250 3328 5315 ratione
3370 5262 3576 5320 factum

2000 5267 2146 5305 mum
2171 5268 2222 5305 in
2247 5267 2374 5376 pag.
2405 5267 2501 5304 τοι
2533 5267 2783 5323 parentes
2807 5267 2929 5312 illos
2978 5267 3081 5316 hac
3117 5267 3328 5315 ratione
3370 5267 3576 5320 factum

1983 5337 2138 5376 suum
2175 5321 2242 5377 de
2265 5322 2465 5377 cudere
2490 5322 2678 5379 solitos
2711 5333 2768 5379 ut
2811 5326 3054 5384 dicerent
3091 5346 3198 5384 non
3246 5330 3444 5388 debere
3491 5334 3576 5392 his

1981 5392 2271 5468 quidquam
2315 5409 2624 5468 mansurum
2667 5395 2896 5466 relinqui
2943 5400 3035 5468 qui
3085 5398 3223 5453 ﬁlios
3259 5413 3368 5454 non
3415 5403 3578 5462 habe-

1983 5463 2348 5539 rent’qnibus
2405 5465 2688 5539 facultates
2754 5463 2879 5539 suas
2933 5463 3324 5539 relinquerent.
3376 5469 3576 5539 Quibus

1981 5536 2136 5607 enim,
2194 5536 2452 5607 inquinat,
2505 5537 2738 5607 relictam
2773 5537 3120 5607 substantiam
3173 5536 3414 5607 relicturi
3453 5559 3577 5603 sum

1982 5605 2120 5676 ﬁlios
2149 5603 2564 5676 non'ltabentes?
2593 5603 3020 5676 Quibusverbis
3051 5604 3332 5676 manifeste
3367 5615 3578 5674 indica;

1984 5673 2267 5731 Salvianus
2288 5675 2450 5730 fuisse
2480 5683 2593 5728 tum
2615 5673 2831 5752 aliquod
2852 5673 2974 5726 vita:
3007 5673 3312 5752 institutum

1985 5761 2124 5801 nexa
2155 5754 2272 5800 erat
2301 5753 2573 5814 pel-petum
2593 5745 2856 5814 professio
2877 5745 3240 5814 continentiae.

2062 5826 2085 5854 ε
2125 5810 2518 5890 Qodex'Co'rbq
2541 5810 2914 5890 adfectatores;
2942 5812 3183 5880 Colbert.
3214 5834 3270 5883 et
3304 5821 3575 5888 editiones

1985 5883 2284 5940 Brassicani
2313 5891 2368 5938 et
2387 5880 2670 5946 Galesinii,
2698 5883 2979 5952 eﬂectorcs.
3223 5880 3265 5883 ““
3311 5880 3445 5908 ’⁷⁷⁷³

3352 5687 3441 5744 cui
3469 5703 3572 5745 an-

3269 5989 3306 6048 Β
