4088 6360
517 391 616 460 1‘07

1439 385 1496 440 S.
1539 378 1853 439 SALVIANI
1891 373 2349 431 MASSILIENSIS
2387 365 2817 426 PRESBYTER!

3664 355 3797 413 {08

517 519 636 573 item
651 513 822 568 factus
835 503 1121 565 estaﬂectu
1136 510 1247 567 tuo,
1267 507 1322 557 et
1339 506 1562 554 notatur
1580 512 1610 551 a
1626 496 2094 562 cunctisatquere-
2117 502 2172 560 Α
2193 489 2426 558 majores
2451 493 2576 543 sunt
2623 489 2890 555 potestate
2906 521 2922 548 ,
2953 487 3014 536 et
3045 480 3281 533 minores
3304 472 3628 530 humilitate.
3655 471 3799 526 Scio

517 604 883 680 prehenditur.
901 597 1007 656 Sed
1017 604 1076 652 tu
1090 603 1270 649 tamen
1284 594 1389 648 hoc
1401 591 1572 659 magis
1581 590 1632 642 ei
1644 587 1910 643 obnoxius
1923 584 2095 639 factus

517 676 596 766 es,
623 698 750 768 quia
777 709 837 751 se
881 692 954 768 ab
980 689 1228 746 omnibus
1254 685 1383 740 fecit
1405 697 1504 753 pro
1531 689 1626 736 tuo
1655 693 1840 734 amore
1868 676 2090 747 culpari.

587 792 677 848 XI.
713 789 850 858 Quid
876 797 1005 854 ergo
1031 783 1206 839 simile
1242 779 1385 850 apud
1412 776 1670 831 barbaros
1698 771 1942 828 Gothos?
1967 768 2098 835 Quis

486 887 710 973 taurum
750 879 1054 938 amantibus
1079 879 1259 939 nocet,
1291 871 1412 940 quis
1438 868 1748 937 diligentem
1774 862 2093 932 insequitur.

519 979 636 1052 quis
649 976 796 1034 ehari
824 974 909 1030 sui
935 981 1195 1025 mucrone
1211 961 1520 1035 jugulatur?
1541 959 1624 1014 Tu
1645 963 1886 1012 amantes
1913 966 2098 1024 perso-

519 1042 717 1142 queris,
742 1075 801 1121 tu
829 1060 1175 1120 offerentibus
1198 1070 1418 1111 munera
1440 1065 1632 1106 manus
1651 1054 1916 1118 amputas,
1940 1052 2000 1098 tu
2013 1042 2097 1098 di-

518 1164 744 1234 ligentes
790 1156 1066 1229 proximos
1091 1166 1284 1215 necas;
1315 1156 1370 1203 et
1398 1161 1506 1200 non
1547 1140 1764 1204 metuis,
1795 1153 1904 1192 non
1931 1149 2097 1204 expa-

518 1255 730 1313 vescis?
756 1249 895 1319 Quid
948 1247 1180 1308 faceres,
1229 1241 1276 1296 si
1298 1237 1556 1309 judicium
1600 1233 1697 1287 Dei
1725 1243 1964 1300 praesens
1992 1240 2100 1280 non

520 1349 683 1405 etiam
711 1341 955 1414 proxima
984 1333 1342 1404 Dagellatione
1369 1324 1662 1382 sensisses?
1690 1320 1856 1375 Addis
1882 1318 2102 1384 insuper

521 1447 576 1494 et
604 1431 845 1504 adiungis
882 1428 1038 1482 malis
1063 1422 1335 1495 prioribus
1364 1433 1501 1472 nova
1530 1412 1775 1470 crimina.
1807 1404 2102 1464 Considera

521 1544 638 1600 quae
667 1533 722 1580 te
747 1513 1001 1578 maneant
1026 1515 1269 1587 graviora
1298 1510 1602 1572 facientem,
1635 1517 1757 1558 cum
1785 1499 1992 1555 minora
2013 1510 2103 1550 so-

522 1622 665 1676 leant
691 1617 854 1671 etiam
893 1627 990 1682 per
1017 1610 1288 1664 dtemones
1312 1599 1591 1656 vindicari.
1638 1594 1937 1650 Contentus
1984 1594 2102 1642 esto

522 1711 648 1781 iam,
679 1718 998 1777 quaesumus,
1025 1700 1319 1754 amicorum
1343 1702 1557 1747 tuorum
1573 1695 1628 1742 et
1647 1685 1908 1741 sodalium
1933 1680 2101 1734 latro-

522 1802 676 1860 ciniis
697 1817 710 1852 :
735 1797 962 1854 sufﬁciat
980 1798 1206 1848 vexatos
1234 1787 1397 1842 fuisse
1411 1795 1695 1853 pauperes,
1720 1773 1951 1831 sufﬁciat
1979 1783 2103 1840 spo-

523 1897 681 1951 liatos
695 1900 790 1947 ate
815 1883 1270 1963 fuissemendicos
1296 1897 1308 1931 :
1328 1891 1466 1948 pene
1486 1873 1666 1929 nullus
1681 1869 1834 1938 juxta
1860 1875 1912 1919 te
1939 1865 2106 1918 intre-
2135 1889 2184 1949 Β

523 1987 697 2060 pidus,
717 1984 893 2039 nullus
914 1956 1094 2051 potest
1119 1989 1241 2031 esse
1267 1984 1508 2028 securus.
1533 1963 1768 2019 Facilius
1790 1954 2106 2029 praecipitati

524 2072 717 2149 Alpina
744 2090 878 2146 rupe
918 2047 1191 2126 torrentes
1220 2071 1312 2119 aut
1351 2056 1598 2115 incendia
1629 2052 1801 2108 ventis
1839 2047 2108 2114 exagitata

525 2142 841 2225 tolerantur.
871 2163 989 2218 Non
1017 2161 1094 2215 sic
1122 2160 1430 2228 pereuntes,
1463 2157 1523 2204 ut
1551 2147 1624 2200 ita
1653 2142 1899 2204 dixerim,
1931 2143 2110 2191 nautae

462 2289 474 2300 -
523 2258 819 2330 Charybdis
845 2253 1143 2310 voracitate
1183 2255 1276 2302 aut
1301 2242 1548 2314 Scylleis,
1578 2245 1638 2292 ut
1685 2235 1855 2297 aiunt,
1886 2229 2111 2286 canibus

483 2371 496 2375 ’
527 2352 874 2407 devorantur.
933 2342 1200 2397 Exturbas
1243 2329 1691 2410 possessiunculis
1740 2323 1853 2380 suis
1901 2319 2111 2375 vicinos

527 2451 672 2508 tuos,
711 2437 1045 2495 habitatione
1093 2447 1158 2486 ac
1183 2428 1439 2483 facultate
1468 2421 1744 2493 proximos
1771 2423 1913 2469 tuos.
1947 2410 2109 2463 Num-

529 2534 675 2606 quid,
699 2542 759 2588 ut
786 2531 1044 2600 scriptum
1084 2521 1333 2594 esqlsa.
1355 2535 1408 2583 v,
1440 2515 1517 2586 8),
1549 2527 1714 2582 super
1739 2518 1938 2564 terram
1967 2502 2113 2559 solus

529 2598 830 2684 babitabis?
859 2598 976 2676 Hoc
997 2632 1163 2672 unum
1188 2614 1387 2682 quippe
1428 2615 1512 2662 est
1548 2603 1695 2674 quod
1721 2598 1967 2655 obtinere
2006 2607 2111 2647 non

529 2715 750 2788 poteris.
780 2716 932 2786 111
955 2707 1263 2777 Quamlibet
1281 2702 1426 2758 enim
1445 2703 1640 2754 cuncta
1660 2704 1912 2760 occupes,
1935 2698 2118 2754 quam-

530 2807 662 2866 libet
685 2815 875 2866 cuncta
897 2799 1176 2876 pervadas,
1202 2795 1436 2851 vicinum
1465 2802 1678 2857 semper
1702 2779 1974 2837 invenies.
2008 2775 2115 2828 Re-

531 2908 696 2979 spice,
726 2917 930 2973 quaso,
961 2897 1116 2961 alios,
1147 2907 1284 2962 quos
1313 2887 1447 2944 velis
1477 2882 1615 2939 nolis
1646 2887 1700 2934 et
1729 2877 1842 2946 ipse
1867 2860 2112 2940 suspicis.

534 2998 760 3068 Respice
803 2995 938 3048 alios
959 3032 974 3058 ,
1019 3003 1155 3059 quos
1181 2984 1312 3040 velis
1355 2979 1492 3034 nolis
1538 2975 1703 3031 etiam
1735 2970 1854 3039 ipse
1883 2960 2114 3018 miraris.

540 3055 765 3146 Altiores
785 3092 910 3145 sunt
926 3055 1132 3139 deteris
1151 3075 1426 3144 omnem,
1444 3075 1502 3125 et
1515 3064 1748 3135 aequales
1767 3055 2103 3127 dignatione;

2196 583 2439 654 profecto
2462 579 2626 634 etiam
2654 577 2770 647 ipse
2809 574 2878 629 ad
2905 587 3065 642 quem
3088 586 3230 627 nunc
3259 567 3548 637 loquimur,
3571 564 3639 620 de
3662 580 3795 634 quo

2197 675 2508 742 loquamur;
2539 676 2593 724 et
2620 668 2762 723 idem
2809 665 2878 720 de
2927 679 3034 733 quo
3080 677 3226 717 nunc
3267 659 3578 728 querimur,
3608 655 3796 709 debes

2198 777 2490 834 agnoscere
2513 774 2676 830 quem
2696 759 2798 812 hac
2820 754 2977 810 laude
2997 765 3333 807 veneremur.
3366 747 3544 818 Atque
3571 744 3793 799 utinam

2198 857 2356 913 multi
2382 861 2562 910 essent
2596 851 2690 922 qui
2740 847 3102 922 laudarentur.
3148 839 3446 896 Salubritas
3488 843 3634 892 esset
3662 850 3797 889 om—

2200 950 2368 1014 nium,
2391 944 2724 1016 generositas
2749 921 3117 1012 plurimorum.
3142 933 3248 988 Sed
3267 937 3404 995 esto,
3421 938 3482 983 tu
3502 927 3643 982 nolis
3662 942 3800 981 esse

2201 1039 2511 1106 laudabilis;
2543 1052 2638 1092 cur
2665 1033 2799 1089 velis
2821 1073 2834 1097 ,
2863 1043 3045 1100 quaeso
3069 1069 3084 1093 ,
3126 1040 3246 1081 esse
3287 1019 3646 1077 damnabilis?
3676 1017 3802 1072 Cur

2201 1136 2297 1190 tibi
2327 1131 2585 1202 injustitia
2614 1128 2691 1184 nil
2730 1124 2978 1190 amicius,
3007 1137 3103 1176 cur
3125 1114 3348 1174 avaritia
3377 1113 3452 1170 nil
3471 1109 3797 1182 jucundius,

2203 1243 2300 1283 cur
2323 1223 2620 1294 rapacitate
2647 1219 2724 1274 nil
2752 1213 3007 1272 Charias?
3037 1227 3132 1265 cur
3157 1209 3234 1264 nil
3260 1205 3466 1277 judicas
3494 1202 3802 1274 pretiosius

2203 1331 2364 1388 quam
2387 1291 2700 1382 nequitiam,
2722 1323 2818 1363 cur
2854 1307 2928 1360 nil
2956 1300 3295 1374 praestantius
3318 1311 3479 1367 quam
3503 1294 3759 1364 rapinam
3777 1291 3808 1346 ’ἶ

2203 1409 2361 1464 Disce
2387 1381 2487 1460 vel
2515 1419 2545 1457 a
2571 1414 2781 1472 pagano
2810 1395 3027 1451 homine
3052 1404 3240 1447 verum
3265 1388 3483 1443 bonum.
3516 1381 3803 1437 Charitate

2204 1505 2368 1567 enim,
2400 1499 2601 1569 inquit,
2623 1499 2681 1549 ἐι
2730 1489 3078 1546 benevolentia
3105 1491 3305 1554 septum
3335 1489 3382 1534 te
3418 1484 3617 1550 oportet
3645 1493 3798 1539 esse,

2205 1612 2312 1653 non
2365 1567 2546 1647 armis.
2577 1586 2791 1643 Fallunt
2819 1591 2872 1637 te
2918 1581 3102 1648 itaque
3148 1573 3436 1646 opiniones
3474 1578 3580 1624 tua:
3604 1607 3620 1631 ,
3652 1567 3802 1621 fallit

2204 1701 2385 1758 prava:
2411 1691 2467 1738 et
2493 1695 2647 1738 (iteca:
2673 1674 2868 1731 mentis
2895 1668 3232 1741 improbitas.
3261 1663 3319 1720 Si
3365 1661 3445 1717 vis
3471 1657 3675 1730 probus
3695 1701 3708 1720 ,
3749 1657 3800 1710 si

2207 1779 2288 1834 vis
2307 1784 2521 1847 potens,
2547 1771 2592 1827 si
2618 1769 2700 1824 vis
2719 1779 2943 1835 magnus
2966 1775 3113 1825 esse,
3144 1758 3428 1814 honestate
3453 1747 3617 1805 debes
3640 1755 3801 1801 cante-

2209 1839 2328 1935 ros,
2351 1884 2460 1924 non
2488 1861 2820 1930 malignitate
2847 1865 3120 1925 superare.
3141 1847 3267 1916 Legi
3287 1841 3558 1916 quondam
3588 1839 3641 1893 in
3663 1854 3800 1907 quo-

2211 1934 2336 2020 dam
2350 1961 2470 2015 loco
2497 1975 2510 2009 :
2533 1953 2702 2009 Nemo
2729 1950 2916 2012 matus,
2942 1945 3044 1998 nisi
3071 1939 3277 1996 stultus.
3312 1935 3372 1991 Si
3401 1934 3538 1988 enim
3567 1935 3793 2001 saperet,

2213 2053 2374 2107 bonus
2394 2064 2506 2106 esse
2532 2043 2726 2099 mallet.
2759 2038 2827 2092 Et
2851 2046 2906 2090 tu
2933 2049 3083 2104 ergo,
3109 2031 3156 2086 si
3185 2038 3364 2107 tamen
3407 2023 3582 2079 redire
3622 2018 3797 2093 adhuc

2213 2146 2281 2201 ad
2309 2142 2596 2199 sanitatem
2623 2142 2800 2206 potes,
2831 2144 2968 2186 exue
2994 2105 3310 2194 nequitiam,
3328 2119 3372 2175 si
3395 2116 3474 2173 vis
3493 2114 3692 2169 habere
3713 2127 3795 2164 sa~

2210 2235 2489 2309 pientiam.
2513 2229 2574 2284 Si
2591 2227 2734 2282 enim
2765 2230 2920 2293 Optas
2947 2217 3033 2274 vel
3065 2214 3278 2286 sapiens
3309 2208 3528 2266 omnino
3559 2219 3676 2259 esse
3709 2200 3798 2254 vel

2212 2343 2406 2388 sanus,
2438 2319 2714 2380 exuendus
2756 2314 2852 2368 tibi
2893 2308 3112 2366 omnino
3156 2312 3212 2360 et
3255 2295 3663 2358 commutandus
3709 2307 3794 2346 es.

2213 2421 2476 2476 Abdicare
2496 2416 2675 2482 itaque
2703 2425 2735 2463 a
2759 2417 2812 2462 te
2832 2407 2970 2476 ipso,
2993 2416 3060 2457 ne
3082 2396 3346 2454 abdiceris
3367 2410 3396 2448 a
3423 2391 3651 2446 Christo.
3680 2385 3798 2439 Re-

2215 2571 2425 2677 pereas.
2460 2598 2562 2664 Qui
2590 2571 2750 2656 enim,
2765 2590 2939 2660 inquit
2963 2585 3231 2646 Salvator,
3260 2575 3540 2651 perdiderit
3568 2571 3798 2624 animam

2217 2659 2365 2750 gnam
2392 2659 2602 2764 propter
2636 2702 2735 2750 me,
2765 2679 2986 2736 inveniet
3014 2690 3129 2729 eam
3158 2668 3312 2743 (Luc.
3362 2683 3436 2734 ιι,
3467 2663 3581 2734 24).
3630 2659 3798 2727 Dilige

2219 2752 2404 2854 itaque
2419 2752 2561 2837 hanc
2589 2786 2699 2832 tam
2727 2772 2995 2829 salubrem
3016 2764 3392 2837 perditionem,
3418 2765 3477 2812 ut
3498 2752 3796 2821 assequaris

2224 2861 2405 2934 veram
2432 2874 2681 2930 salutem.
2733 2859 3062 2919 Liberandus
3087 2856 3230 2912 enim
3255 2871 3284 2908 a
3306 2853 3417 2907 Deo
3447 2846 3660 2904 omnino
3688 2857 3798 2896 non

2224 2970 2348 3033 eris,
2382 2967 2483 3022 nisi
2501 2973 2557 3019 te
2582 2963 2697 3032 ipse
2723 2952 3080 3012 damnaveris.

539 3131 3768 3381 W

1859 3435 2500 3470 ____________—

615 3574 837 3653 1121.
868 3560 1230 3626 Personaliter
1269 3556 1362 3612 diu
1406 3548 1571 3607 locuti
1598 3556 1800 3604 sumus,
1843 3543 1902 3591 et
1926 3542 2116 3588 exces-

1252 3649 1286 3653 η
1502 3641 1536 3653 ,,
1588 3637 1624 3653 η
1827 3630 1963 3653 Mm
1995 3621 2116 3653 “RL

543 3621 1200 3731 siss‘etrﬁlemurregulam
1238 3641 1561 3718 disputandi.
1586 3636 1800 3704 Cogitat
1823 3630 1966 3684 enim
1994 3621 2119 3677 abs—

543 3778 648 3833 que
675 3756 838 3814 dubio
867 3753 912 3807 is
935 3716 1177 3820 quivlegit
1195 3741 1263 3813 (si
1279 3716 1438 3792 fuerit
1463 3742 1642 3787 tamen
1663 3723 1871 3793 aliquis,
1895 3716 1986 3787 qui
2005 3716 2121 3768 haec

1336 3830 1344 3833 ,
1400 3825 1451 3833 η,
1506 3824 1517 3833 ,
1555 3829 1566 3833 _
1693 3811 1856 3833 LM“
1924 3805 2118 3833 nam.

541 3805 739 3908 Christi
764 3805 1271 3906 amore‘conseripta
1297 3830 1367 3884 ob
1394 3824 1668 3880 Christum
1693 3811 1891 3884 legat),
1921 3805 2122 3874 cogitat

545 3945 611 4000 de
653 3955 739 3996 me
768 3935 992 3993 forsitan
1042 3926 1129 3984 vel
1156 3894 1287 3979 dicit
1315 3939 1328 3973 :
1357 3916 1491 3973 Cum
1535 3924 1696 3967 causa
1742 3898 2010 3974 generalis
2053 3894 2124 3949 sit

545 4049 704 4106 quam
725 4025 1055 4096 exsequitur,
1086 4015 1214 4087 quid
1236 4009 1452 4081 negotio
1481 4004 1610 4060 huic
1634 3995 1862 4056 contulit
1887 3987 2032 4061 quod
2066 3985 2122 4040 in

1525 4097 1555 4106 ⁵-
1576 4096 1599 4106 ⁸
1646 4090 1687 4106 τ’
1723 4097 1761 4106 ιθ
1848 4076 2122 4106 ῗὶ--ιιι-Α-ιῖο

545 4076 704 4106 ‘i‘"‘“‘
728 4076 942 4096 v"""l"
958 4076 965 4078 ‘
983 4076 988 4077 ’
1045 4076 1053 4087 ν
1104 4076 1120 4087 ι
1309 4076 1330 4081 -

543 4136 828 4196 personam
877 4115 1036 4170 unius
1081 4116 1228 4163 tanta
1295 4096 1600 4169 congessit?
1646 4090 1797 4145 Esto.
1848 4076 2126 4138 Putaverit

1526 4189 1560 4196 ’”
1643 4186 1675 4196 ’⁴
1749 4177 1853 4196 δ’)
1885 4167 2122 4196 -·---αη-ιι;λ

548 4167 690 4274 Enim
718 4213 808 4267 ille
835 4209 901 4263 de
939 4219 1047 4274 quo
1089 4203 1301 4254 locutus
1339 4167 1440 4256 est,
1468 4189 1593 4242 talis
1613 4186 1701 4240 sit.
1749 4177 1856 4234 Sed
1885 4167 2126 4238 nunquid

551 4305 715 4364 allicit
750 4295 978 4356 bonitati
1005 4291 1163 4346 unius
1191 4285 1393 4340 crimen
1423 4277 1660 4338 alterius,
1694 4277 1816 4332 aut,
1845 4261 1991 4333 quod
2019 4258 2128 4312 for-

551 4400 655 4454 tius
702 4391 870 4448 multo
920 4390 1024 4447 est,
1073 4372 1310 4444 nunquid
1354 4369 1564 4424 latditur
1609 4361 1813 4417 scelere
1858 4347 2130 4423 personali

551 4500 713 4544 causa
741 4472 1093 4537 cunctorum?
1119 4467 1342 4522 Possum
1371 4457 1588 4529 quidem
1618 4446 1951 4507 evidentibus
1981 4437 2130 4494 testi-

553 4576 744 4636 moniis
773 4568 1092 4642 approbare,
1119 4560 1243 4630 quia
1268 4555 1495 4617 lmditur,
1532 4559 1559 4587 ι
1588 4545 1763 4601 Achar
1791 4540 1932 4595 enim
1957 4548 2129 4605 quon-

554 4627 770 4727 dam—de
810 4627 1154 4718 anathemate
1199 4645 1473 4720 quippiam
1498 4641 1640 4695 furto
1677 4632 1898 4690 abstulit
1941 4627 2132 4700 (Iosue

553 4779 644 4827 vn,
679 4756 730 4829 l)
748 4798 761 4822 ,
793 4761 850 4810 et
886 4749 1094 4807 crimen
1117 4741 1276 4798 unius
1302 4734 1535 4792 hominis
1562 4730 1718 4801 plaga
1747 4723 1981 4780 omnium
2010 4717 2125 4772 fuit.

553 4817 724 4907 David
747 4817 1018 4901 numerari
1045 4836 1258 4907 plebem
1298 4824 1642 4883 lsraeliticam
1678 4817 1854 4888 jussit,
1894 4821 1948 4868 et
1974 4824 2128 4863 erro-

551 4955 668 4998 rem
715 4936 854 4992 illius
901 4902 1158 4987 Dominus
1204 4921 1355 4979 clade
1403 4917 1565 4971 totius
1607 4907 1793 4982 populi
1837 4902 1962 4958 vind

554 4991 946 5105 lib—Reqntv,
982 5021 1056 5092 l).
1105 5010 1610 5071 Rabsaceslocutus
1656 4997 1901 5070 quaedam
1945 5000 2026 5048 est
2075 4991 2130 5043 in

550 5082 934 5178 contumeliam
957 5082 1084 5174 Dei;
1115 5114 1171 5161 et
1190 5111 1405 5160 centum
1443 5095 1717 5163 octoginta
1744 5088 1981 5157 quinque
2013 5082 2132 5136 mil-

551 5175 932 5268 liaihominum
961 5208 1139 5266 strage
1163 5193 1389 5266 perculit
1417 5187 1561 5258 quod
1602 5184 1759 5238 unius
1788 5175 1999 5249 profani
2027 5175 2130 5228 ho-

549 5303 710 5362 minis
763 5311 964 5372 procax
1009 5264 1184 5360 lingua
1232 5281 1509 5340 maledixit
1537 5276 1668 5349 (Isa.
1702 5270 1871 5340 xxxi).
1906 5267 1970 5320 Et
2009 5264 2130 5318 ideo

549 5415 661 5455 non
711 5353 981 5451 immerito
1011 5386 1174 5442 etiam
1217 5381 1408 5436 beatus
1436 5369 1712 5443 apostolus
1765 5361 1963 5416 Paulus
2010 5353 2130 5423 ejici

552 5489 620 5543 de
649 5486 884 5543 Ecclesia
911 5478 1256 5555 pestilentem
1279 5470 1464 5540 jubet;
1496 5471 1554 5518 et
1584 5477 1680 5517 cur
1705 5457 1916 5526 jubeat,
1949 5458 2129 5504 osten-

554 5578 634 5632 dlt
654 5579 833 5633 dicens
861 5594 875 5628 :
908 5573 1041 5638 Quia
1071 5566 1329 5623 modicum
1368 5561 1672 5630 fermentum
1717 5557 1875 5601 totam
1901 5555 2129 5594 massam

557 5666 832 5734 corrumpit
858 5632 1042 5732 (ltCor.
1076 5676 1131 5723 v,
1161 5654 1239 5723 6).
1271 5647 1424 5706 Unde
1454 5643 1730 5700 evidenter
1769 5632 2124 5702 agnoscimus,

2143 3525 2190 3587 ο
2221 3517 2382 3572 etiam
2404 3525 2570 3566 unum
2597 3503 2890 3576 saepissime
2915 3502 3112 3555 malum
3143 3481 3417 3550 hominem
3444 3486 3801 3560 perditionem

2221 3624 2338 3666 esse
2365 3605 2674 3661 multorum.
2703 3599 2813 3655 Nec
2853 3595 3046 3664 injuria
3075 3589 3370 3656 intelligere
3405 3586 3450 3638 is
3478 3579 3800 3654 quicumque

2220 3700 2412 3772 legerit
2429 3698 2611 3761 debet,
2642 3709 2749 3748 non
2777 3685 3044 3760 superﬂue
3072 3699 3158 3738 me
3178 3679 3422 3750 superius
3449 3675 3514 3730 de
3539 3683 3644 3728 uno
3660 3669 3820 3726 malo

2222 3796 2399 3864 aliqua
2419 3791 2640 3855 dixisse,
2663 3801 2784 3841 cum
2806 3783 3011 3864 scilicet
3033 3764 3462 3846 frequentissime
3485 3769 3676 3824 divinae
3694 3779 3805 3818 ma-

2217 3886 2432 3955 iestatis
2457 3877 2730 3937 iracundi‘a
2755 3859 2918 3930 etiam
2961 3886 3058 3942 per
3100 3882 3266 3922 unum
3313 3865 3523 3933 legatur
3549 3869 3798 3913 accensa.

2224 3977 2331 4034 Sed
2371 3991 2471 4045 ego
2517 3989 2626 4028 non
2655 3985 2755 4039 ago
2802 3969 2904 4022 hac
2929 3961 3260 4019 districtione
3287 3972 3389 4026 qua
3429 3952 3567 4007 dico.
3612 3948 3804 4016 Neque

2223 4068 2368 4135 enim
2396 4078 2618 4120 necesse
2648 4068 2732 4116 est
2767 4066 2826 4112 ut
2876 4070 3038 4110 unum
3085 4051 3274 4106 obesse
3299 4042 3544 4100 omnibus
3587 4043 3801 4108 putem,

2225 4174 2347 4215 cum
2375 4170 2562 4212 omnes
2582 4159 2769 4207 mutuo
2798 4147 2898 4203 sibi
2937 4147 3152 4200 obsunt.
3181 4140 3296 4195 Non
3323 4130 3572 4191 convenit
3599 4135 3660 4183 ut
3697 4141 3802 4197 per

2227 4264 2392 4303 unum
2421 4253 2644 4301 cunctos
2690 4239 2976 4310 periclitari
3005 4245 3207 4306 putem,
3257 4227 3408 4301 113
3435 4238 3558 4280 cum
3581 4236 3702 4292 ~per
3743 4232 3802 4273 sc

2228 4337 2407 4393 cuncti
2434 4335 2824 4406 periclitentur.
2871 4329 3068 4382 Omnes
3098 4325 3239 4380 enim
3269 4319 3557 4375 admodum
3584 4316 3637 4369 in
3674 4327 3800 4384 per-

2231 4432 2434 4488 ditione
2462 4434 2640 4492 ruunt,
2675 4435 2765 4479 aut
2808 4431 2985 4486 certe.
3019 4428 3078 4474 ut
3123 4415 3324 4484 aliquid
3370 4407 3564 4466 dicam'
3597 4405 3801 4467 lenius,

2231 4538 2370 4594 pene
2415 4535 2620 4575 omnes.
2654 4516 2806 4572 Unde
2853 4514 2996 4568 enim
3031 4511 3135 4564 hoc
3162 4509 3362 4563 bonum
3403 4500 3606 4572 populo
3651 4493 3806 4550 Chri-

2230 4619 2425 4681 stiano,
2451 4623 2510 4668 ut
2529 4622 2621 4668 aut
2641 4612 2834 4674 minor,
2851 4615 2944 4661 aut
2958 4612 3104 4660 certe
3121 4601 3207 4656 vel
3224 4599 3364 4654 idem
3385 4601 3528 4651 esset
3541 4591 3806 4647 malorum

2231 4723 2483 4764 numerus
2527 4705 2617 4774 qui
2662 4699 2960 4756 bonorum?
2987 4694 3032 4750 Ο
3059 4692 3326 4747 miseriam
3375 4679 3802 4758 lacrymabilem!

2231 4818 2263 4858 ο
2284 4792 2893 4856 miseriamluctuosaml
2919 4789 3090 4857 Quam
3117 4782 3386 4840 dissimilis
3415 4787 3497 4835 est
3525 4791 3665 4832 nunc
3690 4790 3719 4828 a
3750 4787 3811 4829 se

1967 4898 2129 4955 icavit
2157 4895 2206 4953 ῐ)
2232 4897 2349 4966 ipso
2376 4891 2604 4964 populus
2632 4885 2985 4948 Christianus,
3015 4879 3068 4935 id
3097 4885 3198 4943 est,
3229 4876 3294 4930 ab
3323 4891 3387 4930 eo
3413 4871 3507 4942 qui
3525 4871 3624 4925 lliit
3643 4882 3813 4936 quon~

2237 4988 2385 5042 dam!
2421 4960 2567 5038 Tunc
2620 4981 2866 5051 princeps
2913 4972 3282 5045 apostolorum
3318 4967 3508 5022 Petrus
3547 4960 3814 5018 Ananiam

2235 5085 2289 5133 et
2317 5076 2633 5146 Sapphiram
2652 5113 2666 5138 ,
2698 5069 2823 5138 quia
2867 5065 3078 5121 mentiti
3101 5068 3302 5126 essent,
3331 5064 3506 5113 morte
3532 5051 3814 5109 mulctavit

2239 5170 2374 5241 (Act.
2401 5167 2477 5238 v).
2507 5164 2854 5220 Beatissimus
2889 5173 3103 5228 quoque
3133 5153 3330 5208 Paulus
3358 5149 3519 5205 etiam
3545 5153 3708 5200 unum
3745 5139 3817 5195 de

2239 5216 2374 5241 "_"‘
2417 5216 2476 5238 ”Ι“
2507 5216 2702 5220 —'"""
2906 5216 2922 5228 ι
3019 5216 3033 5228 ι

2234 5258 2473 5313 Ecclesia
2526 5255 2722 5309 malum
2767 5250 2989 5320 expulit,
3025 5263 3091 5302 ne
3129 5251 3383 5301 contactu
3427 5254 3526 5294 suo
3553 5234 3818 5306 plurimos
3853 5216 3857 5219 ’

2238 5351 2539 5420 inquinaret
2565 5347 2608 5419 (Ι
2639 5346 2756 5401 Cor.
2782 5361 2832 5408 v,
2866 5343 2944 5413 5).
2975 5340 3125 5394 Nunc
3152 5353 3251 5392 nos
3279 5335 3442 5390 etiam
3479 5329 3596 5400 pari
3617 5326 3818 5381 utrius-

2235 5459 2342 5512 que
2369 5443 2534 5512 partis
2565 5455 2788 5494 numero
2816 5432 3057 5492 contenti
3091 5445 3292 5488 sumus.
3325 5425 3393 5482 Et
3421 5421 3549 5494 quid
3577 5416 3819 5476 contenti

2236 5535 2448 5589 dicam?
2490 5532 2769 5588 Exsultare
2819 5546 2918 5585 nos
2966 5527 3146 5598 potius
3192 5540 3257 5580 ac
3285 5517 3576 5591 tripudiare
3623 5508 3820 5580 gaudio

2235 5628 2570 5692 conveniret,
2597 5627 2638 5678 si
2668 5623 2909 5695 parilitas
2941 5622 3041 5674 ista
3091 5618 3246 5672 nobis
3291 5612 3641 5675 contingeret.
3681 5602 3823 5665 Ecce

1715 5749 2044 5811 STEPHAM
2086 5747 2349 5803 BALUZII
2392 5746 2591 5800 ΜὶῚὲΙί
2618 5782 2630 5797 .

577 5959 581 5963 1
626 5881 652 5912 ⁸
690 5871 950 5938 Colbert.,
981 5863 1176 5933 Achar;
1206 5861 1389 5929 Corn,
1422 5856 1635 5912 Aeliam.
