4088 6360
265 5064 289 5073 -
396 5018 589 5087 ἡμεηᾶ
616 5025 695 5070 est
712 5015 885 5087 odisse

364 338 469 407 {09

1435 338 1524 404 ns
1562 296 2085 406 consummant;
2123 345 2235 403 mu
2274 334 2400 403 us.
2449 347 2531 402 Vl.

3512 342 3613 398 110

328 460 415 539 "in
443 453 570 529 quid
599 446 900 524 reddimus,
932 460 1057 515 ecce
1082 456 1135 514 in
1162 458 1293 529 quid
1318 468 1443 531 post
1470 459 1613 516 illam
1640 458 1930 517 Christiani
1956 464 2010 524 Α
2032 462 2171 518 mala
2197 476 2296 534 pro
2316 426 2754 529 bonisdiligunt;
2786 475 2886 516 nos
2905 472 3025 516 cum
3070 457 3348 515 scientiam
3376 460 3620 516 veritatis

360 548 547 623 populi
574 548 861 619 puritatem
904 550 1012 618 qua
1057 558 1247 606 omnes
1292 549 1562 623 quondam
1609 550 1936 607 immaculati
2038 555 2350 621 habeamus,
2375 566 2495 622 qua:
2522 552 2631 606 sint
2656 551 2795 606 bona
2820 553 3021 622 optime
3047 548 3075 591 δ
3099 551 3341 607 novimus
3369 551 3389 573 ⁶
3418 552 3613 610 modis.

361 649 535 709 erant,
558 639 757 695 ecce‘i'n
783 632 915 711 quid
931 638 1135 696 redacti
1162 645 1366 708 sumus,
1390 645 1449 696 ut
1465 640 1685 697 beatam‘
1700 638 1815 696 fore
1834 634 1937 697 Ec—
2034 634 2298 715 Primum,
2345 643 2491 716 quod
2542 643 2672 699 nihil
2724 645 2892 701 ferme
2933 645 3021 701 vel
3047 645 3326 702 criminum
3352 645 3441 703 vel
3466 646 3618 717 ﬂagi-

361 732 590 790 deum
606 728 907 801 iudicemus
926 772 942 798 ,
970 730 1017 787 si
1046 731 1128 787 rel
1174 739 1381 789 tantum
1420 733 1473 788 in
1500 747 1558 789 se
1585 732 1711 788 boni
1740 733 1938 788 habeat

363 832 623 895 quantum
644 824 785 878 mali.
810 823 943 878 Nam
957 824 1228 894 quomodo
1248 830 1354 880 nan
1367 826 1576 880 beatam
1593 824 1933 887 arbitremur,

361 916 411 973 Si
437 910 669 972 mediam
720 914 889 985 plebis
938 918 1146 988 partem
1190 914 1414 970 habere!
1442 915 1749 981 innoxiam,
1778 928 1940 984 quam

363 1008 504 1081 pene
530 1010 701 1064 rotam
728 1012 870 1065 nunc
895 1016 1015 1064 esse
1043 1004 1342 1080 plangimus
1380 1008 1763 1064 criminosam?
1786 994 1941 1063 Unde

338 1094 651 1174 «persae,
674 1114 795 1158 cum
821 1099 925 1156 hoc
948 1100 1021 1156 ita
1059 1100 1147 1163 sit,
1193 1092 1461 1172 superflue
1484 1098 1683 1155 dudum
1723 1096 1790 1155 de
1830 1102 1939 1155 uno

363 1195 511 1252 nian
555 1188 725 1249 locuti
765 1204 968 1259 sumus,
998 1188 1263 1263 superﬂue
1294 1193 1451 1247 unius
1495 1190 1698 1246 scelera
1724 1186 1943 1246 deﬂevi-

365 1290 507 1342 mus.
531 1280 637 1340 Aut
664 1288 852 1341 omnes
879 1285 1039 1352 enim,
1072 1293 1163 1339 aut
1189 1290 1328 1356 pene
1356 1286 1543 1359 omnes
1582 1276 1741 1339 ﬂendi
1784 1288 1945 1354 atque

366 1366 585 1446 lugendi
608 1384 751 1432 sunt.
783 1370 916 1431 Nam
946 1383 1037 1432 aut
1077 1376 1293 1448 plurimi
1324 1376 1459 1433 tales
1486 1378 1631 1441 sunt,
1656 1380 1749 1431 aut
1774 1382 1942 1442 certe,

367 1473 633 1543 quodnon
648 1473 823 1529 minus
842 1471 1187 1528 criminosum
1210 1480 1311 1539 est,
1329 1470 1549 1543 cupiunt
1570 1471 1702 1527 tales
1724 1485 1862 1537 esse,
1892 1477 1948 1525 et

364 1556 614 1624 laborant
636 1568 761 1623 actu
787 1568 1047 1622 malorum
1077 1566 1302 1640 o'perum
1331 1584 1439 1623 non
1469 1568 1704 1640 impares
1742 1564 1943 1631 videri;

369 1670 435 1715 ac
453 1674 551 1730 per
572 1644 677 1715 hoc
704 1660 865 1716 etiam
891 1658 934 1716 si
962 1660 1171 1717 minora
1201 1662 1341 1717 mala
1365 1659 1587 1725 faciunt,
1618 1659 1743 1732 quia
1772 1658 1949 1714 minus

368 1748 614 1821 possunt,
640 1756 744 1806 non
773 1748 950 1805 minus
972 1758 1151 1807 tamen
1173 1750 1297 1807 mali
1319 1758 1459 1817 sunt,
1485 1749 1610 1821 quia
1634 1749 1825 1806 nolunt
1849 1749 1951 1807 mi-

2042 736 2234 793 tiorum
2256 744 2339 792 est
2365 733 2509 807 quod
2537 735 2590 790 in
2612 735 2933 807 spectaculis
2961 751 3070 792 non
3099 737 3204 805 sit;
3234 736 3324 795 ubi
3352 748 3621 795 summum

2043 826 2351 884 deliciarum
2407 842 2575 897 genus
2619 835 2701 883 est
2743 826 2879 882 mori
2908 827 3175 897 homines,
3207 837 3320 897 aut,
3357 831 3503 901 quod
3542 837 3627 888 est

2044 930 2217 979 morte
2242 918 2453 992 gravius
2491 920 2863 991 acerbiusque,
2913 918 3161 990 lacerari,
3216 923 3370 1003 “5
3418 923 3624 996 expleri

2044 1010 2277 1071 ferarum
2331 1010 2480 1069 alvos
2523 1012 2771 1068 humanis
2816 1012 3084 1083 carnibus,
3133 1014 3346 1071 comedi
3380 1015 3628 1074 homines

2046 1116 2167 1160 cum
2206 1102 2663 1160 circumstantium
2719 1102 2921 1171 laetitia,
2976 1103 3419 1175 conspiciendum
3473 1107 3599 1162 vqu

2046 1202 2226 1267 ptate;
2256 1194 2362 1252 hoc
2389 1188 2492 1263 est,
2521 1211 2629 1250 non
2652 1193 2827 1251 minus
2853 1210 2992 1266 pene
3009 1194 3288 1253 hominum
3326 1198 3633 1275 aspectibus

2048 1301 2209 1358 quam
2230 1278 2523 1341 bestiarum
2544 1282 2792 1342 dentibus
2818 1280 3084 1342 devorari.
3118 1285 3294 1359 Atque
3313 1295 3374 1343 ut
3386 1287 3491 1344 hoc
3517 1285 3631 1355 ﬂat,

2050 1374 2196 1438 orbis
2242 1378 2569 1454 impendium
2607 1389 2708 1440 est.
2752 1376 2939 1453 Magna
2969 1381 3112 1438 enim
3150 1396 3278 1439 cura
3298 1381 3353 1437 id
3380 1381 3556 1451 agitur
3578 1389 3635 1439 et

2051 1470 2376 1529 elaboratur.
2428 1470 2705 1531 Adeuntur
2749 1471 2912 1528 etiam
2954 1468 3073 1528 loca
3111 1469 3310 1539 abdita,
3340 1470 3635 1527 lustrantur

2052 1562 2178 1618 invii
2222 1563 2405 1631 saltus,
2456 1573 2809 1637 peragrantur
2848 1560 2993 1618 silva:
3046 1560 3461 1632 inexplicabiles,
3505 1576 3636 1617 con-

2053 1655 2377 1711 scenduntur
2399 1650 2653 1712 nubifera:
2674 1648 2855 1727 Alpes,
2884 1660 3235 1727 penetrantur
3255 1646 3490 1707 niviferzc
3517 1650 3633 1707 val—

2053 1746 2162 1814 les;
2194 1752 2248 1802 et
2276 1752 2335 1802 ut
2361 1743 2607 1802 devorari
2636 1746 2845 1819 possint
2872 1761 2903 1799 a
2931 1734 3059 1801 feris
3088 1742 3292 1800 viscera
3334 1742 3632 1810 hominum,

371 1854 472 1897 nus
499 1844 637 1906 esse,
664 1841 711 1896 si
753 1839 978 1912 possint.
1009 1841 1280 1911 Denique,
1309 1830 1455 1911 quod
1499 1856 1664 1895 unum
1688 1846 1945 1911 possunt,
1976 1826 2024 1903 Β
2052 1852 2160 1894 non
2207 1836 2335 1893 licet
2379 1834 2625 1893 naturam
2670 1850 2849 1893 rerum
2878 1831 3079 1908 aliquid
3128 1833 3328 1891 habere
3347 1841 3637 1891 secretum.

371 1932 460 1989 vel
483 1932 612 1989 veto
638 1933 771 1988 tales
798 1938 943 1997 sunt,
973 1948 1036 1988 ac
1078 1933 1357 1988 voluntate
1392 1928 1549 2004 ιιι
1576 1948 1683 1987 non
1708 1930 1907 1987 cedunt
1931 1947 1946 1997 ;

327 2014 355 2084 .’
374 2014 433 2081 ei
448 2024 501 2082 in
521 2024 777 2095 quantum
803 2023 1027 2079 facultas
1043 2023 1300 2095 suppetit,
1321 2039 1578 2094 superare
1597 2021 1947 2079 contendunt.

278 2170 281 2171 ν
372 2108 469 2170 Est
495 2112 641 2170 enim”
661 2155 675 2179 ,
716 2110 843 2169 licet
883 2114 935 2167 in
964 2112 1310 2170 diSSimilibus
1355 2110 1517 2169 rebus
1538 2154 1553 2180 ,
1584 2113 1699 2168 haec
1738 2112 1956 2167 illorum

370 2200 645 2261 inmutatio
691 2212 809 2274 qua:
833 2204 1131 2269 bonorum;
1162 2211 1222 2258 ut
1257 2204 1396 2260 sient
1432 2203 1565 2259 boni
1594 2210 1787 2272 optant
1827 2217 1959 2257 cun-

376 2303 499 2354 etos'
520 2294 805 2351 honeState
832 2294 1090 2349 mentium
1112 2293 1347 2358 vincere,
1366 2294 1444 2349 sic
1459 2293 1583 2348 mali
1600 2293 1816 2364 cupiant
1833 2308 1961 2365 pra-

360 2389 546 2445 ‘Vitat‘e
574 2390 849 2457 superare.
898 2384 1032 2439 Nam
1060 2382 1199 2440 sicut
1244 2382 1358 2440 haec
1386 2380 1651 2440 bonorum
1679 2383 1849 2454 gloria
1877 2390 1962 2439 est

378 2489 442 2535 ut
469 2472 708 2548 quotidie
750 2477 1003 2549 meliOres
1030 2478 1167 2543 sint,
1200 2477 1277 2532 sic
1307 2476 1566 2532 malorum
1614 2476 1852 2531 omnium
1899 2483 1959 2531 ut

381 2568 703 2635 deteriores;
727 2576 780 2624 et
802 2568 940 2624 sicut
966 2568 1157 2638 optimi
1172 2568 1393 2639 cupiunt
1416 2567 1667 2623 virtutum
1689 2567 1959 2624 universa-

379 2666 500 2714 rum
530 2657 739 2714 culmen
789 2657 1095 2724 ascendere,
1121 2659 1199 2714 sic
1242 2657 1463 2730 pessimi
1517 2664 1707 2731 optant
1750 2659 1957 2732 palmas

376 2749 483 2805 Sibi
509 2749 877 2804 universorum
906 2749 1166 2805 scelerum
1218 2748 1505 2806 vindicare.
1539 2748 1606 2805 Et
1632 2751 1737 2808 hoc
1770 2752 1959 2824 utique

376 2840 439 2895 in‘
452 2840 649 2895 malum
677 2850 919 2905 nostrum
939 2842 1170 2897 maxime
1192 2841 1381 2909 nostri,
1399 2840 1503 2897 hoc
1524 2850 1623 2910 est,
1646 2841 1959 2912 Christiani,

378 2933 473 3002 mn
523 2932 729 2989 scilicet
752 2974 765 2999 ,
797 2938 857 2989 ut
898 2930 1010 3003 jam
1061 2933 1321 3000 diximus,
1354 2930 1613 2991 malitiam
1642 2936 1960 3008 sapientiam

377 3031 587 3097 putant,
621 3032 676 3081 et
716 3025 782 3081 de
810 3025 1003 3095 quibus
1030 3012 1172 3083 Deus
1200 3025 1509 3098 specialiter
1533 3027 1662 3083 dicit
1687 3046 1698 3080 :
1732 3026 1962 3083 Perdant

378 3122 685 3192 sapientiam
713 3121 1034 3191 sapientum,
1076 3122 1129 3176 el
1153 3118 1468 3176 intellectum
1504 3119 1833 3192 prudentium
1876 3138 1960 3175 re-

2050 1925 2157 1985 Sed
2186 1931 2317 1995 haec,
2364 1929 2559 1999 inquis,
2592 1944 2699 1984 non
2738 1938 2951 1998 semper
2996 1920 3148 1981 dunt.
3193 1920 3412 1981 Certum
3442 1933 3542 1981 est.
3574 1922 3643 1979 Et

2052 2020 2309 2095 praeclara
2333 2019 2531 2073 erroris
2552 2027 2634 2073 est
2654 2018 2948 2082 excusatio,
2976 2017 3101 2087 quia
3123 2032 3229 2071 non
3256 2032 3469 2085 semper
3490 2014 3642 2069 linnt.

2057 2104 2222 2178 Quasi
2252 2120 2379 2164 vero
2407 2124 2641 2180 unquam
2671 2106 2785 2162 ﬁeri
2813 2106 3045 2163 debeant
3069 2121 3191 2177 qua:
3215 2102 3383 2160 Deum
3414 2102 3644 2170 laedant;

2060 2208 2155 2256 aut
2177 2198 2318 2265 ideo,
2344 2214 2463 2269 qua:
2485 2198 2625 2253 mala
2648 2206 2792 2264 sunt,
2818 2196 2958 2252 bene
2987 2194 3138 2264 ﬂant,
3162 2194 3289 2267 quia
3318 2209 3424 2250 non
3447 2191 3647 2265 iugiter

2062 2289 2210 2347 ﬂant.
2255 2291 2387 2346 Nam
2426 2299 2479 2346 et
2520 2286 2802 2345 homicida:
2848 2288 3097 2345 homines
3127 2304 3236 2344 non
3264 2301 3477 2361 semper
3504 2286 3649 2342 occi-

2060 2382 2222 2451 dunt;
2278 2384 2335 2438 et'
2380 2378 2660 2439 hemicidas
2690 2388 2867 2437 tamen
2918 2388 3061 2449 sunt,
3102 2381 3264 2437 etiam
3294 2380 3510 2451 quando
3540 2396 3650 2437 non

2059 2475 2326 2542 occidunt,
2358 2475 2481 2547 quia
2511 2473 2778 2530 interdum
2802 2473 3115 2545 polluuntur
3142 2473 3452 2530 homiéidio.
3477 2470 3547 2527 Et
3567 2471 3649 2528 la-

2059 2574 2245 2625 trones
2275 2582 2461 2622 omnes
2490 2582 2597 2622 non
2618 2580 2833 2638 semper
2855 2565 3265 2630 latrocinantur,
3292 2563 3385 2621 sed
3414 2565 3652 2619 latrones

2058 2669 2240 2718 tamen
2267 2676 2387 2716 esse
2417 2676 2524 2715 non
2552 2658 2804 2716 desinunt
2826 2678 2840 2714 :
2866 2658 2989 2730 quia
3010 2658 3173 2713 etiam
3197 2674 3320 2714 cum
3337 2656 3499 2713 rebus
3528 2655 3654 2726 ipsis
3720 2714 3735 2727 ε

2059 2750 2343 2807 latrocinia
2395 2766 2501 2805 non
2532 2758 2714 2818 agunt,
2748 2750 2937 2805 animis
2965 2756 3145 2804 tamen
3175 2764 3206 2802 a
3235 2747 3519 2803 latrocinio
3544 2762 3655 2803 non

2061 2845 2342 2903 recedunt.
2388 2843 2479 2900 Sic
2510 2844 2695 2913 utique
2723 2858 2911 2898 omnes
2939 2842 2993 2897 hi
3022 2841 3114 2912 qui
3134 2840 3456 2911 spectaculis
3504 2839 3655 2901 istius

2063 2938 2211 2994 modi
2256 2936 2611 3003 delectantur,
2669 2937 2832 2992 etiam
2873 2934 3088 3005 quando
3137 2951 3245 2989 non
3274 2920 3538 3005 spectant,
3568 2934 3648 2988 in-

2064 3031 2212 3087 noxii
2258 3036 2439 3085 tamen
2486 3045 2516 3084 a
2564 3029 2994 3101 spectaculorum
3043 3028 3265 3099 piaculis
3323 3036 3505 3084 mente
3544 3042 3655 3083 non

2066 3133 2209 3193 sunt,
2265 3124 2391 3195 quia
2422 3138 2634 3195 semper
2661 3122 2863 3179 vellent
2899 3130 3165 3193 spectare,
3206 3122 3250 3176 si
3274 3129 3514 3192 possent.
3548 3119 3658 3176 Nec

378 3208 603 3281 probabo
627 3206 669 3282 (ῐ
689 3209 808 3264 Cor.
832 3226 869 3275 ι,
904 3205 1013 3279 i9).
1046 3202 1288 3280 Cumque
1312 3209 1602 3280 Apostolus
1620 3210 1814 3265 clamet
1845 3227 1861 3265 :
1894 3208 1956 3266 Si
1984 3209 2031 3274 C
2064 3217 2238 3274 solum
2264 3214 2389 3284 hoc,
2420 3215 2514 3270 sed
2548 3221 2674 3270 sunt
2719 3214 2823 3269 alia
2853 3212 3079 3283 majora,
3128 3211 3267 3280 Quid
3295 3213 3475 3268 enim?
3505 3211 3654 3266 Νυη..

378 3301 490 3372 quis
517 3298 714 3354 videtur
742 3301 969 3370 sapiens,
1000 3300 1184 3354 stultus
1212 3300 1309 3371 ﬁat
1335 3307 1390 3353 ut
1418 3301 1484 3354 sit
1529 3302 1733 3372 sapiens
1766 3299 1809 3374 (Ι
1837 3301 1955 3356 Cor.

377 3392 432 3458 3,
458 3390 581 3463 i8);
607 3392 714 3448 hoc
751 3400 833 3448 est
859 3391 1058 3460 dicere,
1093 3392 1153 3449 Si
1194 3395 1312 3462 quis
1341 3394 1453 3448 vult
1482 3409 1601 3449 esse
1630 3396 1865 3466 sapiens,
1892 3395 1962 3449 sit

377 3483 572 3550 bonus,
598 3485 726 3554 quia
754 3496 912 3540 nemo
936 3498 1068 3540 vere
1095 3486 1309 3556 sapiens
1339 3486 1439 3541 nisi
1464 3503 1589 3541 vere
1616 3486 1791 3543 bonus
1815 3506 1827 3539 :
1863 3502 1962 3541 nos

380 3578 413 3633 ε
436 3572 666 3644 diverso,
702 3582 727 3614 ι
755 3576 1016 3631 malarum
1054 3578 1313 3632 mentium
1342 3578 1475 3633 vitio
1509 3586 1581 3645 et,
1614 3578 1672 3632 ut
1702 3576 1963 3633 Dlvinitas

381 3668 454 3724 ait
481 3667 657 3741 (Rom.
687 3686 727 3737 ι,
754 3666 870 3742 28),
898 3670 1132 3742 reprobo
1153 3685 1313 3725 sensu
1338 3671 1633 3726 bonitatem
1663 3687 1761 3742 pro
1782 3670 1961 3727 stulti-

380 3754 455 3815 ti’a
470 3760 834 3832 repudiantes,
862 3766 918 3817 et
938 3763 1231 3833 nequitiam
1252 3779 1350 3834 pro
1372 3763 1635 3833 sapientia
1657 3762 1960 3832 diligentes,

382 3854 534 3907 tanto
557 3851 797 3921 quotidie
817 3852 1193 3923 prudentiores
1221 3868 1338 3907 esse
1359 3868 1459 3908 nos
1479 3852 1744 3907 credimus
1763 3861 1965 3921 quanto

383 3941 598 4016 pejores
627 3958 830 3997 sumus.

456 4030 521 4085 ll.
551 4031 621 4085 Et
640 4047 759 4101 qua:
774 4031 1012 4097 tandem,
1024 4038 1177 4099 rogo,
1196 4046 1319 4101 spes
1333 4030 1720 4087 emendationis
1741 4033 1794 4085 in
1815 4031 1973 4085 nobis

390 4130 491 4190 est,
521 4124 615 4194 qui
639 4138 751 4177 non
776 4132 960 4178 errore
980 4123 1248 4197 opinionis
1269 4122 1335 4177 ad
1356 4123 1553 4178 malum
1581 4122 1844 4191 ducimur,
1877 4122 1973 4179 sed

387 4217 567 4276 studio
614 4214 771 4271 mala:
797 4214 1093 4271 voluntatis
1114 4214 1402 4271 adnitimur
1431 4222 1489 4272 ut
1518 4230 1732 4288 semper
1758 4217 1973 4288 pejores

384 4310 506 4364 esse
525 4306 845 4362 videamur!
870 4304 939 4361 Et
965 4306 1089 4363 hinc
1107 4318 1188 4363 est
1207 4306 1350 4376 quod
1372 4307 1571 4364 dudum
1604 4314 1826 4380 questus
1852 4326 1970 4367 sum

385 4399 685 4456 deteriores
709 4406 808 4453 nos
832 4396 1001 4453 multo
1019 4406 1137 4453 esse
1163 4398 1325 4467 quam
1348 4397 1605 4456 barbaros
1630 4418 1641 4453 :
1674 4401 1801 4470 quia
1849 4401 1971 4457 illos

388 4491 690 4562 ignorantia
712 4488 843 4559 legis
871 4495 1111 4557 excusat,
1135 4502 1233 4547 nos
1256 4492 1478 4548 scientia
1505 4500 1740 4548 accusat.
1770 4494 1850 4549 illi
1875 4512 1972 4566 per

2064 3306 2191 3381 quid
2219 3323 2327 3363 non
2376 3305 2684 3362 consulibus
2712 3312 2768 3359 et
2796 3303 2927 3375 pulli
2975 3302 3149 3359 adhuc
3176 3301 3453 3371 gentilium
3492 3302 3657 3356 sacri-

2065 3398 2327 3469 legiorum
2354 3413 2507 3453 more
2526 3404 2838 3469 pascuntur,
2869 3401 2923 3449 et
2944 3392 3174 3449 volantis
3198 3408 3388 3463 penna:
3436 3392 3659 3461 auguria

2066 3498 2397 3565 quaeruntur,
2424 3506 2488 3545 ac
2507 3504 2645 3559 pene
2663 3487 2842 3543 omnia
2874 3483 3007 3540 ﬁunt
3034 3501 3150 3556 qua:
3174 3486 3335 3541 etiam
3364 3485 3437 3541 illi
3484 3500 3660 3557 quon-

2067 3582 2193 3640 dam
2223 3584 2415 3655 pagani
2445 3590 2653 3637 veteres
2675 3577 2865 3635 irivola
2887 3587 3046 3650 atque
3068 3578 3344 3634 inridenda
3364 3578 3659 3634 duxerunt?

2069 3666 2281 3731 Etcum
2310 3674 2425 3730 hmo
2451 3674 2629 3730 omnia
2681 3673 2780 3743 ipsi
2810 3682 2969 3741 agant
2996 3673 3088 3742 qui
3118 3672 3271 3727 annis
3311 3672 3530 3727 nomina
3561 3671 3660 3725 tri-

2070 3767 2259 3833 buunt,
2306 3773 2362 3821 et
2402 3782 2433 3820 a
2460 3764 2653 3835 quibus
2683 3762 2808 3817 anni
2848 3763 2949 3832 ipsi
2972 3761 3251 3815 exordium
3273 3771 3511 3823 sumunt,
3544 3774 3661 3813 cre-

2072 3856 2249 3910 dimus
2277 3855 2432 3909 nobis
2459 3855 2598 3907 bene
2629 3867 2797 3906 annos
2816 3866 2976 3920 posse
3006 3849 3301 3919 procedere
3319 3849 3412 3916 qui
3440 3864 3471 3902 a
3500 3848 3662 3904 rebus

2074 3940 2278 3997 talibus'
2319 3942 2633 3997 ordiuntur?
2685 3942 2859 4007 Atque
2908 3938 3113 3992 utinam
3140 3938 3277 3994 sicut
3302 3938 3418 3994 haec
3439 3946 3662 4009 propter

2077 4036 2327 4093 consules
2371 4042 2582 4090 tantum
2611 4030 2761 4101 ﬁunt,
2799 4026 2955 4106 116
2980 4033 3051 4087 ita
3100 4032 3220 4088 illos
3259 4039 3464 4088 tantum
3512 4033 3663 4089 ince-

2077 4137 2283 4187 starent
2311 4136 2529 4200 propter
2558 4141 2695 4197 quos
2733 4125 2883 4180 ﬁunt.
2933 4121 3066 4179 Illud
3093 4132 3175 4179 est
3209 4120 3581 4180 feralissimum
3609 4131 3665 4180 et

2076 4219 2471 4288 gravissimum,
2522 4214 2665 4285 quod
2712 4215 2837 4271 dum
2875 4230 3140 4270 consensu
3170 4214 3383 4286 publico
3412 4223 3661 4286 aguntur,

2076 4313 2253 4368 honor
2272 4308 2714 4381 paucissimorum
2739 4304 2799 4361 ﬁt
2827 4306 3029 4362 crimen
3059 4306 3328 4373 omnium;
3355 4316 3378 4347 ε
3416 4322 3480 4362 ac
3523 4308 3663 4363 sicut

2076 4402 2299 4472 singulis
2345 4402 2500 4457 annis
2544 4399 2656 4455 bini
2696 4399 3107 4468 inaugurentur,
3157 4413 3327 4470 prope
3370 4407 3454 4455 est
3502 4406 3558 4453 ut
3603 4398 3659 4453 in

2078 4497 2225 4553 omni
2246 4494 2447 4551 mundo
2467 4493 2645 4549 nullus
2664 4491 2873 4548 evadat.

390 4581 714 4654 imperitiam
757 4576 1018 4649 veritatis,
1056 4583 1189 4658 quia
1217 4596 1335 4654 quae
1376 4592 1500 4641 sunt
1536 4587 1678 4642 bona
1704 4591 1970 4658 nesciunt,
2001 4574 2063 4643 θ’
2148 4587 2237 4643 III.
2262 4585 2368 4643 Sed
2394 4586 2460 4641 de
2485 4587 2568 4641 his
2596 4594 2844 4657 putemus
2870 4584 2975 4641 hoc
2994 4584 3127 4640 satis
3153 4600 3273 4642 esse
3293 4584 3436 4657 quod
3463 4584 3664 4641 dictum

586 4677 592 4683 ’
1575 4703 1913 4761 STEPHANI
1949 4704 2224 4765 unum
2260 4700 2491 4759 nom.

470 4816 496 4844 ⁸
519 4806 815 4882 Petronius
842 4807 905 4881 in,
928 4808 1149 4882 historia
1176 4816 1435 4867 matronas
1472 4810 1754 4882 Ephesium
1784 4832 1796 4869 :
1831 4815 1973 4872 Vitio

460 4878 560 4956 niis
602 4877 839 4956 humana:
879 4876 1441 4956 concupiit‘sci‘reguis
1459 4876 1568 4956 _ant
1594 4884 1718 4956 quid
1756 4886 1967 4956 faceret.

443 4896 560 4933 mus
602 4896 839 4953 Humana:
879 4896 1303 5001 concuptttsmre
1330 4899 1441 4955 quis
1478 4896 1568 4937 aut
1594 4896 1716 4956 quia
1756 4896 1967 4955 laceret.

443 4948 613 5024 scitus
640 4947 694 5000 in
720 4946 865 5024 libro
886 4945 953 5002 de
976 4946 1037 5003 Vi
1066 4964 1104 5024 a_
1128 4950 1385 5024 Agricola:
1415 4969 1426 5003 :
1450 4949 1729 5024 Proprium
1760 4954 1975 5011 humani

909 5028 1059 5089 quem
1085 5020 1301 5075 laseris.

470 5088 495 5126 δ
532 5086 591 5162 in
620 5102 715 5141 ora
743 5084 1036 5162 Pitlimanm
1060 5091 1312 5145 editionis
1335 5091 1451 5147 hac
1474 5094 1673 5162 scripta
1704 5105 1829 5149 sunt
1859 5113 1870 5148 :
1908 5094 1975 5148 In

400 5157 552 5211 veteri
579 5158 861 5228 exemplari
889 5168 1192 5215 annotatunt
1220 5172 1297 5216 est
1324 5162 1498 5219 deesse
1525 5157 1607 5218 hic
1647 5164 1861 5228 aliquid.
1907 5166 1951 5219 Ε
1958 5174 1976 5219 ι

401 5240 515 5307 veru
544 5226 705 5307 multa
728 5226 1044 5307 ifees'seqitis‘
1073 5244 1175 5307 non
1202 5230 1406 5307 videat?
1424 5228 1512 5307 __In
1561 5226 1833 5307 codicibus
1872 5248 1971 5289 no-

399 5296 525 5351 stris
550 5295 1021 5377 nihil‘annotatum
1050 5307 1135 5355 est
1160 5300 1480 5377 istiusmodi,
1505 5314 1681 5377 neque
1712 5304 1861 5377 locus
1887 5321 1972 5359 va-

400 5380 533 5423 cuus
557 5365 794 5424 relictum.
823 5366 1206 5442 verumtamen
1253 5373 1380 5442 quia
1425 5365 1709 5429 constabat
1737 5376 1837 5430 ista
1866 5391 1974 5430 non

401 5450 697 5511 essesana,
746 5454 845 5493 nos
876 5439 931 5511 in
964 5440 1067 5495 hac
1100 5439 1336 5500 editione
1380 5445 1636 5502 asterisco
1683 5446 1974 5509 notandam

402 5504 576 5559 labem
598 5512 718 5560 esse
749 5508 1066 5565 censuimus.

443 5582 501 5657 το
524 5572 744 5657 aliis
771 5577 1091 5657 editionibus
1119 5580 1311 5657 legitur
1331 5572 1361 5657 ἐν
1378 5600 1440 5636 ac
1467 5584 1511 5637 si
1544 5599 1625 5657 ea:_
1637 5584 1853 5657 singulis
1882 5588 1978 5657 n’n—

403 5646 486 5701 κίε
516 5643 659 5727 irini,
688 5652 792 5727 οδε.
823 5644 1011 5727 codex
1035 5643 1373 5727 iiorbéiensis
1425 5671 1449 5727 ε.
1482 5658 1555 5727 αις⁸
1581 5643 1974 5727 ἄᾳαῑνιὶκρκὸι

604 5722 714 5809 259..
742 5715 1369 5809 εςεωὲῗὲιέξηιεεςιξξξι
1386 5740 1398 5774 =
1418 5720 1491 5809 Ατξ
1510 5724 1575 5787 ’έν
1610 5725 1740 5809 δίεφθ’
1758 5714 1975 5809 mnu“!

404 5785 577 5851 annis,
610 5785 734 5853 bini,
783 5784 888 5842 etc.
924 5784 1368 5845 Solebaut‘enim
1409 5784 1618 5848 veteres
1659 5784 1878 5859 librarii,
1921 5803 1981 5849 ut

2072 4815 2186 4886 jam
2212 4814 2558 4886 observatum
2578 4821 2669 4886 est
2695 4828 2728 4867 a
2747 4813 2880 4869 viris
2898 4813 3275 4886 eruditissimis
3294 4853 3309 4880 ,
3362 4829 3468 4870 non
3496 4817 3664 4886 gemi-

2078 4882 2210 4942 nare
2252 4885 2470 4956 easdem
2512 4883 2776 4956 syllabas;
2826 4891 2881 4939 et
2908 4882 3030 4939 ideo
3066 4882 3380 4956 frequenter
3408 4882 3667 4943 vocabula

2079 4954 2453 5026 monosyllaba
2480 4953 2808 5026 omittebant
2828 4962 3049 5025 propter
3064 4953 3206 5012 hunc
3227 4971 3453 5012 morem.
3479 4956 3666 5010 Simile

2080 5024 2435 5098 autem‘huic
2482 5024 2907 5098 rei‘exemplum
2932 5024 3126 5098 exstat
3168 5026 3223 5080 in
3252 5028 3428 5098 capite
3477 5026 3665 5098 ultimo

2081 5094 2365 5163 Evangelii
2383 5094 2672 5150 secundum
2693 5092 2986 5163 Joannem;
3011 5096 3099 5151 ubi
3119 5110 3241 5155 cum
3267 5092 3333 5151 et'
3345 5109 3532 5150 sensus
3554 5094 3669 5161 ipse

2082 5173 2140 5237 et
2161 5161 2327 5237 editio
2338 5161 2521 5220 Graeca
2542 5161 3134 5237 vetustissimorumque
3154 5173 3410 5237 praeterea
3427 5162 3669 5237 codicum

2084 5182 2140 5221 et
2161 5182 2327 5220 emno
2338 5182 2521 5220 ιιι-πω
2542 5182 2969 5222 vetustissimum
3067 5182 3134 5221 ue
3154 5182 3410 5237 prmterea
3427 5182 3669 5216 conicum

2084 5234 2399 5307 Latinorum
2423 5236 2715 5291 auctoritas
2746 5182 3151 5307 postulemegi
3176 5256 3187 5288 :
3220 5234 3284 5307 δί
3312 5236 3386 5288 sic
3413 5248 3527 5284 eum
3556 5231 3669 5287 volo

2084 5320 2295 5379 manere
2315 5304 2480 5379 donec
2510 5307 2727 5379 veniam,
2746 5303 3287 5379 'quidradutefhodie
3318 5310 3493 5379 tamen
3541 5317 3671 5356 con-

2085 5377 2418 5431 stantissima
2441 5377 2493 5430 in
2523 5368 2750 5445 vulgatis
2771 5368 3288 5445 editionibuslectio
3310 5368 3523 5445 est,‘Sic
3551 5388 3666 5426 eum

2086 5447 2201 5502 uolo
2233 5463 2459 5527 manere,
2490 5440 2640 5511 etc.,'
2667 5448 2867 5503 omissa
2895 5456 3028 5500 vaec
3058 5440 3263 5521 Sj-‘Sic
3289 5441 3429 5565 apud
3457 5440 3670 5525 Cassia-

2092 5532 2219 5565 num
2242 5517 2333 5565 lib.
2364 5534 2435 5565 vn
2464 5518 2531 5565 de
2551 5517 2928 5565 lnmmatione
2952 5512 3165 5565 Domtm
3192 5524 3309 5565 can.
3361 5510 3395 5565 4
3414 5523 3670 5565 scrinium

2092 5532 2220 5571 num
2242 5517 2333 5572 lib.
2364 5534 2436 5573 vn
2464 5518 2531 5574 de
2549 5510 2928 5591 Incuruatioue
2952 5510 3165 5591 Domini
3324 5510 3395 5565 14
3414 5515 3671 5586 scriptum

2092 5590 2193 5653 est,
2218 5602 2420 5643 necesse
2444 5594 2522 5643 est
2561 5596 2619 5642 ut
2643 5589 2754 5641 sine
2791 5591 2957 5657 matre
2980 5579 3051 5632 ibi
3079 5579 3301 5657 intelligi
3327 5593 3491 5656 potest
3502 5579 3534 5651 ;’
3551 5600 3673 5641 cum

2054 5696 2057 5699 -
2087 5651 2271 5714 tamen
2292 5658 2573 5727 legendum
2601 5666 2723 5712 eSse
2739 5665 2798 5708 ut
2824 5654 2873 5727 si
2888 5651 3000 5727 sine
3018 5658 3183 5727 ngam
3203 5651 3464 5727 et'_se'n_sus
3491 5664 3671 5727 osten~

2088 5728 2185 5783 dat
2228 5736 2285 5784 et
2328 5718 2484 5783 v'etus
2515 5727 2686 5781 codex
2727 5740 2826 5778 ms.
2861 5718 3199 5793 bibliotheca
3248 5724 3456 5793 Regiae.
3492 5724 3672 5789 Itaque.

2090 5797 2269 5881 simile
2291 5797 2568 5867 quippiam
2596 5794 2770 5865 potuit
2814 5788 3072 5850 accidisse
3101 5794 3223 5854 huic
3265 5788 3501 5853 Salviani
3532 5788 3669 5845 1m.
