4088 6360
515 346 614 404 Hi

1454 337 1510 396 S.
1553 338 1871 397 SALVIANI
1900 335 2373 408 MASSILIENSIS
2409 339 2839 400 PRESBYTER!

3697 349 3802 406 ll!

506 471 609 526 est,
641 473 782 530 quas,
805 465 866 515 ut
885 458 988 530 ipsi
1009 453 1298 534 excusatis,
1331 469 1440 511 non
1460 469 1676 526 semper
1697 455 1847 511 ﬁunt.
1883 454 1959 511 De
1977 470 2111 525 quo-
2136 459 2191 519 Α
2214 456 2354 513 forte
2380 457 2446 513 ad
2472 458 2841 529 spectaculum
2858 445 2982 529 ι)υὴ
3007 464 3285 527 venerant,
3309 457 3379 516 de
3404 457 3618 518 theatro
3651 462 3802 518 adul-

504 555 724 610 tidianis
751 561 932 609 tamen
969 537 1392 608 obscenitatibus
1433 548 1755 618 loquamur;
1798 565 1934 620 quas
1963 549 2099 604 tales

507 665 573 708 ac
593 659 704 706 tam
718 629 1022 706 innumeras
1047 647 1288 718 legiones
1312 647 1616 704 daemonum
1638 647 2097 718 excogitaverunt,

503 753 566 799 ut
607 746 769 800 etiam
821 745 1060 798 honestze
1109 757 1174 797 ac
1200 742 1385 812 probae
1419 750 1649 810 mentes,
1681 741 1785 798 etsi
1816 741 2101 798 nonnullas

506 818 692 892 earum
738 848 991 905 spernere
1042 849 1107 888 ac
1163 833 1375 889 calcare
1412 841 1657 904 possunt,
1701 848 1890 890 omnes
1917 840 2100 888 tamen

502 926 717 998 penitus
754 940 1011 996 superare
1055 925 1145 978 vix
1190 924 1417 995 possint.
1467 923 1617 980 Sicut
1658 925 1802 980 enim
1829 921 2101 980 exercitus

501 1018 785 1089 pugnaturi
824 1033 889 1073 ea
928 1018 1047 1074 loca
1081 1032 1178 1087 per
1201 1031 1322 1086 quae
1342 1025 1597 1073 venturas
1626 1017 1864 1073 hostium
1894 1023 2100 1071 turmas

499 1109 696 1174 sciunt,
753 1115 848 1164 aut
897 1108 1067 1164 foveis
1108 1108 1432 1165 intercidere
1461 1118 1557 1164 aut
1575 1108 1798 1164 sudibus
1821 1105 2100 1177 przefigere

500 1211 594 1256 aut
621 1211 648 1240 ι
677 1202 889 1257 tribulis
917 1202 1176 1258 infestare
1214 1203 1494 1269 dicuntur;
1541 1203 1746 1259 scilicet
1777 1210 1836 1257 ut
1883 1199 2096 1257 etiamsi

494 1309 607 1350 non
627 1293 683 1348 in
703 1294 888 1349 omnia
908 1309 974 1349 ea
997 1295 1264 1365 quispiam
1285 1295 1508 1359 incidat,
1532 1295 1711 1350 nullus
1736 1302 1918 1350 tamen
1938 1293 2092 1364 peni-

498 1395 585 1441 tus
627 1385 856 1442 evadat:
890 1387 966 1441 ita
1013 1387 1177 1442 etiam
1213 1387 1488 1444 daemones
1517 1395 1628 1443 tam
1677 1387 1875 1443 multas
1904 1386 1958 1440 in
1985 1385 2096 1440 vita

497 1479 601 1534 ista
630 1479 868 1534 humano
917 1479 1104 1550 generi
1133 1479 1528 1536 inlecebrarum
1559 1479 1777 1535 insidias
1797 1478 2098 1551 praetende-

495 1579 642 1636 runt,
675 1578 735 1625 ut
759 1571 862 1626 etsi
891 1571 1150 1640 plurimas
1177 1588 1365 1628 earum
1385 1573 1583 1643 aliquis
1623 1572 1861 1642 effugiat,
1911 1580 2094 1627 tamen

496 1678 819 1734 quacunque
846 1664 1109 1735 capiatur.
1141 1664 1404 1734 Equidem
1433 1666 1562 1737 quia
1590 1666 1809 1736 longum
1833 1672 1916 1720 est
1953 1678 2097 1719 nunc

494 1754 675 1811 dicere
699 1755 766 1811 de
793 1757 1062 1821 omnibus,
1094 1757 1507 1828 amphitheatris
1533 1757 1760 1822 scilicet,
1792 1756 1961 1822 odeis,
2011 1755 2095 1810 lu-

2209 553 2313 608 teri
2340 561 2702 609 revertuntur.
2727 551 2846 608 Non
2865 552 3009 608 enim
3030 559 3159 609 tunc
3182 554 3555 610 tantummodo
3579 557 3799 624 quando

2206 645 2457 714 redeunt,
2483 647 2578 702 sed
2606 647 2766 702 etiam
2793 646 3007 717 quando
3026 646 3269 711 veniunt,
3293 644 3642 705 fornicantur.
3665 649 3798 706 Nam

2206 740 2312 797 hoc
2352 740 2472 812 ipso
2498 742 2642 811 quod
2691 741 2883 810 aliquis
2909 756 3026 796 rem
3053 741 3346 798 obscenam
3386 743 3552 812 cupit,
3577 742 3706 798 dum
3731 743 3800 799 ad

2206 834 2478 891 immunda
2502 843 2775 906 properat,
2804 833 3112 890 immundus
3139 844 3242 891 est.

2203 945 2214 988 ;
2275 926 2364 983 IV.
2392 926 2522 995 Quae
2541 942 2666 984 cum
2688 927 2763 982 ita
2783 926 2908 993 sint,
2931 942 3060 983 ecce
3078 927 3260 998 qualia
3313 928 3473 1000 us
3497 935 3594 984 aut
3611 943 3799 986 omnes

2204 1028 2298 1075 aut
2315 1034 2457 1090 pene
2485 1034 2674 1075 omnes
2703 1017 2932 1074 Romani
2961 1027 3144 1087 agunt.
3173 1017 3242 1073 Et
3267 1033 3390 1074 cum
3410 1018 3526 1075 haec
3553 1019 3630 1074 ita
3657 1019 3797 1086 sint;

2201 1111 2294 1181 qui
2321 1110 2450 1165 talia
2479 1110 2703 1179 agimus,
2730 1110 2926 1180 negligi
2947 1125 3048 1166 nos
3091 1126 3122 1164 a
3157 1110 3451 1166 Divinitate
3476 1127 3798 1179 causarum;

2201 1201 2433 1270 relinqui
2459 1215 2560 1257 nos
2589 1201 2894 1256 a—Domino
2922 1208 3110 1257 nostro
3139 1201 3385 1266 dicimus,
3409 1218 3531 1258 cum
3569 1204 3670 1274 ipsi
3692 1204 3800 1284 Βᾳ-

2202 1293 2406 1348 minum
2431 1292 2834 1364 relinquamus?
2860 1292 3150 1362 Fingamus
3177 1293 3322 1348 enim
3347 1294 3496 1365 quod
3523 1296 3797 1366 respicere

2200 1402 2300 1441 nos
2345 1385 2605 1441 Dominus
2652 1393 2838 1442 noster
2882 1385 3012 1441 velit
3049 1386 3212 1443 etiam
3238 1401 3349 1443 non
3375 1395 3682 1456 merentes;
3712 1390 3798 1445 νίν

2198 1476 2422 1532 deamus
2450 1475 2496 1531 si
2524 1483 2721 1546 potest.
2754 1474 2896 1532 Ecce
2922 1476 3202 1530 innumera
3221 1474 3654 1534 Christianorum
3673 1465 3796 1534 mil;

2198 1568 2269 1624 lia
2292 1570 2345 1624 in
2367 1569 2688 1640 spectaculis
2711 1568 2953 1639 quotidie
2981 1583 3161 1623 rerum
3189 1568 3427 1638 turpium
3447 1584 3792 1625 commoran-

2199 1667 2304 1714 tur.
2330 1657 2516 1714 Potest
2539 1672 2668 1727 ergo
2689 1658 2756 1713 ad
2777 1659 2898 1713 illos
2919 1658 3060 1727 Deus
3081 1658 3352 1729 respicere
3370 1659 3465 1728 qui
3495 1658 3631 1714 tales
3644 1660 3795 1715 sunt?

2198 1745 2386 1804 Potest
2413 1748 2482 1804 ad
2511 1764 2606 1804 eos
2625 1748 2898 1819 respicere
2919 1749 3012 1820 qui
3036 1749 3370 1805 bacchantur
3395 1750 3452 1804 in
3498 1750 3676 1818 circis,
3703 1751 3795 1822 qui

493 1847 674 1912 soriis,
727 1847 958 1917 pompis,
1004 1848 1240 1914 athletis,
1290 1848 1682 1918 petaminariis,
1724 1845 2094 1917 pantomimis,
2127 1841 2176 1903 B
2200 1837 2542 1893 moechantur
2562 1838 2614 1893 in
2637 1839 2900 1894 theatris?
2930 1838 3013 1893 An
3034 1838 3174 1895 forte
3205 1839 3310 1896 hoc
3334 1840 3584 1897 volumus
3612 1850 3669 1898 et
3695 1842 3795 1900 hoc

495 1935 816 2005 caeterisque
844 1937 1132 2007 portentis,
1163 1953 1282 2009 quae
1331 1939 1479 2008 piget
1527 1937 1726 2003 dicere,
1775 1937 1900 2007 quia
1948 1935 2097 2007 piget

491 2026 690 2082 malum
724 2028 829 2083 tale
855 2029 942 2083 vel
964 2045 1143 2096 nosse,
1173 2030 1241 2084 de
1269 2029 1402 2086 solis
1443 2030 1712 2086 circorum
1740 2045 1804 2085 ac
1851 2023 2094 2084 theatro+

492 2136 608 2174 rum
639 2120 1039 2193 impuritatibus
1081 2123 1220 2179 dico.
1272 2122 1423 2177 Talia
1467 2124 1611 2179 enim
1649 2131 1776 2179 sunt
1821 2138 1940 2192 quae
1985 2121 2095 2176 illic

489 2211 642 2279 liunt,
666 2220 726 2268 ut
739 2229 805 2269 ea
827 2231 936 2269 non
957 2215 1134 2270 solum
1154 2214 1359 2282 dicere,
1389 2213 1486 2270 sed
1506 2215 1672 2271 etiam
1692 2212 1967 2270 recordari
1988 2213 2090 2267 ali-

486 2304 609 2375 quis
636 2305 754 2360 sine
781 2306 1083 2376 pollutione
1111 2323 1221 2364 non
1247 2307 1438 2377 possit.
1475 2307 1594 2361 Alia
1621 2307 1822 2386 quippe
1864 2304 2088 2360 crimina

439 2461 442 2466 _
486 2395 725 2466 singulas
760 2399 863 2454 sibi
899 2399 1067 2454 ferme
1106 2401 1160 2453 in
1204 2401 1359 2455 nobis
1387 2400 1672 2456 vendicant
1702 2399 2000 2470 portiones,
2031 2406 2093 2454 ut

487 2486 846 2555 cogitationes
870 2488 1098 2544 sordida:
1127 2490 1387 2556 animum,
1439 2499 1500 2545 ut
1543 2490 1798 2561 impudici
1839 2497 2090 2561 aspectus

487 2577 694 2641 oculos,
738 2586 798 2632 ut
825 2578 1039 2634 auditus
1087 2579 1318 2650 improbi
1348 2597 1540 2648 aures;
1573 2581 1648 2636 ita
1677 2590 1738 2637 ut
1758 2597 1881 2636 cum
1911 2597 1981 2636 ex
2005 2582 2089 2637 his

487 2683 656 2726 unum
684 2670 899 2740 aliquod
929 2673 1211 2739 erraverit,
1259 2667 1468 2744 reliqua
1512 2673 1721 2744 possint
1749 2689 1936 2730 carere
1960 2689 2089 2744 pec-

416 2784 430 2798 ι
485 2760 640 2816 catis.
673 2761 734 2816 In
766 2762 989 2818 theatris
1013 2779 1142 2819 vero
1167 2765 1300 2819 nihil
1329 2765 1523 2820 horum
1552 2773 1708 2820 reatu
1727 2773 1908 2829 vacat,
1959 2765 2086 2834 quia

485 2858 540 2904 et
559 2848 1010 2923 concupiscentiis
1039 2855 1250 2910 animus
1277 2863 1333 2911 et
1361 2855 1549 2910 auditu
1576 2872 1736 2911 aures
1771 2864 1826 2912 et
1865 2863 2088 2926 aspectu

484 2943 627 2998 oculi
648 2944 960 3014 polluuntur
984 2965 997 2999 :
1024 2962 1146 3016 quae
1165 2947 1393 3017 quidem
1438 2949 1592 3020 n7
1635 2949 1816 3004 omnia
1847 2958 1955 3004 tam
1981 2949 2082 3004 lla-

482 3035 678 3102 gitiosa
733 3045 877 3103 sunt,
902 3045 963 3092 ut
1007 3039 1167 3094 etiam
1202 3040 1473 3110 explicare
1528 3056 1592 3095 ea
1621 3042 1887 3113 quispiam
1919 3051 2084 3112 atque

482 3127 666 3197 eloqui
706 3129 853 3183 salvo
895 3129 1101 3199 pudore
1145 3147 1254 3188 non
1297 3133 1494 3188 valeat.
1528 3131 1660 3199 Quis
1692 3134 1836 3188 enim
1869 3135 2078 3202 integro

2201 1929 2421 1999 dignum
2444 1938 2715 2000 putamus,
2748 1939 2807 1986 ut
2833 1948 2954 1987 cum
2986 1932 3041 1988 in
3069 1933 3225 1990 circis
3255 1949 3355 1990 nos
3383 1943 3440 1990 et
3465 1935 3521 1991 in
3572 1936 3792 1991 theatris

2198 2021 2341 2076 Deus
2386 2020 2582 2087 videat,
2604 2021 2609 2026 ’
2631 2037 2696 2077 ea
2741 2040 2860 2095 qua:
2891 2041 2992 2080 nos
3021 2025 3312 2098 aSpicimus
3331 2027 3562 2098 aspiciat
3579 2042 3792 2100 quoque

2197 2113 2312 2182 ipse
2359 2113 2658 2179 nobiscum,
2711 2123 2768 2172 et
2820 2117 3182 2188 turpitudines
3209 2135 3344 2190 quas
3373 2137 3474 2178 nos
3499 2123 3785 2190 cernimus,

2196 2213 2382 2260 cernat
2424 2208 2590 2263 etiam
2647 2207 2764 2278 ipse
2803 2209 3121 2266 nobiscum?
3162 2213 3493 2275 Alterutrum
3512 2215 3658 2271 enim
3679 2215 3790 2272 fieri

2196 2314 2418 2354 necessc
2439 2307 2543 2355 est.
2575 2299 2712 2368 Quia
2740 2301 2906 2358 sinos
2932 2302 3117 2359 videre
3143 2303 3414 2374 dignatur,
3457 2322 3790 2378 consequens

2194 2397 2279 2444 est
2300 2397 2358 2444 ut
2387 2391 2550 2445 etiam
2583 2392 2675 2446 illa
2706 2391 2797 2448 ubi
2817 2409 2920 2449 nos
2938 2410 3124 2451 sumus
3152 2395 3366 2452 videat?
3385 2405 3480 2453 aut
3497 2399 3541 2454 si
3569 2399 3787 2465 abillis,

2192 2479 2336 2549 quod
2365 2497 2471 2534 non
2498 2481 2719 2537 dubium
2748 2490 2851 2550 est,
2883 2485 3078 2540 avertit
3106 2487 3314 2554 oculos,
3345 2488 3505 2543 etiam
3532 2504 3566 2542 a
3608 2489 3788 2555 nobis.

2191 2570 2283 2638 qui
2313 2571 2423 2626 illic
2453 2587 2656 2640 sumus,
2689 2575 2894 2644 pariter
2920 2583 3149 2632 avertat.
3183 2577 3251 2632 Et
3272 2593 3395 2635 cum
3416 2580 3531 2636 haec
3552 2581 3628 2636 ita
3657 2582 3783 2651 sint,

2190 2660 2414 2720 facimus
2443 2665 2558 2722 haec
2605 2675 2786 2724 tamen
2825 2684 2892 2724 ac
2929 2670 3046 2726 sine
3069 2673 3367 2729 cessatione
3391 2690 3513 2746 quze
3541 2675 3672 2731 dixi.
3702 2677 3787 2733 An

2189 2750 2330 2810 forte
2369 2757 2424 2810 in
2468 2772 2678 2814 morem
2717 2766 2962 2816 veterum
2989 2775 3323 2832 paganorum
3366 2765 3694 2821 theatrorum
3725 2776 3782 2822 et

2189 2846 2455 2902 cii-carum
2503 2864 2602 2904 nos
2644 2849 2806 2905 deum
2842 2850 3045 2908 habere
3091 2853 3448 2910 arbitramur?
3496 2855 3786 2912 Faciebant

2187 2939 2332 2994 enim
2371 2941 2486 2997 hzec
2531 2941 2608 2997 illi
2659 2942 2950 3014 quondam,
2995 2945 3122 3016 quia
3150 2945 3249 3000 has
3275 2945 3541 3002 idolorum
3565 2963 3784 3005 suorum

2185 3031 2410 3089 delicias
2455 3050 2578 3091 esse
2604 3029 2917 3091 credebant.
2954 3034 3065 3092 Nos
3091 3037 3366 3107 quomodo
3395 3038 3510 3095 haec
3534 3038 3783 3108 facimus,

2183 3125 2277 3197 qui
2307 3124 2485 3182 odisse
2512 3125 2682 3183 Deum
2711 3135 2956 3183 nostrum
2982 3127 3100 3184 haec
3118 3129 3252 3184 certi
3272 3131 3494 3185 sumus?
3516 3129 3623 3186 Aut
3637 3141 3786 3189 certe

479 3218 820 3273 verecundia:
848 3226 991 3274 statu
1033 3219 1213 3276 dicere
1251 3232 1434 3292 queat,
1468 3223 1586 3278 illas
1626 3240 1808 3280 rerum
1838 3225 2076 3295 turpium
2103 3223 2152 3287 C
2181 3218 2227 3272 Si
2254 3218 2469 3288 Placere
2497 3219 2593 3273 has
2612 3217 2974 3290 turpitudines
3000 3219 3115 3275 θθο
3135 3220 3403 3288 "Miluus,
3443 3237 3550 3278 "0“
3595 3224 3783 3293 Pmlli'

479 3309 832 3379 imitationes,
851 3312 968 3368 illas
984 3330 1174 3370 vocum
1191 3318 1552 3372 acverborum
1566 3318 1946 3386 obscenitates,
1965 3319 2082 3376 illas

478 3410 727 3458 motuum
757 3405 1138 3475 turpitudines,
1170 3406 1288 3462 illas
1335 3417 1586 3476 gestuum
1625 3409 1932 3465 foeditates?
1961 3424 2080 3480 quae

477 3496 665 3562 quanti
715 3495 823 3550 sint
865 3497 1105 3553 criminis
1133 3499 1218 3553 vel
1246 3499 1373 3555 hinc
1400 3500 1627 3569 intelligi
1655 3509 1837 3571 potest
1856 3501 1999 3570 quod
2022 3510 2078 3556 et

477 3585 797 3641 relationem
843 3590 926 3642 sui
978 3590 1321 3646 interdicunt.
1358 3592 1626 3648 Nonnulla
1672 3595 1871 3665 quippe
1911 3595 2075 3650 etiam

477 3679 714 3734 maxima
744 3680 949 3734 scelera
976 3681 1233 3737 incolumi
1261 3685 1548 3741 honestate
1577 3687 1863 3741 referentis
1885 3694 1940 3742 et
1971 3703 2072 3743 no-

478 3771 674 3826 minari
702 3778 757 3826 et
786 3771 940 3841 argui
960 3781 1204 3842 possunt,
1234 3782 1293 3829 ut
1321 3770 1688 3842 homicidium,
1713 3777 2070 3843 latrocinium,

475 3861 820 3928 adulterium,
852 3865 1215 3935 sacrilegium,
1239 3875 1545 3937 cacteraque
1576 3869 1631 3923 in
1660 3869 1806 3942 hunc
1829 3870 2069 3925 modum.

476 3954 619 4012 Sola:
647 3957 980 4013 theatrorum
1029 3959 1371 4029 impuritates
1408 3968 1534 4016 sunt
1560 3977 1680 4031 qua:
1706 3963 1936 4020 honeste
1961 3981 2070 4020 non

475 4054 702 4116 possunt
747 4049 830 4103 vel
870 4051 1132 4105 accusari.
1159 4050 1237 4106 Ita
1261 4067 1402 4107 nova
1431 4052 1483 4106 in
1507 4054 1848 4122 coarguenda
1877 4056 2070 4112 harum

383 4131 387 4134 “
473 4137 865 4206 turpitudinum
912 4140 1276 4207 probrositate
1331 4157 1420 4196 res
1465 4145 1645 4198 evenit
1691 4147 1960 4215 arguenti,
2011 4154 2069 4202 ut

473 4243 599 4285 cum
627 4228 830 4300 absque
857 4229 1020 4284 dubio
1041 4231 1298 4286 honestus
1326 4233 1398 4286 sit
1425 4234 1518 4304 qui
1542 4251 1799 4291 accusare
1829 4253 1893 4293 ea
1915 4239 2065 4302 velit,

470 4317 758 4376 honestate
787 4327 967 4374 tamen
997 4321 1202 4388 integra
1235 4337 1301 4377 ea
1347 4323 1498 4393 loqui
1546 4333 1600 4378 et
1655 4341 1912 4383 accusare
1956 4344 2067 4383 non

469 4413 660 4482 possit.
719 4411 837 4465 Alia
882 4426 1098 4483 quoque
1143 4415 1325 4470 omnia
1370 4416 1512 4470 mala
1539 4425 1761 4486 agentes
1797 4420 2063 4490 polluunt,

468 4517 582 4558 non
607 4501 851 4557 videntes
882 4502 966 4557 vel
995 4503 1295 4561 audientes.
1349 4504 1624 4576 Siquidem
1655 4510 1759 4564 etsi
1806 4511 2062 4581 blasphe-

2184 3309 2289 3364 beo
2316 3309 2447 3378 quin
2476 3309 2592 3366 sine
2613 3311 2916 3366 cessatione
2942 3309 3224 3367 faciamus.
3261 3310 3356 3367 Sin
3385 3328 3517 3368 vero
3545 3313 3602 3368 in
3650 3329 3781 3370 con-

2183 3402 2408 3458 scientia
2437 3411 2621 3460 nostra
2648 3404 2752 3460 hoc
2779 3411 2863 3460 est
2891 3404 3036 3475 quod
3063 3405 3208 3461 Deus
3233 3406 3439 3473 horret,
3462 3406 3609 3478 quod
3629 3422 3782 3464 exso-

2183 3503 2382 3563 cratur,
2415 3495 2560 3566 quod
2587 3496 2727 3551 sicut
2754 3496 2810 3552 in
2833 3497 2918 3553 his
2945 3497 3018 3552 sit
3042 3509 3232 3568 pastus
3250 3497 3471 3565 diaboli,
3500 3499 3577 3555 ita
3606 3501 3778 3557 ollen-

2180 3587 2264 3643 sio
2292 3587 2408 3653 Dei,
2438 3589 2711 3657 quomodo
2749 3605 2851 3646 nos
2889 3590 2945 3644 in
2998 3589 3240 3647 Ecclesia
3282 3591 3379 3647 Dei
3399 3592 3581 3649 colere
3609 3594 3775 3650 Deum

2181 3677 2430 3745 dicimus,
2456 3681 2549 3748 qui
2573 3681 2626 3735 in
2656 3680 2992 3737 obscenitate
3010 3681 3258 3738 ludorum
3303 3698 3517 3756 semper
3563 3685 3775 3742 diabolo

2180 3768 2530 3834 deservimus,
2559 3771 2744 3827 ethoc
2762 3772 2918 3842 gnari
2943 3788 3008 3828 ac
3027 3773 3285 3842 scientes,
3325 3775 3394 3830 de
3444 3777 3674 3833 consilio
3719 3783 3777 3833 ot

2180 3859 2480 3916 industria?
2533 3860 2600 3916 Et
2640 3878 2761 3932 quae
2817 3864 2992 3931 nobis,
3043 3881 3244 3934 quteso,
3302 3882 3428 3939 spes
3481 3869 3585 3924 erit
3631 3867 3774 3938 apud

2178 3951 2370 4017 Deum,
2394 3955 2485 4024 qui
2514 3971 2625 4011 non
2647 3949 2900 4012 casu’aut
2928 3958 3290 4029 imprudentia
3310 3959 3476 4016 Deum
3503 3959 3766 4026 laedimus,

2182 4047 2342 4117 119
2395 4046 2492 4102 sed
2517 4048 2768 4119 exemplo
2797 4049 3010 4104 illorum
3035 4052 3304 4121 quondam
3331 4051 3603 4120 gigantum
3632 4069 3772 4125 quos

2174 4138 2376 4194 insanis
2422 4141 2705 4198 conatibus
2746 4157 2982 4212 superna
3009 4141 3248 4202 tentasse
3267 4152 3321 4200 et
3337 4144 3492 4214 quasi
3515 4143 3571 4199 in
3601 4147 3771 4202 nubes

2173 4235 2397 4301 gradum
2425 4237 2608 4293 tulisse
2634 4237 2901 4307 legimus?
2926 4239 3016 4294 Sic
3052 4257 3152 4296 nos
3177 4256 3275 4311 per
3299 4239 3522 4311 injurias
3549 4256 3688 4310 quas
3715 4242 3768 4297 in

2173 4327 2320 4381 omni
2371 4329 2570 4385 mundo
2615 4330 2730 4386 Deo
2767 4347 2983 4402 semper
3002 4332 3300 4402 inferimus,
3329 4313 3483 4404 quasi
3503 4349 3768 4391 consensu

2170 4420 2386 4490 publico
2414 4423 2610 4478 caelum
2639 4438 3030 4495 oppugnamus.
3055 4424 3269 4482 Christo
3294 4441 3426 4496 ergo
3456 4428 3512 4498 (ο
3534 4428 3765 4484 amentia

2169 4517 2511 4569 monstruosa
2531 4515 2594 4586 !),
2624 4514 2841 4571 Christo
2862 4517 3130 4573 circenses
3158 4516 3433 4573 oﬂ'erimus
3460 4525 3517 4571 et
3548 4519 3762 4584 mimos,

469 4609 616 4650 mum
639 4595 948 4665 quempiam
968 4596 1173 4663 audias,
1201 4597 1483 4668 sacrilegio
1506 4618 1614 4657 non
1637 4603 1911 4673 pollueris,
1936 4602 2063 4672 quia
2088 4605 2144 4667 ι)
2169 4609 2223 4658 et
2245 4611 2374 4659 tunc
2401 4604 2506 4661 hoc
2528 4607 2764 4662 maxime
2785 4623 2907 4664 cum
2930 4608 2997 4663 ab
3019 4624 3086 4664 eo
3115 4608 3318 4678 aliquid
3345 4608 3474 4663 boni
3501 4610 3762 4680 capimus,

469 4693 650 4742 mente
679 4685 959 4754 dissentis;
982 4695 1036 4743 et
1063 4688 1110 4744 si
1134 4688 1464 4747 intervenias
1489 4692 1795 4760 latrocinio,
1827 4709 1936 4749 non
1975 4693 2061 4748 in-

467 4775 708 4846 quinaris
755 4786 897 4845 actu,
939 4779 1064 4850 quia
1095 4781 1356 4838 abhorres
1381 4783 1580 4838 animo.
1608 4782 1750 4838 Solae
1778 4793 2061 4855 spectacu-

466 4865 644 4924 lorum
672 4868 1006 4938 impuritates
1033 4880 1159 4928 sunt
1185 4889 1304 4944 quae
1337 4889 1501 4929 unum
1537 4873 1826 4930 admodum
1856 4876 2060 4932 faciunt

465 4967 523 5014 et
540 4960 812 5026 agentium
852 4970 908 5017 et
935 4964 1306 5034 aspicientium
1341 4966 1565 5022 crimen.
1596 4965 1728 5022 Nam
1758 4967 1886 5023 dum
1933 4986 2058 5041 spe-

464 5057 674 5107 ctantes
693 5053 808 5109 haec
826 5057 1178 5126 comprobant
1205 5073 1269 5115 ac
1287 5059 1520 5117 libenter
1546 5061 1748 5128 vident,
1773 5079 1961 5120 omnes
1989 5079 2054 5120 ea

462 5141 583 5198 visu
611 5151 773 5214 atque
793 5160 1013 5201 assensu
1039 5156 1221 5216 agunt.
1251 5149 1321 5205 Ut
1346 5159 1476 5208 vere'
1497 5153 1552 5206 in
1572 5168 1668 5208 eos
1695 5157 2051 5224 apostolicum

461 5232 594 5288 illud
622 5235 968 5304 peculiariter
993 5237 1171 5304 cadat,
1221 5243 1342 5313 quia
1389 5243 1531 5315 digni
1580 5256 1700 5298 sunt
1753 5257 1917 5301 morte
1945 5265 2051 5304 non

464 5323 628 5385 solum
653 5329 738 5397 qui
768 5328 969 5401 faciunt
994 5347 1074 5396 ea,
1103 5331 1198 5386 sed
1219 5335 1375 5387 etiam
1402 5337 1487 5406 qui
1517 5339 1839 5390 consentiunt
1861 5341 2053 5409 facien-

465 5413 598 5468 tibus
626 5416 797 5485 (Rom.
831 5437 868 5488 ι,
900 5421 1010 5493 52).
1035 5422 1224 5495 Itaque
1255 5426 1307 5480 in
1333 5426 1436 5481 illis
1471 5428 1790 5496 imaginibus
1818 5429 2049 5488 fornica-

465 5503 670 5561 tionum
697 5513 868 5568 omnis
889 5515 1110 5572 omnino
1140 5516 1293 5587 plebs
1319 5517 1496 5571 animo
1527 5515 1851 5583 fornicatur;
1880 5527 1934 5574 et
1953 5523 2046 5590 qui

2169 4711 2292 4750 cum
2320 4698 2698 4768 prosperitatis
2715 4700 2785 4754 ab
2811 4715 2878 4756 eo
2907 4699 3109 4770 aliquid
3130 4700 3460 4767 attribuitur,
3484 4708 3578 4755 aut
3598 4702 3763 4756 victo-

2165 4788 2246 4843 ria
2274 4787 2342 4844 de
2361 4789 2613 4846 hostibus
2636 4807 2667 4844 a
2697 4791 2987 4847 Divinitate
3015 4791 3338 4862 praestatur?
3365 4789 3433 4844 Et
3451 4790 3578 4859 quid
3609 4790 3752 4845 aliud

2163 4879 2268 4936 hac
2312 4895 2373 4936 re
2425 4880 2604 4937 facere
2650 4881 2895 4936 videmur
2914 4896 3075 4951 quam
3104 4881 3150 4936 si
3177 4881 3300 4951 quis
3321 4879 3526 4936 homini
3554 4877 3759 4935 beneﬁ-

2161 4971 2303 5026 cium
2351 4971 2599 5041 largienti
2629 4970 2919 5040 injuriosus
2948 4971 3036 5038 sit,
3064 4976 3158 5026 aut
3187 4970 3553 5026 blandientem
3573 4969 3758 5026 convi-

2159 5063 2257 5119 ciis
2279 5063 2467 5129 caedat,
2491 5071 2584 5118 aut
2605 5062 2900 5118 osculantis
2926 5061 3134 5116 vultum
3152 5076 3414 5117 mucrone
3438 5061 3757 5129 transﬁgat?

2159 5153 2437 5222 Interrogo
2485 5153 2630 5208 enim
2669 5167 2858 5208 omnes
2909 5159 3162 5222 potentes
3211 5166 3276 5206 ac
3329 5151 3523 5206 divites
3568 5149 3756 5205 mundi

2157 5245 2337 5315 hujus,
2383 5244 2535 5314 cujus
2575 5243 2772 5315 piaculi
2799 5257 2925 5298 reus
2952 5243 3024 5298 sit
3060 5256 3250 5298 servus
3271 5241 3363 5296 ille
3391 5241 3486 5312 qui
3513 5240 3660 5296 bono
3690 5255 3755 5295 ac

2157 5337 2249 5407 pio
2273 5336 2492 5392 domino
2521 5336 2723 5391 malum
2751 5335 2971 5404 cogitet,
3005 5335 3096 5404 qui
3141 5335 3281 5390 bene
3307 5333 3536 5389 merenti
3567 5332 3754 5390 convi-

2157 5431 2300 5486 cium
2328 5430 2512 5496 faciat,
2544 5439 2601 5487 et
2644 5447 2745 5502 pro
2779 5431 3034 5509 libertate
3057 5445 3220 5500 quam
3241 5431 3438 5502 accipit
3465 5439 3750 5486 contume-

2151 5521 2278 5576 liam
2304 5520 2512 5576 reddat.
2545 5522 2763 5592 Absque
2782 5521 2947 5578 dubio
2975 5521 3197 5577 maximi
3215 5521 3456 5578 criminis
3478 5535 3604 5578 reus
3631 5535 3750 5576 cre-

1616 5611 1984 5669 STEPHANI
2021 5615 2297 5673 BALUZII
2332 5615 2562 5672 ΝΟΤᾸΕ.

539 5701 566 5730 ι
603 5692 854 5752 Tribulos
873 5699 948 5752 ait
988 5701 1376 5761 Rittershusius
1405 5704 1737 5760 machinulas
1779 5720 1900 5760 csse
1937 5706 2046 5762 fer-

465 5777 604 5847 reas,
631 5764 862 5847 dolosas,
888 5775 1163 5847 tetragona
1198 5775 1388 5837 forma,
1413 5791 1530 5846 qua:
1568 5777 1620 5831 in
1649 5791 2044 5847 quamcumque

465 5843 676 5904 partem
705 5837 1057 5903 incubuerint,
1088 5857 1255 5898 unum
1277 5857 1365 5899 aut,
1387 5837 1565 5916 plures
1584 5837 1800 5904 aculeos
1824 5837 2045 5906 infestos

2193 5709 2504 5765 rotendunt.
2553 5709 2757 5765 Latinis
2797 5719 2978 5767 autem
3041 5711 3148 5767 alio
3193 5709 3460 5766 vocabulo
3505 5709 3736 5765 muriws

2193 5727 2504 5765 rorenuunt.
2553 5727 2757 5765 Latinis
2797 5727 2978 5767 autem
3041 5727 3148 5767 auo
3193 5727 3460 5766 vocanqu
3505 5727 3736 5765 ηιιιηως

2151 5727 2257 5835 Ξίοἰ
2286 5781 2487 5852 scribit.
2521 5780 2655 5837 Vide
2682 5795 2845 5850 porro
2873 5781 3120 5838 Vossium
3149 5782 3202 5837 in
3232 5779 3605 5852 Etymologico
3640 5779 3743 5836 lin-

2154 5865 2272 5920 gua:
2304 5849 2526 5906 Latinas.
