4088 6360
329 378 441 434 “5

1403 369 1493 425 DE
1529 364 2064 427 GUBERNATIONE
2102 366 2214 423 D
2253 368 2378 424 LIB.
2422 370 2507 426 Vl.
3311 414 3344 435 .

3517 373 3621 430 ιιι

324 490 472 547 ditur
496 495 591 557 qut
616 486 814 541 malum
843 500 942 556 pro
972 485 1116 538 bono
1142 482 1338 548 reddit,
1369 482 1456 537 cui
1510 482 1674 537 etiam
1719 479 1920 536 malum
1946 481 1997 542 Α
2025 490 2327 538 sectatorem
2349 482 2601 539 bonorum
2621 502 2849 556 operum.
2878 483 2977 541 Ubi
2999 495 3081 541 est
3105 487 3334 558 populus
3356 486 3446 544 ille
3466 503 3620 544 mun-

323 595 428 653 pro
448 579 593 634 malo
613 577 836 633 reddere
864 592 974 631 non
1005 576 1210 630 liceret.
1237 573 1353 629 Hoc
1371 587 1500 643 ergo
1524 573 1687 628 etiam
1706 588 1807 629 nos
1827 573 1920 643 qui

327 671 624 729 Christiani
652 671 899 737 dicimur,
924 669 1166 725 facimus.
1189 668 1475 724 lnritamus
1502 669 1556 721 in
1611 681 1712 722 nos
1756 666 1920 722 mise-

327 768 596 827 ricordem
640 769 808 823 Deum
844 765 1255 837 impuritatihus
1293 762 1510 828 nostris,
1543 761 1922 832 propitiantem

330 865 580 921 sordibus
607 862 871 926 laedimus,
903 860 1268 917 blandientem
1299 857 1506 928 injuriis
1553 857 1918 914 verberamus.

401 956 465 1010 V.
506 953 722 1010 Christo
747 969 878 1024 ergo
907 956 964 1022 (ο
993 952 1228 1008 amentia
1255 958 1596 1007 monstruosa
1613 950 1678 1021 l),
1702 948 1920 1005 Christo

327 1049 598 1104 circenses
618 1046 894 1101 oﬂerimus
915 1054 970 1100 et
1010 1045 1223 1110 mimos,
1259 1041 1476 1098 Christo
1502 1057 1604 1113 pro
1644 1040 1924 1098 beneﬁciis

328 1141 440 1196 suis
483 1139 824 1193 theatrorum
859 1137 1094 1192 obscena
1123 1134 1417 1201 reddimus,
1447 1131 1668 1190 Christo
1689 1132 1924 1190 ludicro-

326 1245 450 1286 rum
470 1230 902 1306 turpissimarum
928 1228 1133 1301 hostias
1147 1225 1519 1281 immolamﬁ?
1540 1224 1801 1280 Videlicet
1820 1225 1926 1280 hoc

331 1337 434 1376 nos
453 1336 553 1392 pro
583 1321 738 1377 nobis
766 1320 820 1375 in
839 1335 1001 1375 carne
1029 1326 1188 1374 natus
1207 1316 1458 1374 Salvator
1481 1325 1669 1373 noster
1683 1316 1920 1372 edocuit.

327 1412 445 1468 Hoc
492 1413 578 1467 vel
622 1427 720 1484 per
762 1427 821 1468 se
849 1411 1023 1482 ipsum
1044 1411 1131 1466 vel
1158 1425 1255 1482 per
1283 1410 1563 1481 apostolos
1588 1409 1918 1480 prmdicavit.

329 1501 558 1574 Propter
611 1504 716 1560 hoc
743 1504 991 1558 humanae
1019 1503 1314 1559 nativitatis
1341 1501 1720 1559 verecundiam
1740 1501 1919 1564 subiit,

328 1603 384 1650 et
397 1604 421 1632 ⁸
437 1595 826 1650 contumeliosa
847 1595 1046 1651 terreni
1071 1603 1224 1650 ortus
1237 1594 1499 1666 principia
1519 1593 1772 1664 suscepit.
1793 1591 1925 1648 Pro-

326 1694 450 1758 pter
471 1686 649 1742 hocin
672 1687 932 1756 praisepio
947 1685 1136 1756 jacuit,
1164 1687 1252 1742 cui
1280 1686 1587 1742 servierunt
1599 1684 1778 1754 angeli
1799 1699 1922 1739 cum

322 1777 544 1846 jaceret.
578 1775 806 1847 Propter
826 1777 930 1833 hoc
965 1777 1164 1832 involvi
1189 1793 1249 1833 se
1277 1792 1580 1847 pannorum
1610 1775 1920 1847 crepundiis

2025 574 2146 642 dus,
2169 575 2261 630 ubi
2281 577 2513 647 populus
2535 579 2897 648 acceptabilis,
2921 580 3011 635 ubi
3025 580 3254 651 populus
3266 581 3394 636 boni
3416 580 3617 652 operis,

2026 669 2117 725 ubi
2163 670 2396 741 populus
2443 671 2779 727 sanctitatis?
2827 671 3086 739 Christus,
3118 673 3288 742 inquit
3315 673 3614 744 Scriptura.

2025 780 2119 835 pro
2142 761 2291 818 nobis
2319 779 2506 835 passus
2534 772 2629 830 est,
2687 762 2837 818 nobis
2891 765 3180 837 exemplum
3224 765 3513 839 relinquens
3563 775 3620 818 ut

2023 876 2298 933 sequamur
2322 861 2538 933 uestigia
2561 859 2678 932 ejus
2698 858 2744 930 (l
2783 858 2902 914 Pet.
2935 877 2991 926 ιι,
3021 860 3136 934 2|).
3167 860 3428 917 Videlicet
3453 861 3620 916 vesti-

2023 952 2109 1021 gia
2140 949 2439 1008 Salvatoris
2465 952 2742 1021 sequimur
2763 951 2820 1006 in
2848 951 3026 1017 circis,
3058 952 3284 1022 vestigia
3323 951 3622 1007 Salvatoris

2023 1043 2299 1114 sequimur
2322 1043 2376 1098 in
2401 1043 2645 1099 theatris.
2671 1041 2802 1098 Tale
2825 1043 2983 1098 nobis
3000 1043 3206 1099 scilicet
3225 1042 3472 1101 Christus
3498 1043 3620 1099 reli-

2029 1134 2148 1203 quit
2175 1134 2518 1204 exemplnm;
2548 1148 2710 1204 quem
2738 1131 2766 1172 δ
2796 1131 3009 1189 ﬂevisse
3030 1133 3274 1202 legimus,
3297 1135 3481 1191 risisse
3513 1149 3624 1189 non

2026 1228 2272 1296 legimus.
2324 1227 2393 1282 Et
2447 1228 2550 1283 hoc
2603 1236 2890 1296 utrumque
2927 1241 3028 1297 pro
3082 1227 3278 1282 nobis:
3309 1227 3434 1298 quia
3464 1226 3623 1283 fletus

2026 1318 2371 1388 compunctio
2419 1327 2503 1373 est
2539 1319 2752 1383 animae,
2802 1318 2941 1373 risus
2977 1318 3256 1390 corruptio
3301 1318 3617 1389 disciplinae.

2034 1411 2186 1481 121
2218 1408 2287 1464 Et
2313 1409 2435 1465 ideo
2463 1409 2698 1475 dicebat,
2739 1408 2830 1464 γω
2858 1407 2998 1463 vobis
3024 1409 3112 1481 qui
3140 1408 3341 1474 ridetis,
3373 1411 3622 1479 quoniam

2026 1505 2215 1574 ﬂebitis
2264 1502 2415 1575 (Luc.
2466 1519 2540 1567 Vl,
2591 1501 2704 1572 25).
2765 1500 2873 1556 Et:
2906 1500 3054 1555 Beati
3075 1503 3161 1572 qui
3191 1502 3347 1571 ﬂetis,
3377 1502 3624 1572 quoniam

2026 1591 2260 1648 ridebitis
2301 1592 2488 1665 (ιδιά,
2520 1593 2633 1662 2i).
2667 1593 2832 1648 Nobis
2860 1601 3040 1648 autem
3091 1592 3269 1648 ridere
3307 1599 3362 1646 et
3389 1592 3629 1660 gaudere

2027 1701 2134 1741 non
2150 1683 2364 1752 sulﬁcit,
2377 1687 2481 1742 nisi
2500 1702 2623 1742 cum
2641 1694 2864 1757 peccato
2879 1694 3040 1754 atque
3054 1685 3260 1740 insania
3275 1683 3625 1753 gaudeamus,

2026 1781 2128 1836 nisi
2149 1781 2288 1836 risus
2310 1787 2497 1836 noster
2519 1779 2936 1850 impuritatibus,
2970 1777 3071 1833 nisi
3083 1776 3296 1846 ﬂagitiis
3315 1777 3625 1832 misceatur.
3677 1775 3696 1792 ‘

324 1868 515 1931 voluit,
547 1869 639 1938 qui
667 1870 864 1924 caelum
889 1869 1109 1938 regebat
1130 1870 1185 1923 in
1207 1869 1418 1939 pannis.
1459 1866 1687 1940 Propter
1731 1868 1835 1923 hoc
1864 1868 1918 1923 in
1946 1868 1996 1930 Β
2095 1871 2180 1926 Vl.
2224 1871 2373 1939 Quis,
2391 1885 2542 1941 rogo,
2561 1872 2650 1928 hic
2667 1887 2821 1926 error
2845 1879 2946 1935 est,
2963 1885 3083 1939 quae
3101 1869 3341 1924 sultitia?
3361 1866 3628 1938 Numquid

324 1960 567 2030 patibulo
611 1959 884 2031 pependit.
935 1962 1091 2032 120
1123 1975 1285 2030 quem
1325 1961 1652 2030 pendean
1689 1960 1921 2016 mundus

324 2051 562 2120 expavit.
597 2049 695 2138 Qui
724 2060 934 2122 propter
953 2068 1058 2118 vos,
1088 2053 1262 2123 inquit
1280 2052 1592 2123 Apostolus,
1620 2069 1815 2122 pauper
1836 2054 1921 2124 {a-

323 2154 437 2199 ctus
463 2155 558 2209 est,
585 2162 700 2198 eum
729 2145 868 2205 dives
896 2154 1047 2210 esset,
1070 2157 1126 2199 ut
1153 2146 1296 2201 illius
1337 2147 1516 2216 inopia
1552 2161 1640 2199 vos
1683 2145 1927 2198 honesta-

247 2260 256 2266 ο
327 2237 514 2291 remini
545 2235 608 2306 (ll
651 2234 769 2290 Cor.
803 2252 915 2300 thl,
945 2235 1023 2305 9).
1075 2234 1141 2289 Et
1169 2253 1284 2290 cum
1311 2237 1577 2306 informa,
1603 2234 1797 2302 inquit,
1830 2233 1929 2289 Dei

326 2335 482 2393 esset,
507 2327 796 2380 Ituntiliavit
817 2327 1146 2396 semetipsum
1165 2343 1324 2398 usque
1352 2327 1422 2379 ad
1463 2334 1699 2390 mortem,
1715 2334 1929 2380 mortem

326 2428 499 2473 autem
526 2420 692 2471 crucis
723 2416 982 2488 (Philipp.
999 2434 1055 2481 ιι,
1073 2415 1125 2482 6,
1144 2416 1220 2486 8).
1250 2415 1366 2472 Hoc
1392 2432 1492 2472 nos
1510 2416 1760 2471 videlicet
1781 2414 1931 2470 Chri-

328 2519 447 2564 stus
476 2509 684 2569 imbuit,
723 2522 847 2561 cum
876 2521 974 2577 pro
997 2507 1152 2562 nobis
1171 2507 1274 2561 ista
1305 2507 1575 2561 toleraret.
1608 2504 1925 2561 Praeclaram

333 2597 576 2668 passioni
599 2596 714 2666 ejus
735 2596 1151 2652 vicissitudinem
1174 2596 1463 2661 reddimus,
1491 2598 1584 2665 qui
1608 2613 1728 2652 cum
1750 2606 1924 2654 morte

335 2688 504 2758 ipsius
531 2687 953 2758 redemptionem
977 2688 1362 2758 acceperimus,
1390 2689 1556 2742 vitam
1597 2690 1647 2743 ei
1679 2690 1923 2760 turpissi-

329 2794 475 2834 mam
517 2793 879 2848 repensamus.
913 2778 1165 2850 Apparuit
1191 2781 1346 2846 enim,
1381 2781 1553 2848 inquit
1580 2781 1922 2838 beatissimus

330 2869 548 2935 Paulus,
589 2873 756 2941 gratia
805 2869 1015 2925 Domini
1065 2873 1229 2926 nostri
1283 2870 1407 2925 Jesu
1436 2869 1646 2936 Christi,
1683 2873 1921 2927 erudiens

329 2978 446 3029 nos,
475 2971 531 3014 ut
551 2960 860 3033 abnegantes
888 2964 1201 3033 impietatem
1242 2971 1291 3016 et
1323 2964 1595 3017 saecularia
1642 2965 1921 3031 desideria,

328 3051 497 3107 sobrie
514 3062 565 3106 et
582 3055 666 3124 pie
677 3063 727 3107 et
739 3055 882 3124 juste
893 3063 896 3066 ’
907 3056 1133 3108 vivamus
1155 3056 1209 3108 in
1231 3055 1326 3108 hoc
1340 3055 1549 3118 steculo,
1568 3065 1923 3126 exspectantes

331 3147 531 3200 beatam
551 3162 693 3217 spem
713 3156 762 3200 et
782 3147 1056 3200 adventum
1092 3145 1306 3200 Domini
1333 3147 1514 3217 gloria:
1541 3149 1718 3219 magni
1747 3147 1845 3201 Dei
1874 3158 1924 3201 et

2025 1964 2195 2018 laetari
2238 1963 2451 2018 assidue
2492 1970 2548 2018 et
2587 1961 2764 2018 ridere
2808 1976 2918 2042 non
2965 1975 3283 2032 possumus,
3323 1959 3424 2014 nisi
3461 1959 3629 2016 risum

2027 2063 2273 2108 nostrum
2299 2061 2463 2122 atque
2478 2053 2719 2107 latitiam
2745 2052 2922 2107 scelus
2941 2067 3057 2106 esse
3072 2050 3364 2107 faciamus?
3380 2049 3459 2103 An
3489 2048 3631 2104 forte

2029 2145 2424 2200 infructuosum
2444 2151 2698 2212 putamus
2720 2141 2970 2211 gaudium
2990 2143 3240 2212 simplex,
3269 2156 3371 2195 nec
3396 2140 3632 2194 delectat

2030 2235 2208 2289 ridere
2235 2234 2354 2287 sine
2381 2232 2640 2287 crimine?
2660 2230 2834 2297 Quod,
2859 2245 3012 2299 rogo,
3045 2232 3150 2286 hoc
3177 2231 3377 2284 malum
3405 2238 3506 2293 est,
3539 2238 3632 2285 aut

2031 2324 2154 2392 quis
2183 2322 2372 2376 furor?
2401 2320 2726 2386 Rideamus,
2766 2334 2980 2390 quaeso,
3011 2319 3306 2390 quamlibet
3335 2319 3629 2374 immensa.

2030 2416 2208 2480 ratim,
2241 2415 2485 2470 lmtemur
2510 2413 2806 2484 quamlibet
2821 2411 3347 2483 jugiter,dummodo
3375 2413 3630 2468 innocen-

2028 2518 2131 2564 ter.
2166 2506 2297 2576 Qua;
2325 2507 2576 2563 vecordia
2616 2513 2701 2563 est
2739 2514 2797 2563 et
2841 2508 3109 2573 amentia,
3139 2515 3335 2562 utnon
3381 2515 3630 2578 putemus

2025 2603 2190 2658 risum
2235 2611 2293 2658 et
2328 2602 2582 2671 gaudium
2611 2601 2746 2656 tanti
2774 2615 2914 2668 esse,
2953 2601 3058 2657 nisi
3087 2601 3142 2656 in
3170 2615 3231 2656 se
3256 2599 3354 2656 Dei
3382 2600 3630 2662 habuerit

2026 2697 2318 2766 injuriam?
2347 2696 2598 2767 injuriam
2632 2697 2846 2767 utique,
2873 2704 2929 2751 et
2969 2697 3186 2766 quidem
3226 2697 3537 2752 maximam.
3569 2695 3630 2754 lu

2025 2786 2347 2857 spectaculis
2367 2787 2512 2841 enim
2540 2786 2788 2856 quasdam
2807 2787 3079 2856 apostasia
3109 2786 3232 2843 ﬁdei
3260 2796 3344 2844 est
3371 2797 3468 2844 eta
3491 2805 3628 2860 sym-

2026 2879 2167 2935 bolis
2196 2879 2364 2949 ipsius
2391 2887 2446 2932 et
2460 2878 2776 2934 caelestibus
2810 2879 3169 2935 sacramentis
3182 2879 3397 2935 lethalis
3423 2895 3629 2950 praeva-

2027 2972 2237 3026 ricatio.
2261 2970 2393 3038 Quae
2420 2981 2502 3027 est
2528 2971 2672 3026 enim
2701 2972 2756 3026 in
2783 2971 3052 3042 baptismo
3078 2972 3302 3031 salutari
3325 2983 3348 3011 ο
3376 2971 3629 3028 Christia-

2030 3078 2222 3118 norum
2250 3063 2422 3134 prima
2451 3061 2758 3118 confessio?
2804 3061 2936 3130 Qua
2961 3063 3168 3120 scilicet
3195 3065 3299 3120 nisi
3342 3073 3400 3120 ut
3428 3081 3629 3126 renun-

2029 3157 2166 3212 tiare
2192 3171 2252 3212 se
2279 3156 2498 3211 diabolo
2524 3171 2589 3211 ac
2614 3156 2829 3227 pompis
2856 3156 2972 3226 ejus
3019 3162 3183 3228 atque
3223 3158 3544 3228 spectaculis
3573 3168 3629 3214 et

331 3235 621 3290 Saluatoris
669 3239 832 3291 nostri
859 3236 985 3290 Jesu
1025 3237 1261 3291 Christi:
1289 3239 1375 3308 qui
1415 3238 1556 3292 dedit
1597 3239 1923 3310 semetipsum
1950 3244 1998 3310 ο
2029 3249 2283 3320 operibus
2326 3249 2733 3320 protestantur?
2760 3247 2904 3318 Ergo
2953 3249 3261 3320 spectacula
3306 3257 3362 3304 et
3389 3265 3623 3321 pompm,

331 3345 425 3399 pro
445 3328 612 3394 nobis,
635 3337 692 3382 ut
711 3345 806 3383 nos
829 3329 1099 3382 redimeret
1123 3330 1190 3382 ab
1219 3329 1360 3383 omni
1389 3330 1676 3401 iniquitate,
1705 3338 1756 3384 et
1781 3347 1928 3385 mun-

333 3419 480 3473 daret
507 3419 604 3474 sibi
631 3419 875 3491 populum
913 3419 1296 3491 acceptabilem,
1325 3429 1626 3474 sectatorem
1675 3421 1924 3476 bonorum

332 3529 542 3584 operum
591 3511 716 3584 (Tit.
749 3528 786 3577 ι,
820 3511 1026 3583 11-14).
1060 3511 1159 3568 Ubi
1187 3520 1314 3568 sunt
1333 3514 1426 3582 qui
1449 3512 1562 3569 hinc
1588 3513 1786 3570 faciant
1807 3531 1926 3586 pro-

330 3612 454 3674 pter
479 3619 599 3674 qua:
624 3604 835 3659 venisse
861 3602 1134 3659 Christum
1163 3605 1457 3674 Apostolus
1477 3606 1646 3662 dicit?
1676 3605 1777 3663 Ubi
1797 3619 1923 3664 sunt

331 3696 423 3764 qui
470 3695 734 3751 desideria
780 3697 957 3751 saeculi
1005 3695 1228 3765 fugiant,
1278 3697 1367 3752 ubi
1418 3699 1510 3768 qui
1546 3700 1711 3753 vitam
1739 3701 1827 3770 pie
1857 3717 1921 3758 ac

331 3785 473 3855 juste
525 3796 708 3855 agant,
756 3787 847 3842 ubi
886 3788 978 3856 qui
1018 3777 1320 3859 sperare'se
1348 3803 1496 3858 spem
1526 3789 1738 3845 beatam
1768 3792 1924 3847 bonis

332 3880 587 3950 operibus
634 3880 940 3944 ostendant,
983 3889 1040 3935 et
1067 3882 1464 3936 immaculatam
1492 3885 1658 3937 vitam
1682 3896 1919 3954 agentes,

337 3973 440 4028 hoc
460 3973 576 4042 ipso
598 3989 655 4028 se
678 3973 966 4044 perhibent
1005 3987 1231 4041 regnum
1280 3975 1375 4028 Dei
1428 3985 1743 4045 exspectare
1796 3980 1923 4047 quia

338 4072 613 4118 merentur
654 4065 935 4134 accipere?
987 4065 1166 4128 Venit,
1203 4066 1396 4133 inquit,
1455 4067 1715 4121 Dominus
1771 4069 1927 4125 Jesus

340 4149 614 4219 Christus,
661 4163 718 4207 ut
763 4155 1039 4208 mandaret
1084 4156 1180 4208 sibi
1226 4156 1471 4226 populum
1533 4161 1924 4231 acceptabilem,

2030 3345 2194 3401 etiam
2218 3344 2372 3414 juxta
2413 3352 2651 3400 nostram
2678 3343 3097 3414 professionem,
3151 3359 3316 3414 opera
3355 3352 3481 3398 sunt
3507 3343 3625 3397 dia-

2028 3438 2158 3494 boli.
2192 3436 2496 3504 Quomodo,
2528 3451 2563 3490 o
2590 3433 2917 3498 Christiane,
2946 3434 3251 3505 qiectacula
3273 3443 3397 3504 post
3424 3432 3628 3503 baptis-

2028 3545 2174 3584 mum
2203 3529 2464 3598 sequeris,
2491 3541 2613 3596 qua!
2637 3541 2775 3596 opus
2802 3539 2923 3580 esse
2950 3524 3152 3580 diaboli
3173 3522 3489 3579 conﬁteris?
3519 3523 3628 3578 Re-

2028 3617 2286 3674 nuntiasti
2312 3615 2484 3672 semel
2527 3614 2744 3670 diabolo
2773 3621 2830 3670 et
2867 3615 3190 3685 spectaculis
3227 3613 3371 3684 ejus;
3421 3630 3484 3669 ac
3531 3629 3627 3684 per

2027 3712 2132 3766 hoc
2153 3723 2372 3765 necesse
2397 3714 2482 3763 est
2510 3715 2570 3761 ut
2593 3705 2832 3778 prudens
2851 3714 2907 3761 et
2926 3706 3123 3773 sciens,
3154 3705 3283 3760 dum
3311 3705 3377 3759 ad
3406 3714 3623 3774 specta-

2026 3804 2147 3860 cula
2168 3817 2398 3868 remeas,
2421 3797 2490 3855 ad
2509 3799 2784 3855 diabolum
2804 3807 2860 3854 te
2876 3799 3053 3854 redire
3066 3811 3379 3864 cognoscas.
3402 3795 3628 3863 Utrique

2026 3896 2172 3949 enim
2221 3893 2301 3947 rei
2329 3891 2489 3947 simul
2518 3889 2860 3955 renuntiasti,
2891 3897 2948 3942 et
2970 3903 3136 3942 unum
3183 3896 3470 3952 utrumque
3509 3900 3628 3939 esse

1969 3999 1986 4009 ·
2026 3985 2229 4039 dixisti.
2254 3983 2312 4036 Si
2340 3981 2409 4036 ad
2437 3995 2604 4035 unum
2622 3978 2932 4041 reverteris,
2947 3977 3016 4032 ad
3035 3984 3323 4044 utrumque
3349 3977 3621 4029 remeasti.

2030 4074 2348 4126 Abrenuntio
2391 4072 2546 4135 enim,
2578 4069 2776 4138 inquis,
2817 4066 3042 4134 diabolo,
3072 4068 3292 4140 pompis,
3321 4069 3625 4139 spectaculis

2030 4176 2082 4222 et
2110 4162 2345 4236 operibus
2391 4165 2525 4235 ejus.
2558 4161 2624 4216 Et
2652 4161 2779 4232 quid
2826 4161 3064 4232 postea?
3105 4158 3291 4226 Credo,
3344 4161 3538 4229 inquis,
3569 4163 3624 4214 in

1514 4269 1850 4330 STEPHANI
1889 4276 2161 4334 BALUZII
2200 4273 2429 4331 NOTIE.

413 4354 840 4428 Irlnfranlibsn
888 4353 1144 4410 adversus
1194 4357 1504 4424 Avaritiam,
1538 4374 1662 4428 pag.
1703 4360 1824 4428 227,
1857 4364 1924 4420 de

333 4426 582 4482 Christo:
602 4424 924 4501 Humiliatus
949 4443 1109 4498 usque
1129 4428 1198 4481 ad
1219 4428 1431 4482 humani
1456 4424 1656 4484 exordii
1677 4424 1922 4501 pudorem

333 4507 381 4553 et
427 4512 733 4570 pannorum
761 4497 1099 4570 inluviem;et
1141 4501 1380 4570 prtesepii
1408 4497 1685 4554 vilitatemI
1727 4500 1921 4560 Hiero—

335 4566 527 4640 nymus
553 4568 606 4622 in
651 4567 876 4638 epistola
905 4566 972 4621 de
993 4566 1382 4651 Filio'prodi'go
1411 4571 1474 4623 ad
1505 4586 1698 4640 papam
1730 4573 1923 4630 Dama-

333 4655 452 4714 s_urn
486 4657 498 4690 :
531 4635 658 4714 Qui:
685 4645 1044 4714 autem‘pot‘est
1063 4655 1234 4710 major
1260 4656 1370 4693 esse
1388 4641 1656 4714 clementia
1685 4659 1836 4714 quam
1866 4655 1924 4699 ut

2028 4365 2309 4436 epistolam
2323 4365 2548 4434 primam
2565 4364 2810 4420 Leidradi
2827 4365 3216 4436 archiepiscopi
3230 4365 3618 4436 Lugdunensis,

2027 4435 2770 4588 faEZS'igpactioLutvOcat
2791 4507 3027 4588 lsidorus
3055 4509 3106 4588 i_n
3137 4507 3274 4561 libro
3298 4509 3536 4588 secundo
3556 4473 3626 4563 de

2031 4575 2430 4650 Ecclesiasticis
2452 4575 2661 4650 ciliciis,
2695 4592 2813 4646 cap.
2839 4577 2909 4630 24
2935 4577 3165 4650 :Prima
3195 4580 3365 4647 pactio
3406 4588 3482 4632 est
3520 4597 3620 4650 qua

2026 4649 2352 4730 renuntiatur
2379 4646 2586 4730 dittbolo
2619 4657 2668 4729 et
2697 4650 2898 4730 pompis
2918 4649 3106 4729 ejuset
3132 4646 3622 4730 uniuersm'conver-

337 4709 513 4793 filim-3.
534 4711 644 4773 Dei,
674 4705 902 4793 hominis
931 4705 978 4759 F
982 4708 1102 4793 ilius
1129 4705 1449 4793 nasceretur,
1467 4711 1639 4793 decem
1667 4705 1922 4793 mensium
1951 4777 1998 4793 κ
2026 4719 2218 4772 sationi
2249 4718 2412 4793 illius.
2446 4705 2711 4793 Ctesarius
2741 4718 2792 4771 iu
2817 4705 3160 4793 Expositione
3177 4717 3309 4793 1idei
3339 4736 3349 4769 :
3385 4717 3622 4793 Interro-

335 4777 548 4852 fastidia
576 4781 867 4860 sustineret,
902 4788 1080 4860 partus
1096 4789 1424 4860 exspectaret
1444 4777 1737 4860 adventum,
1756 4788 1922 4860 invol-
1947 4777 2002 4838 Ι)
2026 4805 2212 4860 gamur
2238 4789 2374 4841 enim
2395 4789 2449 4840 in
2471 4788 2726 4860 baptismo
2755 4777 2926 4860 utrum
2948 4787 3365 4842 abrenuntiemus
3394 4787 3620 4853 diabolo,

333 4850 533 4928 teretur
579 4851 786 4921 pannis,
833 4850 1168 4918 subjiceretur
1197 4852 1513 4928 parentibus,
1564 4871 1654 4924 per
1689 4857 1920 4928 singulas

339 4922 570 4996 adoleret
597 4929 799 4996 tetates,
832 4928 882 4972 et
908 4929 1023 4989 post
1055 4923 1393 4996 contumelias
1421 4922 1626 4996 vocum,
1649 4922 1845 4996 alapas
1875 4937 1927 4982 et

337 4993 565 5064 ﬂagella,
597 4992 762 5064 crucis
791 5007 987 5064 quoque
1014 5007 1124 5064 pro
1138 4991 1286 5046 nobis
1314 4994 1460 5064 ﬁeret
1487 4991 1836 5060 maledictum,
1867 5009 1925 5050 ut

336 5062 428 5117 nos
457 5079 489 5116 a
517 5063 791 5134 maledicto
825 5062 951 5134 legis
968 5062 1280 5134 absolveret,
1305 5062 1456 5134 Patri
1486 5066 1656 5134 [actus
1684 5064 1924 5120 obediens

245 5179 253 5188 .
336 5150 494 5205 usque
512 5133 584 5186 ad
601 5141 834 5205 mortem.
858 5131 936 5205 Ita
968 5131 1228 5205 legendus
1249 5143 1334 5186 est
1368 5133 1452 5205 hic
1487 5131 1802 5205 Hieronymi
1843 5137 1926 5190 lo-

336 5201 432 5328 gis
486 5202 629 5328 θὲιόυὰ
678 5201 1024 5270 Agobardum
1075 5203 1130 5256 in
1177 5202 1315 5257 libro
1355 5201 1611 5258 adversus
1666 5201 1921 5272 Felicem,

400 5289 454 5328 ι).
569 5317 582 5328 .
1394 5293 1398 5296 ·

400 5289 728 5399 ξ’Νἲῖιιίινιιιιι
771 5343 858 5415 ob
885 5351 1117 5398 mortem
1165 5342 1372 5415 Latiari.
1404 5341 1556 5399 Unde
1595 5345 1928 5415 collegerunt

338 5414 506 5470 Judaei
556 5416 700 5470 illum
742 5413 897 5467 valde
942 5422 1180 5468 amatum
1225 5413 1386 5468 fuisse
1433 5429 1461 5467 a
1511 5413 1756 5471 Christof
1795 5417 1929 5472 Nam

339 5501 624 5556 supremae.
646 5485 748 5540 illa:
776 5483 1024 5556 lacryma:
1048 5485 1362 5556 amantium
1409 5487 1577 5554 magis
1617 5497 1741 5541 sunt
1768 5502 1928 5556 quam

339 5553 701 5621 maerentium,
723 5553 968 5624 quamvis
987 5555 1150 5609 etiam
1172 5553 1517 5611 mmrentium’
1530 5557 1636 5610 sint
1655 5565 1706 5610 et
1729 5553 1930 5613 amicos

341 5622 780 5684 desiderantium.
812 5622 953 5694 Eant
980 5640 1124 5694 nunc
1147 5626 1240 5694 qui
1267 5641 1367 5681 nos
1396 5641 1610 5680 omnem
1634 5627 1932 5683 humanita-

341 5705 454 5753 tem
480 5711 680 5753 exuere
695 5693 883 5764 juhent
905 5693 958 5746 in
987 5692 1178 5764 dolore
1203 5710 1265 5749 ac
1288 5695 1502 5750 Stoicos
1525 5710 1703 5764 agere,
1734 5699 1927 5755 mulie-

340 5768 568 5842 briaque
595 5761 758 5824 corda
784 5763 985 5818 habere
1011 5761 1197 5842 dicunt
1235 5765 1374 5842 illos
1392 5765 1538 5820 viros
1565 5761 1666 5834 'qui
1705 5765 1833 5822 ﬂent
1873 5768 1927 5842 in

338 5833 620 5897 funeribus
659 5847 880 5892 suorum
918 5833 1233 5887 amicorum.
1279 5833 1411 5890 Vide
1443 5833 1609 5892 notas
1623 5846 1836 5893 nostras
1862 5838 1929 5892 ad

2027 4856 2228 4930 pompis
2256 4865 2305 4910 et
2346 4856 2584 4930 operibus
2613 4858 2759 4930 ejus;
2797 4868 2846 4930 et
2873 4857 3326 4930 abrenuntiaturps
3366 4876 3460 4914 nos
3504 4876 3624 4912 voce

2026 4926 2187 4983 libera
2227 4926 2621 4999 respondemus.
2639 4926 2779 4999 Tum
2824 4929 2874 4980 in
2908 4928 3004 4980 hac
3029 4926 3488 4999 sequiconfessione
3525 4945 3624 4983 seu

2028 4999 2282 5071 pactione
2299 4996 2578 5071 constituit
2598 4996 3002 5071 fundamentum
3031 4996 3150 5071 fidei
3181 5007 3380 5071 nostra:
3402 5000 3618 5053 dicens:

2030 5066 2089 5141 Si
2117 5086 2238 5140 ergo
2264 5069 2358 5121 hoc
2397 5066 2532 5141 quod
2554 5069 2776 5141 primum
2801 5078 2900 5141 est,
2943 5077 3009 5141 οιΑ
3029 5069 3208 5141 inquo
3232 5070 3623 5140 fundamentum

2029 5137 2341 5208 Christiane
2369 5138 2634 5208 religionis
2665 5140 2932 5208 consistit,
2974 5137 3198 5207 ﬁdeliter
3232 5137 3622 5208 conservemus,

2033 5216 2136 5262 etc.
2170 5207 2237 5259 Et
2267 5207 2426 5276 paulo
2455 5207 2577 5277 post
2610 5226 2621 5260 :
2655 5207 2955 5262 Consideret
2993 5211 3335 5278 unusquisque
3357 5207 3624 5278 conscien-

2036 5280 2159 5331 tiam
2178 5294 2356 5342 suam;
2382 5285 2430 5330 et
2450 5276 2494 5330 si
2517 5294 2572 5331 se
2591 5279 2828 5348 implesse
2847 5278 3028 5348 viderit
3045 5276 3181 5348 quod
3199 5276 3454 5348 promisit,
3477 5276 3624 5348 abre-

2036 5349 2303 5402 nuntiasse
2347 5348 2553 5418 diabolo
2595 5359 2643 5401 et
2664 5343 2871 5418 pompis
2898 5343 3069 5418 illius,
3091 5343 3207 5418 non
3235 5344 3400 5396 solum
3439 5343 3622 5408 verbis,

2035 5418 2127 5471 sed
2153 5420 2305 5472 etiam
2334 5417 2571 5489 operibus
2586 5416 2950 5489 _recognoscat,
2981 5416 3136 5483 ﬁdem
3158 5417 3410 5489 integram
3431 5431 3490 5489 se
3518 5433 3626 5489 s_er_j~

2037 5505 2183 5560 nasse
2211 5480 2550 5560 congaudent.
2580 5487 2685 5560 Per
2711 5480 3154 5560 pompasautem
3197 5480 3396 5560 diaboli
3429 5485 3624 5560 intelli-

2037 5559 2236 5630 gebant
2267 5551 2375 5613 ιιῖιιι
2411 5551 2727 5630 spectacula
2743 5565 2802 5630 et
2817 5551 3068 5630 stultitias
3097 5551 3355 5630 gentium,
3386 5557 3625 5630 utdocet

2034 5618 2121 5684 vel
2168 5631 2358 5702 unicus
2410 5618 2712 5702 Salvianus.
2739 5618 3372 5702 _Sequioribusrsaeculis
3426 5628 3626 5702 diaboli

2036 5699 2248 5770 pompis
2276 5700 2588 5755 renuntiare
2616 5695 2935 5770 dicebantur
2963 5695 3053 5754 Qui
3085 5695 3247 5746 vitam
3264 5700 3623 5770 monasticam

2035 5763 2515 5893 ampletit‘ebaptur,
2547 5765 2700 5833 cujus
2728 5763 2806 5816 rei
2837 5763 3112 5814 innumera
3153 5764 3383 5833 proferri
3410 5773 3621 5836 possent
3658 5763 3674 5779 “

2036 5852 2228 5893 exemn
2291 5879 2303 5893 ,
3589 5861 3592 5865 ·

2036 5852 2303 5905 exempta.
3589 5861 3592 5865 ·
