4088 6360
276 385 310 442 1
321 386 386 441 1-7

1351 380 1441 437 ne
1480 345 2015 438 simussumus
2056 374 2163 431 ora
2206 376 2329 431 us.
2376 376 2459 434 v1.

3454 377 3560 437 HI

279 505 465 564 deleta
486 511 589 561 est.
622 502 740 559 Non
765 501 940 573 agitur
968 499 1303 571 Agrippina;
1334 498 1433 555 sed
1467 497 1593 569 quia
1629 494 1873 551 hostibus
1900 494 1953 555 Α
1976 498 2221 557 stromm,
2278 504 2329 547 et
2381 508 2597 569 propter
2642 501 3048 558 abominationes
3088 512 3213 573 quas
3254 496 3481 571 fecistis;
3513 507 3562 551 et

279 600 469 671 plena.
502 595 622 652 Non
654 594 827 665 agitur
864 594 917 649 in
960 593 1318 649 Treverorum
1358 590 1491 646 urbe
1533 587 1873 645 excellentis-

279 690 452 756 sima;
495 687 592 743 sed
625 687 751 757 quia
792 684 1130 757 quadruplici
1158 692 1242 739 est
1267 681 1547 739 eversione
1582 686 1871 751 prostrata.

280 781 407 837 Non
453 779 628 847 agitur
646 778 878 846 denique
903 777 960 831 in
1007 775 1250 847 plurimis
1274 772 1430 847 ιιι
1449 773 1739 829 Galliarum
1778 784 1872 825 ur-

281 874 446 929 bibus
472 878 527 926 et
546 869 943 940 Hispaniarum.
973 867 1043 923 Et
1075 868 1197 923 ideo
1225 882 1304 923 va:
1331 866 1486 921 nobis
1513 871 1675 933 atque
1702 863 1877 934 impu—

282 963 538 1020 ritatibus
563 960 779 1024 nostris,
810 975 891 1015 rm
909 960 1066 1015 nobis
1093 966 1253 1028 atque
1267 955 1636 1027 iniquitatibus
1654 954 1872 1011 nostris.

282 1056 422 1123 Quze
460 1068 582 1125 spes
606 1049 926 1106 Christianis
947 1049 1192 1121 plebibus
1223 1057 1346 1104 ante
1366 1048 1535 1103 Deum
1576 1053 1676 1113 est,
1708 1060 1877 1116 quan-

283 1147 576 1218 doquidem
605 1161 675 1200 ex
714 1146 807 1201 illo
833 1152 1081 1214 tempore
1117 1144 1170 1199 in
1213 1142 1432 1203 urbibus
1480 1138 1737 1197 Romanis
1766 1139 1878 1195 lucc

282 1242 432 1297 maia
454 1258 561 1297 non
589 1250 734 1305 sunt,
762 1258 831 1297 ex
860 1256 967 1311 quo
996 1242 1050 1295 in
1078 1240 1435 1295 Barbarorum
1474 1236 1595 1307 iure
1626 1252 1743 1292 esse
1764 1250 1877 1290 ca:-

281 1336 523 1408 perunt?
566 1335 644 1391 Ac
685 1350 784 1406 per
819 1332 924 1390 hoc
959 1333 1225 1389 vitiositas
1269 1341 1323 1387 et
1351 1341 1379 1370 ι
1409 1330 1687 1402 impuritas
1726 1328 1879 1399 quasi

280 1427 615 1497 germanitas
666 1425 908 1496 quaedam
956 1433 1038 1481 est
1084 1423 1450 1481 Romanorum
1497 1424 1774 1478 hominum
1827 1429 1881 1476 et

281 1516 441 1588 quasi
466 1531 621 1572 mens
650 1526 812 1585 atque
838 1525 1051 1582 natura,
1082 1514 1209 1585 quia
1228 1514 1299 1569 ibi
1328 1513 1595 1585 praecipue
1610 1515 1738 1569 vitia
1764 1513 1881 1568 ubi-

283 1624 505 1680 cunque
549 1607 800 1665 Romani.
843 1606 955 1664 Sed
1000 1608 1178 1678 gravis
1206 1614 1290 1662 est
1310 1606 1536 1662 forsitan
1576 1607 1690 1662 haec
1719 1613 1881 1675 atque

280 1703 469 1773 iniqua
497 1702 836 1777 conquestio.
862 1699 1055 1757 Gravis
1078 1698 1342 1775 profecto,
1386 1699 1431 1754 si
1465 1698 1617 1755 falsa.
1651 1697 1719 1752 At
1746 1708 1881 1767 quo-

280 1794 469 1862 modo,
522 1795 721 1867 inquis,
769 1790 1042 1867 quomodo
1071 1808 1180 1848 non
1230 1790 1392 1855 falsa,
1443 1806 1565 1846 cum
1612 1790 1667 1845 in
1694 1790 1880 1862 paucis

1980 584 2122 654 facta
2150 594 2227 638 est
2247 594 2381 640 terra
2411 596 2577 643 rostra
2605 593 2660 645 in
2689 592 3052 650 desolationem
3073 601 3122 647 et
3145 600 3403 663 stuporem
3431 597 3480 642 et
3508 590 3562 642 in

1977 674 2306 730 maledictum
2338 677 2552 748 (Jerem.
2585 696 2728 747 κων,
2761 680 2850 751 2i,
2870 683 2994 755 ἥ).
3026 663 3130 739 i’er
3152 683 3267 738 haec
3297 696 3426 751 ergo
3450 680 3561 749 jam

1978 762 2182 819 factum
2212 774 2312 833 est,
2346 778 2405 823 ut
2425 768 2599 840 major
2625 786 2751 843 pars
2771 772 3000 830 Romani
3028 774 3174 831 orbis
3202 773 3257 829 in
3283 772 3566 829 desolatio-

1979 870 2102 910 nem
2123 865 2267 913 esset
2294 866 2347 914 et
2374 859 2428 915 in
2450 869 2725 933 stuporem
2755 873 2810 920 et
2837 866 2891 920 in
2918 866 3281 923 maledictum).

2050 945 2141 1002 lx.
2182 948 2358 1021 Atque
2385 953 2590 1008 utinam
2619 962 2738 1010 acta
2782 957 3154 1015 tantummodo
3191 957 3341 1031 prius
3368 964 3564 1019 essent,

1980 1050 2036 1099 et
2063 1058 2223 1113 agere
2251 1046 2365 1103 haec
2408 1047 2653 1104 Romana
2684 1051 2951 1107 vitiositas
2992 1052 3283 1123 aliquando
3310 1058 3563 1108 cessaret.

1981 1135 2248 1203 Forsitan,
2274 1143 2626 1212 ut‘scriptum
2656 1153 2759 1211 est,
2792 1145 3180 1218 prepitiaretur
3208 1145 3351 1202 Deus
3377 1162 3569 1219 pecca-

1979 1230 2049 1283 tis
2078 1232 2289 1286 nostris.
2322 1232 2429 1289 Sed
2459 1251 2795 1308 nequaquam
2820 1238 2892 1293 ita
2907 1240 3133 1308 agimus,
3152 1248 3210 1295 ut
3229 1239 3568 1310 propitietur.

1983 1320 2118 1376 Mala
2149 1325 2292 1379 enim
2331 1327 2723 1385 incessabiliter
2756 1330 2911 1386 malis
2940 1332 3205 1397 addimus,
3238 1340 3293 1386 et
3338 1332 3573 1403 peccatis

1982 1424 2204 1481 peccata
2234 1418 2599 1490 cumulamus;
2632 1430 2827 1479 etcum
2856 1424 3090 1479 maxima
3120 1424 3289 1478 nostri
3319 1439 3445 1495 pars
3458 1424 3574 1493 jam

1983 1508 2221 1574 perierit,
2255 1509 2307 1564 id
2336 1513 2543 1580 agimus
2565 1522 2627 1569 ut
2660 1530 2946 1586 pereamus
2992 1531 3201 1572 omnes.
3233 1514 3384 1583 Quis,
3418 1530 3571 1585 rogo,

1981 1601 2213 1658 interﬁci
2243 1605 2471 1660 alterum
2516 1607 2668 1677 juxta
2701 1622 2759 1664 se
2792 1609 2959 1677 videt,
2990 1617 3044 1664 et
3073 1610 3185 1680 ipse
3214 1626 3321 1664 non
3351 1608 3575 1663 metuit?

1981 1691 2115 1758 Quis
2144 1693 2362 1749 domum
2393 1696 2557 1752 vicini
2587 1699 2669 1753 sui
2699 1698 2888 1755 ardere
2926 1701 3117 1767 cernit,
3154 1710 3207 1754 et
3235 1716 3340 1754 non
3364 1699 3575 1755 cﬂlcera

1982 1786 2232 1841 omnibus
2255 1788 2429 1844 modis
2460 1792 2647 1846 nititur
2674 1807 2743 1847 ne
2769 1794 2883 1863 ipse
2913 1792 3160 1849 incendio
3179 1792 3577 1848 concremetur!

281 1900 431 1942 nunc
456 1885 626 1942 ferme
654 1884 913 1941 Romanis
934 1882 1160 1939 urbibus
1186 1879 1320 1938 ﬂant
1348 1883 1450 1938 ista
1478 1898 1598 1953 qua:
1626 1881 1876 1947 diximus,
1913 1878 1956 1940 Β
1985 1877 2092 1934 Nos
2123 1896 2227 1935 non
2275 1880 2302 1920 δ
2334 1884 2543 1938 vicinos
2574 1893 2788 1941 nostros
2835 1893 3047 1941 tantum
3096 1887 3284 1941 ardere
3324 1886 3575 1952 vidimus,

280 1978 555 2050 plurimas
600 1984 778 2032 autem
819 1976 929 2047 jam
976 1976 1166 2032 barum
1209 1975 1578 2047 impuritatum
1616 1975 1737 2030 labe
1772 1989 1881 2029 non

281 2072 484 2145 pollui;
516 2071 607 2127 ubi
646 2057 776 2126 licet
801 2070 910 2126 sint
955 2070 1075 2125 ioca
1106 2070 1222 2139 ipsa
1265 2083 1329 2123 ac
1369 2064 1641 2123 domicilia
1682 2064 1885 2120 erroris

283 2165 521 2235 antiqui,
552 2178 895 2233 nequaquam
935 2168 1395 2229 tamen'aguntur
1442 2159 1533 2212 illa
1579 2173 1699 2225 quae
1738 2156 1888 2225 prius

284 2262 405 2310 acta
432 2262 576 2309 sunt.
607 2251 1069 2327 Considerandum
1100 2256 1231 2318 ergo
1258 2258 1546 2317 utrumque
1573 2255 1673 2311 est,
1706 2246 1759 2300 id
1784 2253 1885 2311 est,

286 2348 414 2418 quid
444 2347 516 2402 sit
541 2347 688 2417 quod
723 2345 900 2400 adhuc
939 2345 1060 2399 loca
1089 2344 1207 2413 ipsa
1235 2356 1299 2396 ac
1337 2340 1631 2394 diversoria
1658 2337 1890 2393 ludicro-

286 2453 410 2493 rum
444 2438 574 2500 sint,
607 2435 814 2490 ludicra
843 2442 1024 2488 autem
1052 2447 1173 2488 esse
1201 2430 1550 2487 cessaverint.
1577 2427 1717 2484 Loca
1747 2429 1887 2484 enim

288 2539 348 2584 et
384 2526 695 2582 habitacula
724 2525 1115 2596 turpitudinum
1155 2522 1357 2577 idcirco
1386 2520 1560 2575 adhuc
1587 2527 1729 2583 sunt,
1761 2519 1886 2588 quia

288 2618 405 2674 illic
429 2619 641 2689 impura
668 2617 841 2671 omnis
879 2615 1025 2686 prius
1062 2623 1179 2670 acta
1208 2620 1349 2668 sunt.
1400 2611 1551 2686 Nunc
1580 2618 1759 2665 autem
1800 2610 1878 2665 lu-

292 2711 443 2766 dicra
473 2710 587 2780 ipsa
616 2708 737 2764 ideo
766 2724 872 2762 non
901 2715 1146 2774 aguntur,
1177 2704 1301 2774 quia
1332 2704 1415 2773 agi
1440 2702 1551 2772 jam
1580 2716 1691 2773 pra:
1718 2703 1883 2757 mise—

1984 1969 2077 2023 sed
2110 1970 2211 2040 ipsi
2237 1972 2346 2041 jam
2378 1990 2443 2028 ex
2486 1977 2719 2030 maxima
2749 1986 3057 2033 nostrorum
3101 1993 3388 2047 corporum
3426 1985 3575 2050 parte

1986 2063 2234 2117 ursimus.
2268 2063 2335 2118 Et
2363 2067 2492 2134 quid
2521 2068 2642 2133 hoc,
2668 2071 2803 2138 proh
2830 2072 2996 2137 nefas,
3028 2070 3155 2124 mali
3185 2070 3575 2141 est?Arsimus,

1988 2154 2250 2217 arsimus;
2282 2166 2337 2207 et
2365 2164 2545 2210 tamen
2570 2157 2813 2213 ﬂammas
2840 2161 3034 2228 quibus
3057 2160 3170 2231 jam
3200 2161 3445 2223 arsimus,
3472 2175 3578 2216 non

1988 2243 2260 2299 timemus.
2285 2245 2417 2300 Nam
2440 2248 2585 2318 quod
2606 2266 2711 2304 non
2741 2250 2956 2321 ubique,
2988 2261 3048 2306 ut
3074 2252 3203 2320 dixi,
3222 2261 3447 2323 agantur
3464 2268 3580 2326 qua!

1988 2335 2139 2405 prius
2168 2344 2285 2392 acta
2314 2348 2456 2404 sunt,
2488 2341 2719 2397 miseria:
2766 2352 2846 2399 est
2883 2344 3231 2411 beneﬁcium,
3281 2346 3438 2419 ι26
3474 2362 3581 2401 ηοη

1989 2429 2302 2500 disciplima.
2321 2432 2561 2503 Denique
2588 2434 2745 2491 lacile
2766 2436 2869 2494 hoc
2896 2438 3085 2509 probo.
3112 2439 3187 2493 Da
3217 2440 3359 2495 enim
3389 2439 3579 2511 prioris

1988 2523 2247 2591 temporis
2276 2530 2494 2589 statum,
2522 2535 2577 2579 et
2606 2526 2785 2581 statim
2818 2528 3014 2598 ubique
3042 2536 3168 2583 sunt
3195 2544 3314 2598 quae
3343 2529 3575 2586 fuerunt.

1987 2610 2114 2667 Plus
2142 2613 2311 2681 addo;
2335 2626 2598 2685 quantum
2631 2618 2697 2672 ad
2726 2626 2852 2675 vota
2882 2621 3160 2677 hominum
3190 2621 3445 2695 pertinet,
3480 2623 3579 2679 eid

1980 2703 2092 2772 jam
2123 2721 2229 2759 non
2252 2707 2451 2776 ubique
2474 2716 2618 2774 sunt,
2646 2706 2845 2779 ubique
2868 2711 3042 2768 adhuc
3060 2722 3204 2781 sunt,
3229 2713 3355 2785 quia
3384 2714 3582 2783 ubique

284 2802 367 2855 ria
406 2800 665 2871 temporis
711 2806 872 2868 atque
909 2803 1146 2867 egestate
1186 2812 1295 2852 non
1348 2802 1593 2867 possunt.
1639 2793 1708 2850 Et
1762 2794 1883 2850 ideo
1986 2813 2050 2851 ea
2079 2799 2311 2869 populus
2358 2800 2521 2856 vellet
2549 2817 2670 2857 esse
2696 2801 2991 2859 Romanus.
3021 2803 3157 2858 Cum
3193 2806 3335 2860 enim
3384 2806 3451 2860 ab
3476 2805 3583 2860 ho-

286 2890 435 2965 quod
475 2892 625 2969 prius
663 2900 842 2947 actum
872 2900 973 2957 est,
1022 2891 1332 2945 vitiositatis
1379 2889 1509 2955 fuit;
1557 2888 1703 2959 quod
1739 2903 1885 2944 nunc
1985 2891 2132 2944 mine
2159 2891 2300 2944 mala
2349 2906 2437 2946 res
2465 2893 2580 2947 sola
2613 2895 2936 2962 necessitate
2967 2912 3072 2949 non
3105 2895 3310 2963 agitur,
3342 2896 3457 2968 ipsa
3504 2894 3582 2957 rei

288 3001 400 3041 non
422 2984 616 3053 agitur,
647 2984 1003 3040 necessitatis.
1027 2982 1320 3039 Calamitas
1347 2983 1489 3063 enim
1513 2981 1625 3038 lisci
1654 2989 1708 3036 et
1734 2996 1888 3036 men-
1988 2984 2165 3053 tnrpis
2188 2983 2465 3069 cupiditas
2508 3001 2609 3056 pro
2664 2987 2877 3042 actione
2905 2987 3212 3043 damnatur.
3251 2987 3417 3056 Nam,
3446 2988 3583 3045 sicut

284 3079 480 3135 dicitas
503 3078 617 3149 jam
645 3077 875 3133 Romani
902 3076 1079 3132 aerarii
1108 3093 1217 3132 non
1246 3076 1391 3140 sinit,
1415 3084 1475 3131 ut
1495 3075 1695 3145 ubique
1715 3075 1771 3128 in
1799 3088 1887 3129 res
1988 3072 2118 3139 dixi,
2156 3073 2553 3143 juxMomini
2580 3078 2749 3133 nostri
2777 3078 2976 3135 dictum
3010 3096 3024 3132 :
3061 3076 3161 3144 Qui
3198 3079 3465 3135 mulierem
3511 3081 3584 3135 ri-

282 3174 601 3242 nugatorias
647 3170 871 3243 perditm
914 3168 1307 3241 profundantur
1359 3183 1623 3239 expensrc.
1658 3164 1888 3222 Pereant
1992 3166 2125 3219 derit
2151 3166 2221 3220 ad
2249 3169 2732 3240 concupiscendum,
2766 3187 2880 3225 reus
2904 3180 2982 3226 est
3008 3170 3253 3227 adulterii
3274 3172 3431 3228 corde
3458 3189 3581 3229 con-

288 3265 466 3321 adbuc
492 3263 785 3334 quamlibet
806 3263 997 3327 multa,
1015 3271 1070 3317 et
1096 3260 1253 3331 quasi
1280 3260 1334 3315 in
1355 3276 1568 3315 omnum
1597 3258 1886 3330 projician~
1908 3246 1959 3312 ϐ
1988 3258 2120 3327 copti
2149 3256 2363 3327 (Matth.
2386 3272 2440 3327 v,
2463 3257 2586 3330 28),
2620 3260 2922 3330 intelligere
2945 3278 3234 3334 possumus
3260 3264 3391 3333 quid
3418 3264 3583 3319 etiam

284 3356 531 3424 turfsed
560 3354 720 3411 modo
751 3363 931 3409 tamen
961 3353 1138 3425 perire
1178 3351 1289 3422 iam
1319 3359 1464 3407 tanta
1504 3367 1611 3407 non
1658 3358 1881 3421 queunt,

285 3452 415 3521 quia
447 3466 556 3505 non
586 3457 711 3503 sunt
738 3455 889 3503 tanta
918 3463 1039 3517 qua:
1065 3454 1309 3517 pereant.
1360 3446 1493 3501 Nam
1522 3453 1781 3515 quantum
1816 3444 1885 3501 ad

283 3551 477 3599 votum
507 3549 705 3598 nostros
734 3538 968 3596 libidinis
998 3549 1157 3611 atque
1186 3539 1557 3611 impurissima:
1571 3537 1880 3611 voluptatis,

284 3642 600 3704 optaramus
626 3630 870 3707 profecto
900 3631 985 3689 vel
1015 3631 1081 3685 ad
1111 3631 1214 3686 hoc
1246 3631 1614 3686 tantummodo
1643 3630 1760 3700 plus
1789 3632 1885 3685 ha-

282 3727 448 3793 bere,
489 3733 551 3781 ut
590 3740 873 3797 possemus
900 3723 952 3778 in
1004 3723 1110 3779 hoc
1149 3723 1493 3794 turpitudinis
1534 3723 1704 3777 lutum
1729 3723 1884 3793 plura

284 3826 626 3874 convertere.
651 3814 719 3869 Et
740 3830 827 3870 res
855 3814 1051 3885 probat
1070 3821 1272 3884 quanta
1300 3813 1581 3884 prodigere
1604 3813 1882 3879 vellemus,

282 3910 334 3967 si
362 3910 605 3980 opulenti
651 3923 892 3964 essemus
932 3923 995 3963 ac
1030 3906 1292 3978 splendidi
1312 3916 1339 3972 ,’-
1365 3908 1519 3979 125
1548 3921 1671 3960 cum
1700 3905 1883 3975 prodi-

285 4016 482 4071 gamus
507 4009 659 4055 tanta
687 4000 941 4055 mendici.
973 3999 1051 4052 Ea
1080 4006 1164 4052 est
1193 3999 1335 4051 enim
1365 3998 1511 4051 labes
1546 3995 1887 4064 praesentium

288 4108 507 4149 morum
535 4102 698 4163 atque
741 4091 998 4163 perditio,
1028 4098 1087 4144 ut
1108 4104 1228 4144 cum
1253 4089 1363 4157 jam
1391 4104 1501 4143 non
1530 4087 1728 4142 habeat
1752 4102 1888 4156 pau-

291 4190 479 4256 pertas
506 4183 653 4253 quod
677 4184 847 4253 possit
876 4180 1121 4252 perdere,
1155 4180 1330 4234 adhuc
1355 4182 1536 4258 tamen
1574 4178 1706 4233 velit
1732 4179 1892 4235 vitio-

286 4277 427 4334 ’sitas
454 4274 576 4348 plus
602 4276 802 4347 perire.
846 4274 963 4329 Non
992 4282 1076 4330 est
1109 4287 1238 4343 ergo
1266 4274 1411 4347 quod
1456 4272 1687 4329 blandiri
1733 4275 1888 4331 nobis

284 4368 497 4440 aliquid
544 4368 599 4423 in
638 4366 745 4423 hac
797 4373 951 4436 parte
987 4367 1284 4439 possimus,
1324 4373 1383 4421 ut
1418 4366 1658 4421 dicamus
1694 4382 1801 4422 non
1832 4367 1888 4422 in

283 4458 542 4516 omnibus
581 4473 726 4513 nunc
756 4456 977 4512 urbibus
1020 4457 1104 4526 agi
1147 4456 1236 4512 illa
1266 4472 1385 4527 qua:
1412 4458 1560 4530 prius
1589 4465 1707 4513 acta
1736 4465 1880 4513 sunt.

280 4550 417 4608 Ideo
445 4549 589 4606 enim
626 4564 736 4604 non
776 4550 831 4603 in
859 4548 1108 4604 omnibus
1132 4548 1241 4618 iam
1281 4558 1542 4618 aguntur,
1571 4551 1694 4620 quia
1724 4551 1884 4606 urbes

282 4643 383 4701 ubi
410 4643 709 4713 agebantur
732 4641 845 4706 illa,
872 4638 983 4711 jam
1024 4654 1130 4696 non
1160 4648 1315 4707 sunt;
1347 4641 1519 4695 et'ubi
1547 4641 1764 4711 quidem
1787 4642 1880 4698 diu
1905 4624 1957 4689 Ι)

283 4742 413 4792 acta
442 4742 586 4799 sunt,
616 4732 675 4789 id
723 4732 1018 4788 eil’ecerunt
1064 4740 1123 4787 ut
1147 4734 1237 4788 ubi
1268 4734 1355 4787 illa
1403 4733 1730 4803 agebantur,
1763 4750 1881 4791 esse

283 4844 402 4886 non
424 4828 650 4900 possint;
683 4827 949 4897 sicutipse
969 4827 1111 4882 Deus
1150 4826 1216 4881 ad
1244 4835 1557 4898 peccatores
1574 4830 1785 4885 locutus
1798 4837 1882 4884 est

282 4935 390 4993 per
416 4919 735 4989 prophetam
755 4960 768 4984 ,
799 4919 925 4987 quia
954 4919 1136 4973 horum
1167 4918 1469 4973 recordatus
1495 4929 1573 4973 est
1599 4920 1876 4987 Dominus,

283 5022 341 5069 et
367 5013 619 5077 ascendit,
650 5012 841 5081 inquit,
875 5028 1026 5083 super
1054 5029 1144 5066 cor
1170 5014 1300 5083 ejus,
1332 5022 1382 5065 et
1410 5030 1513 5067 non
1543 5024 1745 5085 poterat
1771 5014 1875 5070 Do-

283 5106 460 5161 minus
506 5104 645 5157 ultra
691 5100 1134 5175 portare‘propter
1170 5104 1422 5158 malitiam
1468 5106 1753 5161 stadiorum
1800 5124 1883 5163 ue-

1474 5238 1813 5299 STEPIIANI
1848 5240 2122 5301 BALUZII
2159 5238 2389 5298 NOTAE.

284 5359 719 5430 Massiliensium.
752 5356 895 5430 Sane
915 5356 1187 5430 mendum
1231 5356 1319 5430 hic
1370 5356 1590 5413 subesse
1629 5358 1883 5430 suspicati

285 5440 420 5487 sunt
442 5430 542 5485 viri
562 5428 728 5496 docti,
751 5427 894 5498 quod
915 5428 1040 5483 huic
1059 5428 1275 5483 lectioni
1295 5436 1553 5498 repugnet
1574 5427 1879 5495 Salvianus,

288 5502 386 5573 qui
415 5516 483 5556 eo
510 5498 631 5573 loco
659 5496 974 5573 loquiturin
1001 5498 1277 5569 singulari.
1304 5496 1577 5573 Praeterea
1600 5501 1749 5573 locus
1772 5516 1880 5573 non

289 5568 414 5627 erat
441 5570 633 5640 agendi
662 5570 730 5623 de
758 5568 1009 5640 Massilia,
1038 5568 1198 5638 quam
1228 5582 1389 5623 nemo
1428 5570 1662 5639 prodidit
1691 5571 1884 5624 barba-

284 5637 801 5699 rorum'incursione
822 5646 933 5691 tum
956 5637 1115 5692 fuisse
1136 5637 1509 5695 vastatamIEt
1532 5641 1652 5693 licet
1678 5649 1883 5695 vastata

283 5714 498 5779 Mssa,
530 5728 626 5767 cur
646 5724 765 5765 eam
788 5709 929 5779 inletj
954 5709 1112 5779 urbes
1130 5708 1430 5779 Germania!
1453 5720 1509 5763 et
1531 5709 1757 5777 Belgica:
1783 5725 1882 5765 no.

282 5777 555 5847 rrrinaret,
601 5790 711 5836 tam
738 5777 925 5850 procul
957 5792 987 5830 ιι
1011 5777 1396 5850 Δ[διεθιξξξοιιεξηειη
1429 5780 1518 5836 Vir
1557 5779 1883 5850 clarissimus

285 5846 597 5920 Bactrianus
623 5846 866 5916 Valesius
887 5848 988 5904 ista
1008 5846 1311 5917 intelligens
1338 5850 1589 5905 admonet
1608 5866 1707 5922 pro
1736 5849 1881 5909 llos-

1985 3349 2032 3403 si
2062 3364 2148 3404 res
2178 3358 2363 3420 turpes
2390 3358 2554 3421 atque
2592 3352 2925 3408 damnabiles
2964 3355 3288 3410 necessitate
3316 3370 3424 3410 non
3472 3355 3585 3425 agi-

1985 3456 2123 3507 mus,
2155 3458 2255 3513 pro
2286 3444 2400 3514 ipsa
2429 3452 2612 3500 tamen
2640 3460 2821 3500 rerum
2853 3446 3089 3515 turpium
3119 3446 3398 3503 voluntate
3433 3446 3587 3502 dam-

1986 3548 2196 3587 namur.
2222 3531 2291 3587 Et
2311 3534 2440 3603 quid
2469 3534 2647 3590 dicam
2674 3535 2743 3591 de
2777 3535 3093 3591 voluntate?
3121 3551 3308 3592 omnes
3337 3537 3450 3592 hinc
3480 3536 3586 3593 fer-

1985 3642 2092 3693 me,
2118 3643 2243 3682 cum
2282 3637 2530 3699 possunt,
2555 3638 2739 3700 agunt.
2773 3630 3013 3701 Denique
3041 3632 3325 3703 cujuslibet
3352 3633 3585 3689 civitatis

1986 3719 2177 3773 incola:
2221 3718 2536 3776 Ravennam
2578 3731 2672 3777 aut
2718 3722 2945 3779 Romam
2976 3725 3258 3789 venerint,
3307 3739 3431 3795 pars
3459 3732 3586 3783 sunt

1988 3811 2246 3867 Romanae
2267 3809 2439 3883 plebis
2468 3816 2521 3869 in
2553 3817 2716 3882 circo,
2736 3832 2863 3886 pars
2892 3826 3015 3871 sunt
3043 3817 3228 3886 populi
3258 3816 3586 3874 Ravennatis

1986 3906 2042 3958 in
2068 3900 2299 3961 thea’tro.
2328 3908 2404 3962 Ac
2427 3924 2527 3977 per
2552 3909 2658 3963 hoc
2688 3923 2851 3962 nemo
2875 3923 2936 3961 se
2956 3908 3077 3961 loco
3106 3917 3199 3961 aut
3224 3909 3464 3963 absentia
3493 3924 3589 3964 ex-

1989 4005 2239 4053 cusatum
2268 4007 2442 4068 putet.
2460 4001 2662 4054 Omnes
2688 3998 3024 4071 turpitudine
3042 4014 3222 4055 rerum
3244 4016 3411 4057 unum
3440 4011 3584 4073 sunt,

1990 4087 2085 4154 qui
2112 4086 2216 4141 sibi
2244 4102 2424 4142 rerum
2452 4087 2689 4158 turpium
2718 4088 2997 4144 voluntate
3024 4090 3316 4146 sociantur.
3347 4088 3415 4146 Et
3440 4091 3588 4147 blan-

1992 4179 2170 4235 dimur
2198 4180 2355 4237 nobis
2383 4181 2607 4251 insuper
2633 4180 2700 4236 de
2729 4180 2999 4253 probitate
3022 4196 3255 4249 morum,
3285 4181 3587 4239 blandimur

1990 4268 2147 4329 nobis
2193 4273 2260 4329 de
2312 4272 2702 4345 turpitudinum
2743 4274 3004 4329 raritate?
3032 4270 3145 4344 Ego
3174 4275 3404 4346 amplius
3442 4275 3586 4345 dico,

1986 4382 2096 4422 non
2126 4367 2299 4422 solum
2329 4368 2414 4436 agi
2443 4382 2586 4423 nunc
2612 4366 2731 4423 illas
2773 4366 3097 4421 ludicrorum
3130 4366 3405 4422 infamium
3436 4367 3587 4424 labes

1987 4474 2105 4528 quae
2132 4459 2280 4530 prius
2309 4466 2443 4514 actae
2470 4466 2616 4521 sunt,
2638 4457 2734 4515 sed
2754 4458 3096 4514 criminosius
3122 4458 3293 4514 multo
3310 4458 3394 4528 agi
3423 4466 3583 4528 quam

1985 4554 2138 4625 prius
2179 4560 2314 4608 actm
2352 4561 2494 4607 sunt.
2528 4550 2680 4607 Tunc
2708 4552 2852 4608 enim
2906 4550 3114 4622 integra
3162 4548 3393 4606 Romani
3440 4551 3586 4608 orbis

1986 4644 2227 4700 membra
2257 4643 2541 4711 ﬂorebant,
2568 4651 2796 4712 angusta
2824 4659 2943 4700 esse
2973 4644 3168 4699 horrea
3197 4644 3424 4715 publicae
3451 4658 3584 4713 opes
3646 4664 3671 4671 --

1988 4737 2251 4799 l'ecerant,
2284 4743 2600 4791 cunctarum
2620 4735 2834 4791 urbium
2863 4735 3013 4791 cives
3038 4728 3237 4789 divitiis
3277 4746 3343 4789 ac
3379 4731 3586 4789 deliciis

1989 4830 2309 4896 affluebant;
2340 4829 2431 4884 vix
2483 4836 2698 4899 poterat
2748 4826 3025 4897 religionis
3076 4826 3400 4894 auctoritas,
3442 4826 3587 4883 inter

1987 4930 2194 4976 tantam
2224 4937 2405 4977 rerum
2434 4920 2865 4983 exuberantiam,
2915 4930 3126 4972 morum
3166 4924 3352 4974 tenere
3392 4930 3585 4973 censu.

1988 5029 2123 5068 ram.
2159 5011 2527 5068 Pascebantur
2553 5010 2771 5081 quidem
2792 5017 2921 5065 tunc
2946 5010 3145 5081 passim
3172 5009 3229 5069 in
3258 5006 3393 5065 locis
3417 5008 3585 5079 pluri-

1986 5110 2090 5164 mis
2105 5115 2353 5163 auctores
2366 5106 2602 5177 turpium
2613 5105 2970 5176 voluptatum,
2996 5104 3092 5161 sed
3118 5104 3276 5176 plena
3297 5119 3361 5159 ac
3387 5100 3585 5157 referta

1992 5356 2276 5412 siliensium
2316 5356 2600 5426 legendum
2642 5370 2762 5413 esse
2794 5354 3203 5426 Basiliensium.
3232 5350 3366 5426 Opas
3389 5347 3583 5426 civitas

1992 5437 2077 5482 est
2102 5429 2157 5501 in
2187 5412 2465 5501 Rauracis,
2499 5426 2786 5495 Moguntim
2803 5426 2973 5501 paulo
3006 5412 3583 5501 vicinior.:_i’rol_3abil_is

1991 5498 2301 5567 conjectura
2321 5540 2334 5563 ,
2368 5488 2469 5553 nisi
2498 5488 2740 5552 vetérum
2781 5488 3027 5551 codicum
3047 5488 3359 5546 'auctoritas
3398 5488 3485 5545 hic
3512 5490 3581 5548 de

1989 5570 2109 5623 sola
2134 5569 2405 5638 Moguntia
2429 5570 2513 5638 agi
2534 5568 2774 5623 doceret.
3573 5593 3579 5599 -

1983 5649 1990 5658 ’
2061 5648 2089 5717 _‘
2119 5640 2301 5717 podex
2330 5639 2591 5717 galbam,
2623 5638 2885 5717 θρεψεως.

2060 5709 2087 5749 b
2120 5710 2174 5765 id
2203 5718 2304 5775 est,
2340 5696 2622 5763 Treveros.
2656 5696 2793 5757 Hinc
2820 5712 2950 5769 ergo
2974 5696 3243 5767 colligitur
3270 5700 3579 5759 Salvianum

1988 5794 2096 5835 non
2126 5781 2289 5834 fuisse
2310 5776 2482 5834 oatria
2504 5776 2908 5829 ’l‘reverensem.

3574 5262 3611 5315 εἰ

3568 5864 3575 5873 ι
3607 5832 3618 5886 i
