4088 6360
567 347 678 404 “9

1509 343 1568 401 8.
1608 342 1928 401 SALVIANI
1965 335 2427 399 MASSILIENSIS
2475 338 2901 400 PRESBle

3775 350 3890 406 £30

569 471 730 520 erant
768 462 970 518 omnia.
1003 459 1169 517 Nemo
1197 465 1437 530 sumptus
1485 461 1564 515 rei
1592 459 1820 531 publicae
1867 457 2158 530 cogitabat,
2188 458 2242 519 Δ
2267 455 2480 526 luisset,
2511 460 2614 514 nisi
2652 461 2920 518 rationem
2947 459 3330 522 misericordia
3366 467 3671 525 severitatis
3728 474 3888 528 ratio

567 569 733 611 nemo
752 553 1046 625 dispendia,
1073 553 1200 622 quia
1229 567 1339 608 non
1365 553 1698 610 sentiebatur
1723 569 1980 625 expensa.
2012 555 2162 622 Qua:-
2266 550 2500 605 vicisset.
2535 548 2686 607 Unus
2705 553 2849 609 enim
2878 554 3125 610 incautus
3151 559 3333 627 periit,
3364 574 3434 615 ne
3466 561 3621 617 multi
3649 578 3761 634 per
3788 565 3883 621 in-

564 645 726 705 rebat
751 645 1146 720 quodammodo
1191 647 1308 716 ipsa
1354 661 1443 701 res
1489 645 1732 717 publica,
1764 647 1856 702 ubi
1908 647 2161 719 perderet
2263 642 2530 698 cautelam
2551 650 2739 714 postea
2758 643 3087 716 deperirent.
3102 645 3170 702 Et
3187 649 3314 720 quid
3329 649 3397 706 de
3409 652 3634 722 singulis
3654 654 3884 712 dicam?

563 737 710 811 quod
752 752 920 807 penus
948 743 1131 806 posset
1152 737 1270 806 jam
1295 737 1387 792 vix
1414 737 1676 810 recipere.
1735 740 1888 810 137
1937 737 2005 794 Et
2033 738 2155 796 ideo

561 828 804 883 cumulus
833 827 1138 884 divitiarum
1167 830 1260 898 qui
1283 827 1395 898 jam
1430 829 1542 885 fere
1579 829 1799 886 modum
1826 838 2154 898 excesserat,

560 917 720 977 etiam
751 918 804 972 in
833 933 920 974 res
940 919 1249 987 nugatorias
1268 919 1617 976 redundabat.
1637 919 1790 976 Nunc
1817 927 1996 976 autem
2025 920 2156 992 quid

557 1006 662 1065 dici
703 1007 917 1079 potest?
947 1008 1310 1066 Recesserunt
1337 1026 1367 1065 a
1408 1012 1563 1068 nobis
1589 1013 1758 1083 copim
1786 1022 2016 1082 veteres,
2067 1030 2155 1070 re-

555 1107 837 1153 cesserunt
872 1100 1113 1170 priorum
1156 1111 1458 1172 temporum
1489 1102 1800 1172 facultates;
1832 1107 2015 1162 miseri
2038 1107 2152 1176 jam

553 1207 759 1257 sumus,
792 1203 848 1246 et
876 1192 1105 1248 necdum
1135 1209 1369 1264 nugaces
1417 1211 1538 1252 esse
1584 1213 1874 1256 cessamus.
1907 1200 2153 1272 Cumque

551 1284 715 1337 etiam
745 1285 982 1354 pupillis,
1015 1285 1254 1357 prodigis
1284 1297 1308 1324 ⁸
1340 1287 1424 1343 vel
1453 1289 1776 1360 prodigiosis
1810 1291 1984 1347 soleat
2019 1295 2147 1350 sub-

551 1379 738 1433 venire
767 1388 1090 1450 paupertas,
1122 1381 1389 1452 simulque
1417 1393 1476 1438 ut
1502 1383 1808 1442 destiterint
1855 1402 1974 1443 esse
2013 1388 2152 1444 divi-

551 1479 653 1536 tes,
677 1470 928 1527 desinunt
956 1488 1174 1544 quoque
1203 1491 1322 1532 esse
1343 1475 1551 1543 vitiosi;
1583 1492 1685 1532 nos
1712 1486 1919 1533 tantum
1947 1496 2148 1536 novum

548 1577 720 1631 genus
747 1565 1073 1635 pupillorum
1125 1583 1189 1624 ac
1238 1555 1572 1640 pei'ditorum
1619 1586 1819 1635 sumus,
1853 1573 1907 1626 in
1954 1574 2149 1642 quibus

549 1654 826 1724 cpulentia
870 1672 991 1714 esse
1037 1659 1212 1726 desiit,
1253 1661 1351 1717 sed
1394 1661 1632 1731 nequitia
1678 1663 1954 1733 perdurat.
1998 1665 2147 1721 Adeo

547 1761 653 1803 nos
682 1763 806 1814 non,
842 1758 898 1803 ut
945 1750 1036 1805 alii
1082 1752 1346 1820 homines,
1391 1768 1582 1809 causas
1633 1757 2060 1824 corruptelarum
2088 1757 2143 1811 in

2267 731 2529 791 Universa
2580 749 2712 806 gens
2756 735 3122 804 Hebraeorum,
3169 755 3291 796 cum
3332 757 3431 813 per
3479 759 3732 802 eremum
3769 749 3880 807 iter

2261 835 2464 896 ageret,
2530 829 2656 898 quia
2703 830 3202 888 consuetudinarias
3251 849 3442 892 carnes
3494 837 3874 910 desideravit,

2259 927 2468 991 partem
2485 935 2597 977 suae
2623 921 2797 992 plebis
2825 923 3004 978 amisit
3031 922 3226 996 (Num.
3259 941 3334 993 xi,
3365 926 3400 981 4
3425 928 3612 1003 seqq.).
3655 930 3731 987 Et
3746 934 3878 1002 qui-

2257 1009 2383 1066 dem
2432 1011 2776 1068 interdictum
2807 1013 3034 1070 necdum
3062 1014 3239 1072 fuerat
3267 1033 3337 1074 ne
3363 1018 3735 1090 desideraret;
3774 1024 3877 1080 sed

2258 1099 2440 1171 legali,
2465 1111 2524 1158 ut
2551 1118 2696 1170 reor,
2729 1104 3085 1163 observantia:
3110 1107 3375 1179 proﬁcere
3401 1110 3545 1168 Deus
3571 1115 3778 1182 voluit,
3814 1126 3877 1173 ut

2256 1193 2518 1248 rebellem
2565 1197 3061 1268 concupiscentiam
3111 1210 3391 1257 coerceret
3430 1219 3444 1256 :
3487 1219 3598 1275 quo
3642 1204 3875 1264 facilius

2256 1284 2466 1340 scilicet
2494 1296 2720 1343 cunctus
2749 1289 2980 1359 populus
3005 1300 3325 1361 agnosceret
3358 1303 3619 1364 quantum
3648 1298 3874 1356 evitare

2255 1376 2478 1433 deberet
2523 1393 2642 1448 qua:
2686 1378 2828 1436 Deus
2872 1382 3086 1453 scriptis
3126 1373 3440 1441 caelestibus
3483 1388 3868 1461 interdiceret,

2254 1469 2472 1538 quando
2502 1470 2664 1525 etiam
2693 1471 2784 1526 illa
2797 1486 2922 1527 eum
2943 1472 3177 1530 admissa
3199 1475 3458 1533 lmderent
3475 1491 3598 1548 quae
3619 1481 3869 1539 necdum

2254 1560 2375 1630 lege
2421 1562 2698 1618 vetuisset.
2741 1562 3010 1620 Laborem
3055 1580 3274 1637 quoque
3308 1583 3368 1624 se
3411 1571 3684 1628 sustinere
3710 1574 3867 1630 idem

2253 1655 2485 1726 populus
2507 1655 2766 1724 ingemuit
2795 1654 2981 1729 (Num.
3008 1645 3118 1724 xxi,
3149 1657 3185 1712 4
3201 1662 3391 1732 seqq.),
3419 1670 3476 1718 et
3501 1671 3731 1735 propter
3757 1665 3866 1724 hoe

2252 1748 2424 1818 plagis
2451 1748 2760 1805 caelestibus
2788 1749 3206 1818 verberabatur;
3259 1768 3367 1807 non
3407 1755 3534 1823 quia
3583 1755 3864 1815 laboranti

546 1836 854 1905 inlecebris,
886 1840 980 1895 sed
1008 1841 1064 1896 in
1084 1842 1337 1900 cordibus
1363 1845 1646 1912 habemus,
1677 1853 1733 1901 et
1761 1847 2026 1902 vitiositas
2047 1865 2138 1904 no-

2254 1855 2474 1910 gemere
2510 1857 2620 1896 non
2645 1840 2825 1907 liceat,
2854 1841 2949 1898 sed
2975 1842 3216 1912 ingratus
3255 1844 3464 1900 scilicet
3489 1844 3593 1901 fuit
3617 1848 3863 1917 gemitus

546 1935 660 1984 stra
688 1944 844 1986 mens
895 1941 1083 1988 nostra
1129 1943 1239 2002 est;
1291 1942 1350 1991 ut
1377 1935 1447 1991 ad
1493 1936 1860 1994 emendandos
1899 1955 2000 1995 nos
2035 1956 2143 1996 non

543 2017 864 2076 facultatum
917 2024 1212 2092 ablatione,
1264 2027 1361 2083 sed
1409 2027 1673 2083 malarum
1725 2044 1906 2086 rerum
1956 2047 2145 2088 amore

543 2127 850 2188 peccemus.

613 2204 679 2261 Χ.
723 2206 936 2276 Quanta
985 2218 1167 2266 autem
1213 2211 1339 2268 vitia
1395 2211 1764 2270 Romanorum
1813 2216 1920 2271 sint
1947 2219 2142 2287 quibus

540 2299 786 2355 barbarae
837 2309 1026 2370 gentes
1077 2319 1189 2359 non
1235 2305 1672 2375 coinquinantur,
1707 2308 1832 2364 licet
1877 2310 2141 2368 hactenus

545 2394 681 2448 satis
709 2394 955 2462 dixerim,
989 2396 1181 2451 addam
1211 2405 1394 2455 tamen
1431 2401 1600 2457 multa
1627 2416 1750 2472 qua;
1788 2403 2000 2460 desunt”.
2033 2405 2141 2461 Sed

545 2485 678 2540 illud
729 2487 996 2543 admoneo
1052 2498 1234 2546 tamen
1292 2499 1582 2562 antequam
1633 2494 1842 2561 dicam,
1874 2514 1943 2554 ne
1971 2500 2141 2557 ullum

541 2579 762 2651 penitus
789 2580 960 2650 culpae
979 2595 1148 2650 genus
1171 2583 1317 2654 quod
1346 2584 1414 2638 ad
1441 2581 1823 2642 contumeliam
1851 2588 1950 2646 Dei
1972 2593 2140 2661 perti-

542 2675 659 2735 net,
691 2669 942 2739 cuiquam
972 2672 1089 2728 leve
1114 2689 1234 2730 esse
1261 2675 1526 2732 videatur.
1549 2675 1578 2716 ¹³
1601 2676 1659 2734 Si
1681 2680 1831 2735 enim
1861 2681 2141 2740 inlustrem

543 2774 611 2816 ac
635 2771 1025 2832 praepotentem
1049 2765 1220 2821 virum
1240 2783 1579 2839 nequaquam
1594 2771 1926 2830 'exhonorari
1947 2791 1978 2830 a
2005 2791 2142 2846 quo-

541 2866 705 2922 quam
755 2854 898 2922 licet,
931 2864 985 2911 et
1031 2859 1076 2913 si
1103 2860 1388 2930 quisquam
1418 2863 1873 2930 exhonoraverit,
1907 2864 2141 2924 decretis

540 2942 807 3012 legalibus
827 2963 952 3003 reus
980 2949 1206 3017 sistitur,
1237 2961 1291 3008 et
1319 2951 1636 3022 injuriarum
1665 2964 1820 3013 actor
1841 2959 1964 3028 jure
1983 2959 2139 3016 dam-

540 3043 738 3102 natur;
771 3048 974 3107 quanto
1004 3043 1189 3112 utique
1209 3043 1433 3112 majoris
1461 3047 1659 3116 piaculi
1688 3051 1890 3106 crimen
1920 3061 2021 3120 est,
2058 3053 2142 3108 in-

537 3125 808 3196 juriosum
845 3134 1151 3203 quempiam
1179 3135 1292 3192 Deo
1321 3139 1476 3193 esse?
1503 3137 1730 3211 Semper
1758 3144 1903 3199 enim
1931 3160 2032 3214 per
2058 3147 2141 3202 di-

2251 1935 2424 1990 Deum
2455 1937 2607 2005 quasi
2646 1945 2923 1992 auctorem
2955 1937 3296 1994 immoderati
3336 1939 3540 1997 laboris
3567 1957 3855 2001 accusans.

2249 2028 2332 2084 Ex
2356 2044 2466 2098 quo
2494 2030 2718 2100 intelligi
2746 2031 3001 2088 convenit
3045 2041 3306 2102 quantum
3351 2035 3572 2106 placere
3616 2036 3728 2094 Deo
3759 2039 3857 2096 de-

2248 2121 2380 2177 beat
2425 2122 2518 2192 qui
2567 2137 2752 2178 rerum
2816 2123 3178 2193 jucundarum
3237 2125 3571 2184 beatitudine
3622 2127 3852 2196 fruitur,

2246 2215 2466 2284 quando
2496 2215 2660 2270 etiam
2687 2215 2755 2270 de
2795 2215 2880 2270 his
2912 2217 3068 2286 queri
3095 2231 3206 2273 non
3233 2216 3361 2274 licet
3387 2232 3509 2289 quae
3536 2219 3748 2289 ingrata
3772 2222 3855 2276 vi-

2245 2307 2494 2363 dcautur.

2321 2400 2409 2455 Xl.
2444 2402 2714 2469 Quaeritur
2767 2403 2991 2459 forsitan
3040 2418 3301 2474 quorsum
3344 2405 3444 2460 ista
3493 2405 3856 2474 pertineant?

2247 2494 2519 2561 Quorsum
2567 2496 2772 2564 absque
2817 2495 2982 2551 dubio
3024 2496 3128 2550 nisi
3155 2505 3218 2550 ut
3245 2495 3377 2550 nihil
3405 2495 3519 2551 leve
3546 2497 3854 2552 aestimetur

2247 2600 2358 2654 quo
2388 2585 2528 2640 Deus
2558 2586 2810 2640 laeditur?
2841 2587 2918 2641 De
2947 2585 3084 2641 ludis
3135 2587 3277 2642 enim
3317 2587 3544 2658 publicis
3593 2587 3845 2653 dicimus,

2255 2679 2412 2749 129
2431 2676 2674 2732 ludibriis
2702 2677 2906 2758 scilicet
2933 2679 3048 2748 spei
3086 2686 3304 2742 nostrm,
3331 2677 3572 2733 ludibriis
3597 2679 3724 2734 vita:
3745 2697 3849 2735 no~

2246 2777 2392 2823 διε-ω.
2417 2771 2549 2824 Nam
2571 2769 2697 2823 dum
2727 2770 2780 2824 in
2810 2769 3032 2825 theatris
3060 2779 3117 2824 et
3150 2771 3308 2825 circis
3336 2769 3582 2837 ludimus,
3627 2769 3848 2840 deperi-

2246 2877 2384 2928 mus,
2409 2861 2703 2916 secundum
2751 2862 2879 2916 illud
2907 2863 3092 2932 utique
3135 2863 3338 2918 dictum
3364 2862 3627 2918 sermonis
3652 2864 3796 2920 sacri
3827 2884 3843 2920 :

2248 2951 2449 3008 Stultus
2496 2971 2588 3025 per
2635 2955 2796 3008 risum
2843 2964 3087 3025 operatur
3125 2955 3292 3010 scelus
3321 2953 3502 3027 (Prov.
3531 2971 3584 3021 x,
3629 2955 3744 3027 23).
3775 2955 3845 3012 Et

2245 3061 2345 3099 nos
2373 3045 2554 3114 itaque
2573 3044 2702 3099 dum
2728 3045 2872 3100 inter
2892 3046 3068 3115 turpia
3098 3061 3162 3101 ac
3201 3046 3532 3102 dedecorosa
3563 3047 3802 3103 ridemus
3823 3089 3838 3114 ,

2243 3138 2448 3194 scelera
2476 3137 2893 3208 committimus;
2925 3148 2980 3194 et
2999 3138 3215 3209 quidem
3243 3140 3447 3196 scelera
3469 3156 3577 3196 non
3598 3142 3837 3206 minima,

542 3222 811 3290 gnitatem
841 3224 1089 3294 injuriam
1119 3228 1443 3297 perferentis
1471 3233 1667 3289 crescit
1681 3235 1840 3306 culpa
1868 3237 2136 3299 facientis:
2167 3233 2216 3299 C
2247 3231 2341 3286 58d
2371 3232 2425 3286 in
2455 3231 2559 3286 hoc
2586 3232 2704 3302 ipso
2731 3231 3062 3302 poenaliora;
3099 3233 3225 3302 quia
3253 3247 3376 3288 cum
3404 3233 3691 3288 Videam“?
3717 3249 3844 3306 990-

541 3313 669 3382 quia
698 3330 921 3372 necesse
942 3325 1026 3373 est
1051 3328 1257 3389 quanto
1300 3321 1474 3391 major
1509 3332 1593 3379 est
1634 3340 1866 3396 persona
1892 3328 2009 3398 ejus
2045 3333 2137 3400 qui

541 3410 927 3465 contumeliam
963 3414 1197 3482 patitur,
1231 3423 1382 3472 tanto
1411 3416 1589 3487 major
1628 3418 1698 3474 sit
1724 3434 1865 3475 noxa
1904 3421 2019 3491 ejus
2045 3425 2138 3493 qui

511 3516 514 3520 ν
541 3497 690 3555 facit.
723 3499 792 3555 Et
819 3503 946 3559 hinc
974 3512 1058 3560 est
1085 3507 1230 3576 quod
1259 3508 1487 3577 legimus
1514 3510 1569 3564 in
1599 3511 1718 3579 lege
1749 3511 1956 3584 (Exod.
1983 3517 2133 3589 xxi),

543 3593 708 3647 etiam
738 3610 834 3650 eos
861 3599 954 3666 qui
985 3599 1234 3655 videntur
1261 3609 1452 3657 contra
1480 3602 1792 3660 mandatum
1820 3621 2032 3662 sacrum
2055 3609 2135 3665 le-

542 3685 628 3738 via
658 3685 866 3750 fecisse,
891 3692 1228 3747 severissime
1257 3701 1439 3748 tamen
1467 3709 1587 3750 esse
1607 3698 1842 3766 punitos.
1876 3696 1946 3753 Ut
1974 3699 2136 3755 intel-

540 3773 830 3844 ligeremus
856 3780 1062 3836 scilicet
1114 3783 1189 3836 nil
1239 3783 1307 3838 ad
1353 3785 1520 3840 Deum
1567 3788 1843 3856 pertinens
1871 3790 1989 3846 leve
2016 3807 2137 3849 esse

539 3869 872 3940 ducendum;
903 3876 1032 3944 quia
1063 3876 1227 3931 etiam
1257 3877 1404 3947 quod
1441 3879 1725 3936 videbatur
1744 3883 1994 3952 exiguum
2017 3900 2136 3941 esse

538 3965 718 4036 culpa,
750 3967 951 4035 grande
979 3968 1084 4025 hoc
1107 3969 1340 4026 faciebat
1380 3972 1692 4029 Divinitatis
1721 3974 1937 4044 injuria.
1977 3980 2136 4051 128

538 4055 782 4125 Denique
808 4055 916 4114 01a
956 4060 1046 4116 ille
1073 4060 1263 4117 levites
1303 4063 1400 4118 Dei
1435 4063 1565 4134 quid
1592 4074 1779 4121 contra
1821 4067 2133 4125 mandatum

539 4149 760 4206 cmleste
788 4148 934 4218 fecit,
957 4154 1104 4221 quod
1140 4155 1482 4212 vacillantem
1511 4173 1693 4214 arcam
1734 4160 1945 4216 Domini
1976 4165 2136 4219 susti-

538 4256 671 4298 nere
702 4245 926 4299 tentavit
954 4245 1018 4316 (ll
1051 4246 1178 4318 Reg.
1214 4249 1330 4319 vi)?
1359 4250 1500 4305 Nihil
1528 4255 1670 4308 enim
1701 4255 1826 4310 hinc
1872 4267 1991 4312 erat
2017 4257 2136 4328 lege

537 4344 888 4408 praeceptum.
921 4335 990 4391 Et
1018 4339 1201 4394 statim
1237 4339 1362 4395 dum
1393 4343 1723 4413 sustinebat,
1767 4357 1792 4386 ο
1841 4349 2136 4408 exstinctus

540 4437 655 4495 est;
680 4444 790 4484 non
816 4431 964 4501 quia,
996 4438 1057 4486 ut
1075 4431 1317 4498 videtur,
1349 4434 1416 4489 ad
1444 4436 1678 4506 speciem
1702 4441 2006 4496 contumaci
2037 4443 2136 4497 ali-

540 4523 670 4592 quid
715 4533 808 4578 aut
853 4523 1152 4582 inofﬁciosa
1196 4527 1387 4585 saltem
1434 4538 1616 4586 mente
1665 4534 2013 4600 commiserit,
2039 4537 2134 4592 sed

2245 3325 2328 3380 cie
2349 3339 2470 3380 esse
2490 3325 2680 3394 proba,
2715 3325 2876 3379 rebus
2911 3331 3039 3379 sunt
3089 3324 3331 3380 exitiosis
3375 3325 3836 3395 pestilentissima.

2241 3415 2378 3471 Nam
2428 3430 2551 3471 cum
2587 3415 2697 3470 duo
2735 3415 2845 3470 sint
2886 3416 3120 3470 maxima
3165 3415 3327 3481 mala,
3360 3415 3413 3470 id
3453 3424 3558 3482 est,
3589 3417 3637 3472 si
3674 3417 3839 3473 homo

2242 3516 2338 3563 aut
2357 3523 2416 3564 se
2445 3509 2619 3578 ipsum
2647 3509 2880 3579 perimat
2899 3551 2916 3574 ,
2945 3515 3039 3563 aut
3067 3509 3235 3564 Deum
3273 3509 3465 3576 laadat;
3494 3511 3601 3566 hoc
3626 3519 3835 3566 utrum-

2221 3615 2349 3669 que
2397 3599 2452 3654 in
2508 3599 2654 3673 ludis
2694 3600 2924 3670 publicis
2961 3602 3156 3671 agitur.
3189 3600 3324 3656 Nam
3352 3617 3452 3673 per
3477 3604 3837 3675 turpitudines

2241 3694 2559 3749 criminosas
2585 3701 2788 3748 aeterna
2810 3693 2919 3750 illic
2945 3695 3089 3750 salus
3107 3693 3422 3751 Christiana:
3441 3695 3615 3766 plebis
3635 3698 3840 3752 exstin-

2240 3785 2437 3852 guitur,
2470 3794 2526 3840 et
2568 3801 2665 3855 per
2691 3787 2980 3856 sacrilegas
3006 3787 3417 3856 superstitiones
3455 3787 3710 3856 maiestas
3755 3788 3841 3842 di-

2240 3877 2364 3930 vina
2420 3877 2670 3932 violatur.
2731 3878 2960 3934 Dubium
3006 3880 3150 3933 enim
3201 3895 3309 3936 non
3355 3887 3437 3934 est
3465 3880 3606 3948 quod
3630 3879 3845 3935 lzedunt

2239 3969 2429 4036 Deum,
2463 3978 2651 4042 utpote
2684 3970 2843 4025 idolis
2886 3981 3234 4027 consecratae.
3267 3971 3470 4026 Colitur
3511 3984 3746 4039 namque
3775 3983 3844 4028 et

2239 4065 2540 4121 honoratur
2583 4062 2822 4118 Minerva
2864 4065 2919 4118 in
2959 4066 3268 4136 gymnasiis,
3300 4064 3474 4118 Venus
3501 4063 3555 4117 in
3578 4063 3836 4130 theatris,

2239 4155 2518 4226 Neptunus
2541 4154 2597 4209 in
2626 4154 2803 4220 circis,
2836 4154 2977 4211 Mars
3006 4157 3060 4211 in
3089 4157 3285 4221 arenis,
3316 4154 3608 4211 Mercurius
3649 4155 3704 4209 in
3731 4171 3836 4226 pa-

2240 4247 2465 4312 laestris;
2497 4253 2551 4301 et
2576 4246 2698 4301 ideo
2720 4262 2820 4316 pro
2849 4248 3108 4316 qualitate
3137 4255 3417 4304 auctorum
3446 4247 3616 4304 cultus
3638 4255 3721 4302 est
3741 4263 3836 4302 su-

2239 4341 2639 4415 perstitionum.
2705 4338 2975 4410 Quidquid
3026 4343 3487 4412 immunditiarum
3547 4351 3668 4405 est,
3727 4342 3834 4398 hoc

2240 4438 2524 4487 exercetur
2549 4430 2603 4485 in
2631 4431 2884 4497 theatris;
2915 4433 3170 4502 quidquid
3193 4434 3551 4498 luxuriarum,
3586 4434 3637 4488 in
3665 4435 3831 4503 palze-

2241 4524 2405 4590 stris;
2449 4522 2708 4593 quidquid
2735 4517 2738 4519 i
2764 4525 3246 4591 iinmoderationis,
3280 4527 3332 4580 in
3359 4527 3545 4593 circis;
3573 4527 3831 4597 quidquid

449 4659 466 4664 _
541 4616 659 4687 ipso
703 4610 883 4674 ofﬁcio
912 4617 1242 4677 inofﬁciosus
1277 4621 1376 4678 fuit
1403 4624 1496 4693 qui
1525 4623 1726 4693 injugsa
1773 4632 2130 4699 ρι-ωειιηιρείι,
2158 4619 2217 4682 D
2239 4615 2454 4683 furoris,
2479 4616 2535 4672 iu
2563 4617 2761 4673 caveis.
2787 4617 2927 4672 Alibi
2948 4625 3031 4672 est
3059 4617 3414 4687 impudicitia,
3432 4618 3557 4673 alibi
3588 4618 3828 4684 lascivia,

541 4707 718 4765 Homo
759 4708 1070 4768 Israelitica:
1097 4712 1270 4782 plebis
1308 4729 1430 4770 cum
1458 4715 1603 4783 ligna
1631 4716 1865 4773 sabbatis
1885 4721 2132 4790 collegis-

539 4809 643 4867 set,
676 4802 887 4872 occisus
907 4811 990 4859 est
1017 4801 1205 4876 (Num.
1237 4820 1327 4871 xv,
1359 4804 1428 4860 52
1456 4805 1655 4879 seqq.);
1687 4816 1744 4864 et
1770 4809 1902 4876 hoc,
1927 4810 2130 4881 judicio

538 4906 604 4950 ac
617 4893 771 4961 jussu
793 4894 908 4962 Dei,
939 4897 1164 4966 piissimi
1183 4897 1390 4954 scilicet
1431 4915 1498 4954 ac
1528 4899 2014 4958 misericordissimi
2036 4905 2128 4975 ju-

536 4983 693 5050 dicis,
723 4995 778 5042 et
802 4989 894 5058 qui
914 5003 1138 5064 parcere
1165 4991 1370 5062 absque
1389 4990 1554 5048 dubio
1573 5009 1735 5064 quam
1750 4995 1996 5053 occidere
2009 5013 2125 5055 ma-

2239 4713 2364 4768 alibi
2413 4712 2846 4783 intemperantia,
2900 4711 3026 4765 alibi
3065 4712 3271 4766 insania
3306 4712 3544 4780 :ubique
3593 4711 3829 4777 daemon,

2238 4806 2404 4860 immo
2431 4820 2528 4876 per
2554 4803 2762 4873 singula
2786 4802 3114 4859 ludicrarum
3143 4804 3258 4858 loca
3276 4845 3291 4870 ,
3335 4804 3585 4859 universa
3623 4803 3830 4858 daemo-

2235 4918 2365 4958 num
2393 4910 2653 4956 monstra.
2677 4898 2973 4955 Praesident
3000 4899 3144 4954 enim
3185 4899 3401 4954 sedibus
3423 4914 3521 4953 suo
3541 4897 3706 4953 cultui
3728 4897 3830 4952 de-

2237 4997 2445 5055 dicatis.
2488 4993 2566 5049 Ac
2585 5007 2683 5064 per
2708 4993 2814 5047 hoc
2831 4992 2885 5046 in
2917 4990 3236 5062 spectaculis
3264 4989 3561 5045 istiusmodi
3583 5005 3690 5044 non
3708 4990 3830 5045 sola

1717 5105 2059 5165 STEPHANI
2096 5107 2372 5168 BALUZII
2407 5101 2637 5162 ΝΟΤΛΕ.

607 5205 634 5236 ι
664 5196 986 5254 Redundare
1027 5197 1260 5254 arbitror
1287 5215 1448 5257 voces
1477 5200 1595 5256 illas
1621 5209 1678 5257 et
1703 5203 2126 5260 admonitionem

593 5283 666 5343 se
681 5269 914 5335 librarii;
945 5269 1038 5343 qui
1065 5284 1187 5325 cum
1217 5271 1511 5343 ambigeret
1537 5272 1794 5343 quidnam
1822 5275 2001 5343 potius
2039 5276 2123 5329 le-

593 5284 652 5324 se
681 5284 914 5335 llDral‘tl;
945 5284 1038 5339 qni
1065 5284 1187 5325 cum
1217 5284 1510 5341 ambigeret
1537 5284 1794 5341 quidnam
1822 5284 2001 5343 potius
2040 5284 2122 5329 le-

512 5284 762 5449 ﬁzndum
785 5349 931 5397 esset
959 5341 1012 5395 in
1042 5342 1335 5412 exemplari
1363 5357 1472 5412 quo
1500 5342 1546 5395 is
1580 5342 1848 5406 utebatur,
1871 5346 2122 5416 prodigis,

536 5426 601 5449 sm
634 5412 943 5449 nrntla'ne'nu'c
994 5419 1280 5449 IIII-limans:
1302 5414 1477 5449 nncnil
1533 5412 1720 5449 InnInI-i
1746 5413 1996 5449 indinium
2040 5417 2120 5449 in-

535 5426 603 5463 au
618 5412 964 5484 prodigiosis,
994 5419 1280 5484 utrumque
1302 5414 1500 5484 posuit,
1533 5412 1724 5484 lectori
1739 5412 1998 5484 judicium
2023 5412 2122 5470 'in-

533 5480 742 5554 tegmm
763 5480 1090 5554 relinquens.
1112 5480 1259 5538 Idem
1296 5480 1442 5554 enim
1471 5482 1662 5554 accidit
1687 5480 1753 5554 in,
1769 5483 1907 5538 libro
1927 5493 2124 5554 quarto

535 5549 791 5626 adversus
811 5549 1127 5621 Avaritiam,
1145 5567 1268 5624 pag.
1286 5551 1410 5626 282,
1430 5553 1496 5606 ad
1518 5552 1666 5626 illum
1688 5552 1887 5626 locum,
1902 5549 2126 5626 quadam

535 5617 824 5688 adjectione
861 5617 1304 5688 conantur:ch
1345 5617 1403 5677 iu
1440 5623 1728 5678 recentiori
1757 5617 1946 5679 codice
1973 5625 2135 5688 regio-

535 5687 746 5765 legatur
767 5694 1003 5765 qundam
1023 5687 1294 5750 aitet-tione
1316 5695 1394 5749 uel
1415 5695 1725 5765 uttegatione
1753 5687 2128 5750 communita

535 5759 738 5834 pariter
766 5759 819 5814 in
862 5762 1142 5820 Vincentio
1170 5765 1454 5831 Lirinensi,
1488 5759 1635 5821 num.
1668 5765 1757 5829 30,
1785 5779 1884 5834 pro
1921 5776 2129 5820 sanctus

535 5829 815 5906 (Iugarius
835 5835 1103 5905 episcopus
1122 5846 1170 5888 et
1192 5829 1454 5907 confessor
1473 5839 1536 5892 de
1558 5829 1833 5890 Nazianio
1856 5835 2048 5905 legitur
2075 5837 2129 5891 in

2231 5202 2509 5260 codicibus
2553 5213 2717 5254 manu
2755 5197 2969 5267 scriptis
3014 5198 3281 5267 confessor
3309 5194 3699 5267 deiNanzando
3749 5201 3828 5252 vel

2232 5271 2502 5328 Nazabos.
2547 5268 2682 5324 Vide
2721 5265 2879 5324 notas
2901 5267 2968 5322 ad
2996 5265 3154 5338 epist.
3184 5266 3221 5320 5
3249 5274 3304 5323 et
3332 5265 3438 5320 122
3461 5267 3597 5337 Lupi
3627 5265 3823 5322 Ferra-

2230 5359 2442 5400 l‘lCﬂSIS.

2303 5414 2331 5453 δ
2360 5411 2495 5468 Vide
2523 5411 2658 5466 infra
2677 5425 2800 5482 pag.
2830 5407 2952 5482 1'19.

2311 5495 2335 5525 ε
2369 5481 2713 5540 Brassicanus
2761 5485 2835 5536 ita
2889 5481 2972 5549 leg

2231 5556 2352 5626 dum
2384 5552 2583 5626 tenebat
2605 5568 2899 5626 percussus
2939 5559 3033 5606 est.
3088 5549 3333 5626 Utraun
3357 5551 3516 5606 lectio
3545 5549 3685 5604 bona
3713 5561 3821 5606 est.

2228 5625 2364 5681 Nam
2397 5625 2474 5680 sic
2517 5621 2708 5693 legitur
2737 5625 2789 5678 in
2840 5623 2977 5678 libro
3020 5621 3260 5677 secundo
3298 5621 3522 5691 Regum,
3549 5636 3670 5693 cap.
3717 5639 3772 5677 v1
3805 5665 3818 5677 .

2235 5695 2508 5767 lratusque
2534 5691 2610 5749 est
2654 5695 3014 5766 indignatione
3037 5693 3294 5749 Dominus
3332 5704 3511 5748 contra
3548 5691 3733 5757 Ozam,
3771 5704 3826 5767 et

2232 5763 2482 5838 percussit
2518 5783 2649 5838 eum_
2679 5763 2830 5838 super
2881 5767 3177 5835 temeritate,
3227 5768 3312 5838 qui
3359 5775 3588 5824 mortuus
3625 5775 3703 5819 est
3749 5763 3826 5824 ibi

2979 5480 3018 5534 it
3064 5480 3207 5536 hunc
3243 5481 3423 5536 locum
3482 5497 3495 5532 :
3535 5477 3608 5532 Et
3646 5482 3824 5534 statim

2225 5835 2381 5907 iuxta
2407 5853 2583 5889 arcam
2611 5835 2727 5889 Dei.
