4088 6360
584 355 686 411 123

1504 348 1560 403 S.
1603 343 1919 403 SALVIANI
1956 340 2416 399 MASSILIENSIS
2456 340 2873 399 PRESBYTERI

3748 346 3864 404 tu

581 466 947 525 Christianum
973 478 1132 537 quam
1156 460 1518 534 captivitatem
1543 461 1735 515 animze
1761 458 2044 524 sustinere,
2074 470 2162 511 se-
2185 455 2239 520 Δ
2267 454 2401 509 tioni
2430 455 2602 525 prima
2631 456 2931 526 captivitas,
2951 464 3008 511 ut
3030 456 3346 514 instauratio
3372 464 3720 529 peccator-tim
3742 475 3860 517 non

580 560 813 619 cundum
850 558 977 614 illud
1010 554 1153 627 quod
1194 555 1352 611 docet
1377 552 1627 609 Salvator
1646 553 1760 623 ipse
1788 551 1843 605 in
1866 548 2156 618 Evangelia

582 650 735 724 (Luc.
763 666 836 717 rx,
880 647 949 702 24
971 690 985 715 ,
1012 644 1123 717 25),
1152 646 1457 716 graviorem
1487 643 1656 698 multo
1679 642 1979 697 animarum
2007 655 2156 695 mor-

580 752 689 801 tem
717 753 836 798 esse
860 753 1021 811 quam
1048 752 1355 809 corporum.
1406 737 1486 791 An
1528 734 1794 790 credimus
1832 733 1972 789 forte
2009 731 2155 802 quod

577 834 818 905 captivus
837 830 1027 887 animis
1049 829 1278 901 populus
1298 828 1387 883 ille
1407 843 1515 884 non
1538 827 1714 892 luerit,
1739 826 1830 895 qui
1853 825 2006 880 laetus
2025 830 2153 879 tunc

576 925 633 981 in
656 938 875 979 suorum
921 920 1321 993 captivitatibus
1363 918 1496 973 fuit?
1530 919 1683 989 132
1710 916 1966 987 Captivus
1992 914 2155 995 corde

577 1024 632 1072 et
669 1030 829 1071 sensu
858 1028 968 1068 non
997 1019 1114 1068 erat
1132 1050 1147 1076 ,
1178 1011 1275 1080 qui
1303 1010 1443 1065 inter
1469 1025 1688 1065 suorum
1723 1009 1985 1080 supplicia
2013 1007 2158 1062 ride-

574 1106 683 1173 bat,
707 1106 801 1176 qui
822 1102 1054 1177 jugulari
1100 1118 1159 1159 se
1190 1102 1245 1156 in
1275 1118 1494 1157 suorum
1523 1101 1721 1171 iugulis
1751 1118 1858 1157 non
1892 1100 2156 1169 intellige-

570 1196 686 1261 bat,
708 1196 802 1266 qui
843 1196 983 1251 mori
1027 1210 1087 1250 se
1124 1195 1179 1249 in
1210 1210 1429 1250 suorum
1461 1193 1726 1248 mortibus
1756 1209 1861 1246 non
1890 1192 2156 1262 putabat?

572 1287 795 1355 Fragor,
837 1292 898 1340 ut
948 1285 1023 1340 ita
1051 1284 1296 1352 dixerim,
1322 1291 1474 1340 extra
1498 1299 1681 1338 muros
1715 1291 1773 1338 et
1797 1283 1935 1336 intra
1973 1297 2156 1337 muros

570 1378 880 1449 praeliorum
898 1380 956 1432 et
976 1376 1332 1451 ludicrorum;
1361 1374 1785 1431 confundebatur
1803 1390 1905 1428 vox
1930 1372 2159 1427 morien-

577 1470 709 1524 tium
745 1484 960 1539 voxque
1006 1469 1416 1535 bacchantium;
1447 1482 1511 1522 ac
1552 1466 1645 1520 vix
1668 1466 1903 1521 discerni
1931 1465 2156 1520 forsitan

572 1565 787 1631 poterat
804 1559 975 1631 plebis
1002 1558 1220 1629 ejulatio
1248 1573 1367 1629 quae
1394 1556 1620 1615 cadebat
1646 1558 1700 1612 in
1730 1557 1890 1622 bello,
1909 1564 1965 1611 et
1991 1572 2156 1611 sonus

572 1649 758 1721 populi
783 1648 875 1719 qui
907 1650 1175 1706 clamabat
1203 1650 1258 1704 in
1280 1651 1446 1705 circo.
1477 1646 1545 1703 Et
1562 1662 1684 1704 cum
1710 1648 1824 1703 haec
1852 1647 2032 1702 omnia
2062 1646 2156 1702 iic-

570 1747 725 1805 rent,
756 1741 885 1810 quid
910 1741 1055 1796 aliud
1080 1741 1202 1796 talis
1221 1741 1449 1811 populus
1469 1740 1662 1809 agebat
1684 1738 1786 1793 nisi
1810 1747 1867 1793 ut
1889 1753 2011 1793 cum
2029 1752 2153 1792 eum

2261 547 2613 603 instaumsset
2631 547 2915 605 excidium.
2944 547 3052 602 Sed
3071 547 3199 616 quid
3222 549 3410 618 plura?
3429 548 3748 605 Incredibile
3766 560 3865 607 est

2258 640 2401 709 quod
2422 639 2629 709 loquor.
2648 638 2946 693 Assiduitas
2964 638 3074 693 illic
3090 639 3479 706 calamitatum,
3498 648 3859 710 augmenta:

2260 733 2368 792 illic
2394 735 2676 790 criminum
2706 733 2821 788 fuit.
2854 733 3005 789 Sicut
3030 734 3176 789 enim
3201 733 3494 803 anguinum
3540 734 3674 791 illud
3701 751 3862 793 mon-

2263 833 2454 890 strum,
2503 832 2564 880 ut
2601 823 2794 880 fabulae
2821 825 3017 891 ierunt,
3066 823 3457 895 multiplicabat
3498 825 3742 891 eccisio;
3772 827 3855 881 ita

2262 915 2427 970 etiam
2455 916 2509 970 in
2540 913 2818 970 Gallorum
2847 914 3295 970 excellentissima
3322 915 3457 971 urbe
3476 916 3542 971 iis
3562 917 3696 987 ipsis
3721 918 3852 986 qui-

2257 1005 2361 1060 bus
2378 1006 2771 1061 coercebantur
2791 1005 2963 1075 plagis
2980 1005 3185 1060 scelera
3202 1006 3521 1061 crescebant
3553 1025 3566 1059 :
3596 1015 3658 1061 ut
3684 1016 3852 1078 puta-

2257 1110 2347 1150 res
2376 1110 2594 1166 pmnam
2624 1096 2862 1166 ipsorum
2892 1096 3175 1151 criminum
3201 1098 3355 1166 quasi
3374 1105 3603 1153 matrem
3624 1114 3747 1154 esse
3767 1100 3852 1155 vi-

2259 1187 2476 1241 tiorum.
2534 1187 2602 1241 Et
2654 1188 2784 1257 quid
2829 1189 3020 1258 plura?
3045 1187 3127 1244 Ad
3170 1189 3275 1245 hoc
3310 1189 3576 1253 malorum
3602 1193 3857 1261 quotidi.

2258 1279 2634 1350 pullulantium
2660 1280 3106 1351 multiplicatione
3125 1290 3444 1352 perventum
3480 1292 3593 1348 est,
3630 1293 3692 1340 ut
3720 1285 3853 1342 faei-

2260 1371 2362 1426 lius
2388 1380 2531 1427 esset
2565 1374 2754 1427 urbem
2804 1372 2948 1426 illam
2995 1372 3114 1427 sine
3142 1374 3445 1430 habitatore
3487 1390 3655 1444 quam
3682 1377 3851 1437 ull-It

2258 1478 2398 1534 pene
2425 1463 2783 1518 habitatorem
2822 1478 2942 1519 esse
2986 1463 3103 1519 sine
3150 1464 3594 1535 uimine._igitur
3639 1468 3748 1523 hoc
3793 1470 3851 1529 ia

2259 1554 2367 1609 illa.
2401 1553 2590 1621 Quidd
2622 1555 2676 1609 in
2739 1556 2843 1610 alia
2897 1571 3006 1611 non
3055 1556 3234 1625 longe,
3278 1557 3371 1612 sed
3409 1574 3582 1629 prope
3607 1559 3851 1629 ejusdem

2260 1644 2668 1715 magniﬁcentia:
2704 1646 2922 1702 civitate
2942 1646 2965 1700 ἲ
2988 1645 3177 1702 Nonne
3194 1647 3385 1705 eadem
3412 1658 3467 1703 et
3485 1664 3670 1705 rerum
3694 1651 3851 1714 ruina

2260 1737 2464 1808 pariter
2491 1744 2547 1793 et
2574 1739 2819 1792 morum?
2846 1737 2980 1792 Nam
3002 1746 3200 1808 prater
3226 1747 3441 1803 cetera,
3476 1755 3602 1796 eum
3638 1742 3850 1798 Δηώ.

568 1830 715 1887 Deus
741 1832 968 1902 perdere
993 1832 1167 1888 adhuc
1194 1830 1423 1886 fortasse
1456 1831 1639 1896 nollet,
1673 1839 1851 1885 tamen
1890 1830 2005 1900 ipse
2037 1830 2151 1884 exi-
2180 1827 2229 1890 Β
2256 1827 2365 1882 illic
2391 1829 2673 1899 praecipuis
2701 1837 2757 1883 et
2774 1829 3116 1897 generalibus
3136 1831 3311 1897 malis,
3340 1833 3566 1887 avaritia
3588 1841 3649 1888 et
3675 1834 3848 1891 ebria-

570 1931 727 1992 geret
752 1930 812 1979 ut
838 1924 1076 1994 periret?

643 2013 777 2070 XIII.
801 2013 912 2071 Sed
935 2014 1069 2085 quid
1084 2028 1186 2083 ego
1215 2014 1409 2084 loquor
1526 2014 1685 2081 longe
1713 2013 1901 2084 positis
1921 2022 1977 2069 et
2000 2016 2152 2085 quasi

569 2107 625 2162 in
654 2107 760 2162 alio
787 2106 920 2162 orbe
948 2106 1227 2171 submotis,
1257 2119 1380 2163 cum
1408 2104 1572 2159 sciam
1599 2105 1763 2159 etiam
1791 2113 1816 2145 ι
1838 2104 1890 2159 in
1919 2105 2036 2160 solo
2057 2121 2153 2175 pa-

423 2234 448 2262 .
567 2200 674 2255 trio
715 2209 875 2270 atque
925 2201 979 2255 in
1034 2198 1341 2255 civitatibus
1397 2196 1687 2255 Gallicanis
1742 2213 1930 2254 omnes
1982 2198 2152 2255 ferme

565 2290 596 2331 ι’
617 2294 981 2363 prmcelsiores
999 2293 1147 2348 viros
1191 2292 1585 2349 calamitatibus
1618 2292 1730 2347 suis
1774 2290 1944 2347 factos
1989 2291 2152 2348 fuisse

442 2374 448 2378 ’
564 2382 814 2452 pejores?
849 2382 971 2437 Vidi
998 2382 1258 2451 siquidem
1288 2396 1388 2450 ego
1417 2383 1533 2452 ipse
1573 2382 1837 2437 Treveros
1874 2383 2020 2438 domi
2049 2398 2150 2438 uo-

566 2473 723 2539 biles,
771 2472 1031 2541 dignitate
1065 2473 1339 2537 sublimes,
1368 2473 1496 2528 licet
1530 2472 1642 2541 iam
1687 2473 1945 2543 spoliatos
1990 2480 2152 2543 atque

566 2568 832 2630 vastatos,
880 2556 1057 2618 minus
1109 2570 1289 2619 tamen
1342 2579 1561 2620 eversos
1599 2565 1762 2620 rebus
1803 2563 1963 2620 fuisse
1989 2579 2151 2635 quam

567 2655 827 2711 moribus.
859 2655 1114 2722 Quamvis
1141 2656 1285 2711 enim
1308 2656 1646 2728 depopulatis
1661 2657 1773 2726 jam
1801 2664 1963 2727 atque
1990 2658 2152 2715 nuda-

567 2745 637 2800 tis
672 2745 872 2823 aliquid
911 2754 1194 2816 supererat
1230 2745 1299 2801 de
1339 2746 1657 2811 substantia,
1709 2747 1839 2801 nihil
1880 2755 2058 2803 tamen
2084 2747 2152 2803 de

554 2824 862 2911 disciplina.
900 2838 1051 2894 Adeo
1100 2839 1376 2908 graviores
1404 2840 1456 2894 in
1496 2849 1667 2895 semet
1694 2840 1877 2895 hostes
1912 2838 2151 2901 externis

552 2929 811 2987 hostibus
838 2938 1012 2995 erant,
1039 2939 1097 2986 ut
1125 2932 1251 2986 licet
1289 2945 1320 2984 a
1350 2929 1592 2986 barbaris
1607 2930 1719 3000 jam
1748 2932 1924 2986 eversi
1945 2940 2146 2998 essent,

552 3038 595 3076 -a
622 3037 681 3077 se
707 3029 887 3076 tamen
913 3021 1084 3090 magis
1121 3028 1507 3076 everterentur.
1553 3020 1801 3089 Lugubre
1838 3030 1922 3077 est
1946 3020 2150 3077 referre

565 3127 683 3184 quae
699 3111 948 3177 vidimus,
964 3126 1121 3167 senes
1140 3112 1450 3178 honoratos,
1467 3111 1771 3183 decrepitos
1789 3110 2144 3181 Christianos,

2254 1926 2386 1983 tate,
2437 1918 2616 1972 omnia
2659 1919 3049 1986 concidissent;
3079 1920 3147 1974 ad
3187 1920 3292 1976 hoc
3336 1929 3613 1992 postremo
3666 1925 3847 1985 rabida

2255 2010 2367 2064 vini
2394 2010 2650 2069 aviditate
2677 2018 2995 2079 perventum
3014 2021 3116 2078 est,
3141 2021 3201 2067 ut
3218 2014 3489 2086 principes
3509 2016 3658 2072 urbis
3684 2018 3845 2087 ipsii-

2255 2116 2327 2156 ne
2356 2108 2486 2159 tunc
2511 2101 2726 2169 quidem
2752 2102 2819 2157 de
2847 2103 3106 2159 conviviis
3133 2114 3436 2173 surgerent.
3468 2122 3591 2163 cum
3617 2110 3730 2179 jam
3758 2127 3843 2166 ur.

2252 2193 2374 2248 hem
2396 2192 2566 2248 hostis
2580 2192 2823 2249 intraret.
2838 2192 2990 2250 Adeo
3002 2194 3163 2252 etiam
3174 2195 3317 2253 Deus
3337 2197 3467 2267 ipsis
3479 2198 3779 2267 evidenter,
3791 2210 3843 2257 ut

2252 2281 2441 2348 credo,
2456 2280 2800 2341 manifestare
2818 2283 2989 2343 voluit
3013 2299 3111 2345 cur
3129 2286 3367 2355 perirent
3388 2306 3405 2354 ;
3426 2304 3547 2347 cum
3568 2305 3668 2359 per
3685 2307 3844 2363 quat.

2252 2388 2368 2429 rem
2413 2373 2480 2429 ad
2518 2368 2878 2445 perditionem
2907 2375 3148 2433 ultimam
3188 2387 3463 2446 venerant,
3505 2394 3624 2437 eam
3670 2382 3845 2451 ipsam

2252 2474 2476 2533 agerent
2502 2482 2624 2522 cum
2652 2467 2912 2537 perirent.
2940 2467 3058 2525 Vidi
3084 2483 3188 2538 ego
3215 2470 3324 2530 illic
3346 2486 3431 2527 res
3447 2470 3844 2542 lacrymabiles,

2252 2557 2388 2619 nihil
2410 2557 2621 2617 scilicet
2644 2558 2784 2615 inter
2803 2573 3002 2628 pueros
3038 2557 3255 2621 diﬂerre
3279 2568 3337 2619 et
3387 2576 3564 2623 senes.
3595 2561 3712 2621 Una
3732 2573 3845 2627 erat

2251 2650 2568 2717 scurrilitas,
2617 2666 2725 2709 una
2771 2652 2962 2711 lovitas
2993 2670 3015 2731 ει
3028 2653 3190 2713 simul
3235 2655 3437 2721 ontulit.
3479 2656 3658 2722 luxus.
3689 2670 3845 2728 pola-

2250 2741 2446 2808 tiones,
2497 2743 2830 2814 perditiones
2861 2763 2874 2799 :
2907 2753 3100 2802 cuncta
3145 2762 3334 2807 omnes
3358 2748 3563 2818 pariter
3586 2750 3841 2818 agebant.

2252 2833 2528 2901 ludebant,
2578 2836 2942 2902 ebriebantur,
2985 2839 3381 2905 enecabantur;
3411 2839 3764 2901 Iasciviebent
3790 2842 3843 2899 in

2251 2925 2540 2991 conviviis,
2594 2926 2760 2983 vetuli
2806 2934 2862 2985 et
2905 2928 3190 2996 honorati,
3245 2928 3401 3001 ια
3447 2930 3518 2985 ad
3557 2932 3842 2989 vivendum

2250 3031 2421 3087 prope
2461 3016 2575 3085 jam
2622 3017 2935 3084 imbecilles.
2965 3020 3033 3077 ad
3067 3020 3249 3079 vinum
3271 3021 3727 3090 praevalidissimi;
3756 3024 3841 3079 in-

2252 3108 2392 3165 tirmi
2411 3108 2479 3165 ad
2509 3108 2907 3177 ambulandum,
2935 3112 3142 3172 robusti
3161 3112 3230 3173 ad
3249 3114 3574 3182 bibendum;
3597 3116 3664 3171 ad
3690 3130 3840 3187 gres-

564 3202 877 3259 imminente
903 3203 1016 3271 jam
1045 3201 1331 3258 admodum
1373 3202 1582 3257 excidio
1615 3203 1865 3269 civitatis,
1900 3203 2038 3272 gula:
2083 3218 2148 3258 ac
2170 3204 2217 3275 _C
2247 3219 2366 3259 sum
2390 3202 2707 3266 uutabundi.
2738 3203 2807 3261 ad
2836 3205 3137 3263 saltandum
3154 3206 3409 3276 expediti.
3433 3206 3502 3267 Et
3519 3208 3651 3277 quid
3664 3209 3841 3279 plural

546 3293 795 3351 lascivia:
842 3295 1154 3350 servientes.
1218 3294 1353 3361 Quid
1398 3296 1628 3365 primum
1661 3295 1750 3351 hic
1785 3296 2144 3352 accusandum

563 3389 678 3443 est?
705 3387 851 3459 quod
899 3387 1167 3452 honorati,
1210 3402 1278 3444 an
1316 3386 1461 3455 quod
1500 3401 1676 3452 senes,
1708 3401 1776 3441 an
1815 3386 1959 3457 quod
1989 3384 2145 3442 Chri»

544 3480 742 3547 'stiani,
800 3495 869 3534 an
914 3480 1058 3549 quod
1107 3480 1509 3550 periclitantes?
1553 3478 1685 3546 Quis
1723 3479 1868 3534 enim
1896 3480 2002 3536 hoc
2028 3478 2142 3535 ﬁeri

563 3585 720 3641 posse
747 3570 952 3635 credat,
977 3570 1058 3624 vel
1105 3570 1157 3623 in
1187 3572 1474 3626 securitate
1502 3586 1533 3627 a
1561 3570 1778 3625 sentibus
1801 3609 1816 3636 ,
1847 3571 1934 3627 vel
1962 3572 2015 3627 in
2038 3570 2146 3626 dis-

565 3661 791 3715 crimine
827 3676 857 3714 a
898 3662 1109 3729 pueris,
1141 3661 1226 3714 vel
1255 3672 1487 3730 unquam
1522 3676 1552 3715 a
1580 3659 1932 3717 Christianis?
1985 3660 2135 3719 Jacev

564 3751 696 3805 bant
734 3749 1086 3817 inconvlviis
1123 3748 1278 3803 obliti
1313 3751 1554 3815 honoris,
1582 3751 1734 3805 obliti
1776 3752 1967 3814 aetatis,
1991 3752 2145 3809 obliti

561 3841 929 3923 professionis,
989 3841 1138 3905 obliti
1185 3840 1419 3903 nominis
1459 3841 1575 3905 sui,
1615 3842 1889 3923 principes
1915 3842 2146 3898 civitatis

562 3936 680 3990 cibo
710 3933 955 4001 conferti,
979 3933 1272 3989 vinolentia
1293 3931 1558 4001 dissoluti,
1589 3932 1912 3995 clamoribus
1930 3934 2140 4000 rabidi,

560 4022 910 4081 bacchatione
946 4023 1167 4090 furiosi,
1200 4024 1335 4080 nihil
1372 4024 1551 4081 minus
1595 4039 1756 4095 quam
1802 4041 1993 4091 seruus
2018 4026 2140 4092 sui;

570 4119 723 4190 133
749 4110 926 4172 immo
978 4118 1102 4186 quia
1149 4133 1319 4188 prope
1360 4117 1561 4187 iugiter
1610 4119 1766 4184 tales,
1815 4119 1948 4173 nihil
1975 4120 2145 4188 magis

562 4224 723 4279 quam
750 4224 939 4267 sensus
966 4208 1067 4263 sui.
1092 4207 1198 4265 Sed
1225 4224 1346 4265 cum
1367 4209 1481 4267 haec
1507 4209 1582 4269 ita
1609 4216 1808 4275 essent,
1830 4209 1953 4283 plus
1974 4210 2143 4267 multo

563 4310 645 4358 est
683 4301 827 4370 quod
867 4300 1107 4377 dicturus
1159 4315 1277 4354 sum
1311 4318 1324 4352 :
1358 4300 1519 4363 liuent
1563 4301 1852 4377 perditioni
1891 4302 2017 4357 huic
2043 4317 2144 4357 nec

452 4402 455 4405 '
564 4394 835 4451 civitatum
874 4376 1080 4447 cicidia
1118 4391 1377 4446 fecerunt.
1424 4392 1664 4461 Denique
1717 4376 2018 4471 expugnata
2064 4402 2146 4448 est

563 4495 753 4557 quater
803 4496 825 4524 ε
852 4486 978 4543 urbs
1032 4484 1306 4547 Gallorum
1361 4485 1785 4557 opulentissima.
1828 4486 2138 4559 Promptum

2247 3294 2308 3351 In
2336 3296 2441 3351 hoc
2467 3311 2565 3365 per
2590 3303 2785 3353 cuncta
2815 3296 2903 3355 illa
2930 3311 3052 3366 qua:
3078 3297 3342 3363 diximus,
3374 3298 3612 3359 devoluti
3640 3310 3839 3363 suntut

2246 3389 2610 3460 compleretur
2638 3390 2690 3445 in
2718 3390 2798 3444 eis
2843 3389 3045 3447 dictum
3087 3390 3217 3449 illud
3236 3393 3503 3449 sermonis
3523 3394 3663 3451 sacri
3690 3413 3707 3448 :
3746 3394 3839 3452 νᾶρ

2246 3498 2373 3536 nam
2394 3489 2447 3534 et
2475 3480 2712 3537 mulieres
2740 3489 3041 3552 apostataro
3068 3483 3270 3553 faciunt
3294 3500 3327 3539 α
3349 3481 3461 3541 Deo
3484 3482 3504 3555 (
3527 3482 3694 3541 Eccii.
3726 3502 3835 3553 xta,

2246 3572 2335 3645 2).
2368 3572 2502 3629 Nam
2531 3572 2655 3633 dum
2678 3573 2889 3640 bibunt,
2922 3573 3130 3639 ludunt,
3163 3575 3517 3642 minabantur.
3548 3579 3833 3646 insaniunt.

2247 3665 2521 3725 Christum
2543 3680 2740 3735 negare
2760 3674 3060 3737 coeperunt.
3086 3666 3155 3721 Et
3180 3668 3436 3724 miramur
3456 3679 3578 3740 post
3597 3672 3698 3726 ista
3724 3688 3839 3727 om-

2246 3759 2337 3814 nia
2381 3760 2428 3815 si
2470 3760 2679 3817 ruinam
2726 3775 2906 3817 rerum
2951 3774 3169 3817 suarum
3213 3763 3359 3830 passi
3396 3770 3536 3827 sunt,
3568 3765 3661 3831 qui
3687 3772 3849 3819 tanto

2249 3855 2375 3903 ante
2396 3850 2665 3904 mentibus
2692 3851 3050 3905 corruerunt?
3075 3850 3244 3905 Nemo
3267 3851 3446 3922 itaque
3475 3853 3659 3907 urbem
3688 3854 3843 3910 illam

2248 3938 2459 4005 excidio
2508 3957 2606 3999 suo
2652 3950 2858 3997 tantum
2911 3942 3117 4014 perisse
3147 3943 3348 3999 credat.
3391 3942 3484 3998 Ubi
3513 3944 3654 3999 enim
3702 3947 3843 4003 talia

2246 4043 2368 4095 aeta
2397 4043 2541 4102 eunt,
2571 4036 2721 4106 prius
2736 4035 2846 4104 jam
2878 4036 3152 4106 perierant
3173 4052 3332 4107 quam
3358 4035 3610 4110 perirent.

2317 4126 2456 4181 XIV.
2492 4126 2613 4181 Dixi
2632 4127 2701 4181 de
2731 4127 2955 4182 urbibus
2980 4128 3418 4197 prmclarissimis.
3449 4126 3588 4195 Quid
3614 4128 3841 4199 reliqum

2247 4219 2303 4283 in
2343 4219 2567 4273 diversis
2613 4217 2905 4275 Galliarum
2952 4219 3194 4293 partibus
3252 4221 3540 4276 civitates?
3586 4221 3839 4293 Nunquid

2247 4325 2358 4371 non
2385 4309 2754 4369 consimilibus
2781 4310 3144 4367 habitatorum
3166 4327 3386 4371 suorum
3415 4312 3559 4368 vitiis
3585 4313 3836 4373 concide-

2246 4401 2416 4456 runt?
2457 4399 2590 4454 Nam
2636 4400 2710 4455 ita
2759 4409 2984 4457 cunctos
3024 4403 3245 4458 crimina
3292 4419 3390 4459 sua
3426 4413 3835 4475 presserant,ut

2247 4505 2349 4546 nec
2387 4498 2694 4545 metuerent
2733 4492 3028 4561 periculum
3066 4508 3240 4546 suum.
3276 4492 3715 4550 Prmnosoebatur
3740 4509 3835 4550 oa-

564 4586 643 4633 cst
665 4577 732 4632 de
750 4592 857 4648 qua
877 4576 1072 4631 dicam.
1102 4576 1362 4637 Suillcere
1390 4578 1574 4647 utique
1601 4578 1861 4639 debuerat
1885 4579 2138 4641 emende-
2166 4575 2220 4641 D
2244 4581 2440 4657 ptivas,
2468 4598 2570 4637 nec
2599 4581 3003 4638 formidabatur.
3038 4583 3259 4640 Ablatus
3286 4585 3485 4658 quippe
3506 4593 3622 4642 erat
3650 4601 3680 4642 a
3707 4601 3837 4659 pec-

882 4692 887 4697 ’
1739 4711 2073 4779 STEPHANI
2109 4697 2380 4779 BALdZn
2416 4712 2642 4777 NOTAE.
3742 4690 3791 4720 ~'

631 4839 656 4867 ἰ
685 4826 765 4889 Ex
794 4829 895 4885 hoc
923 4826 1043 4883 loco
1072 4833 1219 4881 recte
1246 4825 1577 4894 collegerunt
1604 4826 1995 4884 centuriatores
2017 4827 2137 4883 Sal-

560 4899 777 4956 vianum
805 4898 975 4966 patria
1004 4894 1212 4953 Gallum
1242 4894 1421 4950 fuisse.

628 4970 654 5009 ιι
683 4964 865 5025 Codex
913 4964 1151 5021 Colbert.
1184 4972 1237 5019 et
1266 4973 1475 5021 veteres
1500 4965 1652 5031 edit.,
1682 4969 2129 5031 preceilentiorea.

632 5051 654 5079 ο
685 5039 858 5101 Antea
888 5034 1165 5104 legebatur
1191 5035 1312 5089 urbs
1342 5035 1609 5093 Gallorum
1642 5034 1691 5090 1'
1686 5054 1828 5091 rever
1854 5039 2136 5104 opulentia-

554 5113 705 5171 sima.
740 5106 845 5163 Sed
873 5108 997 5177 quia
1022 5106 1258 5177 constitit
1287 5122 1472 5161 vocem
1498 5106 1539 5160 T
1543 5125 1681 5163 rever
1701 5123 1818 5165 esse
1846 5106 2132 5177 glossema,

554 5180 701 5254 quod
722 5196 790 5236 ex
817 5176 911 5232 ora
942 5176 1059 5254 libri
1086 5176 1297 5254 irrepsit
1317 5177 1377 5254 _in
1405 5186 1630 5243 textum,
1662 5194 1780 5233 eam
1802 5176 1994 5234 merito
2015 5194 2136 5254 cen-

553 5246 757 5307 suimus
809 5263 929 5304 esse
959 5246 1629 5317 tollendam.,Argumento
1677 5256 1801 5303 sunt
1855 5250 2133 5317 sequentia

554 5323 843 5393 legitimam
890 5333 1009 5393 esse
1058 5316 1687 5393 hanc__emendationem.
1744 5318 1903 5393 Addit
1934 5316 2129 5393 enim:

554 5386 952 5465 Promptumest
973 5388 1149 5511 ἀείδω
1172 5388 1359 5443 dicam.
1378 5386 1467 5441 Sic
1488 5389 1629 5441 enim
1656 5390 1849 5455 legitur
1872 5390 1922 5441 in
1950 5389 2135 5443 codice

555 5460 886 5511 Corheiansi.
910 5475 1031 5511 cum
1080 5457 1396 5511 ‘olbertinus
1418 5466 1473 5511 et
1500 5458 1763 5511 editiones
1793 5458 2047 5511 habeant.
2073 5459 2135 5511 de

555 5457 886 5527 Corhéiensi,
910 5475 1031 5516 cum
1054 5457 1396 5513 Colbertinus
1418 5466 1473 5511 et
1500 5458 1763 5527 editiones
1793 5458 2047 5520 habeant,
2073 5459 2136 5511 de

588 5548 672 5585 uo.
716 5526 899 5600 Itaque
928 5531 1006 5584 sic
1051 5527 1298 5599 primitus
1326 5528 1581 5600 scriptum
1612 5526 1791 5600 fuitin
1832 5527 2084 5600 Salviano
2118 5547 2129 5580 :

609 5601 790 5673 cuique
812 5594 1108 5673 ἐπριιθηαῖη
1137 5607 1212 5652 est
1260 5594 1447 5673 quater
1465 5594 1585 5673 urbs
1614 5595 2132 5673 Guyet-emoriatu-

574 5613 790 5673 Uemque
817 5613 1108 5669 expugnata
1137 5613 1212 5652 est
1247 5613 1439 5721 ιπαπαῖ·
1465 5613 1585 5650 urna
1614 5613 1881 5650 vanorum
1921 5613 2127 5667 opulen-

574 5672 773 5724 issima.
806 5667 1107 5738 Promptum
1134 5676 1210 5722 est
1337 5667 1653 5740 qun‘dicam.
1688 5665 2082 5740 Quasl‘diceret
2115 5685 2127 5721 :

553 5742 737 5811 Neque
758 5753 887 5811 vero
910 5737 1126 5811 nemesse
1152 5746 1234 5793 est
1253 5737 1398 5811 ante
1424 5737 1568 5811 illam
1600 5737 1887 5811 nominari,
1918 5752 2129 5811 cunieo

2243 4827 2538 4887 Galliarum
2567 4826 3058 4898 opulentissimam,
3088 4837 3145 4884 et
3171 4844 3260 4886 res
3287 4832 3356 4885 sit
3384 4832 3522 4889 adeo
3554 4850 3747 4891 recens
3770 4845 3833 4893 nt

2243 4900 2423 4955 clades
2450 4899 2568 4969 ejus
2595 4898 2794 4970 nemini
2825 4898 3035 4970 possint
3054 4915 3173 4957 esse
3211 4901 3427 4970 ignotis.
3455 4902 3606 4959 Unde
3632 4903 3829 4961 factum

2242 4979 2326 5025 est
2355 4979 2414 5023 ut
2443 4971 2496 5024 in
2538 4983 2634 5023 ora
2668 4968 2809 5040 libri
2837 4983 2867 5040 a_
2898 4968 3139 5040 studioso
3190 4968 3425 5040 quodam
3470 4974 3710 5030 additum
3761 4978 3831 5033 sit

2246 5040 2451 5094 Trever.
2487 5040 2615 5106 Qum
2638 5036 2977 5111 voxudeinde
2997 5039 3067 5111 ab
3095 5036 3345 5111 imperito
3369 5044 3588 5100 librario
3614 5046 3668 5100 in
3696 5062 3829 5102 con-

2241 5118 2391 5164 textu
2417 5105 2589 5181 posita
2617 5117 2720 5181 est.
2737 5108 2880 5181 Nam
2910 5105 2980 5181 de
3008 5105 3261 5178 Augustin
3289 5113 3829 5173 Treverorum-ever-

2241 5181 2394 5255 sione
2417 5178 2926 5255 quadrupliciiidem
2943 5180 3077 5255 facit
3091 5182 3544 5255 supraanlviauys
3560 5200 3680 5255 pag.
3701 5187 3826 5254 ηδ,

2237 5251 2329 5325 ubi
2359 5266 2476 5325 eam
2504 5258 2663 5325 vocat
2692 5250 2879 5325 urbem
2907 5250 3433 5325 excellentissimam.
3464 5254 3530 5310 Et
3553 5250 3675 5325 pag.
3701 5250 3830 5324 157,

2236 5320 2305 5374 de
2330 5321 2517 5374 eadem
2552 5320 2796 5388 loquens,
2830 5320 2938 5373 ait:
2968 5319 3110 5376 Nam
3129 5325 3320 5395 quiete
3359 5326 3459 5379 tria
3485 5319 3689 5380 excidia
3720 5319 3834 5383 non

2237 5398 2591 5454 correxerunt,
2608 5403 2790 5461 quarto
2812 5395 2981 5461 perire
2994 5393 3244 5448 meruisti.
3262 5393 3359 5449 Vir
3370 5395 3701 5452 clarissimus
3714 5396 3832 5453 Ha-

2236 5458 2454 5513 drianus
2486 5458 2806 5516 Valesius'in
2834 5461 2975 5519 libro
3005 5463 3165 5518 tertio
3193 5463 3391 5520 Rerum
3421 5465 3829 5522 Francicarum.

2235 5511 2366 5603 pag;
2378 5511 2449 5581 liii
2458 5528 2514 5603 5,Δ
2538 5511 3835 5603 "eiisiidii’ﬁéioﬁiiﬁfidghlﬁd'iiém

2238 5598 2305 5681 ab
2328 5598 2547 5681 Francis
2573 5611 3210 5681 quartumnexpugnatam
3232 5598 3377 5661 circa
3393 5605 3460 5661 l'l
3481 5607 3693 5677 imperii
3714 5606 3831 5664 Va-

2237 5667 2517 5744 len_ti_n_iani
2556 5667 2773 5744 annum,
2810 5667 3072 5744 Clodione
3092 5684 3371 5744 regnante.

2306 5738 2331 5777 ἀ
2355 5738 2416 5818 εει
2435 5748 2547 5818 _est_,
2571 5731 2798 5799 Colonia
2840 5731 3244 5818 Agrippinafut
3269 5731 3563 5805 arbitratur
3586 5747 3829 5813 Hadria-

554 5807 673 5891 ipso
705 5807 1012 5879 intelligatis
1039 5821 1199 5882 quam
1228 5807 1417 5869 urbem
1462 5808 1641 5871 dicere
1681 5808 1839 5869 velim
1866 5824 1989 5867 cum
2018 5807 2127 5871 dixi
2232 5824 2334 5871 uua
2355 5808 2616 5871 Valesius.
