4088 6360
640 356 739 410 12⁵1

1589 349 1649 406 8.
1689 347 2008 408 SALVIANI
2048 344 2506 406 MASSILIENSIS
2541 343 2963 403 PRESBYTER]

3835 349 3944 406 {II

640 476 787 533 fovet
821 491 923 548 pro
951 473 1294 543 indulgentia.
1337 470 1486 526 Sicut
1513 471 1659 526 enim
1699 471 1888 543 optimi
1918 485 1982 526 ac
2009 469 2227 541 peritis-
2253 471 2308 531 Α
2334 467 2430 521 tim
2457 465 2754 533 currimus,
2802 480 3032 537 corpora
3059 467 3208 523 humi
3237 469 3557 537 sternimus,
3587 469 3785 525 mixtis
3814 485 3944 527 cum

590 583 606 595 ί
641 570 762 626 simi
787 567 981 624 medici
1019 565 1362 622 dissimilibus
1402 565 1604 621 morbis
1633 580 1788 621 curas
1814 564 2058 636 dispares
2085 579 2223 636 ρπβ-
2250 602 2254 606 λ

639 667 807 726 stant,
839 667 1000 727 atque
1027 657 1145 712 aliis
1171 672 1271 728 per
1297 657 1473 712 dulcia
1503 656 1857 712 medicamina
1876 699 1890 723 ,
1924 657 2042 712 aliis
2071 665 2098 694 ⁸
2126 671 2225 727 per

640 767 820 807 amara
863 758 1212 816 succurrunt,
1268 759 1324 806 et
1349 750 1612 820 quosdam
1641 759 1835 807 curant
1862 752 2224 808 cauteriorum

638 840 947 905 adustione,
979 841 1242 911 quosdam
1269 842 1651 910 malagmatum
1679 843 2073 914 placabilitate,
2105 843 2224 899 aliis

636 934 890 990 adhibent
925 935 1116 991 duram
1160 934 1289 990 ferri
1315 934 1344 974 δ
1372 938 1795 1008 prosectlonem,
1829 937 1946 992 aliis
1972 937 2222 993 blandam

633 1025 919 1083 infundunt
947 1028 1054 1083 olei
1083 1028 1389 1096 lenitatem;
1421 1039 1477 1085 et
1503 1037 1683 1085 tamen
1703 1029 2076 1086 diversissimis
2098 1029 2225 1085 licet

631 1122 775 1176 curis
822 1121 1013 1177 eadem
1055 1122 1200 1177 salus
1245 1123 1540 1192 quaeritur:
1578 1125 1735 1195 13s
1762 1123 1836 1177 ita
1881 1124 2044 1178 etiam
2084 1123 2224 1179 Deus

633 1221 850 1280 noster,
900 1215 943 1269 si
994 1214 1210 1284 quando
1248 1231 1348 1270 nos
1376 1216 1544 1285 plagis
1573 1216 1957 1271 austerioribus
1985 1224 2218 1283 coercet,

632 1291 787 1376 quasi
828 1307 1081 1362 cauteriis
1120 1323 1183 1362 ac
1221 1307 1551 1363 sectionibus
1579 1317 1765 1375 curat;
1796 1308 2012 1378 quando
2040 1316 2221 1363 autem

632 1398 795 1453 rebus
823 1399 1097 1468 prosperis
1124 1397 1351 1466 refovet,
1382 1400 1535 1468 quasi
1566 1401 1692 1455 oleo
1721 1415 1785 1454 ac
1811 1401 2221 1469 malagmatibus

634 1493 963 1549 consolatur.
1017 1494 1121 1550 Per
1147 1495 1414 1551 diversam
1443 1497 1586 1550 enim
1617 1495 2029 1551 medicaminum
2060 1511 2220 1566 opem

635 1586 702 1640 ad
729 1602 887 1640 unam
920 1602 1019 1642 nos
1044 1588 1158 1642 vult
1185 1587 1483 1658 perducere
1511 1589 1816 1643 sanitatem.
1851 1587 2037 1642 Solent
2064 1588 2220 1658 quip-

631 1691 702 1748 pe
759 1678 920 1732 etiam
979 1679 1336 1748 nequissimos
1390 1695 1575 1735 servos
1620 1694 1757 1749 quos
1801 1679 2062 1749 supplicia
2110 1695 2219 1734 non

633 1771 984 1835 correxerint,
1017 1769 1382 1825 blandimenta
1411 1773 1710 1840 corrigere;
1743 1779 1797 1825 et
1825 1785 1962 1840 quos
1989 1770 2220 1826 dominis

2325 559 2456 616 fletu
2483 559 2690 631 gaudiis
2718 560 3101 632 supplicamus,
3135 572 3158 602 ο
3192 561 3539 619 inlustramus
3563 562 3820 619 donariis
3848 580 3941 621 sa-

2324 653 2433 709 cris
2463 654 2647 709 limina
2667 695 2685 720 ,
2733 669 2858 710 aras
2891 655 3206 712 muneribus
3232 656 3550 728 implemus;
3582 664 3640 712 et
3667 658 3804 727 quia
3838 658 3942 730 ipsi

2324 745 2470 801 dono
2498 746 2640 801 illius
2682 746 2805 802 festi
2854 763 3070 812 sumus,
3120 747 3335 818 templis
3362 762 3582 818 quoque
3606 748 3788 819 ipsius
3813 749 3939 804 vul-

2329 847 2444 895 tum
2474 849 2671 897 nostrae
2698 841 3004 897 festivitatis
3033 843 3335 909 induimus;
3367 848 3462 897 aut
3487 849 3670 908 certe,
3700 842 3859 912 quod
3887 843 3938 897 ei

2323 949 2431 990 non
2461 935 2639 990 minus
2680 935 2832 990 cordi
2859 943 2973 1001 est,
3002 935 3275 1006 prioribus
3309 934 3434 990 vitae
3469 934 3617 989 vitiis
3643 936 3933 990 renuntia-

2323 1044 2443 1084 mus
2465 1071 2480 1096 ,
2533 1045 2758 1100 operum
2807 1029 3076 1085 bonorum
3125 1028 3368 1085 victimas
3412 1029 3702 1094 cedimus,
3744 1035 3807 1083 et
3833 1044 3933 1098 pro

2323 1119 2533 1190 gaudiis
2580 1120 2734 1176 novis
2782 1135 2938 1176 nova:
2983 1120 3412 1175 conversationis
3440 1119 3648 1175 hostias
3675 1118 3932 1174 immola-

2322 1227 2471 1276 mus,
2505 1212 2755 1268 omnibus
2783 1212 3016 1282 denique
3044 1212 3392 1268 immunditiis
3432 1211 3637 1266 bellum
3677 1219 3929 1267 sanctum

2322 1302 2624 1368 indicimus,
2653 1304 2920 1360 circorum
2949 1303 3183 1358 insanias
3203 1302 3452 1372 fugimus,
3477 1300 3750 1358 foeditates
3770 1301 3927 1358 thea-

2321 1393 2539 1448 tralium
2575 1395 2822 1450 ludorum
2864 1410 3225 1461 exsecramur,
3269 1410 3530 1467 vovqnus
3556 1395 3794 1452 Domino
3823 1411 3923 1451 no-

2321 1503 2444 1542 vam
2471 1488 2636 1543 vitam
2661 1529 2676 1553 ,
2729 1476 2785 1543 et
2820 1489 2889 1544 ad
2919 1488 3266 1544 obtinendam
3298 1488 3415 1557 ejus
3442 1496 3713 1559 perpetuo
3740 1495 3921 1560 prote-

2322 1579 2581 1644 ctionem,
2615 1588 2827 1634 nosmet
2855 1579 3000 1649 ipsos
3029 1580 3140 1635 Deo
3168 1579 3554 1635 sacriﬁcamus.

2393 1669 2577 1724 XVIII.
2619 1667 2757 1725 Cum
2797 1669 2913 1726 haec
2940 1685 3069 1740 ergo
3097 1686 3220 1740 quae
3247 1670 3479 1726 diximus
3497 1711 3514 1736 ,
3557 1685 3661 1740 pro
3691 1671 3917 1726 recenti.

2322 1763 2423 1818 bus
2446 1761 2722 1819 beneﬁciis
2749 1763 2845 1818 Dei
2873 1764 3104 1819 debeant
3132 1763 3278 1830 ﬁeri,
3307 1764 3588 1820 videamus
3617 1778 3742 1834 quae
3769 1762 3913 1818 ﬁant.

632 1863 743 1918 suis
771 1863 994 1917 verbera
1026 1879 1133 1919 non
1154 1864 1553 1928 summiserant,
1575 1863 1836 1918 beneﬁcia
1857 1864 2206 1919 summittunt.

2327 1854 2408 1910 Ad
2436 1855 2589 1911 ludos
2634 1856 2882 1925 protinus
2927 1856 3194 1922 curritur,
3224 1856 3290 1911 ad
3315 1856 3553 1912 insanias
3579 1856 3913 1922 convolatur,

629 1952 865 2010 Infantes
890 1969 1105 2024 quoque
1133 1963 1189 2010 et
1215 1970 1404 2010 omnes
1433 1953 1543 2009 fere
1571 1956 1824 2026 parvulos
1852 1964 2215 2021 contumaces,

630 2058 766 2114 quos
793 2045 1093 2113 morigeros
1121 2044 1281 2100 mina:
1310 2060 1375 2100 ac
1401 2044 1584 2100 ferula:
1613 2061 1718 2099 non
1757 2044 2014 2113 efﬁciunt,
2047 2047 2216 2101 inter-

627 2136 754 2190 dum
814 2136 1137 2205 panchresta
1197 2145 1360 2205 atque
1409 2137 1700 2191 blanditiae.
1730 2137 1796 2192 ad
1853 2137 2218 2192 obedientiam

626 2228 864 2282 trahunt.
928 2225 1081 2283 Unde
1126 2228 1427 2297 intelligere
1474 2229 1761 2296 debemus,
1811 2245 1911 2285 nos
1951 2237 2006 2286 et
2047 2231 2217 2287 servis

625 2319 970 2386 nequissimis
1008 2320 1298 2390 nequiores
1334 2327 1390 2374 et
1416 2320 1790 2390 insipientibus
1818 2322 2056 2391 parvulis
2083 2323 2216 2378 stul-

626 2409 792 2463 tiores
820 2425 940 2464 esse
964 2451 978 2476 ,
1034 2425 1174 2478 quos
1216 2425 1317 2465 nec
1352 2412 1508 2479 quasi
1534 2413 1708 2466 malos
1732 2427 1918 2468 servos
1946 2395 2215 2470 torruenta

626 2498 903 2566 corrigunt
923 2541 938 2566 ,
987 2515 1090 2556 nec
1132 2502 1287 2569 quasi
1335 2501 1626 2557 infantulos
1671 2503 2038 2560 blandimenta
2084 2521 2214 2561 con-

625 2595 860 2643 vertunt.

698 2679 857 2735 XVII.
897 2679 964 2735 Et
1003 2682 1221 2753 quidem
1260 2683 1712 2754 quemadmodum
1755 2686 1955 2741 nullam
1984 2686 2214 2744 Romani

625 2773 856 2828 nominis
901 2781 1109 2844 partem
1136 2790 1295 2846 paena
1323 2777 1644 2843 correxerit,
1692 2779 1840 2846 satis,
1874 2789 1932 2833 ut
1959 2781 2209 2848 arbitror,

619 2867 730 2936 jam
777 2867 1142 2938 probavimus.
1203 2867 1462 2938 Superest
1507 2878 1598 2934 ut,
1631 2870 2082 2939 quemadmodum
2110 2889 2213 2929 nec

621 2973 845 3012 munera
891 2974 990 3013 nec
1038 2959 1404 3014 blandimenta
1452 2977 1551 3016 nos
1598 2961 1695 3016 Dei
1724 2964 2030 3032 corrigant,
2062 2981 2211 3020 com-

620 3045 928 3115 probemus.
982 3047 1206 3104 Munera
1243 3057 1422 3104 autem
1463 3051 1561 3106 Dei
1588 3061 1643 3106 et
1668 3053 2031 3110 blandimenta
2060 3071 2209 3125 quae-

619 3151 746 3189 nam
774 3139 933 3190 sunt?
962 3137 1091 3203 Quze
1119 3140 1363 3204 scilicet,
1415 3141 1518 3196 nisi
1563 3157 1672 3212 pax
1699 3153 1880 3199 nostra
1901 3186 1916 3210 ,
1956 3156 2011 3201 et
2056 3150 2208 3216 quies

618 3234 806 3282 nostra
828 3269 844 3293 ,
876 3236 932 3281 et
960 3229 1282 3285 famulantes
1328 3233 1470 3287 votis
1510 3247 1574 3287 ac
1615 3235 1981 3304 voluptatibus
2008 3241 2206 3294 nostris

617 3332 798 3374 rerum
818 3321 1174 3376 secundarum
1195 3325 1646 3394 tranquillitates?
1668 3327 1881 3397 Aliquid
1902 3344 2048 3398 ergo,
2080 3334 2206 3401 quia

616 3423 703 3464 res
730 3411 933 3479 exigit,
984 3413 1146 3466 etiam
1193 3415 1426 3484 speciale
1465 3415 1724 3472 dicamus.
1767 3418 1931 3486 Igitur
1957 3422 2206 3489 quotiens

615 3503 670 3557 in
700 3511 847 3558 metu
869 3544 884 3570 ,
928 3504 983 3559 in
1011 3506 1272 3574 angustiis
1294 3549 1308 3573 ,
1360 3507 1415 3562 in
1444 3509 1693 3578 periculis
1720 3526 1931 3577 sumus;
1961 3528 2082 3567 cum
2113 3524 2206 3569 aut

616 3589 863 3649 civitates
891 3596 958 3649 ab
995 3596 1239 3653 hostibus
1268 3599 1615 3666 obsidentur,
1645 3609 1737 3656 aut
1764 3605 2054 3674 provincia:
2102 3622 2202 3676 po-

616 3683 894 3754 pulatione
939 3694 1238 3752 vastantur,
1288 3697 1380 3743 aut
1424 3691 1852 3761 quibuscumque
1901 3711 2080 3751 rerum
2110 3697 2204 3753 ad-

615 3775 958 3830 versitatibus
992 3776 1071 3831 rei
1111 3777 1337 3848 publica;
1364 3782 1605 3836 membra
1634 3783 1928 3851 caeduntur,
1961 3796 2017 3840 et
2045 3804 2204 3858 opem

611 3866 846 3922 caelestis
875 3882 1066 3922 manus
1107 3870 1243 3924 votis
1284 3886 1606 3941 precamur:
1639 3876 1683 3929 si
1711 3890 1818 3945 quo
1847 3893 2014 3933 sacra:
2041 3881 2204 3936 mise-

608 3958 833 4013 rationis
861 3959 1061 4015 auxilio
1092 3969 1184 4015 aut
1213 3962 1433 4018 salvataa
1460 3966 1621 4020 urbes
1650 3967 1878 4034 fuerint,
1929 3979 2021 4025 aut
2050 3969 2198 4028 ﬁnita

608 4050 917 4118 populatio,
960 4060 1052 4105 aut
1079 4053 1304 4109 hostiles
1333 4057 1603 4112 exercitus
1631 4057 1762 4124 fusi,
1796 4070 1850 4116 et
1878 4071 2054 4118 metus
2083 4038 2198 4120 om;

611 4142 695 4195 nis
742 4141 885 4196 dono
933 4144 1236 4200 Divinitatis
1288 4148 1528 4215 ablatus,
1561 4152 1690 4219 quid
1719 4155 1902 4207 statim
1932 4163 2055 4225 post
2084 4157 2199 4212 haec

610 4233 791 4285 omnia
839 4231 1096 4289 facimus?
1145 4235 1539 4307 Compensare,
1594 4242 1778 4308 credo,
1828 4243 2057 4300 Domino
2087 4247 2198 4301 Deo

609 4331 817 4388 nostro,
849 4324 1025 4391 cultu,
1058 4325 1293 4392 honore,
1325 4331 1627 4384 reverentia
1648 4371 1662 4396 ,
1694 4330 1954 4388 beneficia
1983 4350 2101 4403 qua}
2131 4339 2198 4392 ab

608 4431 673 4471 eo
702 4419 1066 4488 acceperimus
1102 4421 1406 4475 adnitimur.
1447 4424 1601 4496 139
1631 4423 1748 4480 Hoc
1788 4426 1929 4480 enim
1958 4437 2041 4483 est
2068 4445 2198 4484 cou-

607 4524 870 4577 sequens;
921 4519 1085 4581 atque
1133 4514 1184 4568 id
1231 4515 1391 4568 etiam
1430 4532 1558 4573 usus
1586 4517 1707 4572 vita:
1735 4517 1982 4574 humana:
2010 4521 2192 4588 habet,

2323 1948 2378 2003 in
2408 1947 2631 2003 theatris
2673 1935 2904 2018 populus
2949 1947 3280 2014 diffunditur,
3331 1948 3387 2002 in
3433 1947 3593 2003 circis
3621 1946 3775 2017 plebs
3804 1956 3914 2003 tota

2320 2039 2640 2094 bacchatur.
2692 2039 2788 2094 Ille
2823 2040 2980 2095 nobis
3023 2039 3091 2095 ad
3117 2040 3225 2096 hoc
3249 2040 3392 2096 bona
3421 2046 3674 2110 praestat,
3706 2047 3765 2094 ut
3787 2039 3913 2094 boni

2321 2130 2508 2186 simus.
2551 2130 2662 2186 Nos
2682 2146 2713 2186 e
2733 2131 2966 2199 diverso,
2991 2132 3242 2202 quotiens
3263 2132 3405 2186 bona
3427 2131 3741 2202 accipimus,
3770 2131 3912 2186 mala

2318 2231 2507 2278 nostra
2546 2223 2902 2281 cumulamns.
2946 2221 3042 2277 Ille
3069 2238 3169 2277 nos
3206 2220 3484 2278 beneﬁciis
3519 2223 3632 2277 suis
3660 2229 3820 2278 vocat
3847 2221 3911 2276 ad

2317 2315 2681 2387 probitatem,
2724 2330 2822 2370 nos
2851 2315 3057 2370 ruimus
3083 2315 3136 2368 in
3164 2313 3578 2386 improbitatem.
3620 2312 3719 2368 Ille
3747 2313 3911 2368 bene-

2317 2407 2454 2464 ﬁciis
2479 2408 2589 2462 suis
2616 2415 2881 2478 provocat
2923 2409 2990 2462 ad
3019 2408 3484 2478 compunctionem
3502 2447 3517 2472 ,
3565 2421 3674 2461 non
3703 2406 3912 2461 ruimus

2272 2501 2274 2505 ’
2318 2499 2374 2554 in
2402 2499 2830 2556 dissolutionem.
2873 2499 3046 2555 Vocat
3074 2500 3162 2555 ille
3203 2499 3271 2554 ad
3299 2500 3631 2566 castitatem,
3671 2514 3778 2554 nos
3805 2501 3893 2553 rui

2212 2624 2214 2626 τ
2316 2605 2438 2644 mus
2486 2591 2540 2645 in
2588 2590 2973 2661 impuritatem.
3017 2587 3283 2644 Praeclare
3311 2588 3561 2644 videlicet
3596 2589 3768 2645 sacris
3796 2605 3906 2643 mu-

2318 2683 2538 2738 neribus
2564 2683 2973 2754 respondemus.
3016 2680 3280 2737 Praeclare
3307 2681 3449 2736 dona
3478 2681 3596 2750 ejus
3621 2681 3708 2736 vel
3737 2695 3903 2749 agno-

2315 2774 2534 2840 scimus,
2564 2774 2652 2828 vel
2680 2773 3048 2838 honoramus;
3079 2772 3170 2841 qui
3194 2778 3456 2841 quantum
3478 2771 3547 2826 ab
3575 2785 3638 2826 eo
3660 2769 3904 2826 beneficii

2316 2865 2607 2934 accipimus
2631 2905 2646 2930 ,
2695 2871 2903 2918 tantum
2952 2863 3002 2917 ei
3050 2862 3363 2931 injuriarum
3391 2876 3763 2932 repensamus.
3804 2860 3902 2917 Aut

2315 2956 2509 3026 injuria
2539 2956 2635 3011 Dei
2665 2955 2768 3010 hoc
2797 2953 2938 3010 forte
2965 2971 3075 3010 non
3104 2963 3207 3019 est,
3237 2962 3332 3008 aut
3358 2967 3480 3008 esse
3509 2952 3779 3023 indignior
3804 2967 3899 3023 po-

2315 3050 2437 3113 teSt,
2470 3047 2628 3120 ιω
2655 3056 2749 3102 aut
2776 3047 2960 3104 multis
2987 3063 3051 3102 ac
3076 3047 3285 3115 magnis
3312 3062 3449 3117 opus
3475 3046 3580 3101 sit?
3608 3045 3719 3102 Sed
3737 3043 3896 3115 ‘quia

2313 3143 2609 3198 inveterata
2637 3141 2692 3196 in
2719 3141 2876 3196 nobis
2901 3140 3166 3195 malorum
3195 3139 3437 3194 omnium
3465 3138 3588 3194 labe
3616 3137 3772 3192 aliter
3793 3136 3897 3207 jam

2234 3223 2282 3288 C
2313 3249 2422 3288 non
2451 3233 2625 3288 vitiosi
2655 3247 2775 3288 esse
2824 3248 2932 3287 non
2978 3247 3266 3303 possumus
3310 3232 3416 3286 nisi
3455 3240 3517 3286 ut
3544 3231 3768 3286 omnino
3795 3246 3896 3284 non

2310 3327 2507 3390 simus;
2538 3340 2656 3395 qua:
2686 3326 2740 3380 in
2771 3325 2944 3391 nobis,
2962 3338 3115 3393 rogo,
3133 3339 3256 3395 spes
3283 3324 3441 3379 bonae
3467 3323 3636 3393 frugis
3664 3325 3782 3379 est?
3801 3321 3896 3390 Qui

2309 3419 2612 3486 ignorantia
2659 3427 2886 3488 peccant
2907 3459 2924 3484 ,
2973 3433 3158 3473 errore
3187 3417 3369 3486 agnito
3398 3418 3760 3485 corriguntur.
3800 3413 3899 3482 Qui

2308 3512 2586 3581 religionis
2632 3521 2885 3582 expertes
2912 3520 3074 3576 sunt,
3125 3527 3244 3565 cum
3293 3518 3639 3565 mutaverunt
3677 3517 3895 3573 sectam,

2308 3609 2520 3658 mutare
2549 3603 2811 3672 incipiunt
2838 3602 3196 3672 disciplinam.
3227 3599 3531 3666 Postremo,
3564 3609 3624 3655 ut
3650 3600 3774 3665 dixi,
3802 3598 3898 3668 qui

2307 3702 2401 3748 aut
2429 3693 2756 3748 abundantia
2803 3694 2968 3748 nimia
3007 3701 3100 3748 aut
3134 3693 3427 3748 securitate
3453 3692 3729 3758 vitiantur,
3757 3691 3900 3746 desi-

2307 3792 2442 3838 nunt
2469 3799 2588 3839 esse
2635 3784 2832 3856 perditi
2899 3800 3022 3839 cum
3057 3783 3362 3839 destiterint
3402 3798 3523 3839 esse
3549 3783 3744 3838 securi.
3785 3780 3899 3837 Nos

2305 3892 2407 3932 nec
2434 3877 2736 3946 ignorantia
2768 3878 2998 3932 labimur
3019 3918 3034 3943 ,
3081 3892 3184 3932 nec
3223 3877 3498 3946 religionis
3524 3883 3775 3944 expertes
3807 3890 3902 3930 su-

2304 3983 2425 4024 mus
2447 4011 2462 4035 ,
2493 3983 2613 4024 .nec
2640 3961 3000 4039 prosperitate
3029 3983 3210 4024 rerum
3239 3983 3302 4023 ac
3328 3966 3611 4022 securitate
3637 3978 3900 4021 comm—-

2302 4065 2498 4134 pimur.
2540 4061 2729 4118 Omnia
2773 4064 3035 4134 siquidem
3073 4080 3105 4120 e
3132 4065 3342 4120 diverso
3368 4070 3511 4118 sunt.
3554 4060 3898 4130 Religionem

2303 4158 2551 4211 novimus
2569 4199 2583 4222 ,
2616 4157 2921 4226 ignorantia
2945 4172 3053 4211 non
3083 4171 3429 4223 excusantur,
3457 4169 3648 4224 pacem
3674 4164 3731 4208 et
3756 4152 3897 4210 divi-

2301 4249 2404 4302 tias
2447 4251 2688 4318 priorum
2735 4257 3044 4320 temporum
3090 4265 3199 4304 non
3240 4249 3534 4314 habemus;
3565 4247 3744 4303 omnia
3769 4262 3893 4316 que

2301 4342 2552 4405 fuerunt,
2595 4350 2688 4396 aut
2715 4343 2891 4398 ablata
2919 4351 3012 4399 aut
3040 4345 3323 4399 immutata
3351 4352 3508 4408 sunt;
3540 4343 3656 4398 sola
3683 4350 3893 4398 tantum

2299 4434 2430 4487 vitia
2461 4445 2764 4490 creverunt.
2832 4435 2972 4492 Nihil
3000 4437 3156 4493 nobis
3183 4438 3250 4493 de
3279 4453 3413 4508 pace
3441 4446 3496 4494 et
3533 4438 3893 4509 prosperitate

2299 4527 2526 4596 pristina
2555 4528 2818 4598 reliquum
2839 4538 2950 4592 est,
2990 4531 3094 4585 nisi
3122 4531 3236 4587 sola
3265 4533 3489 4586 omnino
3518 4532 3742 4587 crimina
3768 4544 3894 4599 quae

607 4610 664 4655 ut
694 4601 955 4658 referatur
982 4607 1153 4673 gratia
1185 4606 1576 4686 feneratoribus
1603 4610 1898 4679 gratiarum
1916 4655 1930 4678 ,
1974 4622 2029 4668 et
2056 4615 2192 4669 reci-
2219 4607 2275 4669 D
2297 4622 2710 4691 prosperitatem
2757 4638 2865 4677 non
2910 4638 3030 4678 esse
3060 4623 3320 4679 fecerunt.
3368 4623 3468 4680 Ubi
3507 4639 3739 4694 namque
3763 4632 3894 4678 sunt

604 4695 753 4765 piant
783 4697 952 4751 vicem
981 4714 1262 4754 munerum
1291 4711 1653 4758 munerantes.
1695 4703 1773 4758 Ita
1802 4719 1931 4774 ergo
1961 4722 2059 4762 nos
2089 4708 2191 4764 for-

603 4788 742 4842 sitan
771 4788 1014 4857 facimus,
1045 4801 1209 4862 atque
1238 4793 1485 4849 humanis
1512 4796 1699 4851 saltem
1718 4813 1838 4853 cum
1861 4799 1972 4855 Deo
2001 4810 2188 4858 nostro

603 4879 1042 4938 retributionibus
1070 4891 1314 4952 agentes,
1346 4901 1468 4940 cum
1498 4886 1566 4941 ab
1594 4903 1660 4941 eo
1690 4888 1831 4942 bona
1862 4892 2184 4961 accepimus,

603 4968 742 5024 bona
786 4974 1072 5031 reddimus.
1133 4976 1213 5033 Ad
1240 4979 1429 5035 domos
1470 4981 1717 5037 videlicet
1746 4981 2053 5039 Dominicas
2081 4994 2189 5041 sta-

2297 4713 2531 4780 antiqua:
2575 4711 2943 4767 Romanorum
2984 4729 3116 4784 opes
3143 4729 3209 4770 ac
3232 4713 3561 4784 dignitates?
3585 4714 3890 4770 Fortissimi

2297 4804 2570 4873 quondam
2601 4803 2831 4858 Romani
2871 4813 3065 4871 erant,
3114 4822 3257 4861 nunc
3302 4807 3419 4864 sine
3446 4805 3670 4862 viribus.
3711 4804 3892 4860 Time-

2295 4892 2510 4949 bantur'
2541 4895 2770 4950 Romani
2818 4905 3065 4963 veteres,
3112 4913 3214 4952 nos
3263 4898 3528 4954 timemus.
3591 4895 3891 4965 Vectigalia

2297 4989 2401 5044 illis
2444 4973 2725 5046 solvebant
2771 4990 2956 5062 populi
3003 4990 3364 5048 Barbarorum
3388 5034 3403 5058 ,
3453 5008 3554 5048 nos
3595 4989 3890 5061 vectigales

1772 5092 2110 5152 STEPHANI
2148 5097 2421 5154 BALUZII
2461 5099 2689 5155 NOTAE.

669 5203 694 5281 fl
720 5192 942 5281 Plinius,
967 5195 1059 5281 Iib‘.
1093 5200 1348 5281 Iepist.‘_8
1369 5198 1594 5281 :‘ﬁfedici
1619 5205 1852 5281 safubres
1883 5210 1974 5262 sed
2003 5211 2180 5281 volup-

594 5273 701 5350 ταις
719 5276 952 5350 carentes
981 5266 1118 5350 cilia;
1141 5266 1491 5350 blandioribus
1509 5275 1749 5350 alloquiis
1777 5266 2174 5350 prosequuntur.

663 5335 691 5374 δ
718 5336 995 5392 Editiones
1033 5337 1332 5413 Brassicani
1362 5351 1416 5396 et
1443 5335 1697 5399 Galcsinii
1746 5335 2020 5402 sectionem
2045 5393 2057 5413 ,
2094 5335 2180 5404 Pi;

594 5407 808 5488 thmana
839 5410 1497 5488 _prwsec_ti_onem._Codcx_
1514 5415 1855 5488 Golbertinus
1893 5407 2178 5488 prosertio-

593 5492 727 5560 nem.
754 5476 890 5534 Male
919 5481 1223 5560 utrobique;
1259 5481 1427 5560 Recte
1459 5482 1828 5560 Corbgiensis,
1856 5476 1961 5560 qui
2001 5489 2178 5560 prose-

594 5553 811 5628 ctionern
835 5553 1090 5628 scriptum
1115 5553 1294 5628 habet.
1320 5553 1410 5628 Sic
1424 5556 1565 5626 apud
1587 5556 1830 5628 Tacitum
1852 5553 1906 5628 in
1929 5553 2066 5613 libro
2090 5577 2181 5614 xvi

594 5613 912 5695 Ann-alium,
929 5613 1111 5695 tibide
1139 5624 1374 5680 Thrasea
1400 5613 1657 5695 loquitur,
1679 5627 1962 5694 legendum
1994 5613 2180 5684 admoQ

593 5693 686 5739 net
712 5685 1124 5769 Freinshemius,
1150 5685 1490 5769 proseclisque
1513 5685 1777 5769 utriusquve
1799 5695 1996 5753 brachii
2017 5701 2174 5767 venis,

592 5758 900 5841 cum‘vulg‘o
923 5758 1134 5841 legatur
1150 5758 1522 5841 porrectisque.

664 5838 685 5862 ο
719 5826 816 5882 Vel
849 5826 1033 5886 unicus
1061 5826 1171 5888 hic'
1196 5836 1347 5891 locus
1374 5826 1501 5894 facit
1529 5837 1786 5896 adversus
1830 5854 1925 5896 eos
1953 5840 2044 5910 qui
2083 5856 2176 5896 nea

2287 5221 2416 5281 gant
2460 5228 2592 5282 opes
2622 5214 2975 5289 conferendas
3001 5231 3119 5272 esse
3148 5216 3215 5272 ad
3261 5217 3502 5273 ornanda
3531 5220 3757 5289 templa,
3787 5223 3889 5278 do-

2227 5341 2230 5344 ,
2287 5292 2518 5370 conique
2535 5285 2927 5370 (erogandas‘in
2950 5302 3235 5370 pauperes,
3259 5289 3349 5370 qui
3379 5296 3504 5370 sunt
3535 5285 3662 5344 viva
3681 5289 3887 5370 Christi

2290 5353 3394 5430 teiiipla.~Slt_bvenienrlurnestneceSSitati
3404 5374 3723 5430 pauperum.
3752 5364 3888 5430 Quis

2288 5426 2481 5497 negat?
2509 5422 2612 5478 Sed
2645 5434 2822 5482 tamen
2871 5429 3186 5497 negligenda
3216 5446 3324 5483 non
3381 5422 3464 5485 est
3515 5422 3709 5486 domus
3762 5422 3880 5491 Dei.

2287 5491 2609 5570 Vide__notas_
2635 5497 2703 5550 ad
2732 5491 3095 5570 Agobarduin,
3127 5515 3196 5570 pa

3235 5541 3248 5553 .
3285 5500 3371 5554 77.

2358 5500 2420 5546 de
2452 5501 2606 5549 notas
2635 5500 2703 5550 ad
2732 5500 3095 5568 Agobardum,
3127 5515 3196 5570 pa
3235 5541 3248 5553 .
3285 5500 3371 5554 77.

2358 5559 2385 5598 τι
2417 5561 2568 5619 Hunc
2598 5566 2772 5621 locum
2803 5568 2878 5623 sic
2900 5569 3180 5624 ediderunt
3197 5514 3557 5626 grassicanus
3586 5581 3640 5626 et
3663 5570 3886 5632 Galesi-

2290 5633 2411 5711 nius
2445 5653 2456 5686 :
2489 5635 2808 5711 Autinjuria
2837 5637 2934 5711 Dei
2963 5639 3058 5693 hor
3081 5641 3215 5711 forte
3232 5658 3338 5696 non
3365 5653 3460 5709 est,
3493 5653 3582 5695 aut
3608 5660 3720 5698 esse
3745 5648 3886 5702 indi-

2286 5705 2441 5773 gnior
2468 5705 2769 5783 p_ossit,_‘eut
2797 5709 2971 5783 multis
2999 5720 3048 5764 et
3074 5705 3278 5782 magnis
3306 5729 3434 5783 opus
3448 5705 3526 5767 sit
3543 5731 3561 5778 ;
3601 5716 3696 5769 sed
3735 5719 3886 5772 inve-

2290 5783 2457 5856 terate
2492 5777 2548 5829 in
2578 5777 2722 5830 nobis
2755 5778 3011 5834 malorum
3039 5777 3265 5856 omnium
3289 5777 3403 5839 Ia'be
3423 5777 3574 5838 aliter
3619 5787 3737 5856 jam
3770 5805 3880 5844 non

2287 5845 2455 5898 vitiosi
2480 5860 2588 5899 uss
2620 5862 2725 5903 non
2748 5863 3015 5917 possumus
3043 5855 3143 5905 nisi
3173 5863 3227 5906 ut
3248 5856 3454 5908 omnino
3483 5870 3586 5907 non
3611 5845 3795 5912 s'imus.
