4088 6360
137 426 241 480 129

1203 428 1292 484 DE
1325 424 1854 486 GUBERNA'I‘IONE
1894 377 2004 480 DEI
2045 422 2172 478 LIB.
2216 423 2325 478 VII.

3322 421 3424 478 150

134 541 392 597 Barbaris
417 558 621 599 smnus.
663 543 912 600 Vendunt
939 543 1096 600 nobis
1125 544 1310 600 hostes
1336 545 1470 602 lucis
1491 559 1725 599 usuram.
1756 549 1804 605 Α
1834 542 2064 613 pretium
2091 538 2422 594 conditionis
2440 537 2741 594 durissimae
2768 555 2833 595 ac
2849 537 3181 594 miserrume.
3222 534 3425 593 Omnes

134 633 276 690 Tota
305 633 600 690 admodum
627 637 772 692 salus
799 643 985 692 nostra
1012 637 1398 692 commercium
1425 644 1526 692 est.
1567 633 1612 688 0
1639 634 1724 688 in-

133 724 426 782 t'elicitates
448 728 692 784 nostras!
744 727 811 783 ad
852 728 981 798 quid
1009 727 1354 784 devenimus!
1407 725 1475 781 Et
1499 741 1596 798 pro
1626 726 1731 780 hoc

133 819 342 887 gratias
388 818 640 876 Barbaris
686 820 893 889 agimus
914 862 930 888 ,
974 835 1004 873 a
1032 819 1228 890 quibus
1255 833 1355 874 nos
1383 817 1527 889 ipsos
1554 816 1729 888 pretio

136 913 554 977 comparamus?
601 911 738 978 Quid
785 919 966 982 potest
1012 926 1133 967 esse
1161 910 1318 966 nobis
1347 909 1430 965 vel
1469 908 1730 979 abjectius

136 1002 226 1057 vel
245 1003 535 1058 miserius?
560 1001 628 1057 Et
656 1003 838 1059 vivere
875 1019 977 1058 nos
1001 1010 1125 1074 post
1152 1003 1254 1057 ista
1281 1001 1579 1066 credimus,
1611 999 1732 1070 qui-

138 1096 240 1153 bus
268 1097 381 1152 vita
408 1096 489 1152 sic
513 1096 752 1152 constat!
785 1096 1011 1168 Insuper
1034 1096 1197 1152 etiam
1225 1095 1479 1151 ridiculos
1508 1093 1609 1164 ipsi
1633 1107 1733 1147 nos

138 1187 366 1245 facimus
391 1206 406 1242 :
435 1203 624 1244 aurum
652 1189 797 1261 quod
825 1189 1127 1260 pendimus,
1157 1198 1184 1227 ι
1205 1203 1430 1243 munera
1458 1201 1730 1242 vocamus.

141 1277 384 1336 Dicii'nus
428 1279 631 1336 donum
676 1295 800 1336 esse
843 1279 988 1351 quod
1035 1280 1266 1352 pretium
1303 1285 1406 1344 est,
1435 1275 1735 1347 etquidem

1834 633 2032 704 quippe
2079 631 2314 702 captivi,
2365 645 2489 685 eum
2526 629 2694 686 semel
2721 629 2988 702 redempti
3015 629 3230 694 fuerint,
3262 629 3425 685 liber—

1836 735 1946 782 tate
1975 725 2275 796 potiuntur.
2314 722 2423 778 Nos
2463 736 2679 793 semper
2711 721 3044 790 redimimur,
3074 730 3130 778 et
3156 735 3428 790 nunquam
3503 740 3514 749 ·

1838 817 1994 873 liberi
2037 833 2240 873 sumus.
2301 814 2522 871 Illorum
2568 829 2720 869 more
2765 813 3107 870 dominorum
3148 813 3429 870 nobiscum

1841 911 2066 966 Barbari
2113 918 2278 980 agunt
2323 909 2413 978 qui
2461 907 2726 977 mancipia
2756 906 3028 976 obsequiis
3055 907 3167 962 suis
3194 923 3304 962 non
3333 922 3430 962 ne-

1839 1002 2076 1058 cessaria
2123 999 2460 1057 mercedibus
2506 997 2874 1069 dependendis
2921 997 3118 1052 locant.
3173 997 3432 1053 Similiter

1839 1094 1984 1148 enim
2011 1108 2109 1147 nos
2155 1106 2430 1162 nunquam
2476 1090 2544 1144 ab
2592 1089 2695 1144 hac
2744 1103 2930 1143 sumus
2975 1087 3129 1143 liberi
3159 1087 3433 1145 functione

1841 1202 2003 1256 quam
2050 1185 2349 1257 pendimus.
2415 1183 2492 1239 Ad
2539 1183 2644 1238 hoc
2689 1183 2890 1253 quippe
2937 1179 3215 1237 mercedes
3235 1180 3433 1251 jugiter

1843 1277 2120 1342 solvimus,
2150 1285 2209 1331 ut
2237 1276 2353 1331 sine
2381 1274 2681 1331 cessatione
2708 1273 3000 1329 solvamus.

1326 1396 1693 1456 STEPHANI
1731 1395 2004 1453 BALUZII
2043 1397 2270 1453 NOTAE.

217 1489 434 1564 {Hunc
455 1491 633 1564 locum
663 1494 876 1564 egregie
903 1493 1132 1548 illustrat
1155 1492 1367 1548 Isaacus
1394 1491 1745 1564 Casaubonus

145 1564 203 1620 in
221 1562 374 1620 Notis
401 1563 469 1620 ad
491 1561 855 1635 Spartianum,
881 1564 949 1620 ad
979 1565 1126 1618 illum
1155 1564 1331 1619 locum
1353 1579 1384 1618 e
1413 1562 1531 1616 Vita
1556 1561 1740 1616 Adria-

1855 1491 1929 1574 ni,
1960 1493 2046 1562 qui
2076 1491 2139 1545 de
2167 1491 2450 1546 imminutis
2472 1491 2741 1560 stipendiis
2765 1487 3087 1562 querebatur.

148 1675 3416 1705 Μ

1049 1801 1079 1833 ·
1129 1791 1606 1960 LIBER
1689 1786 2557 1898 SEPTIMUS.

234 2090 389 2164 151
428 2089 470 2145 l.
509 2088 646 2144 Cum
695 2088 749 2142 in
792 2086 1142 2142 conclusione
1192 2084 1360 2140 libelli
1409 2083 1570 2153 hujus
1594 2123 1608 2147 ,
1657 2081 1751 2150 qui
1783 2141 1829 2164 _
1855 2081 2026 2135 riores
2054 2097 2256 2135 sumus.
2297 2082 2363 2136 Et
2393 2083 2515 2137 ideo
2544 2098 2653 2138 non
2686 2083 2881 2138 frustra
2910 2085 3066 2140 nobis
3094 2085 3274 2139 evenit
3301 2085 3434 2155 quoi

153 2200 301 2240 nunc
323 2181 502 2237 finitus
528 2188 611 2236 est
633 2221 648 2245 ,
697 2179 767 2232 de
805 2177 1116 2231 infirmitate
1146 2191 1211 2230 ac
1235 2175 1450 2230 miseria
1479 2172 1753 2226 Romano-

153 2291 278 2330 rum
324 2272 587 2330 nonnulla
635 2268 863 2324 dixerim
883 2308 898 2333 ,
948 2266 1220 2322 contraria
1267 2264 1492 2320 forsitan
1537 2261 1757 2330 negotio

151 2365 307 2434 quod
351 2380 497 2419 nunc
544 2361 754 2430 agimus
776 2400 790 2424 ,
842 2357 1045 2412 dixisse
1090 2356 1389 2411 videamur.
1451 2354 1577 2409 Scio
1615 2352 1757 2407 enim

147 2472 323 2528 posse
349 2456 455 2510 hoc
502 2455 627 2509 loco
673 2450 864 2520 subjici
888 2489 903 2514 ,
953 2449 1078 2504 hinc
1105 2448 1339 2503 maxime
1368 2447 1584 2518 probari
1613 2444 1759 2516 quod

148 2565 271 2603 non
300 2545 559 2614 respiciat
601 2557 689 2598 res
733 2542 997 2596 humanas
1025 2540 1194 2606 Deus;
1224 2540 1347 2608 quia
1377 2554 1496 2594 cum
1527 2535 1756 2592 Romani

153 2635 439 2706 quondam
485 2632 681 2704 pagani
709 2640 764 2686 et
809 2631 1036 2686 vicerint
1081 2639 1135 2685 et
1186 2629 1566 2697 regnaverint,
1609 2641 1754 2682 nimc

148 2726 452 2783 Christiani
491 2734 546 2781 et
575 2727 854 2779 vincantur
881 2731 936 2777 et
963 2723 1217 2778 serviant.
1255 2720 1512 2776 Sufficere
1536 2720 1754 2790 quidem

148 2821 225 2877 ad
265 2819 687 2876 confutationem
716 2815 1034 2885 objectionis
1061 2815 1215 2871 istius
1242 2823 1492 2885 poterant
1520 2814 1608 2868 illa
1632 2829 1753 2884 qua:

150 2910 359 2968 dudum
407 2909 475 2964 de
512 2909 717 2964 cunctis
745 2907 856 2962 fere
885 2908 1107 2978 paganis
1135 2907 1383 2976 gentibus
1411 2905 1553 2961 dicta
1583 2921 1709 2960 sunt
1737 2925 1748 2957 :

152 3002 210 3059 id
240 3011 344 3067 est,
376 3001 546 3070 magis
575 3015 802 3071 peccare
843 3015 938 3055 eos
979 3000 1072 3068 qui
1101 3000 1335 3054 scientes
1369 2998 1646 3067 negligant
1672 2998 1752 3052 le-

157 3108 285 3163 gem
315 3092 409 3147 Dei
427 3101 446 3148 '.
479 3107 641 3162 quam
671 3090 764 3162 qui
792 3106 904 3146 non
932 3090 1131 3145 faciant
1170 3090 1494 3145 nescientes.
1536 3087 1646 3145 Sed
1675 3097 1756 3143 ta-

154 3201 306 3248 men,
337 3185 380 3239 si
432 3185 574 3240 Deus
615 3184 892 3250 annuerit,
924 3199 1044 3238 cum
1074 3183 1141 3239 ad
1167 3198 1288 3238 eam
1315 3183 1520 3251 negotii
1545 3190 1758 3254 partem

157 3277 549 3334 accesserimus
594 3285 655 3332 ut
682 3277 750 3331 de
779 3274 1050 3330 veteribus
1081 3273 1338 3330 Romanis
1367 3273 1545 3345 aliqua
1569 3273 1755 3329 dican-

159 3381 266 3438 tur,
311 3369 589 3426 evidenter
612 3368 794 3423 divino
840 3383 1064 3422 munere
1092 3367 1508 3437 approbabimus
1536 3374 1645 3420 tam
1670 3365 1757 3436 ju-
1796 3438 1800 3442 ι

163 3471 304 3518 stum
334 3470 462 3516 tunc
512 3474 638 3529 erga
684 3459 806 3513 illos
853 3456 1016 3514 fuisse
1062 3457 1273 3513 Domini
1301 3456 1562 3524 favorem,
1594 3470 1756 3528 quam

160 3569 306 3610 nunc
332 3567 460 3622 erga
489 3519 602 3608 nos
611 3550 812 3622 justam
834 3551 1209 3616 severitatem;
1243 3558 1350 3604 tam
1376 3519 1757 3620 dignum-illud
1785 3519 1833 3584 ο

159 3645 328 3701 fuisse
356 3644 500 3716 quod
542 3644 815 3699 Romanos
859 3650 986 3698 tunc
1014 3643 1157 3697 Deus
1185 3642 1387 3697 auxilio
1412 3658 1512 3697 suo
1542 3641 1753 3706 extulit,

158 3751 326 3806 quam
374 3750 517 3790 nunc
559 3734 779 3804 dignum
807 3749 926 3790 esse
953 3734 1100 3805 quod
1127 3733 1397 3804 punimur.
1441 3732 1618 3803 Atque
1646 3733 1754 3787 uti-

158 3841 292 3880 nam
336 3841 496 3896 pmna
545 3826 659 3894 ipsa
707 3825 1006 3896 prodesset.
1067 3823 1200 3878 Illud
1246 3825 1460 3893 gravius
1495 3825 1665 3879 multo
1693 3840 1758 3878 ac

161 3917 463 3973 luctuosius
489 3955 504 3981 ,
555 3915 708 3987 142
747 3916 892 3986 quod
922 3923 1044 3984 post
1071 3929 1288 3983 prenam
1314 3915 1462 3968 nulla
1492 3915 1759 3970 correctio

158 4017 267 4064 est.
310 4008 516 4061 Curare
541 4021 642 4061 nos
686 4006 802 4060 vult
843 4003 1287 4073 castigationibus
1331 4005 1444 4058 suis
1482 4004 1758 4068 Dominus,

155 4101 265 4156 sed
311 4112 496 4152 curam
536 4097 773 4152 remedia
812 4111 920 4150 non
947 4103 1265 4164 sequuntur.
1307 4095 1446 4159 Quid
1490 4097 1595 4150 hoc
1637 4095 1765 4148 mali

156 4188 297 4246 est?
323 4185 576 4241 Iumenta
620 4201 685 4241 ac
727 4183 963 4255 pecudes
1009 4184 1248 4239 sectione
1276 4191 1548 4250 curantur,
1581 4193 1635 4240 et
1662 4201 1764 4255 pu-

159 4279 397 4337 trefacta
427 4277 716 4342 mulorum,
747 4276 1044 4341 asinorum,
1075 4291 1364 4346 porcorum
1390 4276 1614 4342 viscera,
1640 4292 1762 4331 eum

162 4374 362 4431 adusta
403 4371 660 4427 eauteriis
702 4369 906 4425 fuerint
926 4409 941 4436 ,
991 4384 1186 4424 munus
1214 4369 1436 4425 medica:
1464 4370 1762 4426 adustionis

165 4473 499 4538 agnoscunt;
547 4465 839 4535 statimque
887 4463 977 4518 ubi
1021 4470 1114 4518 aut
1143 4472 1381 4518 cremata
1426 4473 1519 4518 aut
1545 4464 1760 4520 desecta

170 4560 340 4616 fuerit
363 4559 674 4613 vitiatorum
703 4572 992 4628 corporum
1020 4555 1170 4610 labes
1197 4594 1208 4618 ,
1251 4557 1304 4610 in
1335 4557 1510 4612 locum
1541 4556 1758 4612 demor-

171 4660 277 4707 tua:
300 4650 478 4707 carnis
497 4649 616 4704 viva
635 4647 894 4704 succedit.
934 4647 1042 4703 Nos
1067 4655 1124 4702 et
1153 4647 1373 4712 urimur,
1405 4657 1460 4702 et
1485 4665 1758 4714 secamur;
1784 4692 1799 4703 .

172 4743 268 4799 sed
290 4756 394 4798 nec
419 4741 550 4797 ferri
577 4740 909 4806 desectione,
953 4755 1054 4796 nec
1088 4740 1450 4796 cauleriorum
1479 4741 1762 4800 adustione

175 4849 466 4892 sanamur:
516 4833 700 4900 immo,
730 4832 876 4904 quod
921 4839 1006 4888 est
1042 4833 1276 4902 gravius,
1306 4848 1434 4888 cura
1463 4834 1578 4904 ipsa
1605 4834 1760 4889 dete-

1858 2175 2077 2228 evenire
2125 2174 2420 2243 pecudibus
2468 2184 2523 2228 et
2563 2174 2822 2243 iumentis
2870 2175 3041 2236 solet,
3073 2192 3191 2245 qua:
3219 2176 3422 2230 inreme

1857 2264 2083 2320 diabiles
2129 2265 2348 2320 morbos
2396 2251 2594 2320 ferunt.
2658 2265 2791 2320 Nam
2837 2267 2890 2321 in
2931 2267 3181 2322 omnibus
3208 2269 3443 2338 partibuzl

1860 2355 2047 2409 mundi
2116 2356 2242 2426 quia
2295 2356 2440 2411 curis
2503 2356 2898 2412 medicantibus
2957 2374 3064 2413 non
3113 2358 3448 2426 eorrigimur,

1857 2455 2036 2501 morte
2064 2455 2226 2517 atque
2274 2447 2548 2502 occisione
2598 2448 2829 2502 tinimur.
2873 2447 3012 2504 Ecce
3061 2449 3224 2513 enim,
3257 2457 3449 2504 utnon

1855 2545 2095 2606 repetam
2127 2553 2246 2606 qua:
2275 2537 2444 2593 multo
2473 2546 2600 2593 ante
2621 2538 2736 2608 jam
2763 2539 2909 2604 dixi,
2961 2541 3063 2596 hoc
3092 2541 3265 2611 ipsum
3289 2541 3448 2612 quala

1855 2635 1939 2682 est
1965 2629 2110 2696 quod
2140 2629 2299 2698 paulo
2330 2639 2456 2685 ante
2485 2632 2813 2697 memoravi,
2858 2632 3065 2687 scilicet
3101 2634 3224 2705 quia
3269 2644 3324 2689 et
3352 2634 3449 2689 mi-

1854 2719 1960 2773 seri
1991 2719 2192 2788 pariter
2240 2735 2308 2775 ex
2352 2721 2614 2776 luxuriosi
2662 2723 2888 2777 sumus?
2946 2722 3076 2778 Esto
3123 2726 3294 2788 enim,
3344 2727 3448 2781 sint

1853 2811 1986 2864 vitia
2016 2811 2116 2866 ista
2140 2811 2374 2866 felicium
2404 2814 2684 2884 (quamvis
2712 2830 2873 2870 nemo
2897 2815 3037 2870 idem
3068 2829 3123 2870 et
3158 2824 3450 2886 probrosus

1856 2917 1975 2958 esse
2001 2905 2171 2974 possit
2200 2913 2255 2959 et
2301 2903 2429 2959 felix
2456 2923 2468 2957 :
2501 2907 2627 2976 quia
2658 2907 2748 2961 ubi
2778 2924 2885 2961 non
2915 2916 2998 2963 est
3023 2924 3144 2963 vera
3175 2909 3450 2974 honestas,

1858 3011 1966 3051 non
2007 3006 2091 3052 est
2132 3013 2260 3052 vera
2311 2997 2581 3068 felicitas),
2631 2999 2726 3054 sed
2774 3008 2989 3066 tamen,
3035 3011 3093 3056 ut
3128 3018 3288 3073 supra
3319 3003 3449 3069 dixi,

1859 3098 1999 3154 esto,
2032 3090 2141 3145 sint
2169 3090 2297 3144 vitia
2329 3091 2428 3145 ista
2459 3102 2514 3146 et
2543 3093 2715 3162 long-.1:
2745 3095 2892 3164 pacis
2918 3103 2973 3149 et
3002 3096 3272 3165 opulenuc
3298 3111 3452 3151 secn-

1858 3181 2051 3235 ritatis.
2090 3179 2215 3246 Cur,
2258 3197 2472 3253 quaeso,
2524 3184 2632 3239 illic
2679 3193 2822 3250 sunt,
2877 3186 2964 3240 ubi
3008 3185 3121 3254 jam
3151 3186 3293 3240 nulla
3324 3203 3446 3256 pax,

1861 3273 1950 3327 ubi
1980 3273 2125 3327 nulla
2154 3275 2453 3329 securitas?
2490 3274 2548 3329 In
2579 3277 2725 3331 omni
2754 3278 2896 3331 enim
2925 3276 3092 3332 ferme
3122 3276 3148 3315 δ
3176 3279 3308 3331 orbe
3339 3276 3450 3331 Ro-

1859 3380 2020 3421 mano
2067 3382 2172 3435 pax
2220 3375 2274 3422 et
2321 3369 2584 3424 securitas
2631 3386 2737 3424 non
2769 3379 2912 3424 sunt.
2954 3368 3066 3424 Cur
3092 3371 3208 3426 sola
3239 3380 3448 3425 tantum

1861 3455 1987 3510 vitia
2016 3456 2349 3526 perdurant?
2401 3457 2551 3524 Quis,
2585 3473 2738 3526 rogo,
2775 3459 2915 3513 ferre
2950 3460 3119 3528 possit
3149 3459 3203 3513 in
3234 3459 3454 3514 homine

1861 3557 2149 3618 egestuoso
2195 3565 2316 3604 esse
2365 3550 2683 3605 lasciviam?
2731 3549 3083 3606 Criminosior
3128 3552 3326 3622 quippe
3373 3561 3454 3608 est

1860 3639 2137 3694 luxuriosa
2167 3649 2484 3710 paupertas;
2537 3649 2592 3696 et
2637 3642 2860 3711 majoris
2889 3642 3100 3697 invidiae
3124 3683 3138 3707 ,
3173 3643 3335 3699 miser
3363 3659 3455 3698 nu~

1860 3745 1963 3799 gax
1995 3730 2182 3803 (Eccli.
2218 3748 2342 3796 xxv,
2374 3731 2451 3801 4).
2497 3731 2665 3787 Totus
2715 3731 2990 3789 Romanus
3037 3734 3182 3789 orbis
3212 3743 3267 3788 et
3293 3735 3455 3789 miser

1861 3832 1944 3878 est
1994 3832 2049 3878 et
2097 3824 2422 3879 luxuriosus.
2486 3824 2646 3891 Quis,
2681 3842 2898 3894 quaeso,
2933 3842 3138 3895 pauper
3165 3835 3221 3880 et
3251 3843 3447 3896 nugax,

1862 3916 1956 3984 qui
2002 3917 2371 3984 captivitatem
2423 3927 2740 3985 exspectans
2788 3918 2856 3971 de
2893 3918 3039 3971 circo
3068 3918 3314 3985 cogitat?
3340 3919 3458 3985 quis

1863 4007 2056 4061 metuit
2084 4015 2314 4060 mortem
2339 4047 2354 4070 ,
2403 4017 2459 4060 et
2494 4007 2668 4060 ridet?
2706 4009 2816 4062 Nos
2842 4015 2897 4062 et
2927 4007 2982 4062 in
3009 4018 3160 4063 metu
3185 4009 3460 4080 captivita-

1869 4097 1938 4152 tis
1967 4096 2219 4174 ludimus,
2251 4105 2307 4151 et
2334 4096 2496 4166 positi
2525 4097 2579 4154 in
2609 4098 2798 4154 mortis
2827 4098 3019 4154 timore
3047 4098 3299 4156 ridemus.
3332 4101 3458 4156 Sar-

1867 4187 2077 4244 donicis
2124 4187 2526 4257 quodammodo
2573 4188 2752 4245 herbis
2779 4205 2996 4245 omnem
3025 4189 3329 4247 Romanum
3359 4207 3457 4262 po-

1865 4281 2049 4353 pulum
2097 4289 2253 4351 putes
2299 4296 2419 4336 esse
2463 4289 2779 4337 saturatum.
2821 4280 2974 4354 153
3003 4281 3250 4350 Moritur,
3301 4293 3356 4340 et
3383 4284 3456 4339 ri-

1864 4373 1974 4428 det.
2013 4371 2080 4426 Et
2128 4371 2249 4428 ideo
2297 4373 2349 4427 in
2401 4373 2650 4428 omnibus
2687 4372 2798 4429 fere
2834 4375 3075 4444 partibus
3102 4375 3286 4430 mundi
3314 4377 3454 4431 risus

1863 4471 2081 4519 nostros
2130 4463 2379 4534 Iacrymie
2424 4474 2856 4534 consequuntur;
2906 4481 2968 4520 ac
2999 4467 3146 4520 venit
3192 4467 3354 4522 etiam
3403 4467 3456 4521 in

1863 4558 2115 4629 praesenti
2143 4573 2304 4628 super
2344 4561 2444 4612 nos
2485 4557 2614 4611 illud
2644 4557 2854 4613 Domini
2884 4559 3054 4613 nostri
3082 4559 3283 4614 dictant
3311 4578 3322 4613 :
3366 4558 3459 4613 γω

1862 4648 2111 4721 nobisqui
2142 4649 2339 4715 ridetis,
2371 4651 2615 4721 quoniam
2646 4649 2832 4719 ﬂebilis
2863 4649 3020 4721 (Luc.
3052 4667 3126 4715 vi,
3160 4651 3275 4720 25).

1935 4741 2000 4796 II.
2042 4740 2149 4797 Sed
2203 4739 2427 4795 forsitan
2453 4779 2468 4803 ,
2520 4757 2642 4796 eum
2694 4741 2761 4796 de
2791 4741 3008 4797 ludicris
3037 4757 3101 4796 ac
3128 4739 3457 4798 fmditatibus

1865 4834 2094 4906 publicis
2140 4832 2440 4890 diutissime
2485 4834 2812 4900 dixerimus;
2859 4835 2914 4890 in
2959 4834 3063 4888 hoc
3093 4841 3302 4889 tantum
3331 4836 3453 4907 quis

1367 4942 1705 4999 STEPHANI
1743 4943 2012 5000 BALUZII
2048 4944 2277 5000 NOTAE.

252 5070 282 5098 ιι
312 5055 612 5127 Sequentes
637 5055 744 5111 duo
783 5056 904 5112 libri
932 5055 1152 5112 omnino
1197 5071 1266 5127 pe

252 5071 282 5098 ιι
312 5071 612 5127 sequentes
637 5071 744 5111 auo
784 5071 904 5112 tum
932 5071 1152 5112 omnmo
1192 5071 1494 5180 perturbati
1543 5071 1668 5111 sunt
1708 5073 1750 5110 in

145 5193 158 5222 ι
179 5127 894 5222 ἓίῖἷίξ⁰¹ἓῗηθξὶ¹ῗὲίὲἓξ¹ξζλίξῖ
908 5136 978 5222 ‘1".
994 5140 1200 5222 (ἔξἘῇ
1254 5127 1750 5222 ἑΞΡΞΡΕὲἮζΡΞῩΫῩ

179 5206 332 5264 nent,
361 5199 606 5267 legantur
633 5197 899 5252 interdum
927 5197 980 5251 in
1010 5203 1223 5251 octavo.
1254 5195 1352 5250 Cui
1376 5195 1604 5250 similem
1632 5212 1764 5265 que-

181 5271 349 5326 relam
397 5267 627 5338 protulit,
657 5266 946 5338 Balduinus
983 5267 1051 5321 ad
1093 5266 1288 5320 librum
1325 5267 1543 5338 tertium
1581 5265 1764 5336 Optati

183 5334 498 5394 Milevitani.
522 5334 836 5407 7Galesinius
880 5337 1060 5407 itaque
1087 5344 1280 5392 cuncta
1322 5337 1376 5390 in
1405 5334 1647 5392 ordinem
1671 5353 1760 5393 re-

184 5409 334 5478 duxit
354 5407 496 5478 apud
513 5406 838 5478 Salvianum.

169 5501 172 5503 >
249 5478 275 5518 ιι
313 5475 592 5532 Ita'codex
618 5475 974 5541 Corbeiensis,
1025 5493 1144 5533 cum
1191 5477 1531 5534 Colbertinus
1559 5489 1614 5534 et
1648 5480 1760 5536 edi-

187 5549 361 5604 tiones
401 5544 657 5602 Galesinii
710 5556 765 5601 et
809 5545 1004 5602 Pithoei
1048 5548 1310 5603 haberent
1337 5548 1460 5602 urbe
1500 5549 1756 5604 Romana.

189 5614 412 5673 Prorsus
440 5617 600 5672 male.
631 5615 764 5670 Nam
783 5621 847 5684 iet
877 5617 991 5684 ipse
1041 5615 1280 5673 Pithmus
1308 5627 1456 5673 recte
1483 5618 1760 5674 admonuit

191 5687 552 5758 reponendum
574 5683 833 5758 esseoer
858 5683 1110 5758 Romano.
1133 5687 1387 5758 Diversus
1413 5704 1566 5743 error
1586 5696 1763 5743 exstat

193 5752 391 5828 in'pag.
418 5755 524 5828 155
541 5764 598 5812 et
619 5752 743 5828 I56,
784 5753 873 5828 ubi
900 5770 1000 5824 pro
1022 5755 1092 5828 _d_e
1117 5756 1323 5811 urbe-in
1343 5759 1520 5812 urbem
1549 5758 1761 5827 legeba-

196 5823 364 5896 t'ur'de'
382 5827 577 5881 orbein
603 5824 791 5881 orbem.
827 5823 992 5879 Natus
1019 5825 1106 5896 hic
1131 5841 1283 5896 error
1310 5844 1376 5881 ex
1401 5843 1469 5883 eo
1497 5823 1641 5896 quod
1661 5845 1760 5884 an-

196 5893 324 5968 tiqui
349 5896 553 5956 Iibrarii
583 5911 951 5967 saepenumero
978 5893 1377 5952 confundebant
1416 5893 1622 5954 litteras
1647 5915 1678 5953 ο
1706 5907 1762 5954 et

853 6033 921 6044 ιν.
943 6029 1001 6055 ..κ

1270 5055 1494 5110 rturbati
1543 5064 1668 5111 sunt
1708 5057 1762 5112 in
1788 5057 1840 5119 D
1863 5048 1916 5123 u,
1946 5066 2006 5112 ut
2025 5057 2088 5113 iis
2118 5035 2306 5112 notum
2333 5066 2416 5113 est
2439 5059 2530 5126 qui
2549 5058 2713 5115 libros
2741 5076 2902 5116 manu
2925 5057 3176 5120 exaratos
3197 5071 3447 5121 tractant.

1865 5127 1972 5183 Sed
2018 5143 2086 5182 ne
2133 5128 2185 5181 id
2210 5129 2294 5182 -in
2348 5130 2611 5206 sequioris
2642 5138 2847 5186 tantum
2887 5136 3452 5206 aetatisrscriptoribus

1867 5206 2104 5261 notetur,
2137 5206 2350 5253 exstant
2374 5199 2518 5268 apud
2536 5198 2824 5257 Gruterum
2871 5213 2926 5258 et
2962 5205 3086 5259 alibi
3115 5198 3328 5260 veteres
3367 5202 3450 5254 in-

1865 5269 2184 5342 scriptiones
2213 5269 2266 5342 in
2295 5269 2488 5342 quibus
2515 5285 2731 5340 quoque
2772 5273 2887 5328 haec
2907 5275 3206 5328 litterarum
3238 5286 3451 5342 permu-

1864 5341 2000 5394 tatio
2027 5339 2268 5413 contigit.
2302 5339 2392 5395 Sic
2420 5341 2473 5396 in
2505 5339 2671 5398 veteri
2701 5344 2876 5413 lapide
2905 5339 3451 5413 NarbonensifRusti-

1864 5425 1960 5482 cus
1991 5409 2136 5464 urbis
2183 5410 2322 5466 illius
2364 5413 2651 5482 episcopus
2701 5409 2896 5470 dicitur
2943 5413 3168 5482 episcopi
3196 5411 3457 5482 LArqtori:

1865 5479 1930 5534 de
1955 5497 2130 5550 sorore
2151 5496 2328 5550 napus.
2356 5477 2713 5548 Quintilianus
2741 5492 2921 5537 autem
2950 5477 3003 5534 in
3033 5477 3123 5530 lib.
3149 5495 3167 5532 ι
3194 5477 3453 5550 lnstitut.,

1868 5565 1998 5621 cap.
2015 5549 2068 5616 4,
2095 5551 2172 5605 sic
2200 5549 2414 5607 scribit:
2437 5550 2576 5616 Quid
2599 5569 2633 5607 ο
2663 5561 2813 5621 atque
2840 5569 2874 5604 u
2892 5555 3196 5621 permutata:
3217 5549 3453 5618 invicem,

1867 5617 2160 5675 ut'ﬂecoba
2181 5629 2230 5674 et
2259 5624 2453 5683 notrix,
2502 5617 2770 5676 Chutcidés
2807 5629 2856 5671 et
2883 5617 3143 5669 Pulixena
3171 5617 3452 5677 scriberem

1868 5691 1989 5742 tur?
2016 5691 2089 5742 Ac
2117 5707 2180 5744 ne
2206 5693 2261 5744 in
2291 5690 2484 5744 Graecis
2529 5691 2583 5742 id
2625 5698 2822 5740 tantum
2852 5694 3073 5748 notetur,
3122 5688 3367 5747 dederont
3387 5709 3450 5748 ac
3520 5689 3526 5694 ’

1867 5758 2226 5883 ἔξεραυςνοηε.
2258 5759 2393 5816 Vide
2421 5759 2588 5816 Notas
2625 5757 2692 5812 ad
2719 5755 3004 5824 epistolam
3034 5755 3137 5811 115
3160 5759 3293 5834 Lupi
3322 5763 3450 5820 Fer-

1958 5843 2142 5883 tensis.
2306 5858 2351 5883 τ..
2398 5878 2403 5883 .
2519 5863 2588 5883 η..
2648 5877 2652 5881 .
3075 5850 3101 5882 ;·.
3142 5879 3149 5883 ,
3439 5841 3450 5883 ἶ

1958 5843 2142 5886 [om
2306 5858 2351 5886 ἦε
2398 5878 2403 5883 .
2519 5863 2588 5884 ἠὶι
2648 5877 2652 5881 .
3075 5850 3101 5882 λ’.
3142 5879 3149 5886 .
