4088 6360
646 375 754 436 {Si

1587 377 1643 434 S.
1685 377 2001 434 SALVIAN!
2053 375 2512 432 MASSILIENSIS
2549 377 2971 436 PRESBYTER]

3830 388 3856 439 1
3867 380 3938 440 δ’

647 493 945 549 deteriores
969 505 1088 547 esse
1110 505 1210 545 nos
1236 498 1390 560 putat
1417 490 1680 556 barbaris,
1711 492 1834 561 quia
1865 491 1940 545 illi
1969 491 2082 546 hmo
2111 506 2217 544 non
2247 490 2298 550 Α
2324 489 2426 544 lius
2455 491 2591 546 tales
2611 533 2625 558 ,
2682 493 2806 562 quia
2857 492 3109 562 specialia
3156 493 3250 548 Dei
3290 507 3512 549 munera
3539 495 3933 566 possidebant.

647 589 813 654 agunt
835 622 850 647 ,
879 597 979 637 nos
1003 582 1208 650 agimus
1229 619 1246 648 ,
1293 590 1550 638 eceteram
1595 582 1713 652 ipso
1741 582 1969 637 carnalis
1997 581 2228 636 libidinis

645 676 848 732 scelere
875 683 930 729 et
953 673 1324 730 fornicationis
1363 673 1588 730 funestm
1615 687 1771 730 emno
1800 690 1909 730 non
1938 675 2010 728 ita
2041 674 2225 744 pollui.

643 766 1028 836 Commeatus
1048 805 1064 834 ,
1104 767 1152 822 si
1182 767 1376 836 placet,
1408 767 1621 822 caeteris
1649 766 1957 821 nationibus
1984 766 2148 822 etiam
2174 766 2228 820 in

642 858 744 913 hac
768 866 920 928 parte
965 856 1264 914 Romanos.
1323 857 1390 913 Et
1432 858 1651 927 quidem
1680 857 1862 913 nescio
1891 873 1961 912 an
1989 856 2111 912 ullis
2139 873 2227 912 re-

641 950 778 1006 ctius
806 956 1195 1020 comparentur
1221 961 1382 1019 quam
1412 951 1496 1004 his
1524 965 1660 1019 quos
1690 949 1830 1005 Deus
1858 949 1914 1004 in
1943 948 2122 1004 medio
2150 949 2229 1004 rei

639 1040 872 1112 publica
918 1041 1040 1096 sinu
1085 1041 1322 1110 positos,
1370 1055 1711 1110 possessores
1739 1039 1865 1095 fecit
1892 1054 1956 1096 ac
1982 1039 2228 1095 dominos

636 1134 741 1190 soli
769 1149 890 1190 esse
921 1133 1170 1190 Romani.
1227 1132 1380 1189 Unde
1413 1135 1658 1201 quamvis
1701 1133 1834 1188 nihil
1871 1132 2132 1202 disputari
2161 1132 2230 1188 de

637 1223 837 1295 judicio
885 1225 980 1280 Dei
1026 1225 1230 1296 possit,
1282 1232 1463 1281 tamen
1497 1241 1620 1280 cum
1650 1225 1881 1280 ablatam
1908 1225 2064 1282 nobis
2087 1224 2228 1293 juris

637 1319 809 1374 nostri
857 1318 1115 1388 optimam
1155 1326 1364 1388 partem
1410 1318 1653 1372 barbaris
1682 1317 1918 1383 dederit,
1950 1318 2226 1373 videamus

641 1425 710 1464 an
740 1409 792 1464 id
821 1410 963 1478 quod
1004 1409 1161 1464 nobis
1190 1409 1312 1464 tulit
1339 1417 1394 1463 et
1423 1409 1525 1464 illis
1557 1407 1810 1474 tradidit,
1850 1407 1998 1478 justo
2021 1405 2224 1476 judicio

642 1499 922 1555 tradidisse
969 1499 1232 1554 videatur.
1294 1497 1503 1553 Nemini
1551 1497 1770 1553 dubium
1817 1507 1900 1554 est
1928 1497 2226 1567 Aquitanos

639 1606 702 1645 ac
729 1590 1162 1660 Novempopulos
1203 1588 1491 1646 medullam
1518 1590 1630 1645 fere
1659 1589 1898 1645 omnium
1927 1586 2221 1644 Galliarum

640 1688 694 1736 et
719 1681 850 1735 uber
898 1683 1060 1736 totius
1110 1680 1450 1736 fecunditatis
1496 1680 1774 1747 habuisse;
1816 1695 1915 1734 nec
1943 1679 2117 1734 solum
2146 1678 2224 1733 fe-

638 1773 954 1839 cunditatis,
1008 1773 1127 1837 sed,
1177 1788 1297 1842 qua:
1343 1771 1588 1842 pmponi
1615 1769 1880 1826 interdum
1911 1757 2225 1827 fecunditati

2331 581 2399 638 Et
2425 585 2552 654 quid
2601 594 2723 656 post
2769 586 2885 641 hinc.
2929 587 3142 640 omnia?
3170 587 3300 657 quid
3328 596 3571 646 secutum
3614 592 3743 646 est?
3773 593 3931 664 quid,

2330 675 2435 730 nisi
2463 685 2654 731 cuncta
2683 685 2802 745 qua
2831 692 2864 732 ο
2889 677 3101 732 diverso
3125 679 3283 734 sunt?
3329 679 3389 734 In
3428 682 3680 738 omnibus
3717 685 3934 756 quippe

2330 759 2536 828 Galliis,
2565 763 2706 819 sicut
2727 764 2928 820 divitiis
2956 766 3113 835 primi
3142 765 3310 834 fuere,
3342 769 3422 824 sic
3445 770 3603 825 vitiis.
3635 771 3928 842 Nusquam

2331 854 2474 910 enim
2503 855 2801 924 improbior
2827 857 3094 926 voluptas,
3129 873 3394 928 nusquam
3422 861 3761 931 inquinatior
3795 864 3925 928 vita,

2330 960 2594 1015 nusquam
2623 948 2926 1016 corruptior
2960 948 3257 1020 disciplina.
3300 951 3452 1007 lianc
3477 965 3576 1022 pro
3602 955 3927 1011 muneribus

2329 1038 2494 1094 sacris
2540 1038 2804 1094 dederunt
2847 1040 3077 1096 Domino
3103 1043 3533 1110 retributionem,
3564 1054 3627 1100 ut
3653 1046 3712 1100 in
3743 1061 3922 1116 quan-

2330 1135 2445 1192 tum
2474 1144 2569 1186 eos
2597 1130 2872 1186 beneficiis
2900 1133 3012 1188 suis
3039 1133 3128 1188 ille
3155 1133 3221 1190 ad
3249 1147 3308 1190 se
3332 1134 3598 1191 inlexerat
3623 1137 3696 1192 ad
3725 1141 3923 1210 propi-

2328 1219 2596 1288 tiandum,
2629 1223 2682 1278 in
2729 1230 2934 1280 tantum
2962 1225 3036 1280 illi
3066 1223 3277 1293 ﬂagitiis
3319 1227 3430 1282 suis
3455 1227 3832 1286 laboraverint
3857 1230 3922 1285 ad

2328 1313 2775 1368 exacerbandum.

2397 1399 2484 1458 Ill.
2525 1401 2606 1457 An
2646 1400 2782 1460 forte
2810 1404 2999 1460 falsum
3040 1415 3141 1473 est,
3165 1415 3218 1461 et
3256 1407 3516 1464 invidiose
3545 1411 3728 1478 potius
3755 1427 3915 1484 quam

2327 1509 2455 1550 vere
2483 1495 2583 1549 ista
2611 1494 2900 1551 dicuntur?
2922 1507 2947 1533 ⁸·
2974 1495 3090 1551 Non
3120 1497 3355 1553 oratoria
3393 1485 3546 1571 155
3568 1500 3914 1570 probatione,

2326 1600 2432 1653 qua
2464 1585 2538 1640 uti
2569 1586 2658 1640 alii
2687 1587 2738 1640 in
2762 1587 2938 1642 causis
2959 1587 3153 1650 solent,
3187 1597 3306 1644 utar
3347 1597 3405 1646 ut
3432 1590 3729 1658 producam
3756 1608 3911 1661 quos

2326 1693 2536 1746 cunque
2565 1678 2630 1731 ad
2672 1678 3008 1747 probandum
3035 1687 3127 1732 aut
3155 1695 3354 1748 paucos
3381 1688 3473 1735 aut
3497 1666 3795 1738 extraneos
3823 1692 3910 1739 aut

2325 1769 2503 1826 minus
2527 1769 2749 1824 idoneos
2780 1773 2958 1824 testes.
3009 1767 3158 1840 Ipsos
3197 1770 3587 1840 interrogemus
3633 1788 3664 1826 a
3714 1775 3908 1842 quibus

638 1865 831 1927 solent,
859 1864 1234 1933 jucunditatis,
1259 1863 1578 1933 voluptatis,
1612 1863 2040 1933 pulchritudinis.
2071 1861 2221 1917 Adeo
2252 1865 2299 1925 Β
2327 1869 2445 1915 acta
2484 1869 2625 1915 sunt.
2661 1860 2873 1914 Falsum
2917 1861 3181 1925 diximus,
3213 1862 3259 1916 si
3288 1863 3619 1930 negaverint.
3650 1862 3908 1919 Fateatur

547 1955 566 1979 ’
637 1955 742 2010 illic
771 1956 944 2010 omnis
973 1955 1260 2010 admodum
1289 1955 1439 2022 regio
1463 1964 1553 2009 aut
1580 1955 1872 2010 intertexta
1903 1955 2092 2017 vineis,
2126 1962 2220 2007 aut

635 2043 918 2100 ﬂorulenta
945 2045 1154 2116 pratis,
1197 2051 1296 2098 aut
1317 2044 1565 2099 distincta
1595 2044 1820 2099 culturis
1843 2083 1857 2108 ,
1890 2051 1983 2098 aut
2011 2044 2218 2098 consita

632 2138 826 2208 pomis,
859 2145 953 2192 aut
980 2141 1251 2194 ammnata
1281 2137 1445 2200 lucis,
1480 2145 1573 2191 aut
1602 2138 1810 2206 inrigua
1841 2137 2096 2203 fontibus,
2128 2146 2221 2191 aut

631 2229 890 2285 interfusa
936 2230 1278 2296 ﬂuminibus,
1331 2229 1425 2284 aut
1471 2230 1662 2284 crinita
1711 2230 1972 2285 messibus
2000 2228 2128 2294 fuit;
2161 2233 2221 2283 ut

631 2336 761 2376 vere
788 2336 1128 2392 possessores
1154 2337 1218 2376 ac
1247 2321 1450 2375 domini
1479 2330 1635 2374 terrae
1665 2321 1808 2375 illius
1839 2337 1948 2376 non
1978 2328 2087 2374 tam
2117 2321 2219 2375 soli

633 2413 785 2468 istius
811 2413 1116 2483 portionem
1144 2427 1305 2481 quam
1331 2413 1566 2483 paradisi
1597 2415 1884 2482 imaginem
1913 2414 2220 2483 possedisse

634 2504 938 2560 videantur.
979 2504 1118 2570 Quid
1144 2518 1273 2572 ergo
1316 2511 1440 2575 post
1480 2505 1581 2559 ista
1612 2506 1831 2558 omnia?
1857 2503 2220 2560 Oﬂiciosiores

637 2595 838 2665 absque
866 2595 1030 2650 dubio
1057 2595 1170 2650 Deo
1198 2609 1318 2650 esse
1343 2595 1661 2660 debuerant,
1713 2611 1850 2666 quos
1878 2597 2220 2666 peculiariter

637 2685 781 2742 Deus
810 2687 1265 2742 ahundautissima
1306 2686 1691 2743 beneﬁciorum
1735 2697 1953 2743 suorum
1981 2688 2106 2744 dote
2133 2689 2217 2744 di-

635 2785 863 2834 taverat.
904 2777 1043 2844 Quid
1082 2779 1225 2832 enim
1273 2778 1472 2834 rectius
1513 2785 1606 2833 aut
1651 2778 1784 2848 quid
1821 2779 2031 2848 dignius
2058 2793 2219 2848 quam

632 2877 691 2925 ut
714 2869 913 2938 quibus
942 2884 1040 2940 per
1066 2885 1292 2925 munera
1324 2885 1420 2925 sua
1451 2870 1709 2926 Dominus
1735 2873 1890 2940 quasi
1915 2871 2224 2942 specialiter

633 2962 917 3017 videbatur
945 2963 1160 3032 placere
1186 2964 1442 3029 voluisse,
1481 2963 1636 3035 ιω
1672 2964 1830 3020 iidem
1861 2980 2076 3035 quoque
2105 2980 2223 3036 speh

632 3053 820 3109 cialius
850 3054 1077 3109 Domino
1127 3054 1273 3109 cultu
1321 3070 1386 3110 ac
1412 3056 1670 3124 religione
1698 3056 2046 3126 placuissent,
2078 3073 2218 3128 pra:-

631 3148 821 3204 sertim
869 3162 992 3202 cum
1039 3162 1069 3202 a
1119 3148 1275 3203 nobis
1328 3149 1463 3203 Deus
1507 3149 1582 3202 nil
1609 3163 1920 3216 onerosum,
1953 3150 2027 3204 nil
2055 3165 2220 3220 grave

2325 1951 2494 2017 enim;
2525 1959 2580 2005 et
2608 1951 2841 2020 quidem,
2873 1952 3018 2020 quod
3039 1960 3122 2008 est
3141 1953 3370 2021 gravius,
3399 1953 3476 2008 sic
3503 1952 3741 2009 fatentur
3769 1965 3826 2009 ut
3855 1957 3905 2010 in

2324 2039 2438 2110 ipsa
2467 2039 2804 2096 confessione
2852 2057 2956 2096 non
2999 2042 3237 2098 doleant.
3269 2043 3414 2098 idem
3457 2045 3600 2099 enim
3642 2051 3786 2102 nunc
3826 2052 3904 2102 est

2323 2131 2532 2187 animus
2562 2131 2613 2184 in
2643 2130 2949 2199 fatentibus,
2979 2133 3069 2200 qui
3099 2133 3152 2187 in
3174 2134 3453 2202 agentibus
3474 2134 3589 2190 fuit.
3609 2135 3761 2192 Sicut
3782 2147 3908 2194 tunc

2322 2237 2428 2278 non
2459 2225 2646 2294 puduit
2675 2223 2872 2293 ﬂagitia
2902 2227 3259 2293 committere,
3285 2228 3362 2282 sic
3387 2243 3525 2284 nunc
3552 2231 3774 2285 omnino
3798 2246 3906 2286 non

2321 2318 2548 2387 panitet
2575 2315 2835 2385 ﬂagitiosa
2875 2317 3084 2373 fecisse.
3115 2317 3366 2389 Exceptis
3414 2329 3584 2376 tamen
3615 2325 3908 2392 perpaucis

2320 2405 2488 2463 ferme
2516 2410 2715 2464 sanctis
2737 2417 2898 2477 atque
2928 2409 3220 2478 insignibus
3249 2410 3411 2477 viris,
3437 2412 3552 2482 Qui,
3585 2419 3642 2465 ut
3675 2413 3906 2482 quidam

2320 2499 2388 2554 de
2416 2515 2639 2556 numero
2669 2502 2906 2570 ipsorum
2935 2502 3036 2566 ait,
3083 2504 3281 2571 sparsis
3328 2503 3646 2556 redemerunt
3684 2505 3908 2560 crimina

2321 2595 2571 2658 nummis;
2619 2595 2873 2664 exceptis,
2923 2594 3161 2662 inquam,
3208 2594 3292 2648 his
3337 2609 3472 2663 quos
3515 2595 3725 2666 loquor,
3769 2611 3906 2666 quos

2321 2686 2506 2754 utique
2551 2686 2712 2740 etiam
2754 2687 2806 2740 in
2855 2686 2942 2740 illa
2972 2694 3100 2742 tunc
3140 2689 3373 2756 generali
3423 2687 3710 2745 admodum
3736 2691 3900 2747 collu-

2319 2777 2480 2832 vione
2503 2777 2756 2831 vitiorum
2793 2785 2939 2832 recte
2966 2778 3233 2832 minorum
3262 2778 3540 2833 criminum
3581 2797 3704 2836 reos
3742 2781 3900 2838 fuisse

2322 2871 2586 2926 credimus
2614 2871 2705 2940 qui
2727 2871 2921 2939 corrigi
2943 2887 2972 2924 a
2999 2870 3283 2925 Divinitate
3309 2881 3641 2928 meruerunt.
3669 2874 3786 2930 Non
3813 2889 3898 2945 pe-

2319 2965 2465 3019 nitus
2492 2965 2633 3019 enim
2664 2964 2937 3018 dominum
2971 2979 3123 3018 suum
3157 2965 3316 3030 lmdit,
3349 2966 3433 3018 cui
3470 2959 3782 3036 propitiatio
3808 2981 3894 3024 re-

2321 3063 2582 3111 servatur.
2609 3054 2674 3108 Et
2701 3055 2826 3123 quid
2847 3055 3036 3124 plura?
3063 3053 3200 3108 Puto
3227 3056 3370 3124 quod
3399 3071 3612 3126 semper
3649 3057 3814 3112 Deum
3840 3065 3894 3114 et

2320 3148 2374 3202 in
2415 3149 2532 3220 ipso
2560 3162 2744 3204 errore
2771 3148 3084 3217 respexerit,
3111 3163 3139 3201 a
3175 3161 3283 3216 quo
3327 3149 3432 3203 hoc
3456 3149 3701 3204 obtinere
3727 3150 3894 3219 potuit

633 3239 844 3306 exigat?
902 3237 1020 3294 Non
1064 3239 1207 3294 enim
1247 3255 1348 3295 nos
1373 3241 1440 3295 ad
1470 3247 1647 3294 aratra
1677 3249 1769 3296 aut
1796 3240 1864 3295 ad
1892 3241 2099 3309 ligones
2129 3256 2216 3296 vo-
2239 3236 2286 3299 C
2318 3255 2388 3295 ne
2415 3241 2612 3295 diutius
2639 3249 2861 3295 erraret.
2892 3238 3083 3293 Caeteri
3113 3247 3292 3294 autem
3321 3246 3375 3293 et
3403 3239 3616 3309 plurimi
3643 3239 3808 3296 ferme
3834 3256 3896 3296 ac

631 3341 736 3396 eat,
782 3348 890 3388 non
937 3333 1004 3387 ad
1042 3333 1360 3389 scindendas
1402 3341 1572 3388 terras
1608 3347 1784 3402 neque
1813 3332 1879 3387 ad
1907 3333 2088 3387 vineas
2114 3348 2212 3402 pa-

628 3423 904 3479 stinandas
925 3466 940 3491 ,
990 3441 1099 3480 non
1127 3425 1359 3494 denique
1389 3425 1476 3479 illa
1507 3425 1671 3493 exigit
1697 3442 1727 3478 a
1756 3425 1927 3480 servis
1956 3425 2066 3480 suis
2095 3439 2212 3494 qum

628 3529 728 3570 nos
754 3516 1016 3583 exigimus
1045 3533 1075 3570 a
1107 3518 1320 3571 nostris.
1364 3517 1501 3582 Quid
1530 3531 1760 3586 namque
1789 3516 1900 3569 ait?
1938 3515 2118 3570 Venite
2145 3516 2214 3569 ad

630 3621 742 3670 me,
787 3623 960 3660 omnes
999 3608 1082 3677 qui
1124 3606 1372 3661 laboratis
1403 3616 1453 3660 et
1498 3609 1696 3661 onerati
1739 3609 1884 3670 estis,
1927 3615 1976 3661 et
2003 3624 2095 3678 ego
2125 3624 2212 3660 vos

629 3697 877 3766 reﬁciam.
934 3695 1121 3750 Tollite
1158 3699 1338 3768 jugum
1373 3711 1538 3750 meum
1579 3714 1730 3768 super
1759 3716 1863 3763 vos,
1894 3707 1942 3751 et
1971 3699 2150 3753 discite
2179 3715 2211 3752 α

627 3803 708 3842 me
733 3789 851 3860 quia
879 3789 1021 3841 mitis
1057 3804 1169 3842 sum
1211 3799 1260 3842 et
1300 3790 1507 3843 Immitis
1543 3789 1722 3854 corde;
1759 3799 1807 3842 et
1835 3793 2096 3845 invenietis
2126 3810 2209 3846 re-

511 3881 522 3895 ‘
624 3879 792 3950 quiem
824 3878 1097 3933 animabus
1126 3880 1322 3935 vestris.
1364 3880 1558 3952 Iugum
1584 3884 1719 3935 enim
1740 3897 1904 3936 meum
1934 3899 2087 3937 suave
2113 3892 2206 3948 est,

621 3977 672 4023 et
712 3987 839 4026 onus
865 3989 1032 4026 meum
1077 3972 1182 4026 leve
1213 3973 1424 4042 (Matth.
1451 3990 1522 4040 xi,
1555 3973 1764 4047 28-30).
1807 3975 1924 4031 Non
1954 3992 2082 4046 ergo
2112 3992 2211 4032 nos

623 4061 692 4114 ad
717 4062 954 4116 laborem
974 4071 1134 4118 vocat
1166 4063 1441 4130 Dominus,
1465 4065 1560 4120 sed
1582 4065 1648 4119 ad
1669 4066 2037 4122 refectionem.
2071 4067 2210 4134 Quid

626 4164 858 4218 namque
887 4167 918 4204 a
945 4151 1105 4205 nobis
1154 4153 1318 4220 exigit
1339 4195 1354 4218 ,
1403 4155 1532 4223 quid
1576 4156 1821 4224 praestari
1867 4157 1966 4212 sibi
1995 4174 2025 4211 a
2055 4158 2210 4211 nobis

623 4239 810 4309 jubet,
863 4241 962 4294 nisi
1015 4241 1187 4295 solam
1235 4243 1608 4297 tantummodo
1655 4243 1834 4308 fidem,
1883 4247 2204 4312 castitatem,

624 4325 978 4385 humilitatem
1002 4371 1017 4396 ,
1049 4331 1399 4386 sobrietatem
1423 4373 1440 4398 ,
1470 4333 1923 4401 misericordiam,
1955 4340 2209 4391 sanctita-

623 4427 736 4474 tem
757 4460 775 4486 ,
821 4432 942 4490 quae
988 4422 1175 4490 utique
1222 4425 1403 4478 omnia
1447 4441 1557 4480 non
1587 4435 1814 4482 onerant
1840 4443 1967 4490 nos,
1995 4430 2086 4483 sed
2116 4447 2206 4485 or-

623 4513 794 4566 nant?
859 4512 968 4568 Nec
1013 4514 1187 4569 solum
1237 4515 1369 4582 hoc,
1415 4518 1509 4573 sed
1545 4517 1668 4574 ideo
1697 4520 1860 4574 vitam
1887 4531 2205 4592 praesentem

2287 3398 2290 3400 γ
2319 3333 2650 3398 nobilissimi,
2682 3347 2851 3402 prope
2897 3331 3038 3385 idem
3081 3346 3301 3395 omnes;
3335 3345 3474 3401 pene
3516 3348 3654 3387 unus
3683 3347 3890 3402 gurges,

2317 3426 2552 3480 omnium
2600 3425 2755 3493 gula;
2805 3437 2942 3494 pene
2981 3437 3145 3478 unum
3187 3424 3440 3492 lupanar,
3483 3424 3721 3478 omnium
3763 3425 3891 3478 vita.

2315 3513 2381 3569 Et
2409 3516 2535 3585 quid
2564 3517 2738 3570 dicam
2767 3515 2834 3569 de
2881 3513 3262 3584 lupanaribus?
3288 3513 3508 3569 Minoris
3542 3515 3737 3584 quippe
3775 3529 3895 3568 esse

2314 3609 2551 3663 criminis
2580 3609 2740 3663 etiam
2788 3608 3017 3678 lupanar
3055 3616 3204 3678 puto.
3238 3606 3544 3663 Meretrices
3591 3608 3728 3662 enim
3772 3622 3894 3676 qua:

2313 3701 2420 3756 illic
2447 3707 2600 3765 sunt,
2638 3699 2809 3754 fccdus
2836 3699 3154 3754 connubiale
3184 3713 3290 3753 non
3322 3703 3535 3766 norunt,
3569 3715 3631 3754 ac
3658 3714 3754 3768 per
3789 3698 3898 3753 hoc

2314 3805 2421 3845 non
2471 3790 2737 3844 maculant
2785 3787 2929 3856 quod
2977 3788 3244 3856 ignorant.
3290 3787 3633 3858 lmpudicititc
3672 3787 3896 3854 quidem

2311 3881 2526 3952 piaculo
2552 3887 2675 3934 sunt
2703 3879 2968 3942 obnoxizc,
3001 3878 3095 3932 sed
3122 3884 3276 3932 reatu
3297 3885 3470 3932 tamen
3500 3875 3744 3928 adulterii
3785 3893 3898 3930 non

2311 3982 2578 4029 tenentur.
2610 3971 2756 4026 Adde
2784 3973 2906 4036 huc,
2941 3971 3086 4040 quod
3117 3980 3171 4024 et
3195 3983 3361 4041 pauca
3391 3969 3551 4022 ferme
3579 3973 3706 4020 sunt
3734 3966 3900 4037 lupa~

2311 4067 2458 4120 naria
2482 4105 2496 4131 ,
2547 4072 2603 4119 et
2649 4078 2833 4135 paucae
2880 4078 2998 4132 quae
3045 4064 3098 4116 in
3146 4062 3228 4116 his
3264 4061 3422 4116 vitam
3466 4057 3898 4113 infelicissimam

2310 4155 2339 4196 ιι
2362 4157 2694 4211 damnavere
2713 4155 3042 4209 meretrices.
3061 4152 3213 4224 Apud
3235 4150 3576 4221 Aquitanicos
3601 4164 3753 4213 vero,
3771 4164 3896 4218 quae

2313 4248 2502 4303 civitas
2525 4248 2579 4301 in
2608 4246 3024 4316 locupletissima
3046 4261 3109 4300 ac
3135 4243 3466 4299 nobilissima
3495 4241 3576 4296 sui
3599 4249 3754 4311 parte
3780 4255 3894 4295 non

2309 4339 2461 4408 quasi
2490 4339 2716 4407 lupanar
2744 4337 2878 4390 fuit?
2907 4336 3035 4402 Quis
3055 4343 3335 4405 potentum
3361 4349 3425 4388 ac
3457 4333 3676 4388 divitum
3699 4346 3803 4386 non
3839 4332 3894 4387 in

2309 4431 2422 4485 luto
2452 4430 2682 4484 libidinis
2709 4429 2874 4484 vixit?
2895 4429 3024 4495 Quis
3045 4445 3151 4482 non
3172 4443 3230 4482 se
3251 4427 3508 4482 barathro
3528 4425 3896 4482 sordidissimo

2308 4521 2624 4576 colluvionis
2669 4521 2962 4575 immersit?
2990 4518 3120 4585 Quis
3157 4518 3374 4587 conjugi
3421 4517 3581 4572 ﬁdem
3615 4514 3895 4570 reddidit?

625 4609 858 4671 ornant,
908 4612 970 4659 ut
1013 4603 1245 4660 futuram
1277 4623 1473 4663 ornare
1498 4609 1618 4679 plus
1646 4611 1870 4680 possint.
1911 4612 1955 4667 Ο
1981 4613 2201 4679 bonum,
2230 4604 2282 4666 D
2315 4611 2471 4684 146
2498 4612 2686 4676 immo,
2718 4617 2978 4679 quantum
3013 4608 3080 4664 ad
3109 4607 3472 4678 passivitatem
3503 4606 3736 4661 libidinis
3761 4619 3894 4675 per-

625 4709 658 4750 o
685 4695 853 4765 pium,
881 4710 916 4751 o
944 4696 1328 4753 inaestimabilis
1372 4699 1749 4755 misericordia:
1778 4701 2083 4772 Dominum,
2113 4707 2206 4774 qui

626 4784 693 4840 ad
719 4785 824 4842 hoc
869 4787 1027 4844 nobis
1073 4788 1126 4842 in
1170 4790 1420 4857 praesenti
1447 4791 1721 4860 religionis
1748 4808 1969 4849 munera
1997 4797 2202 4861 tribuit,

626 4881 685 4928 ut
711 4876 825 4946 ipsa
853 4879 906 4931 in
931 4878 1087 4932 nobis
1114 4886 1300 4947 postea
1327 4895 1447 4948 qum
1476 4896 1621 4936 nunc
1647 4881 1741 4936 dat
1777 4900 1999 4940 munera
2026 4902 2210 4942 mune-

625 4967 804 5022 retur!
849 4967 1005 5024 Tales
1033 4969 1194 5037 igitur
1222 4971 1382 5024 etiam
1411 4987 1600 5028 omnes
1626 4974 1830 5044 absque
1857 4976 2019 5032 dubio
2047 4980 2212 5048 Aqui-

624 5058 740 5115 tani
767 5067 886 5117 esse
911 5059 1227 5118 debuerant.
1270 5060 1336 5118 Et
1363 5064 1600 5136 quidem,
1632 5075 1691 5123 ut
1717 5068 1968 5138 diximus,
1999 5073 2210 5143 specia-

2315 4703 2463 4767 tinet,
2495 4701 2616 4770 quis
2661 4716 2767 4755 non
2814 4699 3097 4767 conjugem
3144 4699 3198 4752 in
3246 4713 3526 4753 numerum
3576 4696 3894 4752 ancillarum

2310 4796 2534 4862 redegit,
2566 4801 2619 4848 et
2655 4792 2720 4846 ad
2759 4793 2862 4846 hoc
2898 4792 3217 4847 venerabilis
3254 4790 3509 4847 connubii
3552 4797 3894 4844 sacramenta

2310 4887 2504 4958 dejecit
2531 4885 2750 4940 utnulla
2774 4886 2824 4938 in
2853 4884 3016 4939 domo
3045 4885 3161 4953 ejus
3185 4884 3342 4938 vilior
3389 4883 3658 4937 videretur
3687 4882 3740 4935 in
3766 4896 3889 4934 ma-

2312 4980 2453 5034 ritali
2482 4977 2844 5048 despectione,
2878 4991 3039 5044 quam
3069 4991 3186 5045 quae
3211 4984 3328 5030 erat
3377 4975 3625 5045 princeps
3651 4984 3673 5012 ε
3701 4973 3891 5026 matri-

2317 5071 2480 5128 monii
2509 5067 2802 5138 dignitate?

1807 5201 2144 5262 STEPHANI
2180 5192 2449 5267 BALUZII
2486 5201 2710 5259 nom.

691 5321 718 5350 ⁸
755 5309 941 5370 Secuti
983 5325 1167 5368 sumus
1194 5311 1484 5369 editionem
1525 5313 1803 5371 Galeslnii.
1852 5318 2201 5376 Brassicanus

619 5381 852 5457 habebat
877 5402 890 5438 :
919 5380 1044 5438 Non
1071 5386 1301 5457 oratoria
1320 5385 1621 5454 probatione
1647 5403 1746 5457 qua
1772 5389 1846 5457 u_ti
1876 5390 1968 5443 alii
1988 5393 2042 5443 in
2072 5407 2197 5443 cau-

621 5453 693 5504 sis
713 5454 895 5520 solent,
915 5464 971 5508 ut
991 5454 1274 5527 producant
1301 5453 1639 5527 quoscunque,
1659 5453 1769 5510 etc.
1789 5455 2054 5513 Pithoeus:
2076 5459 2200 5513 Non

623 5529 738 5595 utor
757 5527 829 5595 {ei
855 5525 1229 5595 approbatione
1253 5525 1354 5594 qua
1371 5525 1561 5595 uti_alii
1590 5528 1644 5578 in
1685 5528 1855 5579 causis
1883 5531 2046 5582 solent
2076 5547 2092 5583 :
2123 5540 2198 5594 ut,

627 5594 730 5641 etc.
759 5589 942 5645 Codex
987 5589 1327 5650 Corbeiensis
1359 5611 1374 5647 :
1423 5591 1546 5646 Non
1574 5605 1631 5647 ut
1661 5597 1795 5649 scire
1823 5613 1854 5648 a
1899 5589 2202 5668 probatione

626 5672 744 5726 qua,
775 5667 878 5713 etc.

699 5727 1088 5808 biirassicanus
1119 5733 1227 5808 :ﬁt
1256 5749 1432 5803 pauca:
1459 5749 1572 5805 qua!
1616 5735 1671 5786 in
1686 5735 1780 5808 [iis
1832 5738 1985 5790 vitam
2026 5739 2201 5808 infeli-

629 5798 886 5854 cissimam
907 5801 1089 5856 vivunt.
1131 5798 1449 5858 Daninaverc
1471 5798 1779 5861 'msrstriccs
1807 5808 1952 5880 apud
1981 5798 2231 5881 Audita-'-

2307 5339 2400 5376 nos
2432 5336 2448 5373 :
2479 5327 2533 5371 at
2555 5317 2641 5370 ubi
2663 5333 2723 5369 ea
2745 5317 2923 5368 civitas
2943 5318 2996 5368 in
3027 5316 3147 5376 ιυε.,
3175 5322 3278 5368 etc.
3303 5313 3604 5367 Galesiuius
3629 5329 3641 5363 :
3676 5311 3744 5364 Et
3764 5327 3892 5376 mm.

2305 5408 2377 5446 ca:
2405 5405 2522 5460 qum
2563 5390 2615 5439 in
2631 5388 2723 5460 ⁸Ιιξδ
2753 5387 2905 5460 vitam
2942 5384 3348 5460 infelicissimam
3387 5383 3695 5460 damnavere
3723 5383 3892 5435 piem.

2307 5452 2472 5530 trirés.
2491 5456 2640 5530 Apud
2655 5457 2936 5530 Aquitanos
2953 5452 3066 5530 vero
3080 5469 3200 5530 qua:
3214 5455 3464 5530 civitatis:
3487 5452 3752 5530 (quipiam
3773 5461 3887 5530 ore.

2307 5529 2430 5583 Hmc
2458 5522 2547 5581 c’st'
2569 5522 2729 5580 etiam
2779 5525 2938 5578 lectio
2994 5522 3285 5577 Pithmansc
3327 5522 3574 5575 editionis
3601 5530 3658 5574 et
3683 5522 3893 5576 codicis

2305 5599 2678 5721 cofbriéec'isiiii
2706 5665 2810 5717 hoc
2837 5664 2954 5718 loco
2984 5661 3210 5716 celebris
3240 5663 3326 5716 illa
3352 5660 3475 5714 [Elii
3501 5657 3624 5713 Veri
3668 5669 3893 5716 sentem

2304 5738 2385 5858 tia,
2399 5734 2900 5818 apudSpartianum
2934 5751 2946 5785 :
2986 5731 3131 5787 Uxor
3156 5743 3337 5786 nomen
3373 5729 3757 5799 estdigttimis‘,
3787 5745 3892 5787 non

2304 5823 2366 5858 ro
2387 5814 2596 5858 uittam.

2304 5814 2596 5876 voluptatis.
