4088 6360
156 5228 176 5271 ἱ

178 5340 187 5370 ι

182 5398 191 5413 θ

239 346 361 406 155

1316 338 1407 402 Μ
1443 338 1972 402 omnes:
2010 339 2121 396 DEI
2159 340 2290 396 LIB.
2334 339 2443 398 VII.

3417 342 3518 403 iu

313 459 409 513 IV.
448 452 823 527 Cogitatiorte
847 457 1043 527 aliquis
1066 454 1592 525 nonitaadpienum
1621 467 1739 507 esse
1769 458 1831 507 ut
1856 455 1909 515 Α,
2005 449 2067 504 ν.
2111 447 2214 504 Sed
2264 448 2514 503 videlicet
2561 448 2775 506 diii‘icile
2816 451 2919 507 hoc
2962 451 3177 523 probari
3218 459 3419 524 potest,
3463 464 3519 509 et

234 548 444 619 loquor
468 567 481 603 :
504 550 757 604 habuisse
778 549 919 603 enim
947 548 1057 603 illic
1075 546 1509 603 matresfamilias
1528 544 1616 614 jus
1653 558 1829 608 suum,

233 648 299 698 et
327 641 669 698 dominarum
693 642 957 697 nam
976 648 1409 711 potestatemque
1437 636 1689 692 tensum.
1722 633 1830 689 Ve-

232 740 369 786 ω
391 734 490 785 est.
520 728 832 785 Habuerunt
854 730 1075 799 quidem
1098 729 1281 783 multae
1317 729 1583 795 integrum
1615 723 1706 794 jus
1739 722 1833 779 do-

233 823 419 887 minii,
458 821 555 879 sed
597 823 739 879 nulla
768 821 938 879 ferme
984 822 1327 892 impoti-un
1362 819 1452 888 jus
1479 816 1827 874 matrimonii.

234 915 312 972 Et
338 928 443 975 nos
460 917 623 972 modo
643 930 751 972 non
777 915 1075 989 qumr'nus
1094 928 1217 984 qm
1252 911 1533 967 muiierum
1568 915 1829 980 potestas,

234 1008 345 1062 sed
365 1020 529 1077 quam
553 1015 809 1078 corrupta
834 1007 1075 1062 viarum
1121 1004 1281 1061 fauerit
1306 1002 1608 1073 disciplina.
1631 999 1831 1069 Quam-

234 1099 327 1153 vi
366 1114 468 1155 nec
493 1102 815 1170 potestatem
843 1098 1061 1170 quidem
1090 1097 1199 1153 illic
1225 1094 1652 1153 matresfamilias
1693 1094 1831 1153 inte—

236 1206 396 1262 gram
423 1192 681 1249 habuisse
702 1192 877 1248 dicam
909 1209 924 1246 :
949 1192 1079 1262 quia
1102 1200 1436 1259 quaeestth
1462 1187 1553 1257 hs
1569 1186 1826 1245 ωσιηῶ

238 1285 560 1341 Mum
587 1300 653 1340 ac
678 1285 889 1340 suiva
908 1299 1019 1340 ne.
1042 1283 1225 1348 habet,
1249 1296 1347 1339 nec
1371 1280 1595 1338 dentinii
1621 1280 1833 1337 salvum

236 1376 865 1434 mundum
908 1380 1335 1433 euuuulatroua
1381 1360 1835 1431 abestavilitate

235 1466 1827 1540 servorumuhipeteriamiiasncillarummuinuest.

236 1559 375 1639 Qui;
418 1568 601 1616 autem
648 1560 1035 1630 minuerem
1084 1560 1310 1616 divitum
1366 1576 1479 1616 non
1530 1559 1635 1615 hoc
1686 1556 1829 1613 iuit?

236 1649 419 1717 Qua
440 1667 553 1707 non
581 1652 685 1707 sibi
705 1651 910 1707 ancillae
937 1651 1370 1722 inpudicissima:
1397 1659 1491 1707 aut
1518 1650 1829 1707 adulterum

235 1747 336 1795 aut
359 1741 613 1795 maritum
633 1740 757 1810 jure
781 1741 1067 1797 dixerunt?
1096 1740 1229 1813 Equi
1277 1742 1417 1795 enim
1462 1740 1738 1807 carinarii,
1770 1744 1829 1793 ut

1936 539 2081 595 nulla
2107 539 2327 595 omnino
2354 547 2569 595 exstant
2592 543 2981 609 praeteritarum
3011 536 3391 614 turpitudinum
3425 536 3518 599 tia-

1930 630 2296 702 gitiorumque
2323 629 2566 699 vestigia.
2591 628 2730 686 Ecce
2759 631 2923 687 etiam
2951 649 3093 689 nunc
3128 633 3280 689 multi
3308 649 3376 690 ex
3413 626 3512 700 eis,

1932 722 2059 779 licet
2084 722 2260 796 patria
2283 729 2522 789 careant,
2550 723 2679 779 etin
2699 727 3106 796 comparatione
3129 729 3518 801 praeteritarum

1934 830 2098 887 opum
2149 830 2418 888 pauperes
2469 815 2669 883 vivant,
2716 817 2932 888 pejores
2970 808 3138 876 ferme
3183 829 3305 876 sunt
3357 838 3517 893 quam

1933 910 2171 969 flerunt.
2202 911 2422 983 Pejores
2467 920 2646 969 autem
2671 953 2687 980 ,
2717 929 2825 970 non
2857 930 2967 971 uno
3014 908 3175 972 modo
3209 933 3222 970 :
3253 916 3376 987 quia
3417 918 3518 976 etsi

1933 1002 2123 1060 eadem
2164 1002 2367 1061 faciunt
2391 1020 2512 1074 quae
2551 1013 2677 1061 ante
2716 1004 3147 1074 faciebant,hoc
3192 1007 3309 1079 ipso
3339 1016 3516 1064 tamen

1933 1094 2231 1154 deteriores
2257 1107 2384 1153 sunt
2401 1097 2529 1168 quia
2556 1112 2587 1152 a
2616 1097 2821 1153 scelere
2848 1112 2955 1153 non
2982 1107 3213 1154 cessant.
3241 1096 3516 1172 Siquidem

1932 1188 2172 1247 facinora
2197 1206 2405 1259 eorum,
2448 1193 2548 1249 etsi
2574 1206 2773 1263 genere
2822 1193 2939 1264 ipso
2983 1191 3190 1263 majora
3238 1209 3344 1249 non
3388 1195 3513 1261 sint,

1932 1290 2170 1340 attamen
2194 1284 2351 1355 plura
2377 1295 2540 1352 sunt;
2571 1301 2634 1343 ac
2660 1290 2759 1357 per
2795 1284 2902 1342 hoc
2922 1284 3023 1341 etsi
3051 1284 3331 1341 criminum
3362 1287 3515 1341 novi-

1930 1380 2044 1429 tate
2071 1390 2179 1430 non
2208 1383 2475 1442 crescunt,
2500 1375 2809 1447 pluralitate
2837 1376 3195 1433 cumulantur.
3227 1374 3377 1432 Adde
3420 1393 3516 1433 au-

1930 1470 2039 1519 tem
2067 1463 2214 1535 (pud
2240 1464 2374 1533 hac,
2399 1472 2461 1521 ut
2483 1464 2615 1531 dixi,
2636 1464 2839 1522 faciunt
2858 1465 2972 1537 jam
3000 1482 3180 1535 senes,
3209 1465 3343 1523 adde
3370 1465 3514 1538 quod

1930 1570 2215 1626 pauperes.
2244 1554 2543 1628 Utrumque
2589 1558 2733 1614 enim
2779 1558 2999 1616 sceleris
3026 1568 3371 1631 augmentum
3410 1568 3511 1615 est.

1930 1645 2106 1705 Minus
2149 1648 2413 1720 simiidem
2458 1648 2822 1721 prodigiosum
2878 1658 2959 1706 est
3004 1666 3228 1723 peccare
3267 1650 3510 1721 juvenes,

1930 1754 2161 1810 peccare
2185 1740 2500 1812 locupletes.
2540 1739 2696 1814 148
2722 1734 2852 1810 Qua:
2879 1751 3057 1798 autem
3100 1742 3152 1798 in
3189 1741 3253 1797 iis
3280 1758 3401 1815 spes
3425 1749 3514 1797 aut

234 1829 509 1900 propheta
535 1829 633 1897 ait,
657 1831 711 1884 in
731 1832 953 1903 μικὶηαε
980 1831 1107 1902 facti
1135 1840 1272 1887 sunt.
1311 1829 1666 1903 Unusquisque
1684 1830 1824 1884 enim
1855 1839 1909 1901 Β
1928 1832 2226 1889 remedium
2264 1841 2366 1901 est,
2398 1833 2490 1905 qui
2518 1833 2587 1889 ab
2629 1835 2824 1891 usitata
2868 1834 3179 1907 impuritate
3209 1851 3308 1891 nec
3354 1836 3514 1890 mise-

235 1919 315 1974 αδ
356 1936 575 1977 νεα-σα
616 1922 841 1993 praemi
877 1921 955 1975 sui
993 1919 1261 1975 hinniebat
1287 1919 1499 1993 (Jerem.
1533 1938 1583 1987 ν,
1613 1919 1692 1985 8).
1722 1919 1821 1973 Δι-

236 2027 350 2082 que
395 2012 473 2068 illi
500 2013 570 2069 de
609 2014 804 2084 (nibus
829 2014 945 2070 haec
980 2014 1178 2086 scripta
1227 2013 1472 2083 legimus,
1504 2021 1572 2083 \et
1617 2012 1827 2067 minore

235 2102 470 2160 fortasse
496 2105 720 2160 crimine
761 2113 816 2160 et
843 2106 1086 2171 minore,
1118 2113 1176 2159 ut
1205 2120 1347 2170 reor,
1380 2120 1605 2161 munero
1647 2105 1825 2159 crimi-

236 2211 373 2253 num
415 2211 481 2252 ac
531 2196 845 2267 passivitate
889 2195 1208 2267 peccabant.
1257 2193 1325 2248 Hi
1375 2200 1552 2248 autem
1576 2185 1727 2248 'vere
1771 2201 1833 2248 ut

236 2286 508 2343 emissarii
530 2286 677 2357 equi,
708 2301 816 2340 non
855 2285 921 2339 ad
950 2300 1150 2354 paucas
1189 2291 1420 2348 tantum,
1447 2282 1541 2339 sed
1584 2297 1726 2354 pene
1765 2282 1833 2337 ad

237 2392 434 2432 omnes
458 2376 713 2432 vernulas
740 2389 882 2443 suas,
908 2374 961 2429 id
988 2380 1090 2438 est,
1112 2374 1266 2445 quasi
1287 2373 1355 2429 ad
1377 2386 1565 2443 greges
1583 2372 1832 2444 proprios

238 2467 595 2532 hinniebant;
621 2475 677 2520 et
703 2466 757 2521 in
785 2481 990 2521 morem
1019 2479 1208 2521 eorum
1243 2465 1507 2536 pecudum
1534 2465 1627 2535 qui
1652 2465 1831 2520 mariti

241 2574 471 2629 gregum
499 2559 860 2633 appellantur,
892 2558 1104 2615 fervidis
1132 2558 1366 2614 libidinis
1409 2557 1828 2614 debacchatione

240 2656 554 2722 grassantes
578 2688 599 2714 ,
644 2650 697 2704 in
743 2664 1115 2720 quamcunque
1154 2666 1250 2706 eos
1295 2650 1526 2722 primum
1570 2647 1825 2704 feminam

238 2741 445 2797 ardens
486 2741 831 2812 impudicitia:
876 2741 1026 2797 furor
1081 2749 1318 2798 traxerat
1371 2741 1675 2798 inruebant.
1724 2740 1826 2799 Hic

235 2831 352 2903 jam
380 2848 566 2903 quaero
593 2848 624 2887 a
646 2833 994 2905 sapientibus,
1024 2850 1145 2889 cum
1174 2834 1290 2890 haec
1309 2834 1383 2889 ita
1412 2840 1613 2900 essent,
1638 2833 1825 2904 quales

236 2933 432 2995 putent
459 2924 622 2981 fuisse
647 2926 757 2981 illic
799 2924 1058 2993 familias,
1088 2926 1178 2981 ubi
1206 2926 1342 2982 tales
1376 2934 1531 2983 erant
1558 2924 1823 2997 patresfa-

236 3017 458 3072 milies?
490 3016 642 3089 1‘1
688 3025 887 3088 quanta
916 3032 1196 3073 servorum
1225 3015 1336 3073 illic
1366 3016 1702 3089 corruptela,
1732 3016 1825 3071 ubi

236 3108 577 3163 dominorum
610 3117 756 3163 tanta
802 3109 1115 3179 corruptio?
1157 3107 1401 3164 Morbido
1448 3108 1590 3163 enim
1626 3108 1820 3179 capite,

1925 1923 2128 1980 riarum
2174 1932 2414 1994 egestate
2460 1940 2562 1983 nec
2596 1927 2722 1983 vita;
2763 1928 3107 1989 extremitate
3150 1920 3516 1985 revocantur?

1927 2014 2058 2072 Esto
2100 2016 2247 2072 enim
2286 2016 2549 2087 quosdam
2575 2026 2671 2074 aut
2712 2019 2875 2075 stulta
2904 2029 2931 2059 ι
2958 2021 3303 2093 praesumptio
3345 2020 3515 2089 longae

1928 2106 2053 2162 vitm
2081 2115 2176 2163 aut
2201 2123 2325 2178 spes
2352 2108 2675 2178 quandoque
2698 2111 2915 2179 agendae
2954 2114 3280 2183 poenitentia:
3320 2128 3517 2168 conso-

1932 2194 2102 2262 letur;
2131 2211 2313 2253 nonne
2340 2213 2538 2253 novum
2565 2198 2671 2255 hoc
2697 2202 2923 2255 monstri
2953 2215 3122 2271 genus
3149 2209 3249 2269 est,
3277 2218 3396 2260 esse
3422 2202 3519 2260 aii-

1934 2300 2073 2357 quos
2116 2288 2279 2343 etiam
2329 2288 2384 2344 in
2431 2298 2607 2346 morte
2655 2292 2910 2348 vitiosos?
2938 2290 3069 2361 Quae
3108 2306 3231 2351 cum
3275 2295 3348 2351 ita
3388 2295 3514 2366 sint,

1934 2377 2176 2449 nunquid
2222 2386 2305 2435 est
2344 2380 2546 2451 aliquid
2575 2382 2720 2453 quod
2764 2381 2867 2439 dici
2916 2386 3144 2456 amplius
3180 2388 3349 2459 possit
3363 2382 3518 2445 γε»ρά

1931 2471 2107 2527 adhuc
2134 2480 2314 2528 tamen
2340 2473 2585 2529 addimus
2610 2493 2622 2527 :
2651 2475 2861 2532 scilicet
2876 2476 3021 2547 quod
3041 2477 3194 2534 multi
3216 2474 3329 2536 haec
3354 2486 3517 2551 agunt

1928 2561 2090 2618 hodie
2134 2564 2297 2618 etiam
2340 2563 2481 2619 inter
2526 2564 2711 2622 hostes
2749 2564 2836 2621 siti
2876 2575 2931 2623 et
2969 2568 3285 2638 quotidiana
3326 2562 3516 2628 discri-

1927 2652 2073 2708 mine
2115 2668 2180 2711 ac
2220 2654 2416 2711 timore
2453 2656 2691 2729 captivi;
2740 2672 2969 2728 cumque
2999 2660 3069 2715 ob
3103 2660 3516 2732 impurissimum

1925 2746 2091 2802 vitam
2121 2747 2300 2803 traditi
2342 2766 2373 2805 a
2405 2749 2516 2805 Deo
2547 2750 2790 2806 barbaris
2821 2750 3049 2819 fuerint,
3082 2755 3414 2827 impuritatcs
3437 2765 3517 2812 ta-

1926 2851 2050 2893 men
2080 2838 2225 2909 ipsas
2252 2842 2414 2895 etiam
2446 2841 2586 2897 inter
2612 2841 2873 2898 barbaros
2902 2860 3007 2899 non
3031 2845 3354 2916 relinquunt.

2002 2927 2088 2984 Vl.
2108 2928 2235 3015 “Sed
2265 2931 2401 2986 tales
2429 2928 2569 2988 forte
2598 2931 2781 2989 hostes
2808 2942 2931 2989 sunt
2971 2935 3112 2990 inter
3150 2918 3303 3006 quos
3332 2944 3516 3008 agunt,

1928 3028 1989 3077 ut
2014 3036 2112 3079 eos
2157 3022 2257 3078 ista
2300 3022 2569 3083 delectent
2614 3033 2668 3080 et
2716 3018 3058 3083 oﬂ'endantur
3103 3029 3417 3099 gravissime
3446 3030 3510 3096 si,

1928 3128 2051 3169 cum
2080 3112 2181 3184 ipsi
2202 3113 2453 3185 impudici
2483 3115 2608 3182 sint,
2632 3114 2845 3172 videant
2872 3125 3053 3175 castos
3075 3136 3194 3176 esse
3216 3118 3508 3176 Romanos.

236 3201 316 3257 nil
344 3216 534 3258 sanum
562 3209 678 3268 est,
707 3216 885 3271 neque
921 3201 1090 3257 ullum
1118 3202 1336 3257 omnino
1365 3201 1665 3257 membrum
1704 3196 1825 3258 ofIi-
1853 3212 1909 3277 ε)
1929 3205 2083 3274 Quod
2111 3206 2156 3263 si
2186 3207 2257 3263 ita
2287 3216 2449 3275 esset,
2481 3224 2818 3281 nequaquam
2851 3218 3032 3267 tamen
3063 3212 3241 3271 facere
3271 3230 3368 3270 nos
3410 3215 3513 3270 im-

236 3296 325 3350 eio
348 3311 449 3351 suo
475 3294 712 3365 iungitur
739 3295 829 3351 ubi
856 3294 1004 3365 quod
1026 3301 1110 3350 est
1136 3294 1432 3367 principale
1453 3310 1562 3349 non
1590 3302 1819 3351 constat.

124 3419 137 3431 α
236 3384 296 3451 l_n
323 3386 484 3442 domo
512 3394 695 3443 autem
724 3402 823 3442 sua
852 3386 1105 3442 dominus
1133 3386 1288 3457 quasi
1332 3386 1577 3457 corporis
1622 3388 1705 3442 sui
1733 3401 1826 3443 ca-

237 3483 336 3548 put
361 3483 481 3543 est;
512 3483 568 3532 et
598 3476 705 3531 vita
730 3474 875 3545 ejus,
922 3477 1130 3533 cunctis
1158 3492 1347 3555 norma
1379 3476 1608 3533 vivendi.
1643 3476 1821 3533 Pessi-

235 3583 493 3639 mumque
520 3569 624 3624 hoc
652 3576 734 3624 est
762 3568 816 3623 in
842 3568 946 3624 hoc
974 3570 1211 3638 negotio,
1236 3568 1383 3639 quod
1419 3568 1670 3624 libentius
1707 3586 1825 3625 om-

237 3675 336 3715 nes
373 3659 641 3715 deteriora
684 3667 990 3727 sectantur;
1039 3669 1096 3716 et
1141 3660 1349 3716 facilius
1388 3661 1531 3716 mala
1558 3663 1824 3717 institutio

236 3750 496 3822 depravat
521 3751 714 3819 bonos,
743 3767 902 3822 quam
941 3752 1086 3807 bona
1124 3752 1375 3808 emendat
1422 3754 1611 3809 malos.
1655 3750 1824 3809 Porro

234 3832 572 3901 autem'cum
601 3846 763 3899 etiam
798 3846 925 3900 boni
963 3853 1126 3915 atque
1166 3846 1377 3901 honesti
1416 3844 1827 3916 patresfamilias

236 3937 468 3993 famulos
494 3938 666 3994 bonos
694 3937 870 3993 facere
898 3954 1006 3993 non
1038 3937 1245 4007 possint
1268 3955 1281 4004 ;
1308 3945 1563 4006 quantam
1592 3936 1698 3990 illic
1725 3952 1827 4006 pu-

235 4035 419 4080 tamus
465 4025 625 4082 fuisse
671 4027 847 4081 labem
898 4026 1238 4092 familiarum,
1284 4027 1379 4079 ubi
1426 4026 1628 4079 domini
1678 4032 1833 4079 erant

238 4115 571 4184 impuritatis
608 4117 944 4185 exemplum?
974 4116 1218 4184 quamvis
1246 4124 1354 4169 non
1378 4113 1682 4184 exemplum
1722 4104 1831 4168 illic

238 4205 621 4262 tantummodo
676 4206 878 4261 malum
923 4206 1103 4271 fuerit,
1153 4204 1247 4260 sed
1294 4206 1374 4261 vis
1422 4220 1487 4259 ac
1536 4205 1831 4260 necessitas

233 4298 484 4372 quaedam
516 4317 528 4351 :
552 4299 677 4369 quia
703 4315 893 4369 parere
917 4297 1346 4368 impudicissimis
1366 4297 1597 4353 dominis
1618 4296 1828 4353 famula:

234 4392 571 4462 cogebantur
598 4393 808 4454 invitae,
842 4401 895 4447 et
923 4390 1087 4447 libido
1117 4389 1505 4446 dominantium
1534 4391 1826 4446 necessitas

232 4483 598 4554 subiectarum
646 4494 783 4540 erat.
815 4481 896 4538 Ex
938 4499 1049 4555 quo
1077 4483 1297 4553 intelligi
1338 4490 1516 4555 potest
1561 4491 1824 4553 quantum

1926 3300 2126 3369 probos
2171 3299 2490 3371 improbitas
2534 3301 2758 3357 deberet
2805 3302 2979 3359 aliena
3015 3324 3027 3358 :
3058 3307 3183 3376 quia
3224 3308 3515 3378 quemlibet

1926 3391 2203 3448 hominum
2231 3392 2401 3463 magis
2428 3393 2528 3448 sibi
2558 3403 2812 3465 praestare
2853 3399 3105 3451 convenit
3135 3406 3193 3452 ut
3222 3398 3289 3451 sit
3317 3399 3511 3465 bonus,

1925 3497 2085 3553 quam
2115 3484 2269 3539 alteri
2300 3492 2359 3539 ut
2388 3484 2457 3542 sit
2492 3484 2698 3551 malus;
2730 3492 2786 3540 et
2814 3486 2934 3556 plus
2976 3486 3026 3539 id
3056 3486 3406 3541 laborandum
3436 3495 3517 3545 est

1926 3580 1986 3628 ut
2014 3573 2321 3645 placeamus
2346 3573 2458 3628 Deo
2489 3590 2585 3644 per
2613 3574 2972 3643 honestatem,
3005 3590 3166 3646 quam
3195 3584 3255 3632 ut
3284 3577 3516 3633 homini-

1924 3665 2025 3719 bus
2052 3680 2149 3735 per
2188 3665 2550 3737 impuritatem
2586 3682 2597 3718 :
2631 3680 2695 3721 ac
2723 3666 2945 3737 perinde
2983 3667 3144 3722 etiam
3174 3668 3218 3722 si
3247 3668 3386 3723 inter
3413 3668 3516 3723 im-

1926 3754 2149 3825 pudicos
2179 3755 2299 3825 quis
2326 3746 2585 3810 barbarus
2614 3756 2777 3821 vivat,
2809 3758 2978 3826 magis
3000 3764 3177 3811 tamen
3208 3757 3516 3827 pudicitiam

1926 3846 2075 3915 sequi
2114 3846 2273 3901 debet
2320 3860 2438 3915 quae
2483 3838 2581 3900 sibi
2630 3847 2867 3916 expedit,
2917 3863 3080 3915 quam
3129 3848 3517 3916 impudicitiam

1928 3949 2046 4003 qua:
2078 3916 2298 4003 impuris
2326 3935 2572 3989 hostibus
2600 3936 2796 4005 placet.
2831 3936 2936 3989 Sed
2974 3937 3097 4005 quid
3130 3936 3336 3990 accedit
3382 3938 3518 3993 insu-

1929 4036 2027 4091 per
2056 4022 2121 4075 ad
2152 4022 2289 4075 mala
2321 4032 2503 4076 nostra
2526 4024 2549 4076 ?
2571 4022 2713 4078 inter
2733 4023 2956 4094 pudicos
2980 4025 3237 4080 barbaros
3264 4027 3517 4098 impudici

1932 4127 2137 4194 sumus.
2183 4109 2309 4168 Plus
2355 4112 2528 4168 adhuc
2573 4102 2695 4169 dico
2738 4112 3129 4173 :oil‘enduntur
3155 4119 3367 4175 barbari
3416 4121 3517 4192 ipsi

1930 4204 2328 4275 impuritatibus
2374 4207 2591 4261 nostris.
2626 4200 2757 4263 Esse
2805 4208 2944 4262 inter
2990 4207 3197 4265 Gothos
3244 4225 3352 4267 non
3391 4212 3517 4269 licet

1928 4309 2282 4357 scortatorem
2312 4284 2553 4357 Gotbuni
2586 4320 2599 4355 :
2632 4300 2732 4357 soli
2763 4302 2905 4357 inter
2941 4318 3036 4360 eos
3082 4304 3393 4375 prarjudicio
3423 4320 3516 4362 na~

1927 4393 2089 4450 tionis
2117 4408 2179 4448 ac
2205 4393 2438 4448 nominis
2474 4393 2858 4464 permittuntur
2887 4395 3082 4465 impuri
3108 4411 3228 4451 esse
3264 4396 3513 4455 Romani.

1928 4484 1997 4540 Et
2025 4500 2144 4556 qua:
2174 4484 2347 4547 nobis,
2372 4498 2525 4554 rogo,
2550 4494 2673 4555 spes
2719 4492 2843 4540 ante
2884 4484 3052 4541 Deam
3083 4486 3203 4542 est?
3230 4484 3516 4559 impudici-

234 4593 450 4646 cpenum
491 4576 876 4647 impudicarum
915 4572 1155 4631 sordium
1184 4574 1370 4640 fuerit,
1398 4575 1489 4630 ubi
1517 4576 1616 4630 sub
1643 4577 1820 4646 impu-
1844 4582 1899 4645 Β
1927 4580 2057 4636 tiam
2104 4595 2203 4635 nos
2250 4572 2537 4648 diligimus,
2585 4575 2748 4633 Gothi
2798 4584 3182 4645 exsecratum;
3227 4581 3516 4650 puritatem

233 4668 461 4727 rissimis
481 4667 711 4724 dominis
738 4676 912 4725 castas
940 4684 1078 4736 esse,
1107 4668 1314 4724 etiamsi
1339 4666 1653 4737 voluissent,
1676 4667 1823 4725 femi-

231 4780 337 4824 nas
362 4780 469 4820 non
496 4763 705 4820 licebat.

1929 4688 2030 4729 nos
2058 4666 2305 4742 fugimus,
2335 4662 2421 4726 illi
2440 4676 2654 4735 amant;
2686 4667 2971 4727 lbrnicalio
3001 4670 3142 4740 apud
3168 4668 3287 4725 illos
3314 4672 3517 4729 Crimen

1930 4773 2093 4835 atque
2138 4764 2427 4843 discrimen
2476 4769 2578 4829 est,
2609 4762 2749 4834 apud
2797 4776 2895 4819 nos
2940 4763 3127 4819 decus.
3160 4758 3227 4818 Et
3265 4770 3517 4834 putamus

1437 4870 1776 4932 STEPHANI
1812 4876 2085 4934 BALUZII
2119 4875 2347 4933 NOTAE.

313 4979 338 5008 ι
364 4965 437 5023 Ea
461 4976 519 5024 ut
545 4967 832 5038 plurimum
859 4968 1116 5036 cogitatio
1138 4968 1301 5023 intrat
1326 4967 1536 5023 animos
1543 4968 1820 5037 juvenum.
1856 5010 1859 5011 ν

238 5040 484 5105 Utamur,
515 5037 779 5108 induiunt,
813 5037 939 5093 dum
962 5038 1068 5092 fata
1091 5038 1291 5104 sinunt,
1317 5038 1627 5093 melioribus
1648 5042 1822 5098 annis.

235 5111 498 5180 Superest
546 5109 705 5177 longa
733 5109 1229 5180 seriesiannornm.
1274 5108 1333 5162 in
1380 5116 1621 5164 extrema
1667 5116 1825 5166 aetate

235 5178 641 5237 emendabimus
684 5179 941 5249 quidquid
987 5178 1207 5234 emensa;
1255 5186 1594 5234 contractum
1640 5180 1819 5249 fuerit.

172 5259 186 5337 ι
230 5252 403 5337 ξυνίει
423 5248 870 5337 θερθφείιφιίάῖ
902 5249 1545 5337 emendaueras
1573 5248 1826 5333 tolerabi-

233 5317 389 5389 lis,'si
412 5322 497 5378 eui
518 5327 664 5390 certa
692 5335 815 5390 spes
836 5328 979 5375 esset
999 5319 1172 5390 longa:
1192 5317 1331 5375 vitae.
1358 5317 1463 5375 Sed
1484 5320 1823 5376 verissimum

234 5380 401 5450 estid
428 5392 573 5462 quod
613 5380 817 5447 Tullius
845 5380 1168 5458 observavit,
1214 5399 1444 5447 moi-tem
1472 5400 1694 5462 propter
1739 5394 1823 5448 in-

234 5471 417 5520 certos
434 5461 591 5518 casus
615 5462 858 5533 quotidie
883 5461 1180 5527 imminere,
1208 5471 1263 5518 et
1289 5461 1516 5533 propter
1540 5461 1664 5518 vitaa
1708 5466 1826 5520 bre-

234 5536 463 5590 vitatem
498 5542 771 5601 nunquam
798 5532 955 5599 longe
985 5548 1142 5601 posse
1171 5532 1379 5589 abesse.
1413 5532 1596 5601 itaque
1626 5535 1824 5591 multos

233 5604 412 5662 adhuc
455 5601 745 5659 admodum
770 5601 1010 5673 juvenes,
1041 5602 1301 5672 plurimos
1340 5602 1517 5656 medio
1564 5604 1619 5655 in
1646 5605 1823 5673 spatio

208 5672 459 5745 integrae
485 5673 660 5745 uitatis
687 5686 836 5745 mors
865 5671 1152 5745 intercipit.
1198 5672 1374 5745 Quare
1422 5671 1694 5745 sequenda
1742 5681 1825 5728 est

208 5741 458 5802 iomn'ino
500 5742 721 5800 Cetarii
765 5741 1095 5812 Arelatensis
1133 5742 1371 5812 episcopi
1411 5742 1698 5808 sententia,
1726 5758 1823 5800 αι-

230 5818 612 5888 ῇιιειιαωιιι
639 5814 804 5874 verba
832 5830 846 5869 :
873 5809 1077 5871 Nam“
1114 5809 1539 5873 netinéaitreme
1567 5813 1683 5872 vita
1730 5829 1827 5874 tto-

1927 4982 2051 5028 ttrw
2072 4980 2298 5041 tentpore
2323 4970 2394 5025 ad
2412 4971 2669 5041 agendam
2689 4968 3040 5039 pamitentiam
3062 4979 3141 5027 vel
3166 4972 3236 5028 ad
3263 4975 3518 5031 redimen-

1930 5043 1997 5095 da
2018 5050 2227 5112 peccata
2248 5041 2325 5094 rel
2353 5042 2573 5094 crimina
2603 5050 2939 5103 reservamus,
2986 5043 3162 5097 timere
3191 5044 3426 5100 debemus
3456 5062 3520 5099 ne

1929 5114 2066 5184 [bi-te
2093 5128 2188 5165 nos
2207 5124 2345 5165 more
2382 5113 2652 5182 inopinum
2671 5114 2953 5183 praesrtim
2978 5122 3031 5167 et
3067 5114 3137 5167 ad
3163 5116 3295 5170 illud
3321 5116 3517 5170 subitu-

1926 5197 2078 5236 neum
2109 5190 2306 5255 tempus
2326 5184 2639 5255 pertinentia
2678 5199 2783 5239 non
2828 5183 2968 5237 sinat
2996 5188 3258 5255 peruenire
3284 5186 3355 5255 ad
3381 5184 3517 5255 quod

1927 5270 2023 5324 nos
2052 5253 2317 5324 mortifera
2344 5254 2637 5324 securitate
2689 5254 2916 5308 volumus
2956 5252 3235 5324 reservare.
3273 5253 3353 5324 Et
3394 5252 3516 5306 ideo

1926 5320 2351 5396 timeatntts_:illud
2378 5321 2514 5396 quod
2533 5326 2779 5396 scriptum
2806 5330 2882 5396 est
2905 5341 2921 5377 :
2946 5320 3125 5396 alite
3161 5323 3372 5396 tardare
3397 5328 3518 5396 con-

1928 5394 2053 5448 νενιὶ
2082 5393 2152 5448 ad
2179 5392 2477 5458 Dominum,
2522 5402 2626 5449 etc.
2660 5394 2923 5449 Prmclare
2952 5392 3275 5458 Augustinus
3317 5393 3370 5446 in
3411 5392 3514 5447 ho-

1926 5465 2071 5540 milia
2099 5464 2164 5540 ιι
2199 5483 2220 5540 :_
2247 5464 2307 5520 Si
2350 5466 2655 5540 qulsautem
2683 5466 2879 5540 positus
2917 5462 3184 5540 infitiata
3211 5464 3516 5540 necessitate

1928 5536 2249 5609 egritudinis
2264 5533 2604 5609 sumbolum-it
2620 5533 2851 5609 accipere
2864 5533 3213 5609 ρᾳξτιὶεείιιξωη
3239 5536 3515 5609 εεῳᾳσεὶρὶι,

1926 5590 2583 5669 ctumoxvreconciliabitttf,
2612 5592 2663 5657 et
2682 5590 2802 5657 hl'nc
2826 5590 2963 5653 vlidi!
2977 5615 3017 5671 ;_
3036 5602 3205 5671 [ittebr
3225 5602 3384 5671 vobis,
3408 5590 3514 5663 διυή

1924 5675 2004 5729 illi
2018 5684 2283 5802 ἔρραινεᾳῖ
2303 5676 2443 5749 quod
2463 5664 2609 5747 petit,
2633 5674 2725 5727 sed
2758 5680 2865 5725 non
2893 5664 3249 5739 ργαδῠκιίκιιιι
3276 5664 3514 5735 utin-bo-

1928 5761 1994 5800 ne
2074 5762 2140 5802 tte
2158 5764 2243 5802 est
2270 5768 2286 5801 ι

1928 5761 1994 5800 ne
2018 5748 2140 5802 hinc
2158 5748 2286 5803 egit;

3257 5918 3297 5939 ‘ﬂ-
