4088 6360
593 356 699 420 158

1522 352 1580 408 S.
1621 346 1938 408 SALVIANI
1976 342 2433 402 MASSILIENSIS
2469 341 2896 400 PRESBYTER!

3779 348 3891 405 156

591 492 696 535 nos
740 482 867 533 ante
911 474 1080 530 Deum
1121 481 1287 542 posse
1331 466 1666 533 consistere;
1721 463 1878 536 149
1929 468 2180 532 putamus
2205 439 2260 522 Ᾰ
2283 457 2508 514 muliere
2557 462 2856 529 prostratus
2909 465 2996 514 est
3044 457 3239 529 (ludia.
3271 475 3342 526 iv,
3392 458 3516 534 2i);
3569 469 3628 517 et
3666 461 3888 520 Abime—

591 584 755 642 posse
805 583 904 623 nos
954 565 1128 621 salvos
1182 576 1320 625 esse,
1377 558 1595 630 quando
1645 571 1805 613 omne
1855 551 2180 625 impuritatis

592 663 787 726 scelus,
829 659 1002 716 omnis
1029 653 1374 726 impudicitiae
1419 650 1694 722 turpitudo
1724 665 1754 704 a
1798 645 2057 701 Romanis
2084 643 2177 698 ad-

591 755 819 810 mittitur
844 758 899 807 et
926 767 957 805 a
997 747 1243 803 barbaris
1269 745 1608 800 vindicatur?
1636 741 1737 798 llic
1764 755 1906 796 nunc
1950 738 2072 794 illos
2099 752 2180 791 re-

589 849 747 919 quiro
774 847 868 919 qui
891 847 1146 903 meliores
1176 860 1276 900 nos
1303 847 1496 912 putant
1523 854 1642 894 esse
1669 851 1830 906 quam
1865 833 2128 889 barbaros
2160 855 2172 883 ι

589 942 769 998 dicant
795 941 924 1010 quid
950 942 1144 996 horum
1173 935 1258 992 v‘el
1287 931 1596 1006 paucissimi
1633 928 1796 985 Gothi
1842 927 2059 989 faciant,
2091 923 2178 979 vel

587 1033 714 1102 quid
744 1049 850 1088 non
877 1033 1071 1087 horum
1100 1026 1329 1084 Romani
1357 1039 1545 1080 omnes
1577 1021 1660 1077 vel
1686 1033 1826 1091 pene
1851 1015 2081 1073 omnes?
2109 1011 2177 1067 Et

583 1127 843 1182 miramur
869 1126 917 1181 si
964 1133 1120 1179 terra:
1169 1121 1253 1177 vel
1300 1119 1690 1189 Aquitanorum
1736 1112 1822 1168 vel
1867 1118 2174 1166 nostrorum

584 1219 823 1274 omnium
872 1232 902 1270 a
945 1215 1059 1271 Deo
1102 1211 1348 1270 barbaris
1393 1211 1532 1265 data:
1560 1214 1703 1272 sunt,
1735 1219 1856 1260 cum
1903 1217 1996 1257 eas
2041 1212 2175 1270 quas

585 1308 813 1364 Romani
840 1307 1144 1378 polluerant
1171 1303 1552 1366 fornicatione,
1593 1313 1736 1354 nunc
1758 1294 2022 1351 mundent
2051 1292 2174 1347 bar-

583 1400 700 1454 bari
729 1399 1019 1454 castitate?

654 1489 764 1544 Vll.
810 1489 915 1545 Sed
943 1489 1081 1544 forte
1105 1487 1213 1543 hoc
1258 1487 1313 1541 in
1341 1482 1674 1555 Aquitanicis
1703 1478 1948 1535 tantum?
1976 1475 2174 1530 Trans-

585 1599 768 1638 camus
796 1583 959 1638 etiam
987 1583 1053 1638 ad
1082 1582 1213 1636 alias
1240 1579 1424 1635 mundi
1452 1586 1660 1650 partes,
1693 1589 1762 1629 ne
1800 1574 1867 1629 de
1895 1572 2023 1628 solis
2050 1579 2171 1624 tan-

584 1679 858 1736 tummodo
887 1678 1054 1735 Gallis
1093 1678 1292 1734 dixisse
1336 1675 1631 1731 videamur.
1664 1669 1842 1741 Quid?
1889 1665 2173 1738 Hispanias

583 1790 761 1830 nonne
789 1775 875 1830 vel
903 1773 1091 1829 eadem
1121 1773 1204 1828 vel
1243 1771 1449 1838 majora
1495 1765 1722 1822 forsitan
1748 1763 1876 1818 vitia
1924 1758 2173 1830 perdide-

2283 549 2402 605 lech
2449 551 2726 606 civitatum
2771 558 3194 623 expugnatorem
3240 551 3474 609 feminea
3516 570 3710 612 manus
3753 573 3886 627 per-

2281 642 2410 698 culit
2440 642 2634 714 (Judic.
2668 643 2779 717 rx);
2824 651 2880 698 et
2924 643 3137 698 ferrata:
3160 643 3502 716 Assyriorum
3542 647 3689 704 acies
3717 647 3886 704 vidua

2281 737 2578 808 opitulante
2602 738 2911 794 ceciderunt
2931 737 3156 809 (Iudith.
3182 755 3296 806 χιιι,
3328 738 3452 811 l0);
3482 748 3540 796 et
3563 756 3633 797 ne
3657 740 3728 798 de
3747 743 3907 802 solis.

2279 839 2491 886 tantum
2533 830 2746 888 feminis
2792 832 3000 904 loquar,
3043 830 3299 888 Benadab
3344 847 3526 904 regem
3573 832 3745 908 Syriae
3787 835 3888 908 (III

2281 922 2409 997 Reg.
2446 942 2537 992 xx,
2569 925 2734 998 1-20),
2771 926 2857 981 cui
2884 932 3081 998 praeter
3108 925 3389 982 innumera
3426 928 3612 999 populi
3641 929 3726 984 sui
3749 930 3883 986 mil-

2278 1015 2369 1082 lia,
2399 1017 2616 1087 triginta
2651 1026 2707 1073 et
2732 1018 2839 1074 duo
2882 1032 3037 1088 reges
3078 1019 3457 1090 exercitusque
3502 1020 3745 1091 ejusdem
3773 1039 3882 1079 nu-

2277 1109 2414 1163 meri
2465 1110 2801 1178 serviebant;
2843 1125 3024 1167 nonne
3077 1111 3199 1168 ideo
3250 1128 3283 1168 a
3329 1114 3516 1183 paucis
3569 1117 3881 1189 principum

2277 1201 2612 1273 pedissequis
2638 1203 2897 1260 Dominus
2941 1205 3085 1261 vinci
3112 1205 3312 1274 voluit,
3345 1214 3405 1262 ut
3447 1209 3540 1278 qui
3587 1219 3735 1266 esset
3775 1227 3880 1268 au-

2277 1301 2395 1348 ctor
2445 1294 2570 1350 talis
2617 1296 2855 1352 victoria:
2902 1298 3258 1354 nosceretur?
3299 1295 3502 1354 Contra
3553 1299 3879 1362 Madianita

2275 1399 2512 1456 quoque,
2545 1389 2657 1457 qui,
2705 1396 2765 1444 ut
2811 1389 2951 1446 liber
2973 1389 3222 1447 Judicum
3248 1390 3414 1448 refert
3441 1392 3639 1466 (ludia.
3669 1413 3762 1465 vu,
3803 1397 3879 1453 13

2275 1477 2463 1551 seqq.),
2495 1481 2664 1536 instar
2701 1483 3027 1538 locustarum
3068 1493 3260 1541 cuncta
3305 1485 3738 1558 compleverant,
3765 1488 3876 1548 Ge-

2275 1571 2414 1626 deon
2450 1571 2671 1641 jubetur
2697 1590 2937 1646 pugnare
2975 1593 3097 1633 cum
3123 1579 3347 1650 paucis;
3378 1596 3490 1637 non
3516 1582 3644 1652 quia
3687 1583 3872 1655 plures

2275 1663 2328 1717 in
2369 1667 2609 1722 exercitu
2655 1683 2763 1724 non
2809 1668 3052 1735 haberet,
3088 1672 3240 1744 151
3289 1672 3384 1729 sed
3429 1680 3643 1730 vetatur
3669 1676 3871 1734 multos

2277 1758 2343 1813 ad
2372 1760 2570 1816 bellum
2598 1761 2814 1832 ducere,
2863 1778 2932 1818 ne
2975 1764 3264 1822 multitudo
3291 1767 3394 1824 sibi
3443 1777 3628 1838 posset
3670 1771 3871 1841 aliquid

582 1868 745 1923 runt?
773 1882 907 1937 quas
933 1865 1150 1934 quidem
1179 1861 1412 1918 ccclestis
1440 1859 1519 1914 ira
1541 1858 1703 1914 etiam
1733 1855 1778 1909 si
1807 1854 1924 1908 aliis
1953 1851 2176 1920 quibus-
2209 1849 2257 1910 B
2281 1852 2348 1908 de
2366 1854 2591 1910 victoria
2621 1856 2912 1914 vindicare.
2946 1855 3102 1914 Unde
3127 1874 3251 1915 cum
3286 1860 3508 1932 triginta
3534 1872 3870 1920 armatorum

583 1959 714 2014 libet
740 1957 982 2013 barbaris
1007 1955 1332 2018 tradidisset,
1364 1952 1524 2019 digna
1552 1948 1876 2017 ﬂagitiorum
1907 1950 2174 1998 tormenta

583 2052 950 2108 toleraverunt
997 2047 1246 2119 puritatis
1293 2043 1516 2099 inimici.
1549 2039 1656 2096 Sed
1686 2037 1913 2093 accessit
1960 2036 2062 2090 hoc
2107 2033 2174 2088 ad

580 2143 1028 2200 manifestandum
1084 2140 1192 2195 illic
1248 2136 1595 2213 impudicitiae
1647 2130 2046 2187 damnationem
2114 2135 2175 2182 ut

580 2233 858 2290 Wandalis
900 2233 1258 2304 potissimum,
1291 2229 1345 2284 id
1373 2236 1455 2283 est
1499 2225 1705 2296 pudicis
1732 2222 1975 2278 barbaris
2003 2219 2175 2274 trade-

581 2339 785 2388 rentur.
843 2328 1136 2399 Dupliciter
1191 2326 1245 2380 in
1301 2324 1392 2378 illa
1447 2321 1806 2391 Hispanorum
1859 2315 2172 2386 captivitate

582 2423 869 2479 ostendere
906 2421 1048 2475 Deus
1075 2417 1265 2481 voluit,
1295 2422 1554 2484 quantum
1576 2420 1630 2466 et
1659 2410 1859 2464 odisset
1884 2407 2061 2462 carnis
2107 2406 2172 2458 li-

581 2515 815 2571 bidinem
844 2521 900 2568 et
918 2511 1166 2579 diligeret
1185 2507 1488 2562 castitatem
1508 2543 1523 2568 ,
1547 2517 1670 2557 cum
1698 2509 1754 2556 et
1775 2497 2072 2552 Wandalos
2101 2495 2171 2550 ob

581 2606 753 2662 solam
781 2603 1014 2658 maxime
1048 2598 1360 2672 pudicitiam
1387 2597 1794 2665 superponeret,
1823 2598 1878 2645 et
1907 2589 2171 2672 Hispanos

581 2699 650 2753 ob
679 2699 850 2754 solam
871 2697 956 2752 vel
984 2694 1217 2750 maxime
1247 2687 1634 2761 impudicitiam
1662 2683 1988 2753 subjugaret.
2033 2678 2172 2746 Quid

581 2767 782 2846 enim?
809 2787 1057 2857 Nunquid
1104 2801 1211 2841 non
1260 2789 1414 2840 erant
1461 2783 1516 2837 in
1544 2780 1692 2836 omni
1733 2778 1865 2834 orbe
1904 2783 2169 2830 terrarum

534 2882 542 2890 ’
581 2880 801 2937 Barbari
855 2879 1107 2935 fortiores
1133 2920 1147 2944 ,
1205 2877 1399 2948 quibus
1453 2873 1723 2944 Hispaniae
1782 2865 2170 2923 traderentur?

581 2972 732 3026 Multi
761 2971 962 3040 absque
988 2969 1173 3033 dubio,
1201 2969 1364 3022 immo
1391 2967 1446 3021 ni
1471 2965 1648 3029 fallor,
1672 2976 1880 3017 omnes.
1913 2957 2020 3014 Sed
2048 2956 2168 3011 ideo

581 3064 670 3120 ille
700 3061 1070 3118 inﬁrmissimis
1095 3059 1339 3115 hostibus
1359 3066 1553 3114 cuncta
1577 3055 1808 3118 tradidit,
1834 3061 1894 3108 ut
1918 3049 2169 3108 ostende-

579 3163 665 3210 ret
689 3155 894 3210 scilicet
917 3170 1027 3209 non
1054 3153 1198 3207 vires
1225 3150 1427 3214 valere,
1457 3149 1552 3204 sed
1591 3162 1839 3210 causam;
1863 3157 2040 3212 neque
2065 3157 2166 3196 nos

2279 1945 2446 2000 millia
2503 1959 2904 2018 congregasset,
2952 1950 3032 2006 sic
3077 1951 3146 2007 ad
3196 1967 3322 2009 eum
3349 1952 3608 2011 Dominus
3657 1956 3871 2015 locutus

2277 2043 2360 2090 est
2389 2052 2407 2090 :
2439 2036 2632 2093 Multus
2661 2048 2752 2093 est
2777 2049 2940 2096 tecum
2978 2043 3217 2115 populus,
3249 2060 3342 2098 nec
3370 2045 3605 2102 tradetur
3645 2047 3867 2104 Madidis

2277 2127 2330 2180 in
2362 2144 2544 2183 manus
2573 2131 2705 2201 ejus.
2734 2129 2802 2186 Et
2822 2133 2951 2202 quid
2974 2135 3202 2204 postea?
3229 2134 3446 2192 Homini
3473 2139 3761 2197 adversum
3785 2143 3863 2198 in-

2276 2235 2500 2278 numera
2531 2223 2890 2283 Barbarorum
2918 2228 3082 2283 millia
3110 2238 3414 2301 pugnaturo
3442 2240 3712 2292 trecentos
3741 2245 3867 2293 tan-

2275 2321 2389 2367 tum
2417 2315 2563 2371 viros
2590 2317 2824 2388 reliquit.
2854 2318 2914 2374 ln
2943 2335 3065 2376 eam
3092 2323 3293 2393 quippe
3321 2324 3666 2395 exiguitatem
3690 2329 3868 2400 redigi

2275 2422 2466 2476 agmen
2513 2413 2742 2468 militum
2781 2413 2966 2483 jussit,
2995 2423 3055 2471 ut
3092 2416 3194 2472 sibi
3239 2417 3308 2474 de
3350 2427 3558 2490 patrato
3603 2419 3871 2480 divinitus

2272 2499 2400 2556 belli
2441 2519 2604 2575 opere
2631 2508 2873 2576 paucitas
2916 2524 3178 2580 usurpare
3217 2511 3349 2567 nihil
3393 2519 3593 2583 posset.
3615 2512 3868 2584 Denique

2274 2609 2371 2647 cur
2423 2595 2527 2650 hoc
2579 2595 2846 2654 Dominus.
2893 2601 2968 2655 ita
3016 2600 3237 2670 faceret,
3293 2603 3408 2674 ipse
3461 2604 3866 2662 evidentissima

2275 2682 2567 2741 declaravit
2593 2687 2777 2744 dicens
2810 2708 2822 2743 :
2858 2690 2941 2745 Ne
2965 2692 3212 2764 glorietur
3259 2703 3441 2748 contra
3479 2712 3560 2749 me
3588 2693 3776 2762 Israel,
3814 2703 3864 2750 et

2275 2774 2433 2840 dicat,
2449 2775 2582 2832 Meis
2604 2780 2792 2834 viribus
2815 2780 3058 2837 liberatus
3073 2800 3204 2838 sum.
3231 2783 3482 2850 Audiant,
3504 2785 3740 2855 inquam,
3758 2786 3860 2842 hoc

2273 2881 2462 2923 omnes
2517 2869 2764 2941 improbi,
2791 2873 3011 2928 audiant
3057 2891 3247 2931 omnes
3292 2879 3726 2949 prtesumptuosi,
3767 2893 3854 2933 au-

2271 2958 2421 3014 diant
2449 2971 2831 3032 praepotentes,
2863 2965 3087 3020 audiant
3127 2968 3305 3022 cuncti
3343 2968 3470 3037 quid
3497 2968 3642 3024 Deus
3682 2968 3812 3024 dicit
3841 2985 3856 3023 :

2272 3050 2358 3135 Ne
2376 3054 2642 3125 glorietur,
2683 3057 2888 3127 inquit,
2919 3067 3099 3112 contra
3130 3076 3211 3114 me
3239 3059 3427 3126 Israel,
3459 3068 3508 3115 et
3529 3060 3695 3128 dicat,
3723 3059 3856 3116 Meis

2269 3147 2457 3203 viribus
2479 3148 2724 3206 liberatus
2745 3169 2876 3205 sum.

578 3256 708 3302 tunc
757 3245 1222 3315 ignavissimorum
1260 3240 1530 3312 quondam
1576 3239 1808 3294 hostium
1855 3234 2164 3318 fortitudine
2191 3229 2238 3294 C
2337 3237 2427 3294 ιχ.
2461 3241 2695 3297 Audiant
2717 3243 2839 3308 hoc,
2864 3244 3102 3314 inquam,
3139 3260 3327 3301 omnes
3359 3245 3632 3302 contraria
3658 3254 3714 3302 et
3739 3247 3856 3302 bla-

578 3341 754 3406 obrui,
787 3338 880 3394 sed
901 3338 1015 3393 sola
1037 3336 1290 3392 vitiorum
1335 3341 1643 3389 nostrorum
1670 3329 1978 3401 impuritate
2006 3340 2169 3395 supe-

578 3433 706 3489 rari.
737 3429 808 3486 Ut
847 3445 973 3485 vere
1013 3429 1067 3483 in
1110 3443 1208 3482 nos
1245 3424 1455 3480 venerit
1499 3423 1702 3479 dictum
1748 3419 1912 3485 illud,
1941 3433 2049 3489 quo
2096 3417 2170 3470 ait

579 3525 838 3579 Dominus
867 3521 934 3576 ad
960 3515 1174 3575 Judmos
1207 3536 1219 3571 :
1253 3516 1550 3572 Secundum
1585 3513 1940 3569 immunditias
1970 3525 2091 3565 suas
2120 3517 2170 3562 et

578 3615 855 3670 secundum
899 3612 1190 3682 iniquitates
1235 3625 1360 3662 suas
1407 3608 1505 3680 feci
1543 3607 1682 3674 illis,
1714 3613 1765 3659 et
1791 3603 1950 3659 averti
1980 3602 2169 3675 faciem

576 3725 744 3762 meam
783 3707 846 3760 ab
885 3707 958 3759 eis
989 3701 1200 3775 (Ezech.
1246 3719 1432 3779 xxxix,
1473 3699 1583 3771 24).
1632 3701 1788 3773 150
1813 3697 1880 3753 Et
1925 3697 2055 3753 alibi
2101 3695 2169 3751 ad

577 3808 790 3872 gentem
822 3799 992 3869 ipsam
1026 3815 1036 3849 :
1063 3794 1296 3848 Adducet
1324 3793 1575 3849 Dominus
1608 3810 1760 3865 super
1791 3801 1838 3846 te
1876 3799 2078 3864 gentem
2107 3790 2170 3844 de

577 3894 853 3964 longinquo
877 3888 1053 3958 (Deut.
1079 3903 1263 3952 xxviii,
1293 3885 1384 3956 49)
1410 3904 1421 3938 :
1458 3894 1507 3939 et
1535 3885 1757 3957 ungulis,
1792 3885 1981 3953 inquit,
2015 3901 2169 3955 equo-

577 3999 686 4036 rum
717 3997 923 4035 suorum
953 3994 1129 4033 omnes
1149 3977 1347 4047 plateas
1379 3985 1495 4032 tuas
1515 3975 1900 4042 conculcabunt,
1923 3985 1973 4031 et
2000 3993 2164 4047 popu-

577 4074 680 4126 lum
723 4082 860 4124 tuum
906 4070 1080 4143 gladio
1105 4070 1416 4139 interﬁcient
1445 4068 1658 4141 (Ezech.
1690 4086 1833 4135 xxvr,
1862 4068 1970 4140 11).
2001 4068 2162 4123 Com-

577 4167 722 4236 plcta
752 4180 880 4233 ergo
910 4166 963 4218 in
1010 4180 1109 4220 nos
1153 4173 1278 4218 sunt
1304 4164 1485 4217 omnia
1513 4178 1631 4232 qua:
1658 4162 1794 4216 dixit
1823 4177 2001 4216 sermo
2032 4160 2165 4214 divi-

580 4272 700 4321 nus,
725 4263 780 4310 et
824 4255 934 4308 vim
965 4255 1251 4308 verborum
1279 4253 1579 4310 mlestium
1606 4253 1704 4306 luit
1746 4267 1904 4320 pasna
1949 4259 2167 4307 cuncto-

580 4363 720 4403 rum.
1309 4393 1312 4395 λ

581 4499 585 4502 ,
650 4439 782 4496 VIII.
815 4438 920 4496 Sed
953 4448 1132 4495 tamen
1174 4454 1296 4495 cum
1325 4451 1517 4494 omnes
1551 4435 1661 4492 fere
1697 4435 1940 4492 barbarae
1979 4442 2166 4506 gentes

580 4533 947 4589 Romanorum
989 4535 1302 4604 sanguinem
1329 4532 1584 4599 biberint,
1616 4545 1804 4586 omnes
1829 4531 2030 4586 viscera
2061 4546 2161 4586 no-

2272 3333 2494 3402 sphema
2507 3335 2803 3403 jactantes;
2836 3337 3056 3392 audiant
3081 3338 3196 3393 haec
3213 3354 3364 3410 spem
3388 3355 3542 3398 suam
3565 3340 3620 3394 in
3640 3340 3858 3396 homine

2268 3433 2551 3496 ponentes.
2586 3426 2757 3496 Loqui
2787 3430 3066 3485 universos
3113 3431 3396 3487 adversum
3435 3448 3494 3489 se
3539 3432 3679 3488 Deus
3706 3433 3856 3496 dicit,
3953 3449 3960 3458 “

2270 3519 2362 3586 qui
2399 3519 2616 3573 liberari
2663 3535 2722 3575 se
2765 3522 2967 3577 viribus
3014 3522 3124 3578 suis
3161 3539 3321 3593 posse
3348 3533 3696 3595 praesumunt.
3727 3525 3857 3592 Quis

2271 3616 2452 3666 autem
2490 3619 2573 3666 est
2601 3611 2965 3669 Romanorum
2993 3630 3104 3670 non
3148 3616 3222 3670 ita
3249 3616 3455 3682 dicens,
3495 3618 3617 3688 quis
3640 3625 3719 3673 est
3745 3634 3858 3675 non

2271 3703 2346 3758 ita
2369 3705 2645 3760 sentiens?
2673 3705 2802 3772 Quis
2831 3717 3027 3764 nostra:
3053 3711 3222 3780 partis
3248 3727 3355 3767 non
3384 3728 3553 3783 prope
3575 3713 3775 3783 jugiter
3803 3712 3861 3767 in

2271 3796 2374 3850 hac
2418 3804 2572 3866 parte
2619 3797 2996 3868 blasphemat?
3041 3800 3223 3858 Nullas
3245 3818 3366 3859 esse
3381 3803 3492 3872 'jam
3521 3805 3601 3858 rei
3631 3803 3863 3873 publica:

2270 3887 2412 3943 vires
2440 3890 2678 3944 omnium
2729 3893 3070 3948 conscientias
3104 3905 3186 3950 est
3237 3915 3249 3948 :
3301 3904 3478 3952 etnec
3522 3895 3600 3950 sic
3636 3897 3864 3965 quidem

2271 3984 2608 4050 agnoscimus
2637 3985 2792 4053 cujus
2814 3987 2916 4042 hoc
2933 3987 3224 4056 beneficiis,
3248 3990 3392 4060 quod
3410 3988 3583 4045 adhuc
3599 3989 3859 4057 vivimus,

2268 4075 2579 4133 debeamus.
2626 4077 2684 4133 Si
2730 4079 2948 4148 quando
2997 4081 3138 4136 enim
3185 4082 3341 4138 nobis
3377 4082 3619 4153 prosperi
3657 4082 3860 4152 aliquid

2269 4179 2467 4239 praeter
2494 4187 2645 4240 spem
2667 4180 2908 4227 nostram
2954 4181 3009 4228 et
3036 4174 3285 4230 meritum
3327 4174 3468 4232 Deus
3493 4176 3696 4244 tribuit,
3721 4176 3863 4233 alius

2269 4261 2374 4316 hoc
2401 4263 2620 4317 ascribit
2650 4261 2898 4330 fortunae,
2931 4265 3066 4321 alius
3104 4268 3336 4334 eventui,
3369 4268 3506 4324 alius
3533 4269 3863 4326 ordinationi

2268 4351 2482 4418 ducum,
2508 4354 2642 4408 alius
2662 4356 2905 4422 consilio,
2924 4358 3058 4414 alius
3077 4361 3352 4430 magistro,
3376 4361 3516 4416 alius
3535 4362 3862 4433 patrocinio,

2271 4444 2449 4500 nullus
2472 4444 2602 4501 Deo.
2630 4445 2698 4501 Et
2725 4448 2985 4506 miramur
3021 4452 3066 4506 si
3103 4452 3261 4507 nobis
3288 4452 3522 4510 caelestis
3549 4470 3739 4509 manus
3759 4454 3864 4509 ali-

2269 4551 2374 4606 qua
2404 4554 2511 4593 non
2537 4547 2775 4608 prmstet,
2793 4541 2880 4596 cui
2899 4541 3157 4612 quidquid
3177 4544 3488 4614 praestiterit
3513 4544 3864 4614 derogamus‘!

575 4635 686 4682 stra
717 4626 1100 4693 laceraverint;
1144 4627 1272 4696 quid
1321 4634 1404 4681 est
1443 4623 1589 4695 quod
1616 4625 1758 4679 Deus
1786 4631 1970 4679 noster
1991 4625 2163 4679 maxi-
2189 4610 2246 4674 D
2271 4629 2410 4698 Quid
2439 4632 2583 4688 enim
2612 4633 2756 4690 aliud
2781 4610 3004 4690 facimus
3024 4610 3146 4691 (ξυιη
3167 4610 3310 4693 bona
3337 4651 3456 4707 qua,
3487 4610 3727 4708 ρι-ωειξη,
3758 4653 3864 4694 nos

574 4734 690 4774 mas
741 4719 820 4775 rei
877 4718 1104 4790 publicze
1152 4732 1283 4789 opes
1329 4725 1386 4774 et
1444 4716 1895 4787 locupletissimos
1934 4715 2162 4771 Romani

577 4813 808 4868 nominis
846 4813 1076 4884 populos
1105 4810 1290 4883 ianus
1317 4811 1655 4883 potissimum
1696 4808 2160 4879 ignavissimorum

575 4903 844 4973 quondam
861 4905 1091 4960 hostium
1118 4902 1301 4960 dedit?
1320 4905 1459 4974 Quid
1481 4906 1504 4958 ?
1529 4904 1634 4961 nisi
1663 4911 1722 4959 ut
1750 4917 2162 4972 agnosceremus

574 4994 777 5051 scilicet
804 4995 950 5063 quod
996 5011 1158 5066 supra
1187 4995 1317 5060 dixi,
1348 4998 1662 5052 meritorum
1708 4997 1814 5051 hoc
1841 4995 2022 5060 fuisse,
2052 5010 2160 5049 non

575 5086 767 5143 virium
799 5128 813 5152 ,
847 5095 1012 5157 utque
1039 5088 1214 5159 ipsum
1239 5090 1344 5144 hoc
1387 5090 1541 5146 nobis
1569 5091 1625 5144 in
1654 5091 2022 5147 confusionem
2069 5105 2160 5145 ca-

573 5181 724 5236 deret
770 5196 833 5237 ac
859 5195 1075 5251 poenam
1123 5182 1268 5251 quod
1315 5183 1672 5250 ignavissimis
1720 5184 2077 5250 traderemur,
2107 5190 2162 5238 et

574 5274 655 5329 Vel
685 5274 763 5329 sic
789 5274 1000 5345 plagam
1046 5274 1281 5331 cmlestis
1319 5291 1510 5332 manus
1549 5292 1991 5347 agnosceremus;
2035 5278 2163 5346 quia

573 5383 672 5423 nos
699 5385 806 5425 non
829 5369 1105 5426 fortissimi
1131 5370 1384 5438 hostium,
1415 5371 1511 5426 sed
1538 5373 1882 5440 ignavissimi,
1915 5371 2162 5443 subjuga-

575 5461 807 5518 rent.Sic
827 5463 970 5519 enim
986 5457 1228 5536 legimus,
1247 5466 1394 5536 quod
1409 5466 1453 5521 si
1476 5467 1691 5536 quando
1701 5469 1978 5525 evidenter
1997 5469 2160 5524 intel-

575 5549 818 5620 ligiDeus
839 5560 1010 5615 voluit
1027 5575 1220 5631 magna
1231 5576 1396 5633 opera
1409 5576 1452 5624 ,a
1474 5575 1533 5617 se
1554 5561 1774 5632 patrari,
1794 5570 1887 5616 aut
1906 5578 2004 5632 per
2027 5578 2162 5633 pau-

561 5659 671 5698 cos
699 5657 795 5701 aut
834 5664 933 5719 per
959 5651 1197 5710 inﬁmos
1239 5662 1360 5710 acta
1387 5669 1476 5710 res
1521 5660 1631 5730 est;
1662 5667 1731 5708 ne
1760 5668 1897 5723 opus
1926 5653 2162 5710 caelestis

576 5734 813 5793 dexter-te
839 5741 1023 5798 virtuti
1049 5748 1410 5816 assignaretur
1447 5747 1714 5803 humanae.
1747 5745 1874 5802 ldeo
1899 5745 2161 5816 siquidem

575 5829 768 5904 agdn:
793 5831 1168 5908 Sisaralquem
1213 5840 1467 5898 Hebraeus
1493 5840 1763 5898 tremebat
1809 5838 2096 5908 exercitus,
2130 5854 2160 5895 a

2270 4725 2355 4779 vel
2383 4727 2664 4781 eventibus
2691 4743 2932 4794 casuum,
2955 4729 3040 4784 vel
3072 4729 3359 4786 virtutibus
3377 4729 3594 4797 ducum,
3624 4730 3709 4786 vel
3737 4732 3864 4801 qui-

2269 4817 2580 4886 buscunque
2611 4819 2728 4873 aliis
2755 4819 2916 4876 rebus
2937 4820 3145 4878 frivolis
3179 4823 3534 4893 deputamus?
3568 4823 3722 4896 152
3743 4824 3865 4881 Hoc

2269 4913 2410 4968 enim
2430 4913 2592 4970 modo
2615 4922 2671 4969 et
2699 4916 2856 4971 terris
2883 4933 2983 4974 nos
3003 4926 3280 4988 oporteret
3293 4921 3494 4989 gratias
3522 4933 3681 4989 agere
3709 4919 3866 4989 quod

2267 5004 2444 5073 fruges
2473 5020 2681 5061 annuas
2707 5007 2975 5072 metimus,
3009 5017 3064 5063 et
3081 5010 3252 5065 vineis
3279 5011 3424 5080 quod
3443 5011 3862 5079 vindemiamus,

2267 5103 2322 5150 et
2351 5098 2484 5152 mari
2503 5098 2650 5167 quod
2678 5099 2850 5169 pisces
2878 5101 3136 5171 capimus,
3169 5109 3224 5156 et
3251 5102 3399 5157 silvis
3418 5103 3563 5172 quod
3582 5103 3724 5172 ligna
3749 5120 3865 5159 ca:-

2262 5190 2458 5258 dimus,
2489 5197 2545 5246 et
2585 5191 2774 5246 ovibus
2819 5191 2964 5260 quod
3003 5201 3152 5248 veste
3198 5193 3446 5262 tegimur,
3478 5203 3534 5249 et
3561 5193 3867 5264 pecudibus

2263 5286 2470 5340 caeteris
2495 5285 2639 5355 quod
2657 5301 2819 5342 carne
2847 5295 3168 5342 saturamur.
3201 5287 3332 5342 Nam
3362 5303 3481 5357 quae
3520 5289 3660 5356 ratio
3688 5298 3776 5344 est
3807 5297 3871 5349 ut

2264 5378 2314 5433 ei
2340 5394 2440 5448 pro
2469 5380 2780 5435 muneribus
2806 5380 2925 5434 aliis
2954 5381 3092 5449 grati
3121 5364 3240 5436 esse
3266 5365 3517 5446 velimus,
3550 5381 3635 5437 cui
3678 5383 3868 5436 maxi-

2264 5487 2475 5527 morum
2523 5472 2908 5529 beneficiorum
2963 5489 3181 5530 suorum
3227 5475 3454 5544 gratiam
3501 5475 3933 5553 derogamus?,_

2268 5565 2369 5620 Aut
2391 5567 2510 5636 quis
2525 5574 2808 5623 contentus
2838 5574 2919 5622 est
2939 5567 3103 5621 homo
3131 5574 3329 5622 nostrae
3356 5565 3700 5629 conditionis,
3719 5573 3784 5619 ut
3815 5567 3877 5623 ei

2265 5657 2386 5726 quis
2432 5666 2708 5726 acceptum
2738 5657 3012 5728 quippiam
3059 5656 3275 5723 referat,
3301 5659 3388 5713 cui
3435 5657 3502 5712 de
3553 5656 3709 5711 donis
3751 5656 3877 5712 suis

2247 5765 2472 5804 summa
2492 5749 2818 5805 detraxerit?
2845 5751 2923 5805 lta
2941 5759 2997 5807 et
3017 5766 3134 5816 nos,
3159 5751 3285 5807 licet
3312 5751 3422 5806 Deo
3445 5751 3499 5805 in
3530 5749 3676 5804 nullo
3697 5748 3875 5818 digne

2241 5843 2463 5911 ‘gratias
2485 5855 2723 5912 agamus,
2755 5860 2942 5914 parum
2963 5852 3145 5902 tamen
3175 5853 3292 5902 erat
3317 5846 3362 5902 si
3383 5859 3482 5917 pro
3501 5845 3586 5902 his
3614 5850 3866 5904 tantum-
