4088 6360
286 271 402 344 131

1354 279 1442 336 DE
1479 267 2006 334 ουΒικκΑτιοΝε
2049 277 2160 334 DEI
2201 275 2325 333 LIB.
2374 279 2478 335 Vll.

284 377 454 437 modo
472 379 612 449 grati
632 389 749 434 esse
768 375 1022 431 relicinus
1046 381 1169 445 qua
1196 371 1354 429 nobis
1387 371 1453 427 ad
1485 379 1642 425 ustae
1664 367 1878 425 vivendi
1903 371 1953 432 Δ
1980 383 2083 437 ret,
2118 391 2310 432 manus
2345 391 2482 446 quas
2508 376 2792 434 bellicosas
2819 379 3057 449 putabat,
3108 382 3314 438 vinctas
3333 381 3564 444 videret,

283 465 455 530 dedit.
491 469 601 528 Cur
641 471 780 526 hanc
799 466 1028 538 gratiam
1054 461 1295 522 tollimus
1313 459 1462 535 quod
1489 471 1588 519 nos
1623 470 1679 518 et
1703 463 1756 517 in
1785 479 1882 519 an-

247 559 260 569 .
282 565 479 638 εσϐιϋε
493 562 666 634 juvat,
697 562 824 618 etin
845 555 1103 632 periculis
1129 559 1346 624 liberat,
1377 553 1434 612 et
1455 557 1508 612 in
1533 553 1714 612 medio
1754 554 1882 610 bar-

281 657 540 713 bararum
562 653 799 725 gentium
821 651 954 709 sitos
969 651 1084 721 jugi
1105 645 1446 722 proiectione
1463 649 1785 704 conservat?
1814 645 1887 702 At

284 765 397 804 non
427 748 500 802 ita
519 742 700 810 Gothi,
726 757 834 800 non
861 743 935 798 ita
949 737 1218 808 Wandall,
1241 740 1396 795 malis
1424 740 1550 795 licet
1573 737 1886 794 doctaribtts

281 839 538 903 instituti,
589 836 842 893 meliores
884 843 1074 890 tamen
1115 834 1276 890 etiam
1324 833 1378 888 in
1403 833 1505 888 hac
1529 838 1682 902 parte
1721 819 1882 901 quam

280 932 476 993 nostri.
526 927 736 986 Oﬁendi
767 923 1024 999 quateris
1067 925 1328 996 quosdam
1373 923 1613 994 suspicer
1641 922 1724 978 his
1762 937 1883 992 qua:

280 1023 521 1080 dicimus
552 1037 565 1075 :
598 1019 693 1076 sed
722 1019 850 1088 quia
869 1019 1070 1073 Veritas
1097 1016 1266 1085 magis
1291 1030 1452 1085 quam
1478 1013 1705 1070 offensio
1731 1014 1880 1084 cogi-

280 1113 448 1178 tanda
469 1115 573 1177 est,
605 1111 803 1175 dicata,
832 1116 888 1166 et
915 1113 1058 1180 saepe
1083 1107 1260 1163 dicam
1284 1124 1298 1161 :
1321 1106 1438 1162 Non
1468 1107 1541 1162 ita
1568 1104 1750 1172 Gothi,
1773 1121 1882 1160 non

279 1208 361 1264 ita
388 1193 672 1270 Wand“;
702 1203 796 1274 qui
824 1199 880 1258 et
907 1201 962 1258 in
981 1198 1292 1256 discrimine
1317 1199 1502 1270 positi,
1533 1213 1692 1268 opem
1718 1214 1749 1252 a
1769 1197 1882 1253 Deo

275 1297 580 1373 postulaui,
608 1303 664 1352 et
690 1293 1082 1366 prosperitates
1103 1305 1229 1348 suas
1256 1307 1450 1347 munus
1467 1291 1761 1347 divinitatis
1787 1306 1883 1362 ap-

280 1387 510 1463 pellant.
543 1386 786 1457 Denique
809 1381 1058 1455 probavit
1087 1384 1209 1450 hoc,
1251 1383 1344 1440 illo
1365 1383 1633 1455 proximo,
1666 1383 1884 1439 infelici-

280 1489 372 1538 tas
397 1485 604 1538 nostra.
633 1465 772 1534 cum
800 1473 942 1534 cuitu
973 1485 1000 1513 ⁸
1033 1474 1196 1532 Gothi
1237 1483 1562 1541 metuerent,
1589 1490 1881 1546 praesume-

279 1571 478 1630 bamus
503 1561 684 1626 lél'in
713 1564 916 1626 Cilonis
942 1581 1094 1637 spem
1123 1583 1346 1638 ponere,
1390 1567 1466 1622 illi
1496 1568 1549 1622 in
1585 1567 1695 1623 Deo
1719 1585 1732 1620 :
1759 1582 1881 1622 cum

280 1675 393 1736 pax
425 1645 492 1718 ὠ
520 1647 630 1717 illis
652 1659 1036 1732 pstularetur,
1067 1674 1098 1712 a
1129 1659 1283 1714 nobis
1311 1666 1628 1728 negaretur;
1661 1657 1736 1714 illi
1763 1658 1879 1730 epi-

1985 477 2271 537 puerorum
2293 484 2356 523 ac
2379 469 2664 525 mulierum
2684 468 3044 539 spectaculum
3071 469 3240 538 ﬂeret.
3265 472 3569 531 inludenles

1985 557 2085 618 sibi
2129 563 2390 620 barbaros
2411 572 2681 628 cerneret,
2736 563 3046 619 inrisionem
3093 575 3250 621 sexus
3276 568 3567 638 promiscui

1985 655 2301 718 sustineret,
2350 662 2406 708 et
2443 655 2534 724 qui
2578 655 2872 710 maximum
2916 651 3175 710 habuerat
3225 660 3568 729 supercilium

1987 747 2140 804 fortis
2166 748 2285 812 viri,
2317 755 2545 804 mortem
2565 749 2770 804 subiret
2797 747 3014 818 ignavi?
3043 747 3216 817 Atque
3243 749 3446 807 utinam
3464 752 3569 808 hoc

1985 843 2157 912 ipsum
2203 841 2367 896 breve
2395 841 2693 897 remedium
2745 840 3010 914 malorum
3047 847 3209 903 esset.
3242 855 3348 895 non
3380 841 3570 900 diurna

1985 932 2254 988 toleratio.
2288 931 2382 987 llle
2410 941 2608 998 autem,
2633 942 2889 1002 quantum
2915 931 2984 987 ad
3014 947 3297 1003 poenarum
3317 933 3343 970 ἀ
3365 937 3568 1005 magni-

1986 1022 2224 1078 tudinem
2245 1023 2497 1093 pertinet,
2525 1032 2550 1061 °
2581 1022 2742 1092 longo
2768 1033 3009 1095 tempore
3036 1033 3091 1079 et
3117 1023 3371 1080 diuturna
3401 1024 3456 1082 in
3481 1040 3570 1081 er-

1939 1171 1944 1176 .
1984 1117 2194 1187 gastulo
2217 1113 2576 1170 Barbarorum
2605 1115 2728 1169 tabe
2765 1126 3129 1187 consumptus,
3163 1118 3216 1172 in
3244 1117 3383 1172 hanc
3405 1118 3569 1176 mise-

1985 1209 2120 1263 riam
2150 1207 2398 1262 redactus
2425 1215 2510 1262 est
2535 1215 2612 1270 ut,
2635 1206 2776 1276 quod
2799 1207 3111 1290 plerumque
3139 1208 3385 1264 homines
3406 1208 3572 1264 etiam

1986 1302 2160 1372 pmnis
2207 1295 2335 1372 ipsis
2359 1302 2574 1370 gravius
2619 1300 2776 1373 15‘
2802 1310 2962 1372 atque
2990 1303 3230 1358 acerbius
3276 1312 3485 1375 putant,
3517 1303 3575 1362 in

1984 1389 2384 1450 miserationem
2427 1390 2664 1449 hostium
2705 1393 3000 1451 deveniret.
3045 1393 3112 1448 Et
3147 1395 3251 1452 hoc
3295 1397 3424 1452 cur?
3464 1395 3574 1454 Cur
3663 1405 3666 1412 ‘

1985 1485 2189 1553 absque
2206 1483 2390 1549 dubio,
2415 1483 2517 1538 nisi
2545 1484 2691 1553 quia,
2716 1492 2775 1538 ut
2788 1483 2900 1553 jam
2920 1484 3050 1547 dixi,
3080 1485 3153 1539 illi
3183 1485 3292 1541 Deo
3322 1487 3571 1550 humiles,

1985 1594 2086 1633 nos
2104 1576 2360 1642 rebelles;
2393 1576 2467 1631 illi
2500 1573 2843 1632 crediderunt
2869 1577 2923 1631 in
2950 1592 3114 1631 manu
3140 1576 3234 1632 Dei
3264 1594 3380 1632 esse
3403 1578 3571 1634 victo-

1985 1671 2141 1734 riam,
2185 1686 2286 1725 nos
2314 1669 2365 1723 in
2410 1683 2580 1724 manu
2619 1677 2823 1731 nostra,
2848 1669 3012 1722 immo
3042 1669 3095 1722 in
3125 1668 3382 1737 sacrilega
3412 1677 3572 1738 atque

281 1761 479 1827 mbos
501 1745 796 1817 insiderent,
843 1765 944 1807 nos
988 1751 1402 1821 repelleremus;
1447 1749 1521 1804 illi
1565 1750 1728 1804 etiam
1769 1749 1796 1788 δ
1827 1749 1878 1805 in

1986 1761 2145 1832 impia
2181 1780 2192 1814 :
2239 1761 2383 1831 quod
2413 1766 2497 1816 est
2539 1758 2694 1830 pejus
2728 1759 3117 1830 nocentiusque
3155 1774 3317 1829 quam
3356 1765 3600 1822 nostra!

280 1833 478 1903 alienis
495 1841 866 1902 ﬁcerdotibus
915 1841 1082 1898 Deum
1123 1842 1475 1905 honorarent,
1515 1856 1614 1895 nos
1641 1841 1803 1896 etiam
1826 1840 1878 1895 in

282 1921 488 2016 καρίς
512 1944 996 1992 contemneremus.
1025 1925 1192 1988 Prout
1213 1939 1366 1987 actus
1385 1931 1663 2000 utriusque
1687 1931 1876 2001 partis,

280 2029 357 2090 ita
387 2035 444 2089 et
466 2029 939 2090 rerumterminas
963 2026 1081 2082 fuit.
1112 2025 1222 2082 illis
1247 2024 1372 2081 data
1400 2032 1483 2081 est
1503 2025 1557 2080 in
1577 2039 1789 2079 summo
1811 2025 1880 2078 ti-

280 2089 433 2182 more
459 2089 853 2196 palmarnobis
900 2120 953 2175 in
992 2133 1200 2176 summa
1242 2118 1477 2174 elatione
1519 2117 1782 2173 confusio.
1817 2116 1885 2172 Ut

277 2229 407 2273 vere
433 2221 489 2271 Et
517 2215 573 2270 in
601 2213 758 2269 nobis
806 2219 936 2266 tunc
970 2218 1027 2265 et
1066 2210 1122 2264 in
1151 2208 1256 2263 illis
1284 2209 1566 2264 evidenter
1595 2208 1881 2278 probatum

276 2309 350 2365 sit
376 2303 510 2363 illud
555 2304 768 2361 Domini
809 2302 982 2358 nostri
1017 2299 1220 2358 dictum
1253 2319 1264 2352 ε
1317 2301 1471 2372 153
1500 2298 1759 2364 Quoniam
1799 2301 1885 2372 qui

279 2415 334 2454 se
359 2397 561 2452 caditat
585 2385 960 2457 hunsiliabitur,
1000 2395 1049 2446 et
1077 2391 1162 2464 qui
1208 2407 1263 2446 se
1291 2389 1529 2444 humiliat
1569 2388 1886 2444 exaltabitur

280 2489 434 2558 (Luc.
466 2504 574 2553 xiv,
609 2487 718 2557 li).
741 2485 848 2541 lllis
869 2483 1011 2541 enim
1026 2477 1292 2540 exultatio
1307 2483 1430 2538 data
1461 2491 1546 2539 est
1565 2497 1666 2554 pro
1695 2483 1876 2538 humi-

284 2582 458 2648 litate,
484 2579 642 2637 nobis
669 2581 768 2651 pro
795 2578 1028 2635 elatione
1053 2577 1305 2646 dejectio.

185 2679 190 2684 ‘
295 2706 302 2712 -
349 2672 419 2727 Χ.
447 2659 634 2741 itaque
653 2667 868 2739 agnovit
896 2666 1000 2723 ltoc
1037 2666 1124 2721 ille
1152 2677 1175 2706 ο
1207 2665 1314 2720 dux
1345 2673 1543 2720 nostra
1572 2666 1760 2735 partis,
1787 2665 1880 2734 qui

275 2763 526 2820 eamdem
549 2759 735 2816 urbem
754 2759 988 2814 hostium
1007 2771 1177 2828 quam
1200 2755 1391 2812 eodem
1419 2755 1508 2810 die
1531 2741 1790 2810 victorem
1820 2771 1881 2810 se

274 2856 604 2911 intraturum
631 2865 752 2908 esse
778 2850 1137 2921 pmsumpsit,
1155 2846 1399 2918 captivus
1414 2846 1652 2901 intravit.
1680 2844 1883 2901 Proba-

275 2946 590 3004 vit'scilicet
609 2943 756 3015 quod
780 2943 1044 3014 propheta
1064 2938 1201 2996 dixit
1225 2958 1237 2992 :
1271 2939 1408 3004 Quia
1431 2953 1535 3007 non
1554 2949 1633 2993 est
1654 2939 1881 2993 hominis

273 3041 359 3096 aia
387 3037 520 3110 ejus,
549 3052 642 3090 nec
669 3035 766 3090 viri
793 3043 869 3088 est
887 3041 944 3087 ut
971 3029 1195 3086 animiet
1215 3040 1264 3084 et
1294 3031 1489 3100 dirigat
1526 3045 1730 3101 gressus
1763 3045 1881 3084 suos

1983 1853 2222 1922 Denique
2249 1855 2363 1923 ipse
2402 1851 2420 1890 ί
2454 1868 2550 1908 rex
2579 1852 2836 1918 hostium,
2867 1860 3124 1923 quantum
3145 1868 3234 1908 res
3252 1851 3486 1922 prodidit
3512 1868 3575 1908 ac

1982 1945 2248 2014 probavit,
2274 1959 2441 2013 usque
2468 1944 2534 1998 ad
2560 1944 2700 2000 diem
2723 1959 2913 2014 pugnm
2952 1953 3154 1999 stratus
3181 1944 3358 1998 cilicio
3387 1959 3575 2013 preces

1983 2034 2135 2097 fudit,
2180 2043 2307 2089 alite
2347 2035 2546 2090 bellum
2572 2035 2624 2088 in
2665 2035 2909 2089 oratione
2949 2035 3136 2104 iacuit,
3179 2034 3245 2090 ad
3284 2034 3483 2090 bellum
3506 2036 3576 2090 do

1984 2125 2230 2180 oratione
2262 2124 2515 2179 surrexit.
2559 2122 2878 2194 Priusquam
2915 2139 3147 2194 pugnam
3187 2140 3346 2180 manu
3383 2139 3574 2195 capes-

1987 2222 2148 2278 seret,
2181 2213 2573 2284 supplicatione
2602 2215 2890 2284 pugnavit;
2916 2222 2973 2269 et
2998 2215 3119 2270 ideo
3149 2213 3316 2271 ﬁdens
3354 2231 3574 2285 proces-

1986 2303 2056 2359 sit
2083 2303 2150 2358 sd
2190 2317 2442 2373 pugnam,
2472 2303 2596 2373 quia
2620 2303 2734 2373 jam
2759 2313 3032 2359 meruerat
3060 2304 3111 2359 in
3131 2305 3377 2362 oratione
3406 2307 3574 2362 victo-

1986 2411 2137 2450 riam.

2056 2485 2144 2540 Xl.
2189 2485 2305 2540 Non
2325 2484 2658 2540 dissimiliter
2679 2495 2858 2542 autem
2887 2486 3015 2541 illud
3037 2487 3200 2541 etiam
3216 2488 3358 2557 apud
3372 2496 3396 2536 ι
3411 2488 3576 2542 Wan-

1981 2577 2162 2632 dalos:
2187 2576 2254 2631 ad
2282 2590 2419 2645 quos
2445 2592 2567 2632 cum
2599 2576 2651 2631 in
2677 2573 2930 2648 Hispania
2959 2578 3094 2632 sitos
3115 2586 3296 2632 nostra
3313 2594 3437 2647 pars
3457 2595 3577 2649 per-

1981 2676 2151 2736 geret,
2181 2675 2498 2738 tantamque
2526 2667 2594 2722 ad
2640 2666 2992 2724 debellandos
3029 2683 3126 2724 eos
3147 2670 3578 2740 prasumptlonis

1984 2758 2229 2814 fiduciam
2261 2761 2426 2814 terret
2465 2768 2723 2828 quantam
2775 2761 2939 2815 etiam
2981 2761 3228 2832 proxime
3255 2761 3323 2817 ad
3348 2762 3574 2828 Gothos,

1983 2853 2099 2922 pari
2125 2851 2392 2923 superbiae
2413 2852 2572 2919 fastu,
2603 2852 2720 2923 pari
2760 2852 2908 2908 exitu
2937 2864 3284 2909 conruerunt.
3315 2855 3578 2926 Venitque

1985 2957 2146 3012 super
2192 2944 2488 2998 exercitum
2537 2951 2780 2997 nostrum
2830 2943 2958 2998 illud
3009 2943 3290 3015 Propheta:
3333 2945 3572 3002 dictum:
3655 3009 3660 3016 ἱ

1988 3031 2182 3089 Obruet
2222 3033 2476 3089 Dominus
2516 3036 2886 3106 conﬁdentiam
2915 3045 3084 3101 nam.
3125 3047 3176 3092 et
3211 3039 3342 3092 nihil
3370 3040 3576 3095 habebis

273 3130 465 3201 (Prov.
491 3141 597 3193 xvi,
628 3124 690 3194 9;
720 3142 810 3191 xx,
840 3123 955 3194 24).
987 3122 1120 3177 Nam
1143 3122 1270 3192 quia
1293 3121 1435 3176 viam
1463 3120 1772 3190 suamjuris
1793 3121 1877 3176 sui
1906 3118 1953 3184 C
1983 3143 2282 3198 prosperum
2314 3125 2524 3196 (larem.
2552 3145 2608 3192 ιι,
2643 3127 2762 3196 57).
2795 3127 3211 3185 Couﬁdebamus
3235 3131 3380 3185 enim
3411 3132 3463 3186 in
3485 3148 3575 3186 sa-

273 3217 624 3284 existimevit,
645 3228 748 3274 nec
764 3225 1008 3286 gressum
1031 3212 1347 3270 directionis
1369 3211 1574 3277 habuit,
1609 3228 1709 3268 nec
1737 3212 1882 3267 viam

273 3317 468 3374 salutis
494 3309 700 3369 invenit
731 3327 744 3364 :
782 3308 965 3379 Efeso
991 3317 1088 3373 est,
1116 3314 1176 3362 ut
1203 3305 1450 3374 legimus,
1481 3303 1701 3376 abjectio
1729 3322 1882 3376 super

272 3410 584 3483 principem,
614 3399 857 3460 seducta
881 3412 958 3457 est
982 3403 1040 3457 in
1072 3402 1242 3466 invio,
1283 3410 1462 3455 etnon
1507 3400 1562 3453 in
1591 3401 1672 3454 via
1699 3399 1876 3472 (Psal.

269 3515 385 3565 CVI,
413 3497 540 3569 £0);
566 3504 619 3552 et
644 3495 715 3550 ad
742 3494 958 3549 nihilum
1002 3490 1251 3547 deductus
1296 3500 1402 3558 est,
1436 3490 1570 3546 velut
1609 3508 1744 3562 aqua
1791 3491 1880 3545 de-

275 3603 491 3644 currens
514 3584 689 3658 (Psal.
714 3598 844 3650 LVII,
867 3581 954 3650 8).
992 3581 1051 3636 In
1077 3596 1187 3652 quo
1214 3580 1452 3652 quidem,
1486 3587 1682 3649 praeter
1709 3581 1878 3649 ipsam

282 3693 470 3736 rerum
496 3675 885 3742 infelicitatem,
910 3686 1147 3744 praesens
1170 3671 1430 3742 judicium
1471 3670 1565 3726 Dei
1589 3672 1791 3742 patuit;
1822 3680 1883 3726 ut

271 3766 541 3840 quidquid
554 3766 820 3822 facturum
845 3780 906 3820 se
947 3772 1251 3835 usurparet,
1285 3764 1400 3834 ipse
1421 3771 1716 3834 pateretur.
1747 3762 1880 3818 Nam

277 3861 413 3932 quia
436 3853 553 3915 sine
569 3857 867 3914 divinitatis
888 3856 1090 3912 auxilio
1128 3871 1193 3912 ac
1232 3856 1328 3910 Dei
1354 3863 1484 3909 nutu
1514 3853 1834 3924 capiendum
1853 3870 1884 3908 a

281 3965 349 4007 se
375 3951 586 4010 hostem
636 3945 891 4010 credidit,
925 3946 1040 4016 ipse
1067 3949 1256 4016 captus
1301 3951 1384 3997 est
1417 3961 1429 3994 :
1457 3942 1671 3997 consilii
1705 3957 1768 3996 ac
1797 3957 1886 3996 sa-

284 4039 506 4112 pientia:
532 4048 795 4093 summam
845 4012 1148 4104 usurpavit,
1181 4030 1526 4100 ignominiam
1569 4031 1886 4086 temeritatis

288 4128 517 4184 incurrit
548 4145 562 4180 :
603 4124 778 4182 vincla
805 4140 928 4195 quae
955 4125 1076 4180 aliis
1103 4123 1330 4194 paravit,
1369 4121 1786 4192 ipsesustinuit.
1821 4121 1887 4178 Et

279 4220 458 4292 quod,
484 4225 638 4290 rogo,
666 4218 966 4280 evidentius
985 4217 1080 4273 Dei
1097 4214 1356 4292 judicium
1377 4231 1496 4272 esse
1521 4216 1696 4287 potuit
1721 4231 1883 4285 quam

281 4291 350 4370 ut
389 4313 592 4369 habens
619 4310 939 4382 praedatoris
985 4308 1254 4374 fiduciam,
1284 4291 1462 4377 pr'zeda
1490 4308 1660 4372 iteret,
1691 4307 1880 4362 trium-

279 4406 452 4478 phum
475 4416 821 4475 praesumens,
871 4399 1174 4471 triumphus
1219 4406 1397 4463 esset,
1438 4398 1878 4463 circumdaretur,

1989 3218 2191 3288 pientia
2219 3225 2400 3272 nostra
2431 3226 2484 3272 et
2506 3217 2819 3274 fortitudine
2847 3227 3037 3274 contra
3068 3217 3164 3274 Dei
3195 3221 3447 3276 mandata
3491 3221 3577 3275 dl-

1986 3309 2156 3366 contis
2189 3328 2200 3366 :
2250 3307 2376 3363 Non
2404 3309 2651 3380 glorietur
2697 3311 2905 3379 sapiens
2951 3311 3005 3362 in
3053 3311 3313 3379 sapientia
3340 3326 3458 3373 sua,
3486 3326 3580 3364 nec

1985 3403 2136 3472 fortis
2162 3403 2217 3455 in
2241 3401 2546 3473 fortitudine
2585 3416 2714 3464 sua;
2742 3399 2834 3453 sed
2862 3400 2916 3452 in
2946 3399 3041 3453 hoc
3079 3400 3330 3469 glorietur
3355 3401 3440 3469 qui
3469 3399 3580 3470 glo-

1984 3495 2170 3558 riatur,
2193 3494 2328 3546 scire
2339 3502 2390 3546 et
2404 3509 2557 3547 nosse
2575 3508 2674 3555 me,
2698 3492 2819 3561 quia
2841 3508 2935 3562 ego
2955 3507 3069 3544 sunt
3090 3489 3346 3546 Dominus
3361 3491 3574 3561 (larens.

1985 3603 2069 3648 ιχ,
2098 3583 2196 3647 25,
2239 3583 2309 3635 ει
2335 3582 2374 3651 ).
2406 3581 2524 3637 Non
2566 3581 2836 3636 immerito
2865 3581 3046 3650 itaque
3073 3580 3200 3636 victi
3230 3596 3414 3636 sumus
3451 3600 3464 3635 :
3513 3582 3580 3638 ad

1985 3673 2208 3728 meliora
2239 3672 2383 3727 enim
2425 3687 2485 3726 se
2511 3671 2586 3725 illi
2609 3670 2842 3730 subsidia
2871 3670 3170 3735 contulere,
3191 3685 3353 3739 quam
3383 3673 3574 3728 nostri.

1985 3762 2118 3816 Nam
2148 3778 2271 3817 cum
2300 3761 2465 3816 armis
2493 3776 2594 3815 nos
2623 3769 2785 3830 atque
2831 3759 3048 3814 auxiliis
3095 3759 3516 3828 superbiremus,
3547 3777 3580 3814 a

1987 3861 2142 3922 parte
2185 3853 2418 3905 hostium
2457 3851 2616 3906 nobis
2663 3851 2797 3903 liber
2822 3849 3016 3903 divinae
3044 3849 3177 3916 legis
3204 3851 3455 3904 occurrit.
3507 3851 3580 3906 Ad

1991 3943 2134 3996 hanc
2160 3941 2304 3995 enim
2333 3941 2601 4010 praecipue
2629 3939 2799 4007 opem.
2818 3938 2982 3992 timor
3009 3945 3066 3992 et
3091 3929 3425 4007 perturbatio
3453 3948 3582 3998 tunc

1993 4029 2304 4085 Wandalica
2351 4027 2622 4097 confugit;-
2639 4035 2696 4082 ut
2733 4027 2927 4082 seriem
2949 4028 3104 4083 nobis
3129 4027 3365 4084 cmlestis
3383 4030 3581 4100 eloquii

1994 4128 2294 4192 opponeret
2333 4127 2390 4174 et
2409 4118 2693 4173 adversum
2733 4117 3010 4173 venientes
3035 4118 3259 4174 aemulos
3283 4133 3409 4176 suos
3445 4122 3579 4178 sacri

1992 4213 2280 4271 voluminis
2304 4213 2504 4283 scripta
2523 4211 2675 4281 quasi
2712 4211 2826 4280 ipsa
2853 4210 3253 4280 quodammodo
3286 4211 3580 4268 divinitatis

1991 4321 2086 4361 ora
2110 4311 2394 4360 reseraret.
2420 4301 2518 4357 llic
2544 4317 2685 4358 nunc
2728 4300 2966 4370 requiro,
2994 4302 3117 4371 quis
3146 4302 3250 4356 hoc
3279 4317 3516 4370 unquam
3545 4319 3579 4356 a

1992 4395 2189 4453 nostris
2217 4393 2460 4464 partibus
2489 4392 2694 4455 fecerit,
2733 4400 2826 4446 aut
2851 4391 2973 4462 quis
3001 4407 3109 4447 non
3138 4390 3334 4446 inrisus
3356 4391 3382 4427 δ
3406 4391 3580 4446 fuerat

279 4463 669 4568 corripi-eretur,
701 4463 1053 4563 alligaretur;
1072 4497 1277 4548 retorta
1305 4499 1458 4559 tergo
1490 4489 1885 4560 brachiagere-
1909 4463 1962 4525 Ῑ)
1987 4489 2033 4546 si
2061 4495 2302 4560 putasset
2350 4500 2470 4542 esse
2517 4483 2858 4540 iaciendum?
2887 4483 3105 4547 inrisus,
3137 4483 3350 4552 utique,
3381 4482 3520 4539 sicut
3549 4497 3580 4538 a

1478 4664 1815 4720 STEPHANI
1852 4663 2124 4722 BALUle
2161 4661 2387 4718 ΝΟΤᾸΞ.

363 4819 388 4847 ι
415 4807 697 4878 Proprium
726 4805 780 4860 id
807 4803 982 4878 gentis
1001 4801 1167 4878 fuisse
1189 4807 1410 4878 annotat
1448 4798 1749 4878 Hadrianus
1769 4797 1874 4853 Va-

283 4880 456 4937 lesius
484 4868 540 4932 in
564 4876 702 4931 libro
733 4868 894 4930 tertio
919 4883 1097 4929 rerum
1125 4870 1390 4937 Francic.,
1420 4883 1541 4940 pag.
1569 4868 1689 4940 142.

365 4949 390 4986 δ
421 4947 476 5002 ld
503 4955 607 5011 est,
637 4943 937 5000 catholicis.
987 4942 1120 5011 Nam
1166 4940 1328 5011 Gothi
1377 4937 1776 5011 erantrAriani.
1803 4937 1878 5011 Et

283 5025 507 5074 constat
525 5008 753 5076 Gothos,
788 5014 834 5068 si
863 5027 1044 5082 regem
1078 5009 1358 5082 Evarigem
1385 5010 1645 5082 excipias,
1668 5008 1877 5082 nemini

286 5090 434 5144 intra
461 5084 662 5141 Gallias
689 5075 797 5139 vim
824 5075 1066 5138 intulisse
1112 5081 1166 5135 in
1209 5075 1369 5136 causa
1412 5075 1552 5134 lide'i.
1584 5077 1719 5133 Vide
1745 5075 1878 5142 Cas-

286 5157 569 5215 siodorum
599 5155 808 5219 lib.vm,
836 5153 959 5210 Var.
994 5153 1134 5223 epist
1169 5150 1260 5205 24.
1307 5220 1321 5223 _
1453 5219 1465 5223 _
1533 5219 1544 5223 _
1601 5169 1606 5174 ε

373 5238 396 5266 ο
427 5225 679 5288 Litorius,
709 5214 805 5294 qui
829 5214 1099 5294 potestate
1125 5220 1392 5294 secundus
1420 5219 1488 5274 ab
1516 5218 1704 5294 fictio,
1737 5214 1882 5294 ﬂung

285 5298 386 5355 his
423 5287 769 5365 auxiliaribus
802 5287 1049 5365 praeerat,
1089 5291 1471 5365 conlidensque
1512 5287 1792 5365 fallacibus
1818 5292 1892 5365 iet;

291 5368 452 5424 vanis
495 5355 832 5434 haruspicum
877 5355 1170 5434 responsis,
1198 5355 1627 5434 Tolosim_regui
1665 5355 1885 5434 Gothici

293 5446 464 5508 caput
515 5428 798 5508 obsederat
844 5428 998 5508 anno
1033 5431 1560 5508 quadringentesimo
1611 5428 1886 5508 tggesimo

300 5500 468 5568 nono.
520 5505 651 5561 Vide
679 5500 1095 5560 Rittershusium
1144 5502 1208 5557 ad
1238 5500 1384 5556 hunc
1410 5501 1607 5564 locum,
1637 5500 1882 5568 Sirmon-

295 5567 428 5635 dum
473 5578 524 5632 in
552 5572 702 5643 Notis
731 5574 798 5629 ad
825 5573 1209 5644 Panegyricum
1258 5571 1522 5644 Aviti,__c_t
1550 5567 1880 5622 Hadrianum

298 5646 571 5704 Valesium
601 5639 656 5703 in
674 5644 867 5700 eodem
895 5639 1032 5712 libro
1053 5642 1241 5712 tertio,
1270 5656 1388 5712 pag.
1424 5639 1542 5712 lii.

373 5717 399 5754 ⁸³
433 5717 781 5773 Brassicanus
805 5720 860 5767 et
883 5711 1188 5765 Galesinius
1216 5708 1395 5778 legunt
1416 5708 1803 5780 longitudinem.

595 5810 868 5870 Panos.
911 5801 1096 5864 Llil..

2057 4807 2081 4836 ο
2109 4795 2311 4851 Contra
2338 4795 2536 4849 ldatius
2566 4793 2618 4846 in
2647 4790 2917 4845 Chronico
2946 4789 3020 4842 ait
3050 4786 3310 4843 Litorium
3341 4792 3580 4850 occisum

1983 4868 2152 4936 fuisse
2178 4874 2302 4936 post
2327 4865 2443 4936 dies
2471 4874 2867 4936 paucos_qu_am
2897 4866 3087 4936 captus
3112 4865 3214 4914 est.

1987 5007 1998 5019 .
2058 4927 3281 5019 ιτῇεράρτίωεξηςιυε,ίξίεξεξίξηιῑριιιειιερτυιει
3330 4932 3578 4989 hostibus

1986 5004 2346 5076 imperitabat,
2374 5018 2442 5056 ne
2460 4997 2582 5083 quis
2612 4998 2699 5080 hic
2722 4997 2808 5066 agi
2829 5004 2983 5070 putet
3009 4997 3076 5054 de
3097 4997 3319 5055 Hunnis.
3487 5071 3499 5078 _

2058 5085 2083 5122 s
2125 5073 2241 5128 Hoc
2291 5072 2412 5127 loco
2460 5069 2861 5137 Intelligendum
2919 5077 3003 5123 est
3046 5069 3247 5125 bellum
3295 5087 3324 5124 a
3354 5073 3576 5125 Casttno

1986 5145 2123 5199 duce
2151 5142 2395 5197 Romano
2441 5148 2821 5210 gestum_auno
2849 5138 2954 5192 622
2980 5138 3235 5195 adversus
3260 5138 3574 5210 Wandalos.

1986 5214 2184 5269 ldatius
2213 5212 2267 5266 in
2297 5207 2565 5268 Chroiico
2586 5207 2890 5288 _:‘__Caslt_inus
2930 5211 3176 5288 magister
3216 5209 3436 5288 militum
3459 5221 3572 5288 cum

1989 5300 2177 5355 magna
2204 5299 2360 5364 manu
2397 5292 2446 5337 et
2473 5281 2686 5354 auxiliis
2729 5273 3035 5361 Gothorum'
3062 5277 3264 5360 bellum.
3289 5277 3342 5327 in
3380 5273 3577 5359 piratica

1990 5352 2268 5408 Wandalis
2306 5355 2464 5408 infert
2491 5370 2507 5406 :
2539 5368 2665 5408 auos
2700 5366 2813 5404 cunt
2851 5349 2921 5401 ad
2946 5362 3177 5408 ineptam
3216 5359 3263 5396 tu
3293 5340 3576 5401 obsidionis

1990 5355 2268 5408 Wandalis
2306 5355 2464 5425 infert
2491 5370 2507 5406 :
2539 5368 2665 5424 quos
2700 5366 2813 5404 cum
2851 5355 2921 5401 ad
2946 5355 3177 5416 inopiam
3216 5359 3263 5396 vt
3293 5355 3576 5422 ensiaionis

1990 5433 2212 5479 arctaret
2243 5425 2372 5478 adeo
2399 5433 2455 5478 ut
2493 5440 2548 5478 se
2586 5420 2789 5476 tradere
2821 5419 2934 5488 jam
2976 5421 3240 5488 pararent,
3271 5416 3576 5488 _tnconsulte

1992 5494 2192 5566 publica
2222 5496 2498 5566 certamine
2546 5482 2849 5566 confligens.
2899 5482 3218 5566 αξὼὶζὶρνξιπξ
3259 5483 3442 5566 [τέκμαρ
3472 5489 3576 5566 _¢le-

2207 5547 2658 5636 adTarraconani
2701 5547 2858 5611 Fictus
2892 5549 3087 5619 eﬂ'ugit.
3122 5547 3269 5608 Vide
3284 5551 3449 5611 llard.
3472 5558 3577 5613 νεα

1988 5633 2200 5698 lesiutn,
2230 5648 2350 5704 pag.
2383 5633 2501 5684 121.
3593 5644 3604 5648 -

2061 5704 2085 5741 ¹¹
2127 5704 2285 5758 Forte
2317 5703 2486 5771 fuerit.
3021 5704 3026 5708 ·

3246 5781 3299 5856 ὅ
