4088 6360
286 352 393 407 “5

1353 347 1440 402 DE
1479 343 2006 404 GUBERNATIONE
2047 346 2158 401 DEI
2199 347 2324 403 LIB.
2371 347 2479 406 VII.

3470 351 3574 411 M6

288 460 501 518 Domini
533 460 637 516 mei
668 459 962 516 ministerio
1010 459 1367 515 reverentiam
1415 474 1602 524 servo;
1647 468 1701 513 et
1739 473 1873 528 quos
1905 463 1951 519 Α
1986 459 2139 531 135
2168 460 2363 530 piaculi
2393 465 2823 521 exsecrationem
2843 475 2946 534 est,
2976 465 3150 523 scelus
3177 481 3442 524 summum
3473 471 3573 526 ad-

288 554 362 609 ita
392 553 540 608 solos
569 568 735 623 puros
770 552 931 608 fuisse
965 551 1197 608 arbitror
1237 552 1289 606 in
1325 551 1550 618 altario,
1578 552 1716 606 sicut
1760 567 1881 623 per-

286 646 541 704 euntibus
562 643 812 700 Sodomis
830 644 1004 699 solum
1019 642 1156 700 Loth
1186 642 1347 699 fuisse
1373 643 1598 712 legimus
1627 643 1678 697 in
1700 653 1884 700 monts

287 738 448 810 (Gen.
475 755 583 804 xix,
607 738 718 807 30).
742 737 1008 794 Ceterum
1028 747 1287 808 quantum
1309 737 1375 792 ad
1395 737 1606 808 plebem
1625 737 1880 808 pertinet,

287 831 410 901 quis
432 830 483 885 in
509 831 598 886 illo
620 844 845 886 numero
869 839 979 884 tam
1010 829 1293 886 innumero
1312 839 1492 886 castus
1513 828 1648 884 fuit?
1675 837 1881 884 castum

286 923 432 980 dico.
461 923 630 1000 ἰδῇ
658 923 790 991 Quis
813 938 921 979 non
951 921 1288 987 fornicarius,
1310 937 1418 977 non
1439 920 1668 988 adulter,
1699 930 1755 976 et
1779 921 1883 977 hoc

287 1018 408 1073 sine
435 1016 757 1082 cessatione,
789 1017 907 1072 sine
932 1016 1199 1072 termino?
1230 1014 1458 1071 Rursum
1487 1014 1760 1096 clamitent
1789 1014 1896 1096 ita:

288 1123 400 1178 que
430 1121 652 1168 necesse
670 1116 786 1176 est.
798 1106 929 1176 Qua;
948 1121 1073 1178 spes
1096 1107 1147 1161 in
1170 1106 1263 1164 illo
1292 1105 1491 1180 populo
1511 1093 1630 1162 esse
1649 1093 1898 1176 poterat;

289 1199 381 1254 ubi
411 1214 534 1255 cum
565 1214 702 1255 unus
724 1197 989 1255 interdum
1013 1197 1222 1256 all-lu
1239 1191 1886 1270 )plebcmcdla'uti-

289 1310 410 1352 cam
432 1296 654 1367 polluat,
681 1295 752 1350 ibi
774 1294 915 1350 inter
943 1303 1024 1350 tot
1051 1293 1216 1348 millia
1243 1293 1288 1349 si
1309 1279 1715 1362 diligentissime
1733 1306 1883 1362 qua:-

290 1401 463 1451 t-eres,
487 1395 694 1442 castum
717 1385 801 1440 vel
826 1387 879 1440 in
893 1384 1132 1441 Ecclesia
1153 1384 1397 1440 invenire
1418 1384 1505 1439 vix
1527 1398 1737 1455 posses.
1758 1381 1887 1438 Plus

291 1479 462 1534 multo
489 1479 683 1536 dicam.
719 1477 930 1534 Utinam
961 1479 1074 1535 hmc
1101 1489 1284 1535 essent
1322 1479 1438 1535 sola
1465 1472 1602 1549 qua!
1629 1477 1885 1543 diximus,

293 1581 354 1628 et
373 1580 628 1628 contenta
652 1571 758 1626 illic
778 1571 1016 1626 virorum
1041 1570 1321 1642 impuritas
1348 1569 1536 1626 fuisset
1561 1569 1691 1626 solis
1711 1569 1888 1625 sordi-

291 1665 480 1719 olarum
505 1663 786 1719 mulierum
809 1662 1254 1720 fornicationibus
1275 1662 1543 1732 inquinari
1565 1663 1578 1716 ε
1603 1662 1736 1717 lllttd
1763 1677 1888 1732 gra-

293 1762 412 1815 vius
440 1771 495 1815 ct
521 1759 821 1824 scelestius,
849 1758 995 1829 quod
1024 1759 1114 1814 illa
1141 1757 1208 1814 de
1234 1758 1430 1828 quibus
1454 1758 1645 1813 beatus
1672 1765 1891 1827 aposto-

1985 552 2199 608 mittere
2226 562 2282 608 et
2309 553 2572 624 pudorem
2610 557 2828 614 sceleris
2869 575 2976 616 non
3015 559 3231 616 habere.
3273 559 3413 628 Quid
3442 578 3578 633 rogo

1986 643 2100 700 fieri
2130 645 2238 702 illic
2266 646 2626 718 prodigiosius
2653 652 2864 720 potuit?
2891 651 2950 707 ln
2988 652 3119 709 urbe
3143 651 3447 709 Christiana
3472 695 3486 719 ,
3521 655 3577 709 in

1985 737 2118 793 urbe
2165 738 2560 806 ecclesiastica,
2613 755 2775 810 quam
2821 743 3096 812 quondam
3149 744 3408 802 doctrinis
3461 745 3575 801 suis

1986 828 2014 870 δ
2043 831 2275 902 apostoli
2306 832 2681 899 instituerant,
2720 848 2886 903 quam
2924 836 3267 905 passionibus
3293 837 3404 892 suis
3431 851 3578 892 mar-

1986 933 2136 997 tyres
2159 934 2505 993 coronarant,
2542 928 2642 982 viri
2681 928 2735 982 in
2773 929 3077 1000 semetipsis
3105 929 3333 986 feminas
3360 930 3581 1003 proﬁte-

1987 1018 2202 1082 bantur,
2253 1026 2308 1073 et
2353 1017 2458 1075 hoc
2503 1019 2622 1074 sine
2666 1018 2886 1090 pudoris
2931 1020 3264 1087 umbraculo,
3311 1021 3427 1077 sine
3473 1021 3583 1076 ullo

1987 1109 2323 1165 verecundia:
2351 1110 2550 1167 amictu
2578 1098 2592 1164 ἑ
2615 1126 2678 1167 ac
2705 1111 2801 1176 sic,
2825 1112 2977 1181 quasi
2999 1127 3187 1182 parum
3215 1113 3413 1183 piaculi
3441 1127 3585 1168 esset

1987 1204 2034 1259 si
2062 1205 2204 1260 malo
2233 1204 2324 1261 illo
2352 1206 2617 1262 malorum
2647 1215 2852 1262 tantum
2876 1207 3285 1278 inquinarentur
3310 1219 3583 1273 auctores,

1992 1311 2089 1368 per
2114 1298 2382 1369 publicam
2410 1300 2633 1355 sceleris
2661 1301 3052 1372 professionem
3081 1301 3243 1359 flebat
3271 1303 3434 1357 etiam
3462 1318 3587 1358 see-

1991 1387 2073 1443 lus
2120 1388 2340 1456 integra:
2386 1387 2636 1446 civitatis.
2669 1387 2897 1447 νιωιι
2941 1392 3139 1464 quippe
3185 1392 3289 1446 hoc
3335 1392 3587 1451 universa

1991 1479 2152 1545 urbs,
2183 1488 2239 1536 et
2267 1481 2574 1552 patiebatur
2604 1500 2617 1535 :
2651 1481 2905 1538 videbant
2927 1482 3156 1552 iudices,
3187 1490 3243 1538 et
3271 1467 3587 1550 acquiesce-

1991 1573 2121 1627 bant
2150 1591 2162 1626 :
2188 1574 2420 1644 populus
2442 1573 2676 1641 videbat,
2702 1584 2756 1630 et
2775 1574 3135 1646 applaudebat
3158 1592 3172 1628 :
3197 1588 3260 1629 ac
3288 1573 3367 1629 sic
3392 1571 3588 1628 diffuso

1992 1679 2093 1735 per
2115 1672 2285 1720 totam
2305 1666 2493 1722 urbem
2521 1666 2801 1722 dedecoris
2820 1666 3144 1736 scelerisque
3165 1665 3460 1728 consortio,
3483 1663 3589 1723 etsl

1995 1759 2099 1814 hoc
2126 1774 2414 1814 commune
2441 1760 2692 1815 omnibus
2722 1775 2828 1815 non
2859 1759 3088 1815 faciebat
3107 1768 3278 1824 actus,
3302 1772 3590 1814 commune

293 1853 377 1907 lns
405 1850 620 1916 Paulus,
665 1867 786 1908 cum
815 1865 1022 1906 summa
1051 1849 1216 1906 animi
1241 1849 1625 1906 lamentatione
1651 1862 1887 1918 conque—
1917 1851 1966 1912 B
1991 1852 2243 1906 omnibus
2271 1851 2502 1908 faciebat
2529 1866 2794 1908 assensus.
2834 1850 2940 1907 Sed
2971 1851 3090 1907 linis
3119 1850 3408 1922 aliquando
3437 1849 3591 1905 forsi-

292 1945 430 1999 ritnr
454 1943 630 2014 (llam.
658 1961 700 2010 ι,
723 1944 796 1999 23
815 1945 1002 2016 seqq.),
1027 1943 1080 1999 in
1103 1942 1244 1999 Afris
1267 1958 1406 2014 pene
1426 1943 1606 1998 omnia
1631 1942 1881 2009 fuerunt;

292 2036 496 2091 scilicet
531 2037 657 2105 quia
688 2036 946 2102 masculi,
998 2035 1187 2091 relicto
1233 2035 1463 2090 naturali
1511 2051 1610 2090 usu
1654 2034 1883 2101 fcmimc,

293 2136 611 2184 exarserunt
657 2127 708 2181 in
738 2126 1021 2182 desideriis
1046 2126 1160 2181 suis
1190 2125 1244 2180 in
1287 2125 1515 2179 invicem
1533 2166 1548 2190 ,
1582 2124 1806 2179 masculi
1836 2125 1891 2178 in

294 2217 565 2274 masculos
619 2215 1004 2287 turpitudinem
1066 2224 1421 2278 exercentes,
1480 2224 1537 2268 et
1586 2213 1893 2269 mercedem

295 2324 458 2380 quam
497 2310 738 2380 oportuit
765 2309 968 2364 erroris
1006 2309 1088 2363 sui
1119 2309 1172 2362 in
1209 2306 1515 2376 semetipsis
1552 2306 1890 2376 recipientcs.

297 2402 365 2457 Et
393 2405 532 2459 sicut
564 2417 672 2457 non
717 2401 1087 2472 probaverunt
1133 2400 1298 2456 Deum
1346 2399 1545 2454 habere
1587 2400 1640 2454 in
1686 2400 1893 2465 notitia,

298 2493 521 2548 tradidit
550 2493 669 2546 illos
698 2492 840 2547 Deus
879 2491 934 2547 in
977 2493 1266 2563 reprobtnn
1304 2506 1540 2556 sensum,
1594 2500 1652 2544 ut
1698 2490 1897 2559 faciant

301 2598 426 2652 qtue
457 2597 563 2638 non
593 2584 862 2639 convenit.
893 2583 1137 2652 Nunquid
1168 2583 1269 2639 hoc
1296 2583 1485 2638 beatus
1511 2583 1800 2654 Apostolus
1826 2581 1896 2638 de

306 2675 548 2730 barbaris
575 2691 639 2731 ac
664 2675 792 2733 feris
819 2675 1068 2744 gentibus
1094 2674 1263 2730 dixit?
1304 2691 1412 2730 non
1441 2676 1624 2745 utique
1646 2715 1661 2741 ,
1702 2674 1797 2730 sed
1824 2674 1894 2731 de

305 2767 491 2833 nobis,
523 2766 573 2821 id
602 2777 712 2833 est,
754 2767 1062 2838 specialiter
1086 2766 1154 2821 de
1184 2767 1443 2822 llomanis
1467 2785 1479 2820 :
1510 2782 1650 2838 quos
1675 2767 1892 2837 quidem

300 2859 432 2926 Afri,
457 2860 582 2928 quia
613 2874 950 2929 nequaquam
979 2859 1108 2915 olim
1137 2860 1354 2916 vincere
1382 2861 1608 2931 imperio
1636 2876 1700 2916 ac
1727 2861 1894 2916 subli-

299 2953 489 3010 tnitate
517 2939 830 3015 valuerunt,
862 2953 1009 3024 quod
1044 2963 1333 3023 potuerunt
1363 2971 1523 3010 unum
1542 2997 1557 3019 ,
1589 2955 1896 3026 impunitate

303 3045 568 3098 vicerunt.
627 3042 947 3112 Quicunque
974 3057 1104 3112 ergo
1125 3044 1246 3112 jure
1273 3059 1334 3099 se
1362 3045 1490 3100 mihi
1521 3045 1681 3101 irasci
1719 3054 1892 3116 putat,

301 3135 471 3204 magis
490 3135 750 3206 Apostolo
781 3135 1044 3191 irascatur
1069 3154 1082 3188 :
1114 3136 1321 3192 scilicet
1348 3138 1474 3207 quia
1495 3137 1639 3206 quod
1669 3137 1898 3192 dicimus

1993 1952 2081 1998 tan
2111 1943 2236 1997 mali
2267 1952 2363 1997 aut
2389 1944 2698 1999 emendatio
2727 1944 2907 2013 aliqua
2937 1943 3073 1999 labis
3101 1943 3254 1998 istius
3283 1942 3418 1997 fuit?
3456 1940 3590 2008 Quis

1990 2033 2212 2089 credere
2240 2043 2334 2087 aut
2361 2035 2523 2088 etiam
2552 2034 2738 2088 audire
2766 2035 2937 2106 possit
2963 2034 3295 2089 convertisse
3326 2033 3377 2086 in
3412 2042 3434 2071 ο
3466 2029 3587 2085 m'u-

1995 2125 2218 2180 liebrem
2249 2126 2593 2180 tolerantiam
2624 2127 2768 2180 viros
2814 2142 2922 2181 non
2970 2127 3124 2184 usuin
3172 2135 3382 2180 tantum
3429 2134 3592 2192 atque

1998 2225 2279 2281 naturam,
2312 2218 2408 2271 sed
2438 2218 2601 2272 etiam
2630 2218 2834 2272 vultum
2853 2259 2868 2283 ,
2903 2218 3167 2274 incessum
3186 2258 3202 2282 ,
3232 2217 3473 2272 habitum
3491 2257 3506 2281 ,
3538 2224 3596 2271 et

2003 2316 2174 2362 totum
2206 2308 2422 2378 penitus
2451 2307 2709 2379 quidquid
2738 2319 2829 2366 aut
2857 2310 2910 2365 in
2959 2324 3091 2366 sexu
3136 2317 3219 2364 est
3260 2319 3352 2363 aut
3396 2309 3448 2364 in
3496 2323 3596 2367 ustt

2003 2400 2100 2454 viri
2134 2417 2146 2452 :
2180 2400 2320 2455 adeo
2348 2414 2503 2454 versa
2535 2401 2587 2454 in
2616 2400 2886 2456 diversum
2928 2401 3110 2456 omnia
3139 2410 3324 2467 erant,
3370 2409 3430 2455 ut
3470 2414 3596 2457 cum

1999 2490 2128 2544 viris
2157 2490 2288 2544 nihil
2319 2491 2491 2559 magis
2520 2491 2712 2561 pudori
2755 2507 2875 2549 esse
2916 2495 3166 2563 operteat
3207 2506 3370 2562 quam
3397 2491 3443 2546 si
3472 2507 3594 2546 mu-

1999 2580 2166 2636 liebre
2195 2581 2396 2650 aliquid
2428 2582 2480 2636 in
2509 2597 2569 2637 se
2597 2583 2800 2641 habere
2827 2584 3138 2650 videantur;
3170 2582 3278 2639 illic
3305 2582 3435 2639 nihil
3466 2582 3595 2638 viris

1996 2672 2318 2742 quibusdam
2348 2675 2558 2746 turpius
2586 2674 2859 2732 videretur
2883 2690 3047 2746 quam
3092 2675 3139 2730 si
3186 2675 3240 2729 in
3285 2674 3466 2745 aliquo
3494 2673 3596 2729 viri

2001 2763 2324 2820 viderentur.

2071 2854 2210 2910 XIX.
2243 2856 2351 2911 Sed
2379 2871 2677 2926 paucorum
2713 2857 2816 2912 hoc
2835 2898 2849 2921 ,
2883 2857 3091 2926 inquis,
3123 2855 3357 2910 dedecus
3381 2841 3512 2920 fuit;
3543 2863 3599 2912 et

1999 2949 2145 3018 quod
2177 2963 2284 3022 non
2313 2963 2344 3003 a
2374 2947 2616 3019 pluribus
2644 2956 3018 3019 perpetratum
3046 2957 3148 3014 est,
3172 2948 3381 3004 cunctis
3401 2962 3599 3003 nocere

2003 3055 2110 3096 non
2140 3042 2335 3112 potuit.
2368 3039 2486 3095 Jam
2515 3040 2730 3111 quidem
2759 3056 2921 3112 supra
2951 3040 3060 3098 dixi
3089 3039 3403 3111 smpissime,
3429 3040 3480 3093 in
3504 3038 3600 3100 Del

2005 3134 2206 3204 populo
2233 3134 2396 3189 etiam
2427 3135 2585 3190 unius
2613 3133 2818 3192 facinus
2845 3143 3054 3206 pestem
3083 3133 3246 3190 fuisse
3274 3133 3598 3197 multorum;

303 3240 401 3280 nos
439 3224 603 3282 fuisse
645 3225 823 3289 Afros,
867 3225 972 3281 hoc
1001 3225 1090 3280 ille
1116 3225 1254 3280 dixit
1291 3225 1542 3282 dominos
1566 3241 1753 3283 eorum
1779 3243 1900 3284 esse
1925 3223 1974 3286 Β
2005 3226 2144 3281 sicut
2171 3241 2238 3280 ex
2263 3224 2406 3281 furto
2436 3226 2613 3282 Achar
2639 3226 2869 3298 populus
2888 3227 2995 3281 ruit
3017 3224 3200 3300 (Iosue
3224 3224 3342 3295 vn),
3365 3225 3503 3280 sicut
3530 3237 3599 3278 ex

304 3315 598 3371 Romanos.

2006 3318 2123 3372 zelo
2155 3318 2332 3374 Saulis
2360 3326 2479 3374 orta
2509 3327 2592 3374 est
2620 3319 2924 3390 pestilentia
2950 3317 2999 3390 (l
3032 3317 3159 3390 Reg.
3189 3334 3274 3373 sis
3294 3318 3333 3386 ),
3366 3317 3504 3373 sicut
3531 3329 3600 3372 ex

375 3369 694 3463 Sed
720 3409 861 3464 forte
889 3409 975 3464 vel
1029 3409 1081 3464 id
1127 3411 1394 3466 occultant
1440 3412 1586 3482 quod
1626 3369 2187 3483 loqttiitithcti
3175 3369 3598 3481 sxw).

301 3511 440 3567 erat,
466 3512 560 3556 aut
584 3503 776 3558 saltem
798 3503 902 3559 hoc
927 3503 1281 3574 providebant
1305 3514 1686 3576 procuratores
1715 3523 1782 3562 ne
1803 3523 1896 3578 pu-

305 3595 457 3651 blimc
483 3596 680 3666 passim
709 3596 1006 3667 disciplime
1043 3597 1231 3654 oculos
1257 3599 1492 3655 civitatis
1518 3599 1724 3656 scelera
1765 3615 1895 3670 pro-

307 3687 482 3757 palata
535 3688 856 3758 polluerent.
901 3687 1056 3756 Quod
1102 3689 1148 3744 si
1197 3688 1396 3745 factum
1445 3691 1629 3760 utique
1674 3691 1893 3761 fuisset,

2003 3502 2082 3558 Ita
2111 3511 2195 3559 est
2229 3505 2375 3558 enim
2414 3502 2510 3559 Dei
2538 3502 2775 3558 Ecclesia
2816 3504 2968 3575 quasi
3013 3502 3222 3562 oculus.
3269 3501 3404 3554 Nam
3449 3507 3506 3554 ut
3547 3497 3602 3553 in

2007 3598 2223 3653 oculum
2253 3598 2415 3653 etiam
2443 3598 2488 3652 si
2517 3612 2682 3668 parva
2712 3596 2901 3653 sordes
2930 3595 3161 3660 incidat,
3207 3603 3381 3650 totum
3422 3594 3603 3652 lumen

2013 3691 2173 3763 ιω
2198 3690 2468 3757 obczecat,
2511 3689 2589 3744 sic
2624 3690 2678 3743 in
2711 3687 2738 3726 ἀ
2773 3689 3141 3746 ecclesiastico
3181 3701 3410 3756 corpore
3438 3686 3604 3741 etiam

303 3781 551 3848 quamvis
596 3781 749 3837 tnulti
778 3782 1111 3838 exstitissent
1139 3797 1304 3854 opere
1352 3783 1469 3854 ipso
1513 3784 1743 3851 sordidi,
1792 3801 1902 3842 non
2005 3784 2050 3840 si
2093 3783 2250 3854 pauci
2291 3781 2508 3838 sordida
2555 3779 2780 3846 faciant,
2823 3796 2993 3851 prope
3030 3789 3203 3836 totum
3252 3776 3605 3836 ecclesiastici

264 3899 266 3902 ν
306 3886 497 3926 omnes
525 3881 702 3928 tamen
754 3872 966 3928 fuerant
993 3874 1115 3928 visu
1142 3882 1304 3942 atque
1328 3875 1508 3930 animo
1529 3874 1822 3940 sordidati;
1848 3886 1906 3930 et
2005 3875 2310 3945 splendoris
2349 3874 2531 3927 lumen
2583 3871 2867 3926 olfuscant.
2920 3870 2987 3924 Et
3033 3867 3154 3925 ideo
3200 3869 3450 3923 Salvator
3491 3869 3607 3940 ipse

303 3962 448 4018 solet
471 3963 602 4018 satis
624 3979 711 4019 res
730 3963 1015 4032 flagitiosa,
1037 3962 1254 4032 quando
1283 3963 1460 4031 agitur
1487 3966 1715 4030 occulte,
1747 3966 1906 4022 Iidem
2006 3965 2360 4036 principalem
2370 3962 2624 4018 Ecclesite
2633 3969 2843 4032 partem
2857 3960 3072 4015 oculum
3085 3955 3604 4018 nominavitdicens:

309 4051 566 4107 facinoris
588 4052 1120 4121 nonmereri.Supra
1135 4065 1353 4107 omnem
1373 4061 1554 4106 autem
1575 4057 1907 4111 monstruosi
2014 4055 2251 4110 Lucerna
2281 4055 2515 4125 corporis
2545 4053 2617 4106 tui
2656 4061 2733 4105 est
2770 4052 2946 4105 oculus
2989 4059 3123 4106 tuus.
3172 4049 3234 4108 Si
3275 4050 3450 4106 oculus
3490 4059 3608 4110 tutu

1495 4209 1835 4268 STEPHANI
1875 4212 2148 4270 BALUZII
2184 4211 2413 4268 NOTAE.

383 4359 410 4388 ι
441 4349 497 4405 Id
526 4357 642 4421 est,
693 4348 952 4421 populum
971 4347 1253 4421 Ecclesia:
1279 4349 1394 4403 sive
1427 4349 1580 4421 urbis
1625 4349 1908 4421 Carthagi-

383 4359 410 4388 ι
441 4349 497 4433 ld
526 4357 642 4414 est,
693 4348 951 4421 populum
999 4347 1253 4404 Ecclesia:
1279 4349 1394 4403 sive
1435 4349 1580 4432 urln‘s
1602 4349 1893 4474 .Carthagi-

269 4469 272 4471 Α
304 4436 510 4477 nensis.
549 4420 722 4491 Supra
765 4433 884 4490 pag.
927 4418 1000 4472 45
1031 4439 1045 4472 :
1077 4419 1294 4490 populos
1326 4419 1720 4491 ecclesiasticos.
1761 4421 1818 4476 ιιι
1847 4438 1893 4476 ra

2011 4364 2149 4422 gnus
2173 4350 2266 4406 hh.
2291 4365 2328 4416 ι,
2354 4347 2514 4431 epist.
2547 4346 2776 4430 75,'qu:e
2807 4346 2874 4431 ad
2893 4363 2990 4427 eos
3017 4349 3219 4421 scripta
3244 4358 3347 4406 est.
3377 4351 3606 4421 Vulgata

2011 4423 2196 4491 itaque
2225 4421 2520 4475 ambitione
2546 4421 2900 4491 antiquitatis,
2928 4418 3056 4474 dum
3085 4419 3337 4489 quaelibet
3367 4419 3606 4480 Ecclesia

2011 4418 2196 4492 itaque
2225 4418 2520 4475 ambitione
2546 4418 2900 4492 antiquitatis,
2928 4418 3056 4474 dum
3085 4418 3337 4489 quaelibet
3367 4418 3607 4480 Ecclesia

303 4506 429 4562 pag.
465 4491 567 4544 ltili
599 4488 696 4562 {in
725 4488 1085 4562 ecclesiastico
1103 4488 1335 4562 corpore.
1371 4488 1440 4544 Et
1483 4505 1604 4560 pag.
1634 4490 1742 4546 2l6
1777 4504 1905 4548 τορε-

303 4560 610 4636 Elesigslicge
639 4560 820 4636 plebis.

379 4632 406 4672 δ
430 4629 657 4687 Putabat
671 4631 954 4687 Salvianus
968 4629 1264 4686 Ecclesiam
1285 4631 1761 4701 Carthaginensem
1784 4648 1903 4690 esse

304 4718 469 4758 unam
497 4719 566 4758 ex
594 4701 1018 4774 aposto_licis._ln
1047 4716 1159 4774 quo
1187 4701 1378 4774 falsum
1417 4702 1564 4757 illum
1595 4703 1760 4774 fuisse
1788 4719 1904 4758 ma-

2009 4489 2755 4573 antiquissimampriginem
2780 4489 2896 4571 sibi
2942 4505 3186 4573 asserere
3233 4500 3479 4573 conatur,
3530 4493 3606 4573 in-

2010 4559 2158 4643 venti
2206 4569 2332 4643 sunt
2379 4562 2471 4643 qui
2509 4575 2636 4617 suos
2682 4559 2876 4643 Africa:
2921 4561 3199 4643 apostolos
3226 4561 3602 4643 vindicarent,

2010 4632 2230 4689 Petrum
2276 4629 2532 4702 nimirum
2573 4629 3284 4702 apostolorum'principem
3314 4640 3370 4686 et
3401 4631 3606 4686 Lauda-

2009 4713 2123 4758 tum
2170 4701 2460 4772 quemdam
2507 4699 3135 4772 primttm_Carthaginis
3166 4699 3493 4772 episcopum
3536 4702 3606 4772 ab

303 4774 557 4829 nifestum
599 4766 702 4830 est.
752 4771 886 4826 Nam
916 4766 1279 4842 Terttillianus
1299 4812 1314 4835 ,
1367 4773 1530 4828 homo
1560 4773 1687 4829 Afer
1709 4814 1725 4838 ,
1769 4775 1904 4829 dum
1930 4766 1982 4826 D
2009 4766 2271 4842 apostolis
2299 4766 2627 4842 ordinatum.
2654 4770 2778 4842 Sed
2808 4771 2905 4824 has
2931 4766 3108 4842 nn'gas
3137 4766 3331 4826 merito
3365 4766 3606 4842 explodit

302 4844 633 4914 apostolicas
659 4842 929 4914 Ecclesias
950 4850 1217 4914 recenset,
1247 4841 1722 4911 Carthaginensem
1746 4845 1902 4914 omit-

302 4911 392 4978 tit,
426 4931 543 5000 pou
583 4914 881 5000 emissurus
917 4911 1220 5000 hauddubie
1257 4914 1303 4968 si
1339 4927 1446 4981 qua
1486 4915 1780 5000 antiquitus
1820 4913 1899 4997 fa-

301 5001 393 5044 tua
425 4984 613 5040 fuisset
639 4984 917 5054 apostolos
935 4990 1274 5054 penetrasse
1320 4997 1491 5052 usque
1519 4983 1586 5038 ad
1614 4983 1898 5054 Carthagi-

302 5071 451 5112 nem.
485 5053 689 5112 Verum
713 5054 838 5124 quia
859 5053 1098 5124 Salviani
1125 5061 1288 5108 aetate
1315 5054 1740 5124 catholiciintra
1768 5053 1902 5108 Afri-

301 5142 426 5182 cam
448 5123 848 5182 contendebant
878 5123 1158 5178 Africanos
1180 5125 1248 5178 ab
1269 5123 1530 5192 apostolis
1552 5123 1901 5192 Evangelium

301 5197 600 5266 accepisse,
645 5195 788 5266 quod
814 5210 861 5266 7a
908 5193 1206 5266 Donatistis
1237 5193 1537 5266 praefracte
1580 5195 1898 5266 negabatur,

302 5263 592 5322 Salvianus
643 5263 768 5321 odio
808 5265 950 5320 haud
997 5264 1159 5319 dubie
1189 5263 1446 5318 adversus
1493 5265 1798 5320 Donatistas
1845 5273 1902 5320 et

303 5352 496 5394 amore
532 5337 920 5394 catholicorum
964 5334 1120 5391 facile
1157 5335 1441 5406 amplexus
1472 5336 1900 5406 estopinionem

302 5423 497 5478 eorum
537 5408 631 5478 qui
677 5407 941 5478 dicebant
972 5406 1134 5478 Afros
1160 5405 1466 5478 Christiana
1515 5405 1634 5478 fide
1664 5407 1899 5462 imbutos

302 5477 475 5550 fuisse
495 5476 862 5550 abapostolis.
883 5476 1116 5550 Videbat
1130 5484 1389 5550 praeterea
1417 5476 1899 5550 Carthaginensem

301 5546 636 5632 episcopum
650 5547 948 5632 aequalibus
966 5546 1269 5632 privilegiis
1287 5546 1388 5601 frui
1417 5564 1537 5632 cum
1567 5549 1899 5632 aptistitibus

387 5616 672 5675 clesiarum
717 5616 1178 5687 apostolicarum;
1222 5617 1449 5687 ideoque
1496 5616 1648 5672 facile
1677 5616 1752 5671 illi
1799 5617 1899 5672 fuit

301 5692 540 5746 transire
580 5692 632 5745 in
663 5703 782 5745 eam
825 5687 1148 5755 sententiam
1194 5702 1312 5755 qua:
1342 5688 1556 5742 volebat
1591 5687 1894 5742 Africanam

301 5759 606 5816 Ecclesiam
648 5761 716 5814 ab
745 5754 1002 5827 apostolis
1029 5755 1191 5827 fuisse
1215 5754 1510 5812 fundatam.

301 5832 468 5891 midis
508 5845 724 5903 quoque
753 5824 1015 5885 creditum
1054 5824 1218 5880 fuisse
1255 5827 1414 5881 docet
1441 5824 1744 5897 Gregorius,
1778 5828 1892 5883 Ma-

1545 5757 1698 5825 Quod
1732 5775 1763 5813 a
1792 5758 1893 5812 Nu-
1935 5774 1940 5779 '

2008 4840 2404 4900 illustrissimus
2430 4840 2718 4896 cardinalis
2746 4840 3028 4895 Baronius.

2083 4925 2104 4952 ο
2135 4914 2224 4969 Sic
2248 4911 2396 4982 apud
2440 4910 2755 4982 Sallustium
2795 4909 3106 4982 in_Ca_ti|ina
3139 4929 3152 4964 ε
3203 4910 3314 4982 Viri
3344 4915 3453 4975 pali
3492 4927 3606 4967 ntu-

2007 4984 2208 5038 liebn‘a.
2244 4978 2311 5036 Et
2354 4981 2495 5050 apud
2525 4980 2801 5052 Tacitum,
2837 4979 2904 5035 de
2926 4978 3201 5052 Qesonino
3235 5000 3249 5036 :
3289 4981 3353 5036 In
3386 4983 3475 5038 illo
3507 4985 3602 5052 [αε-

2008 5055 2226 5108 dissimo
2246 5063 2374 5107 carm
2392 5049 2588 5122 passus
2609 5051 2899 5122 muliebria.
2925 5049 3164 5122 Muretus
3188 5069 3318 5108 vero
3341 5049 3524 5108 noster
3549 5053 3606 5105 in

2009 5119 2413 5179 commentario
2468 5121 2536 5175 ad
2593 5120 2881 5177 secundam
2945 5119 3314 5178 Catilinariam
3381 5127 3606 5176 annotat

2011 5193 2390 5264 Massilienses,
2413 5191 2504 5262 qui
2534 5200 2716 5247 essent
2744 5191 2945 5264 alioqui
2970 5195 3195 5264 foptimis
3221 5189 3604 5264 sanctissitnis-

2011 5279 2116 5334 que
2146 5263 2352 5332 legibus
2400 5259 2645 5334 instructi
2670 5305 2684 5329 ,
2729 5279 2836 5319 non
2867 5259 2938 5316 ob
2968 5259 3081 5334 hoc
3118 5262 3324 5334 traduci
3353 5259 3606 5322 debuisse

2011 5333 2079 5389 ab
2102 5335 2358 5404 Athenaeo
2386 5333 2531 5404 quod
2561 5335 2812 5389 mascula:
2837 5335 3020 5404 veneri
3046 5333 3217 5404 dediti
3244 5336 3448 5404 essent,
3478 5342 3605 5382 cum

2010 5405 2154 5480 apud
2200 5400 2745 5480 Cretenscs‘quoque
2793 5413 2849 5459 et
2885 5400 3325 5480 bacedazrnonios
3369 5412 3604 5480 quorum

2011 5467 2226 5544 uirique
2269 5467 2622 5530 sanctissimis
2658 5467 2736 5531 'ac
2761 5471 3116 5530 severissimis
3151 5467 3362 5544 legibus
3391 5469 3474 5525 usi
3503 5484 3610 5540 pu-

1973 5595 1975 5598 ι
2007 5541 2206 5612 tantur,
2249 5562 2542 5617 puerorum
2587 5556 2766 5600 tamen
2806 5554 3020 5597 amores
3049 5541 3250 5608 probro
3296 5561 3402 5601 non
3441 5545 3606 5603 duce-

2004 5627 2209 5672 rentur.

2073 5688 2100 5725 ά
2131 5687 2286 5810 ρίυὲιὶι
2315 5696 2528 5742 constat
2556 5703 2624 5740 ex
2653 5683 2865 5740 clericis
2893 5687 2947 5732 et
2977 5677 3148 5736 laieis.
3181 5684 3317 5742 Vide
3347 5689 3510 5744 Notas
3538 5686 3607 5743 ad

2075 5772 2126 5810 ιι.
2277 5796 2288 5808 .
3590 5793 3597 5802 ,

2001 5772 2126 5828 pag.
2166 5772 2288 5810 ιω.
