4088 6360
561 323 659 380 147

1514 321 1566 374 S.
1611 317 1928 378 SALVIAN
1971 315 2432 372 MASS’HJENSIS
2469 315 2892 374 PRESBYTERI

3713 327 3852 382 ’148

559 439 712 508 fuerit
727 397 964 510 simplex,
979 445 1138 492 totum
1158 451 1337 506 corpus
1359 443 1502 494 tuum
1521 433 1748 490 lucidum
1768 434 1892 488 erit:
1911 414 2144 486 siautem
2173 431 2220 490 Λ
2251 445 2356 483 non
2387 440 2592 485 crescat
2621 447 2742 486 cum
2785 431 3144 501 prosperitate
3175 433 3476 488 vitiositas?
3503 435 3579 489 Ac
3605 451 3702 506 per
3745 439 3852 494 hoc

558 531 734 598 artatus
763 540 878 586 tuus
907 531 1060 601 (lteri!
1078 543 1313 600 nequam,
1340 537 1500 586 totum
1527 543 1713 598 corpus
1745 535 1882 580 tuum
1907 523 2142 578 tenebro-

557 638 670 676 sum
691 624 788 678 erit
807 621 1022 694 (Nulli.
1055 637 1138 687 γι,
1155 619 1250 686 29..
1272 619 1386 690 35).
1423 618 1650 682 Ibideet
1679 617 1972 687 Apostolus
1997 634 2010 668 :
2037 613 2147 668 Nc-

557 715 718 780 scitis,
741 714 931 786 inquit,
963 716 1082 786 quia
1113 713 1378 774 modicum
1399 715 1708 786 fermentum
1737 720 1898 766 totum
1918 726 2146 766 massam

557 806 835 876 corrumpit
857 804 909 876 (ι
931 804 1052 864 Cor.
1081 823 1132 873 v,
1157 804 1248 875 6)?
1275 804 1535 874 Quamvis
1559 817 1665 872 ego
1691 804 1802 860 illic
1831 819 1940 858 non
1969 802 2144 872 modi-

555 910 678 954 cum
705 895 772 950 de
797 897 905 952 hoc
927 898 1098 966 inﬁdo.
1129 899 1228 954 sed
1255 898 1415 960 nimis
1443 882 1836 962 fuisse-dicam;
1877 911 1988 952 non
2019 896 2146 966 quia

551 985 740 1042 molles
769 987 988 1060 plurimi
1013 987 1232 1056 fuerint,
1259 990 1358 1048 sed
1385 990 1512 1058 quia
1539 989 1796 1046 mollities
1827 1003 2143 1058 paucorum.

485 1151 490 1158 Ι
551 1076 700 1134 labes
727 1087 811 1134 est
837 1080 1212 1152 plurimorum.
1237 1081 1369 1138 Nam
1397 1083 1500 1142 etsi
1519 1083 1686 1152 pauci
1713 1091 1840 1138 sunt
1865 1083 1956 1151 qui
1983 1081 2148 1136 dede-

551 1182 744 1224 corosa
775 1171 1096 1238 sustineant,
1127 1172 1280 1228 multi
1307 1181 1434 1228 sunt
1459 1174 1552 1243 qui
1579 1187 1874 1242 paucorum
1901 1171 2148 1228 sordibus

491 1249 494 1254 I
549 1259 880 1328 P011uantur.
911 1261 1064 1320 Sicut
1091 1265 1236 1324 enim
1263 1281 1370 1322 una
1397 1267 1654 1322 meretrix
1689 1266 1890 1322 multos
1913 1265 2147 1320 fornica—

549 1359 699 1408 tores
720 1351 869 1420 facit,
893 1355 969 1412 sic
989 1357 1276 1426 plurimam
1299 1360 1482 1430 populi
1509 1368 1722 1430 partem
1746 1359 1987 1428 inquinat
2013 1373 2147 1428 pau-

552 1458 742 1502 corum
772 1445 1204 1504 effeminatorum
1234 1451 1594 1512 abominanda
1619 1451 1926 1522 permixtio.
1957 1449 2025 1503 Et
2047 1465 2144 1504 ne-

549 1535 664 1590 scio
684 1535 775 1604 qui
797 1551 986 1594 eorum
1007 1548 1132 1595 ante
1153 1540 1324 1596 Deum
1343 1540 1640 1602 deteriores
1658 1541 1784 1607 sint,
1809 1555 1932 1596 ctua
1950 1539 2146 1609 aequali

545 1623 604 1678 in
627 1625 839 1696 scriptis
859 1628 1025 1688 sacris
1045 1637 1191 1684 sorte
1211 1629 1552 1690 damnentur.
1583 1629 1766 1703 Neque
1783 1632 1922 1686 enim
1943 1629 2144 1694 molles.

495 1779 498 1782 _
551 1715 742 1786 inquit,
790 1735 951 1792 neque
1001 1723 1352 1778 masculorum
1403 1723 1754 1782 concubitores
1793 1741 2007 1795 regnum
2047 1722 2148 1780 Dei

2247 530 2726 598 temperatissimus
2755 512 2915 585 fuisse
2945 527 3238 584 Wanda‘los
3266 539 3470 585 certum
3501 543 3602 600 est,
3633 535 3677 587 si
3705 543 3848 604 qua-

2249 621 2328 674 les
2357 621 2432 674 illi
2463 619 2679 676 fuerunt
2706 622 2798 690 qui
2833 621 2976 691 capti
3013 635 3075 676 ac
3111 621 3377 692 subjugali
3411 631 3557 688 sunt,
3601 626 3738 681 tales
3769 627 3850 682 illi

2245 713 2474 768 fuissent
2503 699 2753 768 victores.
2781 713 2950 782 Igitur
2977 713 3030 768 in
3063 721 3210 788 tanta
3241 711 3516 771 afﬂuentia
3537 731 3720 772 rerum
3763 729 3850 774 at—

2247 817 2354 872 que
2391 804 2598 858 luxuria
2635 805 2814 860 nullus
2849 819 3036 860 eorum
3075 805 3254 860 mollis
3283 805 3508 863 effectus
3536 811 3660 864 est?
3693 809 3850 866 Nun-

2249 895 2376 963 quid
2413 909 2602 964 parum
2635 896 2878 950 videtur?
2901 895 3064 950 Certe
3085 895 3423 953 familiariter
3441 899 3608 954 etiam
3637 901 3850 958 nobiles

2245 986 2354 1040 hoc
2381 984 2531 1040 fuere
2561 986 2810 1040 Romani.
2839 985 2944 1041 Sed
2967 987 3098 1056 quid
3130 987 3307 1043 adhuc
3339 987 3514 1045 addo?
3543 989 3731 1046 Nullus
3761 995 3852 1048 vel

2249 1078 2342 1148 qui
2383 1059 2748 1133 Romanorum
2798 1079 2906 1133 illic
2939 1079 3180 1133 moilium
3217 1081 3553 1150 pollueretur
3591 1085 3854 1139 incestu?
3913 1106 3916 1108 ·

2211 1157 2410 1224 Ὀθι-ιθ
2454 1171 2556 1226 hoc
2603 1170 2744 1240 apud
2795 1169 3073 1227 Romanus
3121 1171 3276 1244 168
3335 1173 3445 1243 jam
3483 1175 3692 1244 pridem
3741 1177 3854 1232 tale

2251 1261 2616 1318 existimatum
2641 1269 2743 1324 eat,
2763 1269 2822 1314 ut
2853 1263 3020 1317 virtus
3047 1265 3225 1333 potius
3245 1271 3528 1334 putaretur
3545 1281 3666 1321 esse
3685 1279 3852 1335 quam

2251 1353 2461 1418 vitium,
2493 1363 2550 1408 et
2579 1353 2656 1408 illi
2679 1365 2740 1408 se
2765 1355 2939 1422 magis
2966 1355 3138 1410 virilis
3161 1355 3488 1411 fortitudinis
3514 1371 3634 1412 esse
3662 1359 3852 1414 crede~

2251 1453 2374 1499 rent
2399 1435 2492 1514 qui
2521 1447 2755 1500 maxime
2775 1446 2921 1500 viros
2945 1445 3164 1501 feminei
3193 1463 3321 1502 usus
3343 1447 3714 1520 probrositate
3743 1449 3850 1506 fre~

2251 1537 2472 1604 sissent.
2513 1535 2662 1592 Unde
2691 1539 2853 1592 etiam
2895 1538 3028 1592 illud
3057 1540 3155 1593 fuit
3173 1581 3187 1604 ,
3233 1539 3376 1608 quod
3406 1539 3527 1596 lixis
3553 1557 3850 1618 puerorum

2251 1629 2526 1699 quondam
2567 1629 2841 1686 exercitus
2867 1631 3335 1700 prosequentibus,
3365 1631 3482 1686 luce
3507 1635 3664 1701 quasi
3711 1635 3851 1692 bene

2253 1721 2460 1804 meritis
2499 1720 2934 1792 expeditionibus
2961 1721 3226 1792 stipendia
3257 1723 3454 1779 laboris
3481 1725 3850 1782 decerneban-

547 1807 955 1884 possidebunt“
976 1809 1096 1866 Cor.
1118 1830 1201 1880 vi,
1247 1813 1357 1886 10).
1387 1814 1524 1870 Illud
1565 1830 1694 1884 ergo
1723 1817 1891 1886 magis
1919 1817 2148 1885 ingemi-
2179 1801 2230 1862 B
2257 1801 2343 1866 tur
2371 1819 2430 1864 ut
2467 1813 2594 1881 quia
2625 1813 2724 1866 viri
2755 1811 2924 1869 fortes
2961 1821 3182 1877 essent,
3216 1814 3360 1868 viros
3389 1815 3442 1870 in
3471 1816 3728 1872 mulieres
3763 1818 3848 1874 de

549 1900 808 1956 scendum
839 1909 1002 1972 atque
1030 1904 1320 1976 lugendum
1363 1915 1478 1974 est,
1507 1909 1654 1977 quod
1685 1909 1793 1964 tale
1836 1910 1942 1966 hoc
1967 1911 2148 1965 scelus

548 1991 754 2050 crimen
781 1995 946 2052 etiam
971 1999 1137 2054 totius
1155 2000 1472 2070 reipubliae
1497 2001 1798 2068 videbatur,
1819 2013 1876 2058 et
1895 2003 2146 2058 universa

549 2085 780 2144 Romani
807 2092 1044 2148 nominis
1072 2092 1304 2162 dignitas
1345 2095 1598 2152 facinoris
1638 2096 1932 2166 prodigiosi
1961 2097 2145 2152 inure-

495 2249 506 2262 ί
545 2171 716 2238 ὒδιωί
751 2179 990 2238 infamia.
1023 2183 1158 2240 Cum
1207 2187 1347 2240 enim
1393 2187 1714 2244 muliebrem
1757 2189 2000 2244 habitum
2043 2191 2144 2244 viri

545 2279 839 2346 sumerent,
859 2281 914 2328 et
927 2275 1100 2344 magis
1117 2291 1279 2346 quam
1300 2277 1552 2334 mulieres
1569 2279 1794 2346 gradum
1815 2279 2142 2350 frangerent,

448 2410 462 2419 ..
545 2377 672 2420 cum
711 2363 908 2422 indicia
957 2367 1060 2422 sibi
1106 2369 1354 2437 quaedam
1405 2379 1766 2432 monstruosa:
1815 2373 2144 2442 impuritatis

545 2451 904 2520 innectereut,
930 2465 986 2512 et
1011 2457 1259 2516 femineis
1281 2461 1576 2530 tegminum
1599 2463 1945 2531 iiligamentis
1965 2466 2144 2534 capita

543 2543 820 2611 velarent,
853 2555 1016 2616 atque
1057 2549 1166 2606 hoc
1191 2551 1406 2622 publice
1459 2553 1512 2606 in
1557 2562 1582 2592 α
1619 2554 1840 2612 civitate
1877 2553 2138 2622 Romana,

545 2636 680 2696 urbe
723 2633 848 2693 illic'
867 2655 1076 2698 summa
1123 2651 1182 2700 et
1217 2643 1598 2710 celeberrima;
1627 2645 1756 2720 quid
1797 2646 1942 2701 aliud
1983 2645 2144 2715 quam

547 2723 780 2782 Romani
809 2729 1020 2800 imperii
1048 2731 1280 2790 dedecus
1307 2743 1424 2790 erat
1451 2743 1511 2790 ut
1531 2736 1584 2790 in
1629 2737 1808 2792 medio
1837 2738 2144 2808 reipublicae

543 2817 668 2880 sinu
693 2823 1232 2880 exsecrandissimum
1281 2825 1432 2882 nefas
1459 2826 1638 2896 palam
1683 2827 1870 2886 liceret
1898 2827 2144 2882 admitti?

545 2906 794 2970 Potestas
823 2915 1020 2990 quippe
1040 2931 1234 2986 magna
1257 2927 1314 2978 tu.
1337 2919 1730 2990 potentissima,
1754 2935 1874 2988 quae
1901 2919 2144 2976 inhibere

547 3003 724 3060 Scelus
749 3007 1042 3062 maximum
1067 3017 1268 3080 potest,
1293 3012 1444 3079 quasi
1469 3013 1666 3080 probat
1689 3011 1890 3070 debere
1929 3012 2064 3080 fieri,
2096 3013 2142 3066 si

549 3090 728 3152 sciens
755 3096 958 3164 patitur
985 3100 1305 3170 perpetrari.
1343 3103 1495 3172 167
1529 3101 1590 3156 lu
1617 3102 1772 3171 cujus
1799 3104 1946 3158 enim
1975 3119 2140 3158 manu

2253 1909 2544 1958 mutarent.
2579 1901 2684 1958 Pro
2723 1902 2904 1959 nefas!
2931 1911 2985 1958 et
3007 1904 3114 1958 hoc
3143 1903 3391 1962 Romani.
3427 1905 3554 1963 Plus
3593 1909 3764 1974 addo,
3793 1919 3848 1968 et

2251 1995 2356 2050 hoc
2379 1993 2610 2050 Romani
2639 2009 2747 2049 non
2776 1993 2936 2064 hujus
2973 1995 3265 2064 temporis;
3297 2005 3556 2066 attamen,
3603 2015 3674 2054 ne
3698 2009 3848 2054 vete~

2252 2103 2340 2142 res
2367 2069 2701 2151 accusemus,
2725 2071 2976 2152 Romani,
2995 2086 3090 2141 sed
3115 2101 3224 2142 non
3247 2089 3475 2158 antiqui,
3503 2090 3614 2158 jam
3643 2091 3848 2148 scilicet

2251 2179 2510 2248 corrupti,
2547 2177 2658 2246 jam
2689 2177 2956 2242 dissoluti,
2983 2177 3096 2246 jam
3123 2179 3227 2232 sibi
3267 2187 3323 2234 et
3349 2180 3461 2235 suis
3487 2181 3750 2251 dispares,
3795 2193 3850 2239 et

2247 2271 2450 2328 Graecis
2467 2287 2630 2340 quam
2653 2271 2911 2326 Romanis
2939 2271 3244 2328 similiores.
3279 2270 3350 2326 Ut
3377 2273 3552 2344 (quod
3571 2283 3716 2346 saepe
3727 2279 3850 2345 jam

2249 2365 2526 2438 diximus)
2557 2366 2779 2420 minime
2833 2367 3026 2420 miram
3055 2366 3144 2430 sit,
3177 2366 3222 2421 si
3253 2363 3486 2422 Romana
3531 2369 3850 2438 respublica

2245 2457 2536 2524 aliquando
2559 2457 2762 2526 patitur
2789 2457 2934 2525 quod
2959 2455 3070 2525 jam
3099 2457 3300 2512 dudum
3329 2465 3581 2514 meretur.

2321 2546 2462 2602 XXI.
2505 2545 2631 2602 Hice
2677 2563 2808 2616 ergo
2863 2549 3146 2618 impuritas
3199 2549 3254 2603 in
3305 2549 3562 2605 Romanis
3607 2559 3662 2606 et
3717 2561 3850 2608 ante

2247 2639 2448 2696 Christi
2475 2637 2828 2708 Evangelium
2855 2655 2976 2696 esse
3002 2641 3183 2710 carpit,
3217 2647 3289 2706 et,
3321 2641 3464 2710 quod
3491 2649 3572 2696 est
3605 2644 3846 2710 gravius,

2247 2745 2350 2786 nec
2377 2740 2502 2802 post
2529 2730 2816 2799 Evangelia
2861 2733 3107 2787 cessavit.
3141 2731 3208 2787 Et
3245 2734 3366 2802 quis
3403 2744 3528 2804 post
3577 2735 3690 2790 lucc
3737 2753 3847 2792 non

2249 2822 2548 2880 admiretur
2573 2823 2806 2892 populos
2828 2823 3252 2879 Wandalorum?
3277 2825 3371 2894 qui
3400 2825 3628 2894 ingrcssi
3655 2827 3846 2882 urbem

2245 2901 2736 2984 opulentissimam,
2781 2915 2870 2970 ubi
2899 2916 3014 2970 haec
3053 2916 3234 2971 omnia
3281 2917 3480 2986 passim
3511 2919 3844 2986 agebantur,

2247 3007 2324 3064 ita
2349 3006 2568 3062 delicias
2595 3015 2972 3076 corruptorum
2999 3007 3277 3062 hominum
3297 3005 3501 3076 indepti
3525 3015 3669 3072 sunt,
3699 3007 3847 3077 quod

2247 3099 2586 3168 corruptelas
2629 3113 2840 3154 morum
2879 3097 3250 3168 repudiarunt,
3301 3107 3357 3153 et
3379 3113 3534 3153 usum
3577 3095 3844 3154 bonarum

549 3189 634 3262 est
661 3191 720 3238 ut
747 3185 1052 3253 prohibeat,
1091 3188 1247 3257 jubet
1282 3191 1388 3260 agi,
1419 3192 1602 3248 sinon
1629 3193 1882 3262 prohibet
1905 3194 2136 3250 admitti.
2163 3173 2212 3236 (ἶ
2247 3207 2432 3250 rerum
2477 3191 2773 3262 possident,
2817 3191 3080 3246 malarum
3143 3191 3547 3260 inquinamenta
3587 3191 3840 3246 vitantes.

577 3299 579 3302 ‹
620 3259 736 3336 XX.
777 3273 993 3342 Iterum,
1025 3279 1150 3348 quia
1181 3259 1337 3334 dolor
1364 3281 1550 3352 exigit,
1573 3259 1753 3338 abhis
1777 3284 1870 3352 qui
1899 3279 2144 3342 irascun4

545 3369 636 3426 tur
663 3365 882 3436 requiro
919 3385 932 3420 :
981 3367 1034 3426 in
1091 3369 1287 3438 quibus
1331 3369 1446 3430 lucc
1490 3371 1734 3428 barbaris
1759 3373 2010 3441 gentibus
2055 3382 2148 3428 aut

539 3449 688 3508 facta
722 3463 848 3510 sunt
883 3471 1138 3530 unquam,
1181 3467 1275 3518 aut
1315 3459 1432 3518 fieri
1469 3462 1682 3532 publica
1721 3463 2041 3535 impunitate
2081 3465 2150 3520 li-

547 3543 756 3598 cuerit?
786 3537 1046 3614 Denique,
1075 3563 1147 3604 ne
1177 3549 1388 3618 longius
1416 3551 1484 3614 de
1507 3553 1613 3610 bac
1639 3569 1700 3608 re
1717 3554 1918 3624 ambigi
1943 3563 2038 3610 aut
2065 3556 2148 3612 in-

547 3633 803 3704 vestigari
851 3653 1074 3696 necesse
1113 3641 1202 3708 sit,
1243 3642 1389 3712 ipsos
1435 3643 1557 3700 illos
1603 3645 1798 3702 Africis
1843 3655 2148 3704 vastatores

548 3721 799 3782 Afrorum
831 3729 1046 3802 pepulis
1069 3745 1464 3804 comparemus.
1488 3734 1780 3794 Videamus
1817 3738 1944 3806 quid
1973 3739 2148 3796 simile

546 3831 579 3870 a
605 3815 882 3876 Wandalis
905 3819 1107 3878 factum
1135 3825 1223 3882 sit.
1257 3823 1325 3881 Et
1360 3833 1509 3882 certe
1536 3826 1754 3888 barbari
1799 3829 2034 3890 elatione
2063 3843 2148 3887 tn-

543 3909 696 3976 midi,
729 3911 954 3980 victoria
983 3916 1218 3986 superbi,
1263 3916 1573 3978 divitiarum
1611 3935 1682 3986 ac
1707 3919 2021 3978 deliciarum
2061 3923 2138 3978 af-

544 3999 764 4058 ﬂuentia
786 3999 1050 4071 dissoluti,
1071 4009 1162 4078 qui
1193 4008 1438 4080 profecto
1458 4012 1668 4070 etiamsi
1695 4014 2146 4070 continentissimi

546 4099 602 4147 et
647 4097 935 4152 castissimi
973 4114 1186 4169 semper
1221 4101 1448 4157 fuissent
1471 4144 1486 4169 ,
1537 4106 1734 4158 mutari
1779 4115 1956 4161 tamen
1996 4115 2146 4162 tanta

543 4200 728 4242 rerum
755 4190 1237 4248 obsecundantium
1267 4194 1524 4251 felicitate
1551 4207 1842 4267 potuerunt
1859 4242 1874 4266 ,
1919 4202 2148 4270 ingressi

544 4278 772 4345 scilicet,
803 4289 862 4334 ut
889 4281 944 4335 in
982 4282 1177 4337 divinis
1201 4284 1396 4340 litteris
1423 4287 1684 4357 scriptum
1711 4297 1794 4344 est
1825 4291 2012 4361 (Deut.
2053 4309 2104 4356 vi
2128 4334 2144 4358 ,

543 4361 582 4428 5
605 4369 645 4440 ),
677 4375 878 4430 terram
899 4371 1040 4436 laete
1067 4385 1122 4430 et
1141 4377 1301 4434 melle
1319 4369 1650 4446 manentem,
1675 4375 1980 4450 fecundam,
2011 4401 2146 4456 opu-

535 4461 921 4530 lentissimam,
937 4469 1180 4526 omnium
1205 4469 1704 4544 deliciarumoopiis
1723 4475 1878 4545 quasi
1897 4477 2100 4534 ebriam
2126 4496 2140 4544 ;

525 4553 603 4612 .in
643 4571 752 4625 qua
797 4558 980 4628 utique
1027 4563 1246 4618 minime
1287 4565 1482 4620 mirum
1511 4565 1686 4622 fuerat
1727 4569 1773 4623 si
1819 4569 2144 4630 luxuriasset

539 4647 678 4714 gens
725 4649 986 4718 barbara,
1033 4653 1124 4714 ubi
1169 4645 1358 4712 sirnilis
1404 4659 1803 4728 quodammodo
1849 4663 2142 4722 luxurianti

519 4731 664 4794 'erat
691 4741 806 4810 ipsa
855 4754 1066 4808 natura.
1107 4741 1384 4818 Ingressos
1409 4753 1526 4808 haec
1553 4754 1670 4809 loca
1700 4755 1996 4814 Wandalos
2021 4761 2142 4829 quis

542 4841 654 4882 non
683 4839 833 4898 putet
862 4837 1008 4890 omni
1029 4852 1088 4892 se
1119 4840 1372 4895 vitiorum
1393 4851 1556 4914 atque
1585 4845 1952 4918 imperitatum
1982 4867 2143 4908 caeno

520 4919 890 4992 immersisse,
923 4939 1033 4996 aut,
1067 4939 1124 4986 ut
1152 4933 1422 4998 levissime
1473 4937 1665 5016 dicam,
1699 4943 1890 4998 saltem
1939 4945 2026 5000 illa
2071 4947 2145 5006 fe-

539 5015 681 5072 cisse
715 5034 834 5090 qua:
865 5021 933 5076 ab
963 5023 1103 5094 Afris
1125 5025 1327 5096 jugiter
1363 5029 1506 5088 facta
1543 5033 1788 5100 fuerant,
1821 5037 1876 5089 in
1905 5051 2136 5106 quorum

521 5108 656 5181 jura
685 5111 1014 5181 migrarant?
1041 5115 1109 5171 Et
1125 5128 1276 5175 certe
1315 5123 1358 5177 si
1389 5137 1453 5178 ea
1482 5131 1693 5181 tantum
1719 5171 1732 5194 ,
1778 5131 2135 5190 continentis-

523 5200 656 5254 simi
685 5217 768 5258 ac.
785 5203 1171 5272 modestissimi
1195 5205 1468 5277 judicandi
1509 5225 1692 5284 erant,
1721 5223 1861 5288 quos
1899 5237 2006 5278 non
2055 5221 2136 5278 fe-

523 5289 698 5381 ;cisset
726 5297 1092 5367 corruptiores
1127 5297 1246 5370 ipsa
1285 5301 1530 5362 felicitas.
1569 5307 1778 5374 Quotus
1805 5311 1948 5366 enim
1989 5313 2138 5381 quis-

479 5383 482 5388 '
527 5379 640 5458 que
665 5385 970 5458 sapientum
997 5396 1110 5454 est,-
1151 5406 1314 5460 quem
1337 5398 1572 5452 secunda
1615 5415 1724 5455 non
1769 5379 2132 5472 mutenticui

2223 3283 2510 3338 .Suﬂicere
2537 3283 2698 3350 igitur
2725 3283 2792 3338 ad
2821 3282 3031 3337 laudem
3055 3297 3240 3338 eorum
3271 3283 3386 3338 hzcc
3407 3290 3650 3352 possunt,
3680 3281 3844 3337 etiam

2251 3373 2298 3428 si
2327 3373 2433 3428 alia
2469 3387 2580 3430 non
2631 3371 2807 3428 dicam
2859 3391 2872 3425 :
2911 3373 3206 3428 abominati
3251 3373 3393 3428 enim
3437 3383 3568 3427 sunt
3609 3374 3844 3428 virorum

2251 3467 2611 3536 impuritates.
2643 3465 2770 3521 Plus
2797 3466 2974 3522 adhuc
2995 3465 3136 3520 addo
3169 3483 3182 3520 :
3215 3466 3511 3521 abominati
3555 3467 3718 3521 etiam
3765 3464 3844 3519 fe—

2245 3557 2550 3622 ‘ininarum,
2594 3543 2920 3612 horruerunt
2963 3557 3132 3611 lustra
3169 3571 3234 3612 ac
3279 3557 3578 3626 lupanaria,
3619 3556 3840 3610 horrue-

2253 3659 2382 3706 runt
2412 3649 2728 3706 concubitus
2759 3655 3150 3718 contactosque
3189 3648 3554 3702 meretricum.
3594 3643 3844 3714 Nunquid

2253 3741 2359 3798 hoc
2387 3740 2646 3800 credibile
2681 3740 2804 3796 ullis
2835 3739 3002 3794 videri
3041 3747 3254 3810 potest,
3281 3739 3558 3794 Romanos
3586 3737 3700 3794 huic
3733 3739 3846 3794 ad-

2253 3832 2484 3897 misisse,
2519 3830 2785 3888 Barbaros
2827 3830 3139 3886 borruisse?
3173 3837 3269 3884 aut
3303 3827 3534 3896 nunquid
3571 3835 3670 3890 est,
3715 3837 3849 3896 post

2251 3923 2354 3980 ista
2381 3937 2502 3994 qua:
2527 3922 2786 3988 diximus,
2813 3921 2962 3990 quod
2991 3920 3100 3977 ﬁci
3123 3919 3580 3991 pomvideatur?
3605 3917 3718 3973 Sed
3759 3929 3847 3974 est

2251 4023 2456 4080 tamen,
2485 4025 2534 4070 et
2565 4014 2734 4072 [nullo
2760 4013 2882 4083 plus
2915 4021 3020 4068 est.
3051 4013 3186 4068 Nam
3212 4013 3360 4082 quod
3387 4013 3582 4066 vitasse
3617 4027 3715 4067 eos
3755 4025 3858 4094 res

2250 4106 2420 4161 fmdas
2441 4105 2689 4170 diximus,
2717 4104 2892 4158 minus
2911 4112 3010 4158 cst.
3029 4102 3214 4158 Potest
3241 4105 3381 4158 enim
3411 4104 3530 4172 quis
3559 4104 3844 4158 inhonesta

2251 4197 2495 4262 horrere,
2547 4209 2654 4250 non
2705 4195 2912 4264 tollere.
2945 4195 3080 4250 illud
3125 4197 3304 4264 magni
3345 4213 3408 4251 ac
3453 4197 3732 4264 singularis
3759 4205 3843 4250 est

2245 4289 2450 4352 meriti,
2489 4289 2644 4360 169
2663 4303 2770 4348 non
2797 4288 2976 4349 solum
3003 4287 3178 4358 ipsum
3226 4288 3348 4344 labe
3375 4304 3483 4344 non
3513 4289 3698 4359 pollui,
3745 4289 3844 4344 sed

2249 4381 2538 4452 providere
2565 4381 2730 4438 etiam
2765 4397 2836 4438 ne
2863 4396 3100 4450 unquam
3135 4383 3224 4436 alii
3253 4383 3583 4452 polluantur.
3635 4381 3842 4439 Procu-

2249 4479 2404 4527 rator
2446 4473 2589 4526 enim
2633 4481 2716 4527 est
2761 4472 3156 4543 quodammodo
3201 4473 3389 4532 salutis
3433 4475 3702 4542 humanm,
3747 4479 3845 4546 qui

2173 4547 2222 4606 ο
2251 4585 2363 4632 non
2393 4575 2602 4624 tantum
2632 4568 2684 4624 id
2725 4569 2836 4638 agit
2865 4576 2924 4624 ut
2951 4569 3066 4638 ipse
3090 4569 3264 4626 bonus
3288 4565 3378 4636 sit.
3409 4568 3502 4628 sed
3529 4567 3744 4626 efﬁcere
3785 4579 3844 4624 et

2249 4661 2356 4716 hoc
2383 4660 2572 4716 nititur
2599 4668 2659 4716 ut
2699 4659 2790 4714 alii
2835 4660 2962 4714 mali
3002 4675 3122 4716 esse
3167 4661 3450 4716 desistant.
3497 4653 3714 4714 Grande
3757 4669 3845 4714 est

2247 4751 2496 4824 profecto
2543 4752 2688 4821 quod
2736 4751 3001 4814 dicimus,
3049 4749 3252 4820 grande
3297 4765 3361 4808 ac
3413 4751 3842 4823 supereminens.

2249 4843 2383 4913 Quis
2429 4843 2612 4900 credat
2651 4839 2944 4898 Wandaios
2983 4843 3038 4898 in
3084 4843 3390 4900 civitatibus
3441 4831 3696 4900 Romanis
3743 4845 3846 4898 ista

2247 4937 2478 4994 fecisse?
2509 4935 2737 4992 Remota
2763 4935 2962 5006 quippe
2989 4942 3074 4992 est
3099 4935 3168 4990 ab
3198 4935 3302 4990 illis
3330 4935 3505 4990 omnis
3531 4935 3708 4990 carnis
3737 4935 3848 4988 im-

2236 5033 2464 5104 puritas.
2520 5029 2588 5084 At
2626 5029 2898 5100 quomodo
2939 5029 3191 5085 remota?
3219 5025 3336 5084 Non
3383 5029 3523 5085 sicut
3569 5029 3844 5082 removeri

2231 5123 2424 5194 aliqua
2455 5137 2484 5176 a
2515 5119 2772 5176 Romanis
2801 5120 2995 5188 solent,
3026 5121 3117 5192 qui
3146 5127 3390 5200 statuunt
3414 5137 3518 5176 non
3542 5119 3846 5176 adulteram

2233 5217 2385 5286 'dum,
2418 5221 2474 5270 et
2501 5214 2661 5286 primi
2705 5211 3044 5282 adulterant;
3087 5221 3328 5278 statuunt
3373 5229 3483 5270 non
3531 5211 3846 5280 furandum,

2233 5317 2294 5366 et
2341 5311 2602 5362 iurantur.
2635 5305 2894 5372 Quamvis
2921 5320 3060 5378 pene
3095 5321 3204 5362 non
3251 5307 3456 5376 possim
3485 5303 3666 5360 dicere
3693 5303 3848 5373 quod
3927 5303 3932 5306 ’

2231 5401 2499 5456 narentur.
2529 5397 2647 5456 Non
2678 5399 2820 5454 enim
2853 5407 2980 5454 sunt
3008 5413 3127 5469 qum
3155 5405 3322 5468 agunt
3347 5397 3508 5466 furta,
3539 5395 3634 5454 sed
3667 5395 3842 5478 latro-

1828 5561 2170 5642 STEPHANI
2207 5557 2480 5638 ustum
2514 5559 2742 5622 NOTAE.

535 5691 644 5771 ius.
663 5681 722 5738 Id
747 5691 849 5750 est,
877 5685 932 5742 in
960 5687 1094 5746 urbe
1111 5691 1538 5764 Garthaginensi.
1573 5691 1726 5749 lia-nc
1753 5695 1894 5750 enim
1924 5702 2084 5754 vocat
2115 5696 2304 5754 urbem
2331 5693 2650 5762 Romanam,
2675 5675 2800 5767 quia
2831 5695 3077 5756 Romano
3103 5707 3216 5756 tum
3245 5675 3473 5770 imperio
3501 5716 3564 5756 ea
3585 5669 3840 5771 subjecta

534 5761 667 5808 erat.
