4088 6360
342 346 449 401 149

1420 345 1504 401 DE
1543 344 2071 402 tiUilEliNATIONE
2112 344 2219 404 DEI
2260 348 2386 404 LIB.
2430 340 2538 407 VII.

3524 356 3629 416 150

339 460 506 515 cinia.
540 454 699 513 Pu‘nit
729 460 867 513 enim
892 456 1053 527 judex
1086 460 1135 513 in
1169 460 1274 513 alio
1301 472 1323 496 υ
1350 462 1679 531 peculatum,
1714 476 1833 515 cum
1864 463 1933 515 sit
1962 468 2008 526 Α
2040 461 2103 517 ad
2134 463 2436 517 maritalem
2479 470 2655 520 torum
2710 467 2939 523 transire
2982 470 3309 538 meretrices,
3343 486 3521 532 scorta
3574 481 3626 536 in

338 554 458 623 ipse
481 554 784 622 peculator;
819 552 970 621 punit
998 553 1258 623 rapinam,
1290 564 1411 607 cum
1443 552 1556 623 ipse
1602 555 1670 607 sit
1718 561 1931 624 raptor;

332 644 496 717 punit
524 645 795 709 sicarium,
846 660 968 699 cum
1010 630 1126 715 ipse
1156 644 1225 698 sit
1253 644 1545 711 gladiator;
1580 644 1730 715 punit
1776 642 1934 699 effra-

333 745 518 791 ctores
540 732 897 791 claustrorum
929 743 984 791 et
1014 737 1298 801 ostiorum,
1331 751 1452 791 cum
1478 737 1593 806 ipse
1621 736 1690 789 sit
1715 748 1935 791 eversor

332 818 581 891 urbium;
613 824 765 895 punit
791 816 1184 897 exspoliatores
1211 826 1514 892 domorum,
1546 838 1666 881 cum
1712 827 1827 898 ipse
1860 828 1934 883 sit

330 916 670 986 exspoliator
726 916 1004 973 civitatum
1069 927 1232 988 atque
1277 918 1692 988 provinciarum.
1760 914 1933 990 Atque

328 1006 439 1063 hoc
469 1008 674 1063 utinam
707 1006 782 1063 illi
810 1016 1022 1064 tantum
1052 1010 1141 1080 qui
1180 1010 1234 1066 in
1262 1016 1532 1081 potestate
1560 1021 1685 1064 sunt
1726 1010 1887 1081 pusiti
1912 1050 1928 1074 ,

326 1110 388 1156 et
417 1098 611 1172 quibus
628 1100 721 1171 ius
744 1102 1169 1158 exercendorum
1198 1101 1605 1159 latrociniorum
1624 1102 1930 1173 bonoripse

328 1194 588 1263 largitur!
628 1192 763 1250 illud
793 1195 1008 1264 gravius
1061 1208 1123 1250 ac
1169 1194 1339 1264 magis
1384 1194 1752 1260 intolerabile,
1783 1194 1928 1263 quod

327 1284 438 1343 hoc
466 1285 669 1343 iaciunt
689 1296 745 1342 et
772 1287 970 1357 privati
1002 1284 1207 1342 hisdem
1238 1296 1365 1342 ante
1398 1284 1698 1341 honoribus
1732 1287 1923 1341 nmcti.

326 1380 563 1436 Tantum
613 1378 692 1434 eis
738 1376 989 1450 indeptus
1025 1377 1193 1433 semei
1221 1376 1400 1432 honor
1424 1376 1517 1432 dat
1560 1375 1833 1441 beneﬁcii,
1864 1378 1933 1431 ut‘

218 1522 221 1525 .
328 1480 548 1543 semper
579 1470 814 1526 habeant
847 1470 934 1539 jus
980 1469 1359 1524 latrocinandi.
1411 1467 1560 1522 Adeo
1587 1467 1772 1532 etiam,
1798 1480 1925 1521 cum

326 1563 638 1621 destiterint
685 1562 753 1618 ad
802 1559 1282 1616 administrandum
1341 1566 1668 1629 potestatem
1724 1558 1926 1613 habere

326 1655 617 1733 publicam,
652 1664 758 1709 non
786 1651 1035 1708 desinunt
1062 1660 1242 1705 tamen
1273 1650 1340 1705 ad
1370 1648 1797 1704 latrocinandum
1825 1648 1925 1718 pb-

325 1754 578 1802 testatetn
604 1742 808 1799 habere
833 1741 1098 1812 privatam
1133 1758 1146 1793 :
1174 1752 1236 1795 ac
1262 1740 1342 1795 sic
1370 1738 1541 1794 levior
1570 1748 1652 1794 est
1683 1746 1922 1809 potestas

2036 554 2303 609 connubia
2338 563 2649 622 verterunt;
2700 558 2851 631 171
2906 561 3190 631 implentes
3227 564 3432 623 scilicet
3478 566 3626 640 Apo-

2034 647 2159 702 stoli
2187 646 2391 703 dictum
2419 658 2583 719 atque
2609 650 2945 719 mandatum,
2975 663 3034 708 ut
3063 664 3117 710 et
3145 670 3480 729 unaquaque
3503 676 3625 718 mu-

2032 738 2133 795 lier
2160 741 2334 795 virum
2360 740 2586 797 haberet
2614 758 2790 809 suum,
2823 750 2877 799 et
2922 750 3288 821 unusquisque
3324 752 3409 807 vir
3436 754 3625 825 conju-

2032 836 2155 900 gem
2183 848 2336 888 suam
2369 831 2411 907 (l
2440 834 2562 889 Cor.
2614 848 2708 899 vn,
2740 833 2834 903 2);
2867 845 2926 891 ut
2953 840 3078 907 quia
3118 842 3361 898 cohiberi
3386 844 3623 902 inconti-

2030 924 2215 979 nentia
2246 924 2363 980 sine
2408 925 2511 982 hac
2540 928 2773 982 carnalis
2800 944 2931 985 usus
2977 934 3336 1000 permixtione
3364 952 3471 992 non
3498 953 3627 1009 pos-

2029 1024 2132 1079 Sel,
2157 1015 2231 1069 ita
2259 1016 2558 1085 legitimum
2586 1033 2741 1072 usum
2776 1020 2926 1075 calor
2945 1022 3243 1092 corporalis
3272 1027 3540 1098 acciperet
3565 1037 3625 1084 ut

2030 1114 2309 1176 peccatum
2359 1106 2748 1164 ineontinentia
2789 1123 2893 1164 non
2922 1110 3163 1167 haberet.
3190 1112 3244 1168 in
3274 1128 3384 1184 quo
3409 1118 3623 1186 quidem

2030 1212 2138 1253 non
2183 1198 2234 1253 id
2285 1200 2661 1281 tantummodo
2708 1203 2984 1272 provisum
3034 1212 3203 1260 estut
3232 1208 3377 1261 viros
3412 1208 3624 1266 femina

2027 1284 2292 1345 haberent
2319 1304 2439 1361 qua:
2468 1292 2585 1347 sine
2612 1293 2741 1347 viris
2769 1309 2888 1348 esse
2916 1308 3024 1349 non
3062 1302 3303 1366 possent,
3336 1297 3430 1351 sed
3452 1299 3618 1355 etiam

2028 1388 2088 1435 ut
2119 1394 2216 1451 per
2270 1391 2682 1438 conservatores
2710 1382 3036 1440 domesticos
3088 1386 3248 1441 salva:
3292 1398 3473 1442 essent
3499 1402 3620 1460 qua

2031 1475 2238 1545 seipsas
2265 1488 2482 1531 servare
2511 1477 2812 1542 nescirent;
2844 1485 2897 1531 et
2926 1478 3261 1534 adhaerentes
3295 1479 3495 1549 iugiter
3521 1492 3618 1549 gu-

2022 1555 2322 1621 bernaculo
2350 1566 2604 1632 maritali,
2637 1569 2799 1623 etiam
2828 1570 2872 1623 si
2918 1569 2983 1625 ad
3015 1571 3315 1640 improbum
3363 1584 3455 1627 eas
3483 1571 3617 1627 faci-
3729 1618 3740 1635 ,

2024 1671 2127 1711 nus
2152 1656 2487 1712 consuetudo
2511 1664 2772 1713 anteacta:
2798 1658 3121 1730 impuritatis
3146 1661 3407 1727 inliceret,
3430 1660 3615 1731 conju~

2023 1745 2160 1816 galia
2186 1756 2369 1802 tamen
2399 1748 2646 1802 custodia
2679 1750 2746 1804 ab
2776 1748 3121 1820 improbitate
3148 1750 3477 1821 prohiberet.
3510 1749 3615 1807 Λᾶς

325 1838 417 1894 illa
443 1844 604 1909 quam
633 1831 1181 1903 liabu'el‘llmilldiws.
1211 1832 1373 1901 quam
1396 1831 1511 1885 hinc
1531 1842 1691 1899 quam
1718 1828 1918 1899 Ῥήγεηί
1948 1836 1999 1897 Β
2016 1837 2271 1893 diderunt
2298 1852 2516 1909 quoque
2542 1839 2647 1894 hoc
2693 1840 2759 1894 ad
2810 1841 3083 1895 libidinem
3134 1840 3615 1912 comprimendam,

318 1928 547 1986 habent.
569 1925 625 1981 in
654 1924 742 1981 illa
772 1923 914 1981 enim
938 1924 1017 1979 eis
1040 1936 1185 1994 suape
1207 1922 1531 1987 succeditur,
1567 1920 1620 1975 in
1650 1921 1753 1975 bac
1780 1930 1916 1974 nuu-

323 2028 505 2093 quain.
533 2016 672 2073 E‘cce
706 2016 832 2087 Quid
862 2015 1078 2071 valeant
1122 2022 1323 2069 statuta
1365 2012 1562 2081 legum,
1613 2024 1741 2066 ecce
1786 2010 1916 2078 quid

322 2106 786 2184 proiicitd‘ellnitaio
807 2107 1165 2170 sanctionum,
1179 2118 1299 2174 quae
1310 2103 1386 2157 illi
1399 2112 1663 2172 spernunt
1683 2100 1917 2155 maxime

324 2202 417 2274 (ἰϋί
449 2201 771 2257 Iiiinistraitt.
816 2187 962 2252 Sane
991 2195 1058 2251 ad
1094 2194 1390 2266 pat’endum
1424 2193 1658 2247 humiles
1694 2191 1918 2257 abiecti-

324 2304 433 2365 due
461 2292 744 2362 coguntur,
776 2287 1175 2358 compelluntur
1199 2282 1364 2353 jussis
1392 2283 1769 2350 abtemperare
1791 2292 1921 2349 pau-

325 2367 565 2460 perculi;
595 2392 651 2437 et
678 2380 781 2436 nisi
820 2375 1313 2446 obtelnperaverint
1337 2412 1352 2435 ,
1402 2372 1716 2443 puniuntur.
1766 2370 1921 2441 110

328 2468 591 2530 Eamdem
610 2468 754 2527 enim
794 2469 1062 2524 ratiunem
1108 2466 1161 2522 in
1203 2465 1307 2521 hac
1354 2472 1413 2519 re
1458 2463 1657 2518 habent
1681 2462 1917 2530 quamin

332 2562 568 2621 tribtttis.
590 2560 711 2618 Soli
732 2560 900 2631 jussis
920 2557 1153 2630 publicis
1197 2556 1457 2619 serviunt,
1506 2554 1644 2609 sicut
1686 2554 1786 2607 soli
1815 2553 1913 2608 tri-

322 2652 466 2713 ‘liuta
494 2653 723 2712 solvunt.
757 2654 834 2709 At:
861 2653 938 2708 Sic
968 2652 1019 2705 in
1049 2650 1179 2721 ipsis
1207 2649 1415 2719 legibus
1452 2655 1507 2702 et
1552 2648 1603 2702 in
1630 2647 1743 2717 ipsa
1769 2646 1912 2715 iusta
1941 2718 1951 2732 .

324 2760 511 2804 rerum
540 2744 898 2817 praeceptione
925 2741 1213 2796 niaximum
1234 2739 1510 2808 iniustitia:
1527 2738 1909 2807 soelus'agitur,

326 2842 450 2892 cum
475 2848 537 2892 ea
566 2835 799 2891 minores
822 2832 975 2904 qmsi
995 2842 1153 2887 sacra
1180 2830 1474 2886 observare
1500 2836 1767 2898 coguntur
1792 2842 1912 2896 qua:

322 2930 559 3000 majores
580 2926 778 2999 iugiter
805 2926 959 2996 Quasi
988 2924 1134 2978 nulla
1157 2923 1497 2979 conculcant.

392 3015 558 3076 XXII.
579 3018 797 3075 Excessi
816 3016 1092 3089 pauiisper
1104 3023 1343 3086 emptum
1359 3012 1625 3083 sermonis
1644 3010 1911 3075 ordinem,

321 3120 503 3173 rerum
531 3113 847 3183 indignitate
886 3109 1214 3179 compulsus.
1248 3104 1400 3161 Nunc
1429 3104 1497 3158 ad
1520 3102 1802 3173 superiora
1828 3114 1916 3154 re-

2016 1944 2238 1985 severas
2267 1930 2536 2001 pudicitia:
2578 1930 2886 1987 sanctiones
2910 1930 3249 1987 decretorum
3298 1931 3476 2000 gladio
3518 1932 3615 1987 im-

2018 2018 2336 2090 pudicitiam
2389 2031 2738 2085 coercentes;
2770 2030 2830 2075 nt
2860 2022 3149 2092 puritatem
3188 2022 3393 2077 scilicet
3421 2022 3615 2076 utrius-

2019 2122 2129 2177 que
2150 2124 2320 2163 sexus
2347 2117 2402 2163 et
2422 2109 2570 2163 domi
2601 2111 2855 2164 connubii
2884 2119 3187 2165 reservaret
3218 2110 3458 2173 affectus,
3486 2120 3541 2165 et
3564 2113 3617 2168 in

2016 2201 2246 2270 publico
2272 2207 2448 2256 metus
2486 2202 2699 2268 legum;
2730 2216 2793 2256 ac
2822 2203 2903 2256 sic
2926 2202 3130 2271 duplici
3177 2202 3429 2272 μεθίὰὶο
3456 2205 3618 2256 casti-
3682 2241 3701 2261 .

2023 2292 2206 2348 monia
2236 2294 2517 2359 niteretur,
2545 2308 2668 2349 cum
2711 2304 2767 2349 et
2794 2293 2939 2348 intus
2968 2302 3110 2349 esset
3137 2292 3282 2364 quod
3327 2302 3617 2361 amaretur,

2021 2393 2080 2440 et
2108 2383 2391 2454 ierisquod
2413 2386 2711 2440 timeretur.
2734 2384 2906 2453 Leges
2927 2392 3105 2439 autem
3128 2387 3257 2456 ipsae
3276 2392 3616 2455 nequaquam

2016 2476 2128 2531 illis
2157 2482 2283 2530 sunt
2306 2476 2512 2544 legibus
2539 2480 3061 2546 Communemque
3081 2468 3154 2530 ita
3186 2484 3393 2547 partem
3416 2476 3614 2546 impro-

2017 2567 2203 2622 bitatis
2229 2577 2512 2623 removent
2539 2574 2597 2622 ut
2640 2576 2851 2638 partem
2888 2566 3240 2624 obscenitatis
3292 2565 3612 2633 admittant;

2017 2666 2112 2713 aut
2136 2669 2198 2713 ut
2226 2657 2472 2713 Romana
2500 2658 2593 2713 illa
2610 2658 2853 2723 decreta,
2878 2672 2998 2727 quae
3024 2666 3358 2713 scortatores
3395 2657 3613 2727 quidem

2015 2747 2085 2802 ab
2110 2747 2304 2803 alienis
2333 2748 2591 2803 uxoribus
2610 2756 2975 2811 removerunt,
3000 2747 3065 2802 a'd
3091 2758 3281 2803 omnes
3305 2756 3484 2802 autem
3523 2760 3612 2803 so-

2016 2838 2224 2894 litariae
2250 2842 2453 2911 passim
2482 2841 2835 2905 admisertmt,
2861 2840 3123 2896 adulteria
3163 2848 3428 2906 vetantes,
3456 2840 3611 2911 lupa-

2018 2933 2172 2986 naria
2198 2931 2550 2987 aediﬁcantes.
2583 2930 2903 2987 ‘l‘imuerunt
2922 2931 3173 2989 videlicet
3200 2949 3270 2989 ne
3300 2932 3461 3015 plmis
3478 2934 3613 2991 casti

2018 3022 2271 3077 homines
2299 3037 2363 3076 ae
2410 3023 2543 3092 puri‘
2559 3032 2761 3086 essent,
2790 3023 2836 3077 si
2867 3020 2936 3078 ab
2964 3022 3109 3078 omni
3153 3038 3248 3079 eos
3274 3024 3486 3094 penitus
3507 3024 3612 3078 im-

2018 3114 2257 3183 puritate
2283 3106 2652 3185 probiberebt.
2686 3113 2755 3169 At
2775 3128 2883 3169 non
2912 3114 2987 3169 ita
3015 3114 3103 3169 isti
3125 3113 3193 3171 de
3219 3114 3413 3185 quibus
3432 3110 3610 3184 ioqui-
3656 3140 3665 3149 ν

320 3206 563 3264 tleatnus.
588 3204 836 3261 ’Diiimtts
862 3203 1064 3273 Quippe
1092 3198 1279 3271 plenas
1308 3197 1471 3253 fuisse
1516 3193 1991 3268 iinpuritatibusc
2021 3216 2162 3270 mur,
2192 3206 2284 3274 qui
2339 3207 2417 3260 sic
2440 3206 2790 3261 inhibuerunt
2816 3215 2996 3262 scorta
3023 3213 3083 3261 ut
3124 3207 3404 3274 adulteria,
3436 3207 3528 3277 qui
3557 3215 3613 3267 et

319 3296 679 3357 monStruoSis
706 3292 900 3350 Africa:
928 3292 1192 3356 civitates,
1222 3297 1279 3344 et
1300 3288 1573 3359 pracipue
1613 3284 1722 3340 illic
1766 3283 1911 3352 regi-

320 3398 448 3446 nam
472 3397 528 3446 et
553 3389 707 3461 quasi
733 3386 1028 3450 dominam,
1053 3382 1350 3439 Wandalos
1378 3388 1558 3435 autem
1580 3379 1646 3433 iis
1666 3376 1915 3433 omnibus

320 3498 432 3537 non
461 3481 625 3536 fuisse
651 3479 907 3552 pollutos.
940 3478 1059 3533 Non
1085 3478 1229 3531 tales
1244 3488 1377 3544 ergo
1404 3474 1491 3528 isti
1519 3472 1591 3527 de
1610 3471 1807 3541 quibus
1830 3469 1912 3524 lo-

320 3578 558 3646 quimur,
592 3572 814 3629 Barbari
835 3570 902 3627 ad
928 3568 1320 3626 emendandam
1350 3574 1657 3625 nostrarum
1685 3563 1914 3633 turpitu-

319 3667 507 3723 dinum
529 3664 704 3721 labem
733 3664 1073 3719 exstiterunt.
1108 3660 1457 3716 Abstulernnt
1494 3658 1638 3711 enim
1672 3654 1741 3710 de
1765 3653 1913 3708 omni

322 3756 500 3812 Africa
545 3754 733 3811 sordes
758 3754 999 3808 virorum
1044 3751 1325 3815 mollium,
1352 3747 1707 3817 contagiones
1748 3746 1914 3800 etiam

321 3849 584 3907 horruere
610 3845 985 3910 meretricum;
1038 3858 1140 3898 nec
1185 3844 1515 3897 horruerunt
1572 3847 1779 3892 tantum
1822 3845 1916 3889 aut

322 3940 650 4011 temporarie
689 3944 1118 3999 summoverunt,
1147 3934 1241 3989 sed
1282 3933 1498 4002 penitus
1517 3931 1630 3999 iam
1660 3946 1768 3984 non
1796 3943 1918 3983 esse

325 4032 587 4085 fecerunt.
634 4027 679 4082 Ο
718 4029 809 4098 pie
832 4026 1080 4089 Domine,
1102 4040 1136 4077 ο
1164 4024 1415 4078 Salvator
1454 4021 1628 4082 bone,
1660 4026 1918 4085 quantum

322 4119 570 4175 cilicium
612 4135 710 4189 per
738 4126 792 4172 te
820 4116 998 4172 studia
1052 4113 1384 4184 disciplima,
1417 4126 1514 4181 per
1559 4123 1678 4179 quas
1726 4108 1922 4162 mutari

325 4218 556 4285 possunt
581 4210 709 4265 vitia
756 4213 979 4270 naturae,
1013 4205 1152 4260 sicut
1179 4204 1247 4259 ab
1276 4202 1382 4267 iiiis
1410 4200 1615 4259 sciiioet
1640 4198 1921 4257 imm

2016 3294 2244 3350 feminas
2270 3295 2433 3350 nullis
2456 3296 2646 3351 volunt
2674 3311 2795 3351 esse
2829 3295 3057 3351 feminas
3093 3296 3196 3352 nisi
3235 3297 3445 3351 maritis
3476 3296 3610 3360 suis,

2019 3393 2075 3440 et
2098 3386 2245 3441 viros
2273 3386 2435 3442 nullis
2464 3387 2655 3441 volunt
2692 3387 3007 3442 mulieribus
3046 3402 3165 3441 esse
3202 3386 3474 3441 masculos
3511 3385 3613 3447 nisi

2014 3476 2276 3531 exortus
2312 3478 2457 3542 suis;
2489 3477 2581 3547 qui
2609 3477 2826 3546 evagari
2864 3476 3129 3531 obscenas
3169 3472 3416 3531 libidines
3456 3480 3612 3532 extra

2014 3568 2314 3636 legitimum
2345 3576 2521 3623 torum
2560 3582 2668 3622 non
2715 3567 2917 3632 sinunt,
2964 3567 3109 3635 leges
3144 3578 3273 3620 suas
3306 3565 3513 3621 scilicet
3540 3564 3611 3621 ad

2015 3657 2211 3716 divina:
2233 3657 2367 3727 lexis
2386 3658 2629 3727 regulam
2658 3658 2970 3727 dirigentes,
3006 3658 3163 3729 172
3189 3666 3251 3711 ut
3272 3655 3401 3712 nihil
3428 3655 3533 3711 sibi
3554 3654 3610 3714 in

2019 3752 2120 3806 hac
2149 3766 2211 3806 re
2237 3751 2525 3806 crederent
2548 3751 2712 3805 licere
2736 3750 2882 3820 quod
2913 3748 3053 3804 Dens
3079 3749 3254 3804 voluit
3289 3763 3397 3803 non
3425 3748 3608 3801 licere.

2004 3840 2087 3895 Et
2116 3843 2239 3897 ideo
2268 3858 2378 3896 non
2400 3849 2728 3911 putaverunt
2768 3857 2798 3893 a
2845 3855 2904 3894 se
2931 3840 3024 3893 ulli
3050 3838 3257 3893 homini
3296 3835 3611 3906 permittem

2020 3931 2168 3995 dura,
2204 3932 2308 3985 nisi
2336 3931 2479 3998 quod
2511 3929 2695 3984 fuisset
2724 3930 2974 3984 omnibus
3002 3944 3032 3981 a
3060 3927 3351 3980 Diviuitate
3375 3926 3609 3995 permis-

2023 4037 2280 4166 sm1X21".
2310 4111 2437 4168 Scio
2460 4112 2587 4181 quia
2608 4111 2963 4169 intolerabilia
2984 4110 3303 4181 quibusdam
3334 4110 3613 4168 videantur

2021 4204 2270 4281 istaqnze
2318 4203 2575 4259 diximus.
2604 4201 2710 4258 Sed
2739 4203 2949 4257 ratione
2972 4217 3154 4258 rerum
3201 4202 3467 4272 agendum
3506 4212 3610 4271 est,

318 4282 469 4358 sunt.
495 4300 564 4355 At
601 4298 877 4370 quomodo
907 4296 1220 4352 immutata?
1254 4290 1495 4348 interest
1523 4291 1664 4346 enim
1694 4288 1801 4344 rion
1829 4300 1918 4345 so—
2022 4311 2129 4350 non
2152 4282 2378 4351 libidine
2407 4292 2762 4365 voluptatum.
2797 4294 2947 4351 Dicat
2973 4295 3105 4349 mibi
3139 4295 3382 4365 quisquis
3409 4295 3500 4350 ille
3528 4303 3612 4354 est

320 4396 432 4450 lum
461 4391 686 4448 eﬂ‘ectus
715 4404 894 4445 rerum
913 4429 927 4453 ,
960 4386 1056 4442 sed
1084 4387 1247 4442 etiam
1289 4384 1575 4440 elTecllIum
1614 4396 1809 4437 causas
1828 4380 1917 4434 ἀί·-
2012 4388 2110 4457 qui
2135 4387 2445 4455 indignatur
2465 4401 2551 4441 me
2573 4386 2674 4441 ista
2696 4386 2895 4452 dicere,
2920 4385 3158 4455 nunquid
3184 4401 3291 4441 non
3327 4386 3609 4455 sapientis-

310 4502 465 4560 cere.
488 4483 517 4524 δ
548 4481 773 4560 Difficile
811 4487 896 4540 est
922 4479 1121 4551 quippe
1166 4474 1557 4560 impudicitiam
1607 4474 1773 4531 verbo
1820 4479 1914 4527 aut
2017 4479 2184 4535 simus
2214 4479 2453 4535 omnium
2488 4477 2742 4534 Socrates
2773 4492 2988 4548 semper
3015 4478 3352 4534 existimatus
3378 4486 3483 4545 εει,
3522 4487 3609 4534 ιε..

318 4556 557 4657 iussione
586 4556 723 4644 tolli,
751 4578 858 4633 nisi
886 4574 1049 4633 fuerit
1076 4574 1287 4640 ablata;
1316 4556 1373 4628 et
1393 4569 1608 4627 diﬂicile
1636 4577 1718 4625 est
1757 4565 1912 4639 pudi-

2021 4572 2269 4627 stimonio
2299 4572 2499 4629 scilicet
2539 4568 2701 4627 etiam
2743 4571 2982 4643 Delphici
3011 4572 3293 4639 dzemonis,
3326 4572 3419 4643 qui
3452 4573 3608 4642 quasi

312 4679 500 4733 citium
544 4675 711 4733 verbo
740 4671 903 4740 exigi,
934 4669 1037 4725 nisi
1077 4667 1238 4727 fuerit
1265 4675 1473 4725 exaltu.
1506 4664 1660 4731 Quod
1690 4664 1777 4719 isti
1806 4665 1911 4720 uti-
2019 4663 2267 4734 princeps
2312 4660 2757 4733 philosophorum
2803 4663 2900 4729 sic,
2944 4670 3004 4716 ut
3031 4662 3418 4717 daemoniorum
3466 4672 3604 4716 erat.

314 4784 425 4839 que
470 4767 722 4832 scientes,
755 4763 832 4819 sic
862 4760 1267 4839 impudicitiam
1316 4764 1719 4813 summoverunt
1766 4756 1911 4827 quod
2017 4751 2307 4808 Videamur
2321 4766 2449 4821 ergo
2464 4766 2600 4821 quas
2620 4749 2873 4806 Socrates
2892 4750 2959 4804 de
2979 4751 3402 4839 pudicitia-leges
3422 4766 3608 4839 sanae

316 4836 615 4931 impudicas
643 4836 1115 4919 conservaverunt,
1142 4866 1250 4913 non
1281 4847 1663 4913 interﬁcientes
1691 4845 1911 4903 mulier-
2016 4843 2107 4909 rit,
2138 4851 2193 4897 et
2219 4857 2355 4914 quas
2381 4840 2455 4896 illi
2496 4841 2563 4898 de
2611 4841 2813 4931 quibus
2833 4840 3118 4931 loquimur.
3156 4838 3401 4908 Uxorem,
3435 4836 3608 4911 inquit

312 4927 470 5008 cuias
495 4946 754 5013 infelices.
784 4960 852 5005 ne
875 4945 1127 5001 vitiorum
1150 4957 1332 4999 curam
1353 4936 1673 4996 crudelitate
1698 4953 1910 5008 resper-
2019 4932 2296 4997 Socrates,
2341 4934 2608 5004 propriam
2651 4930 2822 4986 nullus
2854 4927 3039 4984 habeat
3066 4947 3080 4983 :
3108 4933 3442 4987 matrimonia
3469 4933 3607 4986 enim

317 5048 529 5112 gerent,
563 5046 617 5095 et
643 5037 768 5097 dum
794 5043 1017 5107 peccata
1044 5034 1255 5089 auferre
1277 5038 1551 5103 cuperent,
1582 5029 1681 5099 ipsi
1710 5029 1765 5082 in
1784 5042 1910 5098 pec-
2017 5025 2211 5078 cunctis
2236 5022 2418 5077 debent
2445 5038 2557 5076 esse
2599 5022 2890 5076 communia
2915 5037 2931 5073 :
2962 5021 3037 5112 sic
3076 5038 3296 5093 namque
3316 5023 3487 5092 major
3508 5022 3606 5112 ent

321 5108 566 5190 calorum
622 5112 979 5193 resecatione'
1014 5131 1322 5196 peccarent.
1372 5119 1479 5176 Sed
1540 5121 1611 5173 ita
1668 5127 1913 5175 errantes
2014 5114 2293 5169 concordia
2346 5114 2640 5180 civitatum,
2671 5112 2716 5165 si
2756 5127 2928 5166 omnes
2958 5110 3054 5166 uiri
3104 5112 3309 5185 feminis
3338 5112 3448 5164 sine
3495 5108 3604 5160 dis-

319 5202 1037 5283 emendaveruntutfactum
1059 5231 1245 5272 eorum
1275 5210 1537 5267 medicina
1562 5220 1725 5276 esset,
1752 5226 1912 5280 poena
2016 5207 2241 5261 cretione
2276 5203 2514 5258 omnibus
2542 5203 2875 5267 misceantur,
2907 5218 3082 5257 omnes
3110 5218 3166 5255 se
3200 5199 3405 5272 femina:
3433 5197 3604 5249 omni-

320 5330 433 5371 non
460 5321 621 5371 esset.
653 5310 933 5369 Iusserunt
957 5306 1223 5381 siquidem
1243 5315 1298 5360 et
1317 5301 1693 5381 compulerunt
1722 5316 1914 5357 omnes
1956 5324 1965 5335 -
2019 5299 2110 5353 bus
2138 5298 2260 5352 viris
2281 5298 2392 5351 sine
2421 5295 2752 5351 distinctione
2775 5292 3135 5357 substernunt;
3158 5307 3218 5342 ac
3240 5291 3315 5342 sic
3342 5287 3474 5355 ﬁant
3494 5302 3603 5339 σηι-

1513 5390 1850 5451 STEPHANI
1888 5386 2158 5447 BALUZli
2196 5384 2420 5442 NOTAE.

398 5510 424 5537 ⁸
454 5497 677 5554 Codices
699 5494 1041 5555 Corheiensis
1082 5500 1137 5548 et
1164 5490 1506 5546 Colbertinus
1537 5486 1738 5557 habent
1764 5501 1915 5557 pecn-
2020 5480 2321 5557 pudicitiam
2350 5471 2621 5557 rerbohant
2638 5481 2873 5557 jusaione
2903 5475 3041 5555 tolli,
3066 5472 3192 5557 nisit
3215 5468 3371 5557 inerit
3393 5467 3601 5557 ablato;

319 5540 1155 5633 lanoﬁﬁiﬁuilié‘iiéﬁ'iﬁoéb
1174 5540 1518 5615 Immin
1540 5540 1652 5611 Vest
1690 5556 1744 5608 in
1764 5540 1918 5608 ’πιπ-
2020 5540 2069 5633 'gt
2095 5551 2279 5633 inutile
2303 5540 2710 5633 estpndieitidm
2737 5540 3600 5633 vidit-13392.Ef‘gﬂumi-fftic-(tt:

270 5607 1153 5713 .
1576 5607 1649 5713 ἲ
1835 5701 1846 5713 .
2021 5607 3601 5713 “silem,”iubila-lintei“1m"gmw“

268 5690 279 5768 ί
320 5684 1123 5770 θῗίονέίηῖᾶέηῖείὶίιξῖόξῖὴῡῑι
1151 5698 1437 5770 satismihi
1462 5695 1917 5770 videtur_cons_ta-
2022 5684 2289 5755 editiones
2316 5697 2370 5745 et
2398 5684 2595 5757 scripti
2609 5684 2751 5740 libri.

327 5764 410 5840 re.
443 5764 657 5836 Mallem
688 5778 870 5843 itaque
890 5772 984 5835 sic
1012 5770 1190 5837 legere
1225 5788 1239 5822 :
1274 5767 1468 5825 Inutile
1502 5775 1577 5823 est
1604 5766 1791 5837 quippe
1818 5764 1918 5816 im-
