4088 6360
329 314 441 368 155

1373 317 1462 372 DE
1503 312 2037 371 GUBERNATIONE
2081 314 2188 369 DEI
2230 317 2354 373 LIB.
2401 317 2530 374 VIII.

3509 316 3614 372 lu

326 425 427 481 tiu
449 443 588 482 ltllllc
612 427 665 483 in
693 431 908 499 negotio
930 444 1102 495 sacro,
1127 430 1214 483 ubi
1239 443 1267 484 a
1293 430 1538 500 plurimis
1579 439 1777 485 nostra:
1819 429 1917 483 ini-
1945 433 1995 490 Α
2023 431 2168 485 enim
2196 431 2316 501 pius
2345 442 2426 487 est
2457 449 2521 488 ac
2548 434 2876 496 misericors,
2895 443 2950 489 et
2976 431 3086 505 qui,
3118 441 3176 488 ut
3204 434 3462 505 scriptum
3506 443 3607 502 est,

322 521 567 591 quitates
593 531 619 558 ⁸
654 522 762 578 Deo
799 532 1169 588 ascensentur,
1219 533 1274 577 et
1325 538 1410 578 ne-
1447 523 1774 578 accusabiles
1819 521 1918 592 ipsi

321 613 769 680 essc‘videmtur,
787 615 953 672 Deum
977 631 1233 672 accusare
1253 624 1600 686 praesumunt.
1619 613 1753 669 Cum
1775 615 1917 668 enim

320 719 450 760 eum
479 704 808 762 incuriosum
837 715 896 764 at
917 707 1298 776 negligentem,
1327 722 1524 777 resque
1541 707 1801 762 humanas
1827 714 1920 761 aut

321 811 437 850 non
490 810 557 851 ex
599 795 803 866 judicio
849 799 1154 868 gubernare
1191 807 1284 854 aut
1312 799 1474 854 etiam
1500 798 1918 868 megubernare

319 889 729 960 blasphement;
779 891 908 961 quid
947 892 1091 948 aliud
1124 893 1308 963 utique
1335 893 1504 948 Deum
1529 906 1690 963 quam
1713 891 1918 946 inertiae

318 989 378 1034 et
400 979 673 1037 abusionis
691 989 746 1037 et
775 983 1070 1053 iniquitatis
1099 985 1568 1059 accusant2176
1597 981 1642 1038 0
1669 984 1917 1037 humanae

321 1073 645 1144 insipientia:
673 1076 992 1131 accitatem!
1017 1077 1062 1131 Ο
1088 1079 1289 1132 insana:
1319 1079 1633 1133 temeritatis
1653 1075 1909 1131 furorem!

318 1164 664 1236 Deum,ergo,
696 1183 730 1222 o
756 1167 940 1232 homo,
983 1168 1309 1224 incuriosum
1337 1184 1402 1223 ac
1430 1167 1788 1237 negligentem
1815 1181 1915 1220 vo-

315 1258 448 1312 cas?
475 1257 534 1312 Si
579 1253 874 1327 quemlibet
901 1257 1253 1327 ingenuorum
1284 1260 1564 1314 hominum
1590 1259 1692 1313 hac
1716 1266 1912 1314 contu-

316 1347 478 1403 melia
525 1348 772 1414 lznderes,
822 1349 1134 1418 injuriarum
1178 1351 1693 1428 insolentium‘reus
1730 1365 1910 1416 esses;

316 1437 346 1478 δ
358 1449 509 1495 certe
522 1441 566 1495 si
586 1440 928 1497 illustriorem
943 1444 1248 1514 quempiam
1266 1460 1329 1500 ac
1344 1444 1732 1510 sublimiorem,
1748 1444 1912 1500 etiam

315 1548 599 1588 censuram
624 1534 764 1604 juris
791 1533 988 1606 publici
1037 1537 1352 1593 sustineres.
1387 1536 1610 1608 Pupillis
1639 1538 1783 1592 enim
1827 1539 1914 1594 vel

317 1623 552 1680 maxime
601 1623 841 1698 prodigis
883 1627 995 1683 lucc
1040 1629 1369 1697 objiciuntur
1390 1630 1700 1700 opprobria,
1728 1629 1911 1704 perdi-

319 1725 498 1772 torum
547 1719 650 1775 hoc
678 1717 1105 1792 adolescentium
1127 1723 1362 1794 speciale
1393 1723 1692 1779 convicium
1721 1731 1823 1789 est,
1851 1732 1912 1778 ut

2026 525 2294 579 neminem
2336 525 2465 579 velit
2495 525 2676 595 perire
2703 526 2788 579 vel
2842 525 3038 582 laedere
3062 523 3105 597 (I
3133 524 3265 580 Tini.
3296 542 3348 590 ιι,
3382 525 3456 596 4).
3505 524 3611 582 Nos

2022 631 2152 686 ergo
2178 616 2464 672 adversum
2489 631 2592 671 nos
2616 619 2794 672 cumis
2822 615 3062 673 facimus.
3092 615 3232 672 Nihil
3256 618 3454 686 itaque,
3477 616 3608 675 nihil

2021 715 2104 762 est
2133 707 2186 762 in
2217 721 2316 763 nos
2343 707 2617 763 crudelius
2647 707 2804 770 nobis
2829 727 2841 761 :
2871 724 2990 772 nos,
3025 710 3262 778 iniquam,
3293 724 3394 764 nos
3445 709 3608 765 etiam

2021 799 2134 856 Deo
2164 801 2380 857 nolente
2407 801 2728 857 cruciamus.
2755 801 2864 856 Sed
2891 801 3145 858 videlimt
3188 800 3468 862 adversum
3520 817 3608 872 me

2020 891 2193 964 ipsum
2221 893 2403 949 dicere
2436 894 2645 958 videor,
2679 895 2770 964 qui
2808 909 2931 949 cum
2966 895 3213 965 superius
3262 896 3489 952 dixerim
3537 897 3608 952 ob

2017 995 2239 1058 peccata
2268 994 2451 1043 nostra
2480 1002 2579 1042 nos
2603 986 2779 1058 puniri
2800 1001 2830 1040 a
2855 985 2987 1052 Deo,
3017 1002 3161 1041 nunc
3182 986 3359 1042 dicam
3386 1003 3483 1044 nos
3503 1005 3605 1060 pu-

2020 1078 2119 1133 niri
2148 1094 2177 1132 a
2202 1079 2356 1134 nobis
2385 1078 2529 1150 ipsis.
2565 1077 2862 1148 Utrumque
2881 1092 3067 1132 verum
3093 1085 3193 1133 est.
3219 1077 3262 1131 Δ
3284 1078 3608 1152 Deoquippa

2017 1169 2305 1239 punimur;
2337 1169 2430 1226 sed
2455 1169 2554 1240 ipsi
2585 1170 2808 1224 facimus
2836 1177 2895 1223 ut
2920 1168 3225 1240 puniamur.
3255 1166 3390 1224 Cum
3426 1181 3607 1229 autem

2017 1253 2208 1332 punire
2247 1277 2346 1317 nos
2370 1262 2477 1332 ipsi
2497 1261 2740 1328 facimus,
2768 1262 2852 1317 cui
2877 1261 3097 1316 dubium
3119 1269 3205 1316 est
3231 1261 3359 1330 quin
3387 1262 3485 1333 ipsi
3509 1279 3608 1320 nos

2017 1355 2214 1409 nostris
2268 1355 2582 1410 criminibus
2618 1355 2943 1425 puniamus?
2994 1352 3128 1420 Quia
3167 1353 3472 1423 quicunque
3515 1355 3608 1411 dat

2015 1461 2234 1502 causam
2264 1463 2369 1516 qua
2401 1448 2672 1518 puniatur,
2707 1450 2820 1518 ipse
2844 1462 2903 1502 se
2922 1446 3096 1517 punit,
3119 1445 3412 1501 secundum
3439 1446 3567 1501 illud
3587 1465 3601 1500 :
3619 1463 3634 1474 ·

2017 1536 2251 1594 Funibus
2280 1550 2606 1610 peccatorum
2635 1556 2844 1594 suorum
2863 1539 3208 1610 unusquisque
3234 1539 3604 1608 constringitur

2016 1628 2198 1702 (Prov.
2233 1646 2287 1694 v,
2317 1629 2429 1703 εἰ),
2466 1628 2608 1698 Ergo
2635 1630 2681 1686 si
2721 1629 2936 1684 funibus
2989 1635 3331 1700 peccatorum
3382 1644 3602 1687 suorum

2019 1721 2258 1792 perversi
2286 1721 2534 1776 homines
2563 1721 2869 1790 alligantur,
2894 1720 3010 1791 ipse
3032 1734 3093 1774 se
3121 1718 3323 1789 absque
3341 1717 3504 1774 dubio
3524 1718 3600 1773 al.

315 1809 577 1866 abusores
601 1811 810 1867 scilicet
837 1822 892 1868 et
932 1814 1184 1870 incuriosi
1242 1831 1305 1870 ac
1343 1815 1678 1884 negligentes
1727 1831 1908 1871 rerum
1943 1810 1986 1872 Β
2012 1811 2142 1882 ligat
2169 1821 2426 1882 peccator
2449 1812 2697 1881 quisque,
2730 1826 2854 1867 cum
2877 1817 3084 1882 peccat.

314 1916 532 1956 suamm
578 1919 698 1958 esse
716 1903 982 1960 dicantur.
1007 1904 1053 1960 Ο
1087 1907 1363 1976 sacrilega:
1393 1922 1572 1974 voces,
1605 1924 1640 1962 ο
1667 1908 1905 1978 profana:

316 1994 704 2062 procacitates!
731 1994 898 2050 Deum
915 2010 1046 2065 ergo
1074 1997 1178 2053 hoc
1199 2013 1318 2054 esse
1339 1999 1565 2053 dicimus
1583 1999 1728 2067 quod
1743 2000 1906 2053 etiam
1941 2025 1943 2028 -

315 2082 457 2137 inter
502 2083 750 2138 homines
794 2099 903 2140 non
952 2085 1054 2141 nisi
1085 2087 1475 2156 perditissimus
1503 2089 1909 2157 uuncupamus?

314 2172 570 2239 Quamvis
618 2189 724 2228 non
779 2174 894 2229 sola
937 2176 1037 2231 ista
1066 2175 1331 2232 dicantur.
1364 2176 1500 2232 Nota
1528 2178 1726 2248 quippe
1750 2178 1821 2242 ei,
1852 2186 1912 2232 ut

311 2274 442 2319 ante
466 2265 578 2334 jam
604 2265 736 2331 dixi,
767 2266 931 2321 etiam
964 2267 1264 2336 iniquitatis
1292 2267 1623 2336 impingitur.
1655 2266 1714 2323 Si
1767 2267 1911 2322 enim

313 2371 415 2412 nos
441 2373 563 2427 quze
591 2358 826 2428 patimur
855 2373 964 2413 non
996 2373 1288 2425 meremur,
1318 2367 1374 2415 et
1426 2358 1629 2428 indigni
1671 2359 1912 2415 miseria-

315 2463 437 2502 rum
484 2449 830 2518 przcseutium
889 2449 1174 2506 tolerantia
1209 2467 1411 2518 sumus,
1444 2452 1698 2522 injustum
1726 2455 1928 2528 utique

319 2538 490 2594 Deum
516 2540 760 2607 dicimus,
790 2543 882 2613 qui
910 2559 1008 2598 nos
1031 2543 1220 2613 jubeat
1247 2545 1383 2600 mala
1409 2545 1625 2615 indigna
1654 2531 1924 2603 tolerare.

318 2628 423 2684 Sed
449 2647 554 2686 non
588 2640 716 2698 tam,
751 2630 944 2703 inquis,
972 2634 1127 2704 jubet
1154 2649 1313 2705 quam
1346 2637 1625 2706 permittit.
1677 2637 1905 2709 Aequic-

315 2738 528 2779 scamus
578 2727 680 2781 hoc
722 2728 792 2781 ita
822 2742 961 2782 esse.
995 2726 1101 2782 Sed
1130 2744 1291 2799 quam
1318 2729 1497 2799 longe,
1528 2745 1730 2800 quzeso,
1763 2740 1846 2786 est
1873 2747 1904 2786 a

311 2812 532 2882 jubentc
563 2817 920 2886 permittens?
947 2816 1049 2886 Qui
1077 2819 1221 2873 enim
1247 2819 1348 2875 scit
1375 2835 1474 2875 nos
1503 2821 1602 2875 ista
1643 2819 1903 2891 perferre,

312 2915 366 2961 et
395 2907 680 2977 prohibere
726 2915 904 2980 potest
954 2925 1021 2966 ne
1079 2911 1432 2982 perferamus,
1483 2913 1677 2984 probat
1703 2914 1906 2984 absque

311 2998 482 3077 dubio.
517 3000 716 3061 debere
757 3001 996 3074 perferre
1025 3019 1360 3076 qmecunquc
1387 3005 1589 3077 patitur
1616 3008 1902 3062 sustinere.

315 3088 468 3146 Unde
501 3092 745 3150 videmus
780 3095 905 3164 quia
930 3095 1116 3167 iudicii
1146 3108 1228 3154 est
1259 3100 1342 3155 sui
1366 3099 1512 3170 justa
1540 3101 1823 3171 permissio
1851 3109 1908 3156 et

2081 1903 2144 1957 ll.
2186 1901 2291 1958 Sed
2335 1903 2462 1973 quia
2514 1903 2583 1958 de
2628 1902 2940 1973 impuritate
2995 1895 3245 1956 Afrorum
3277 1900 3390 1970 jam
3433 1899 3599 1955 multa

2007 1995 2259 2058 diximus,
2294 2011 2435 2050 nunc
2459 1995 2528 2049 de
2549 1994 2898 2064 blasphemiis
2917 1993 3110 2048 saltem
3139 2008 3308 2064 pauca
3335 1992 3597 2048 dicamus.

2011 2083 2259 2139 Professa
2287 2086 2431 2140 enim
2453 2085 2559 2138 illic
2574 2085 2773 2152 jugiter
2795 2083 3147 2154 plurimorum
3172 2084 3454 2154 paganitas
3479 2082 3596 2138 fuit.

2013 2175 2296 2232 Habebunt
2346 2177 2546 2247 quippe
2595 2177 2733 2230 intra
2789 2191 2975 2230 muros
3029 2175 3234 2246 patrios
3288 2176 3601 2230 intestinum

2011 2268 2212 2334 scelus,
2246 2279 2268 2308 ε
2299 2267 2575 2323 cmlestem
2595 2267 2742 2322 illam
2763 2267 2988 2330 scilicet,
3029 2265 3278 2321 Afrorum
3304 2265 3604 2324 daemonem

2012 2357 2134 2414 dico
2161 2377 2173 2411 :
2204 2358 2290 2414 cui
2319 2357 2460 2423 ideo,
2493 2365 2551 2412 ut
2571 2373 2716 2422 reor,
2745 2365 2955 2413 veteres
2983 2357 3175 2428 pagani
3203 2365 3311 2410 tam
3350 2356 3604 2426 speciosa:

2010 2450 2386 2521 appellationis
2441 2449 2654 2504 titulum
2701 2448 2994 2515 dederunt;
3044 2456 3105 2503 ut
3155 2447 3281 2518 quia
3311 2447 3364 2502 in
3391 2462 3459 2503 eo
3492 2463 3602 2503 non

2008 2547 2127 2594 erat
2153 2554 2374 2604 numen,
2398 2539 2483 2593 vel
2515 2553 2710 2594 nomen
2738 2548 2912 2604 esset;
2955 2546 3011 2594 et
3045 2539 3172 2608 quia
3225 2553 3333 2593 non
3371 2530 3603 2594 Inﬂabat

2007 2631 2243 2702 aliquam
2274 2647 2341 2687 ex
2371 2640 2641 2702 potestate
2699 2632 2972 2697 virtutem,
3023 2631 3246 2688 haberet
3291 2631 3483 2688 saltem
3533 2647 3601 2687 ex

2009 2725 2274 2781 vocabulo
2303 2725 2639 2795 dignitatem.
2683 2723 2817 2791 Quis
2845 2738 2976 2793 ergo
3015 2723 3090 2778 illi
3119 2723 3266 2779 idolo
3289 2739 3397 2778 non
3425 2723 3602 2780 initia-

2009 2825 2114 2880 tus,
2145 2815 2268 2884 quis
2299 2829 2406 2869 non
2435 2829 2465 2867 a
2491 2815 2660 2884 stirpe
2681 2814 2797 2883 ipsa
2823 2812 3048 2868 forsitan
3081 2828 3146 2869 ac
3180 2813 3464 2868 uativitate
3507 2812 3604 2868 de-

2007 2909 2200 2962 votus?
2252 2905 2362 2962 Nec
2389 2907 2584 2976 loquor
2608 2905 2677 2961 de
2699 2905 3008 2961 hominibus
3044 2905 3184 2960 sicut
3202 2905 3312 2959 vita
3339 2903 3412 2960 ita
3439 2905 3603 2960 etiam

2010 2997 2345 3072 professione
2370 3014 2433 3054 ac
2461 2997 2722 3054 vocabulo
2752 2999 2993 3069 paganis,
3024 3007 3080 3053 et
3107 2999 3199 3068 qui
3225 2999 3368 3053 sicut
3394 2996 3604 3068 profani

2011 3102 2169 3149 erant
2197 3107 2407 3160 errore,
2438 3093 2516 3149 sic
2557 3092 2795 3148 nomine.
2824 3090 3183 3148 Tolerabilior
3224 3091 3424 3162 quippe
3441 3089 3526 3146 est
3548 3099 3606 3147 et

309 3183 576 3238 sententia
628 3197 880 3254 superna,
919 3187 1066 3256 quod
1125 3189 1380 3258 patimur.
1424 3187 1561 3244 Cum
1616 3191 1761 3246 enim
1801 3186 1982 3250 sintC
2012 3187 2190 3241 minus
2220 3185 2422 3240 nelaria
2474 3184 2746 3254 gentilitas
2792 3184 2846 3238 in
2897 3183 3203 3239 ἣοωὶηἱὺυε
3256 3182 3606 3254 Profth

308 3277 492 3330 etruria
538 3277 756 3333 ditionis
791 3293 996 3346 .sacrze,
1038 3289 1093 3335 et
1119 3289 1278 3336 nutus
1305 3281 1400 3337 Dei
1432 3291 1624 3339 cuncta
1654 3284 1902 3341 modere-

309 3379 414 3434 tur,
433 3367 691 3440 quidquid
712 3371 977 3428 malorum
1001 3373 1244 3445 quotidie
1264 3390 1652 3448 pmnarumque
1679 3376 1904 3448 perferi-

306 3474 446 3526 mus,
503 3475 728 3517 ceusura
760 3471 844 3519 est
869 3462 1066 3520 divina:
1095 3481 1287 3522 manus
1318 3485 1329 3523 :
1362 3482 1526 3538 quam
1555 3469 1743 3538 utique
1772 3483 1901 3524 cen-

304 3567 486 3606 suram
518 3569 615 3609 nos
665 3552 1006 3612 inardescere
1047 3555 1273 3613 facimus
1312 3567 1368 3613 et
1415 3559 1652 3629 peccatis
1701 3558 1900 3614 nostris

301 3640 500 3712 iugiter
527 3658 930 3702 commovemus
955 3666 967 3702 :
992 3663 1091 3703 nos
1119 3648 1356 3705 ctelestis
1379 3649 1472 3704 ira:
1501 3651 1679 3720 ignem
1705 3664 1899 3706 accen-

301 3728 499 3801 dimus,
556 3747 610 3793 ct
646 3739 944 3796 excitamus
995 3741 1242 3798 incendia
1271 3741 1466 3812 quibus
1493 3742 1794 3798 ardeamus.
1831 3740 1901 3799 Ut

301 3837 451 3884 recte
481 3830 685 3902 utique,
718 3833 932 3904 quoties
963 3833 1104 3888 mala
1134 3835 1236 3890 ista
1264 3833 1605 3904 perferimus,
1637 3835 1801 3890 etiam
1832 3834 1900 3888 ad

303 3933 406 3972 nos
427 3917 533 3975 dici
563 3919 687 3975 illud
718 3922 1091 3992 propheticum
1131 3923 1302 3994 possit
1335 3943 1346 3976 :
1407 3923 1489 3978 Ite
1533 3926 1588 3978 in
1637 3925 1902 3986 ﬂammam

303 4009 441 4078 ignis
466 4026 617 4080 quam
644 4013 952 4066 accendistis
974 4012 1111 4084 (Isa.
1144 4029 1196 4075 ι,
1229 4012 1340 4084 Η).
1370 4013 1447 4068 Ac
1474 4028 1570 4082 per
1595 4013 1719 4076 hoc,
1746 4011 1902 4080 juxta

251 4110 254 4112 ‘
304 4099 630 4154 sententiam
683 4116 912 4167 sacram,
973 4103 1127 4174 177
1164 4103 1280 4172 ipse
1317 4103 1417 4157 sibi
1469 4110 1626 4173 parat
1653 4110 1906 4172 peccator

251 4210 254 4212 ·
302 4187 546 4258 quisque
586 4189 730 4260 quod
785 4192 986 4262 patitur
1027 4190 1255 4263 (Psalm.
1290 4191 1403 4263 vu).
1439 4191 1578 4247 Nihil
1607 4199 1690 4247 est
1718 4192 1900 4261 itaque

298 4277 447 4346 quod
472 4278 870 4336 calamitatibus
896 4284 1094 4338 nostris
1141 4283 1256 4338 Deo
1293 4282 1560 4353 imputare
1605 4282 1894 4354 possimus.

301 4367 410 4424 Nos
435 4359 802 4426 calamitatum
852 4380 1157 4428 nostrarum
1182 4380 1434 4429 auctores
1487 4388 1690 4429 sumus.
1744 4372 1886 4428 Deus

2006 3293 2134 3334 stne.
2175 3276 2485 3350 178111υὰ
2508 3275 2862 3346 perniciosius
2881 3290 2946 3330 ac
2968 3272 3265 3339 scelestius,
3289 3272 3434 3344 quod
3447 3271 3604 3328 multi

2004 3387 2191 3429 eorum
2242 3371 2333 3441 qui
2391 3368 2787 3441 professionem
2813 3365 3030 3423 Christo
3063 3367 3392 3431 dicaverant,
3424 3373 3606 3420 mente

2003 3464 2160 3520 idolis
2180 3462 2508 3519 serviebant.
2535 3460 2666 3527 Quis
2679 3459 2823 3515 enim
2851 3473 2960 3514 non
2989 3472 3178 3514 eorum
3200 3456 3292 3526 qui
3312 3454 3602 3510 Christiani

2004 3555 2433 3626 appellabantur,
2489 3551 2766 3606 caelestem
2827 3549 2974 3604 illam
3022 3556 3116 3603 aut
3163 3555 3288 3618 post
3329 3545 3602 3601 Christum

2003 3644 2266 3710 adorabit,
2300 3652 2411 3709 aut,
2440 3641 2586 3712 quod
2613 3649 2698 3697 est
2724 3640 2880 3712 pejus
2907 3640 3099 3706 multo,
3130 3647 3417 3708 antequam
3444 3636 3601 3693 Chri-

2003 3739 2180 3794 stum?
2208 3735 2338 3804 Quis
2368 3752 2474 3791 non
2505 3735 2958 3791 dremoniacorum
2979 3731 3363 3792 sacrificiorum
3414 3731 3603 3786 nidore

2002 3831 2196 3900 plenus
2231 3827 2424 3882 divina:
2461 3827 2655 3882 domus
2695 3826 2858 3879 limen
2897 3822 3132 3886 introiit,
3177 3830 3232 3874 et
3267 3836 3390 3875 cum
3430 3820 3601 3874 fetore

2005 3922 2244 3990 ipsorum
2264 3916 2586 3979 daemonum,
2616 3915 2818 3969 Christi
2841 3914 3012 3968 altare
3039 3911 3374 3976 conscendit,
3405 3919 3464 3965 ut
3491 3926 3602 3965 non

2009 4021 2119 4066 tam
2149 4009 2396 4065 immanis
2415 4007 2654 4064 criminis
2681 4005 2869 4061 fuisset
2887 4003 2955 4060 ad
2978 3993 3235 4076 templum
3262 4003 3470 4059 Domini
3493 4018 3601 4058 non

2016 4102 2204 4158 venire
2223 4115 2382 4170 quam
2412 4099 2491 4155 sic
2519 4098 2739 4153 venire?
2760 4096 2895 4164 Quia
2928 4094 3265 4152 Christianus
3291 4095 3382 4166 qui
3410 4095 3476 4150 ad
3505 4109 3600 4152 ec-

2009 4191 2226 4249 clesiam
2257 4205 2364 4245 non
2411 4188 2579 4254 venit,
2612 4185 2951 4256 negligentia:
2978 4200 3103 4241 reus
3129 4194 3238 4253 est;
3279 4185 3372 4256 qui
3418 4192 3600 4243 autem

2007 4283 2086 4337 sic
2115 4280 2286 4344 venit,
2319 4277 2606 4348 sacrilegii.
2651 4276 2872 4333 Minoris
2913 4276 3056 4334 enim
3105 4277 3299 4348 piaculi
3330 4293 3418 4332 res
3443 4286 3526 4333 est
3553 4277 3599 4332 si

1999 4373 2178 4428 honor
2227 4371 2340 4426 Deo
2367 4385 2475 4426 non
2504 4367 2796 4435 deferatur,
2821 4381 2985 4439 quam
3011 4368 3057 4423 si
3087 4368 3355 4438 irrogetur
3379 4368 3592 4439 injuria.

1484 4503 1821 4560 STEPHANI
1863 4501 2129 4559 BALUZII
2170 4499 2398 4557 NOTAE.

375 4651 401 4680 ο
445 4639 622 4697 Editio
661 4639 1006 4718 llrassicani;
1050 4642 1320 4718 Tanquam
1351 4641 1461 4698 Deo
1499 4642 1671 4698 dulces
1716 4645 1896 4699 existi-
1933 4664 1948 4674 -

298 4721 541 4775 tuantur;
569 4721 618 4766 et
645 4729 710 4765 ne
736 4715 1072 4779 accusabiles,
1108 4723 1213 4769 etc.

1995 4652 2255 4698 ornatum.
2315 4639 2580 4712 Pleraque
2632 4639 2748 4712 alia
2787 4637 3095 4712 testimonia
3146 4635 3417 4712 congessit
3467 4637 3590 4694 illu-

1993 4715 2288 4769 strissimus
2318 4708 2606 4767 cardinalis
2635 4710 2899 4765 Baronius
2925 4708 2994 4763 ad
3027 4723 3225 4762 annum

3295 4705 3381 4772 99,
3415 4716 3474 4764 ut
3500 4725 3594 4765 os-

367 4782 396 4822 b
425 4781 598 4852 Supra
621 4795 743 4853 pag.
769 4781 871 4836 127
892 4801 904 4837 :
931 4783 990 4839 Si
1011 4777 1148 4840 enim
1170 4785 1423 4840 illustrem
1443 4801 1506 4840 ac
1526 4794 1892 4856 praepotentem
1917 4792 1972 4854 ι)
1998 4784 2246 4856 tendere}
2269 4780 2764 4856 Adeum_Ctelestem.
2786 4781 2877 4849 qui
2919 4777 3249 4856 Carthagine
3292 4778 3593 4856 colebatur,

293 4857 483 4917 virum,
514 4860 618 4908 ctc.
1648 4881 1658 4892 -

371 4935 395 4963 ο
427 4922 505 4978 Ita
545 4922 712 4978 editio
756 4921 951 4982 Pithtei
979 4935 1035 4982 et
1062 4926 1234 4983 codex
1259 4925 1622 4983 Corbeiensis.
1670 4924 1899 4982 Prorsus

295 4996 452 5051 bene.
482 4992 844 5068 Tertullianus
865 4996 919 5050 in
946 4998 1124 5067 capite
1145 4997 1218 5052 23
1241 4997 1614 5068 Apologetici;
1649 4995 1771 5068 Ista_
1781 4998 1898 5068 ipsa

293 5069 438 5139 virgo
484 5063 713 5139 caelestis
758 5063 1050 5139 pluviarum
1097 5063 1455 5139 pellicit-atrii.
1508 5066 1682 5121 Julius
1734 5063 1898 5139 Capi-

298 5133 592 5208 tolinus_in
623 5133 744 5208 _Vita
759 5133 767 5135 “
783 5133 1108 5203 Pertinacis,
1127 5207 1131 5208 ν
1148 5137 1476 5208 loquensde
1511 5133 1897 5207 proconsulatu

294 5220 458 5279 quem
497 5201 763 5279 Pertinax
795 5208 962 5279 gessit
1011 5207 1065 5263 in
1095 5201 1334 5279 Afri-ca:
1370 5206 1437 5262 1η
1484 5201 1583 5279 quo
1613 5223 1896 5279 proconsu-

295 5278 408 5350 latu
435 5277 625 5330 multas
653 5276 932 5350 seditiones
968 5295 1238 5350 perpessus
1265 5277 1476 5343 dicitur,
1497 5276 1890 5350 vatiCinatioui-

295 5345 390 5402 bus
414 5362 730 5420 earumque
767 5346 831 5420 de
857 5345 1045 5420 templo
1061 5345 1295 5404 Caelestis
1335 5357 1620 5420 emergunt.
1643 5347 1891 5420 Ammia-

294 5433 400 5472 nus
419 5416 872 5490 Marcellinuslib.
903 5416 975 5472 2‘2
998 5439 1010 5472 :
1036 5419 1368 5490 Asclepiades
1388 5416 1746 5490 philosophus,
1777 5436 1889 5472 cum

293 5489 492 5542 visendi
529 5488 705 5561 gratia
739 5485 942 5561 Iuliani
981 5485 1196 5561 peregre
1235 5489 1306 5561 ad
1331 5485 1398 5544 Μ’
1414 5485 1766 5561 suburbanum
1806 5506 1893 5542 ve-

294 5562 459 5614 nisset
480 5599 497 5623 ,
527 5555 638 5630 flete
667 5555 897 5611 leestis
927 5555 1221 5630 argenteum
1251 5559 1396 5613 breve
1433 5560 1735 5630 ﬁgmentum
1763 5575 1892 5630 quo-

296 5646 497 5701 cunque
523 5628 631 5711 ibat
660 5641 834 5708 secum
873 5628 1056 5682 solitus
1094 5629 1276 5710 efferre
1299 5669 1313 5691 ,
1359 5628 1488 5710 ante
1520 5628 1673 5700 [pedes
1712 5628 1898 5712 statuit

297 5700 562 5754 simulacri
591 5695 856 5762 sublimes.
906 5696 1204 5769 Trebellius
1243 5697 1416 5754 Pollio
1459 5715 1511 5752 ιη
1541 5698 1708 5769 Celso
1733 5714 1747 5750 :
1769 5699 1898 5769 Afri

255 5773 262 5777 ’
298 5769 509 5828 Celsum
530 5769 894 5841 imperatorem
917 5767 1323 5840 appellaverunt,
1357 5769 1506 5840 peplo
1533 5769 1643 5823 slew
1670 5766 1900 5822 Calcatis

1997 4857 2160 4912 deam
2207 4853 2389 4909 fuisse.
2421 4850 2775 4907 Casaubonus
2804 4847 2985 4904 tamen
3033 4849 3086 4902 in
3129 4847 3281 4904 Notis
3323 4848 3391 4904 ad
3430 4850 3595 4904 vitam

2006 4925 2262 4980 Antonini
2289 4922 2576 4987 Caracalli,
2609 4919 2835 4974 laudans
2861 4919 3005 4974 hunc
3030 4917 3267 4974 Saiviani
3297 4918 3492 4984 locum,
3527 4919 3598 4974 le-

2003 4996 2081 5064 git
2108 4993 2373 5064 Carlestem
2391 4992 2561 5064 illum
2581 5033 2596 5057 ,
2625 4991 2888 5064 deceptus
2925 4990 3248 5064 auctoritate
3275 4990 3593 5064 editionum,

2004 5058 2185 5121 tamen
2232 5063 2335 5119 etsi
2380 5063 2613 5117 fateatur
2659 5058 2778 5130 pro
2807 5058 2906 5115 dea
2955 5074 2986 5113 a
3032 5060 3303 5130 plerisque
3345 5059 3595 5130 omnibus

2005 5135 2168 5207 fuisse
2195 5133 2466 5207 habitam.
2491 5130 2574 5188 Ex
2601 5125 2806 5207 templo
2839 5144 3004 5207 porro
3030 5125 3144 5186 deae
3169 5125 3596 5207 _Ctelestis.apud

2003 5205 2388 5274 Carthaginem
2415 5203 2502 5274 via
2541 5195 2808 5274 ccclesiis;
2840 5195 2993 5274 cujus
3019 5195 3597 5274 meminerun_t__Vict_or

2004 5263 2240 5346 Vitensis
2282 5275 2336 5328 in
2366 5273 2520 5346 initio
2549 5263 2927 5346 nummus
2951 5263 3599 5346 PersecutioneWanda-

1999 5348 2101 5402 lica
2126 5355 2181 5401 et
2201 5345 2438 5415 Prosper
2466 5344 2520 5399 in
2550 5343 2689 5400 libro
2701 5342 2874 5415 _ter_ti_o
2895 5339 2964 5415 de
2985 5335 3593 5415 Perictio'uibustcap.

1996 5401 2086 5472 ‘58.
2132 5417 2210 5472 De
2239 5401 2356 5473 dea.
2371 5415 2595 5470 Caelesti
2629 5413 2752 5470 vide
2790 5408 3030 5478 Lipsium
3070 5407 3227 5478 lib._v
3256 5401 3592 5478 Epistula-ar.

1998 5489 2320 5556 Quamnam.
2345 5487 2504 5556 epist.
2526 5484 2598 5538 22
2612 5502 2640 5556 Ξ
2657 5473 3038 5556 Casaubouum
3069 5476 3124 5556 in
3150 5473 3302 5556 liotis
3317 5474 3395 5556 _ad
3419 5473 3598 5556 Vitam

2000 5542 2258 5613 Kntonini
2278 5542 2576 5620 Caracalli;
2610 5542 3033 5620 Rittershusiutu
3057 5542 3127 5598 ad
3153 5543 3295 5620 hunc
3316 5544 3512 5620 locum,
3542 5552 3600 5599 et

2003 5609 2502 5683 Ilenrfit'alesiu—m’
2532 5609 2601 5679 in
2655 5609 3098 5674 annotationibus
3148 5614 3217 5672 ad
3262 5609 3598 5674 Ammianum

2003 5697 2398 5760 Marcellinum,
2427 5707 2547 5763 pag.
2578 5688 2705 5744 25%.
