4088 6360
609 323 708 380 155

1554 327 1607 380 S.
1647 325 1960 382 SALVIANI
1999 325 2454 382 MASSILIENSIS
2493 326 2916 418 PRESBYTER!

3819 331 3926 386 156

605 443 680 496 Ac
711 457 808 512 per
833 444 936 499 hoc
977 444 1280 512 quicunque
1323 443 1422 498 ista
1453 443 1715 510 fecerunt,
1769 462 1876 500 non
1923 445 2188 500 dederunt
2219 449 2262 505 Α
2295 445 2652 514 telligeremus
2699 446 2866 502 Deum
2925 455 3032 500 tam
3089 461 3256 514 parva
3303 456 3614 502 sanctorum
3665 463 3922 502 suorum

603 535 862 590 honorem
909 535 1038 600 Deo,
1070 534 1164 588 sed
1191 533 1605 604 derogaverunt.
1641 536 1774 592 Nam
1819 538 1982 594 etiam
2013 538 2185 607 ipsam

599 627 995 694 quodammodo
1043 627 1288 683 ecclesite
1335 627 1713 684 salutationem
1755 629 1898 686 idolo
1923 629 2184 700 pnestite-

545 761 552 773 .
598 725 724 772 runt
749 735 762 770 :
789 717 914 784 quia
933 717 1154 774 secundi
1179 719 1286 776 loci
1311 718 1627 776 oﬂiciositas
1650 721 1844 776 honori
1873 721 2014 788 illius
2057 737 2185 792 pro—

543 839 550 862 ς
599 806 709 862 ﬁcit
735 805 818 862 cui
839 806 1154 876 principatia
1175 808 1508 866 deferuntur.
1543 809 1680 866 Ecce
1707 825 1827 880 qua:
1855 810 2106 866 Afrorum
2131 820 2187 867 et
2233 875 2236 878 λ

543 951 546 954 ι
595 900 827 956 maxime
855 900 1314 958 nobilissimorum
1337 902 1484 966 ﬁdes,
1509 919 1628 973 quae
1655 905 1862 972 religio,
1885 919 2006 974 qua:
2031 903 2186 962 Chri-

543 1033 552 1038 .
593 992 839 1050 stiani-tas
877 992 996 1050 fuit.
1027 993 1356 1052 Dicebautur
1383 995 1676 1052 Christiani
1703 997 1772 1052 ad
1799 998 2183 1063 contumeliam

591 1082 810 1140 Christi.
841 1083 978 1142 Cum
999 1085 1290 1164 Apostolus
1316 1087 1584 1142 declamet
1609 1107 1620 1140 :
1655 1087 1779 1142 Non
1799 1092 2010 1158 potestis
2053 1091 2184 1144 cali-

592 1191 700 1230 cem
723 1174 1122 1234 Dominibibere
1149 1177 1438 1244 etcaiicem
1465 1179 1834 1234 demotum-um
1858 1197 1874 1232 :
1905 1196 2010 1234 non
2037 1189 2182 1250 pote-

587 1269 684 1320 stis
705 1279 896 1322 meum
915 1267 1128 1326 Domini
1143 1271 1532 1340 participare'et
1549 1280 1575 1307 ι
1597 1283 1787 1326 mensa:
1815 1271 2180 1326 daemoniorum

593 1357 637 1428 (Ι
667 1357 786 1412 Cor.
818 1373 872 1423 ιι,
903 1357 990 1424 80,
1031 1358 1154 1428 iii);
1195 1361 1298 1416 illis
1341 1362 1444 1418 hoc
1486 1362 1617 1416 satis
1655 1377 1766 1416 non
1807 1368 1924 1415 erat
1963 1369 2021 1416 ut
2059 1377 2179 1416 cum

509 1477 518 1484 -
583 1449 758 1504 calice
787 1450 882 1508 Dei
911 1451 1132 1512 calicem
1171 1453 1420 1510 biberent
1447 1453 1860 1518 daemoniorum,
1897 1453 1999 1506 nisi
2031 1452 2181 1508 illum
2224 1477 2231 1486 -

541 1571 548 1578 -
587 1542 755 1598 etiam
787 1544 1176 1612 praetulissent;
1211 1561 1310 1602 nec
1333 1531 1634 1604 subiciebat
1655 1557 1712 1602 ut
1725 1560 1964 1600 mensam
1987 1545 2181 1599 daemo-

587 1650 718 1692 num
743 1651 940 1694 mensas
969 1638 1262 1696 Dominica:
1283 1647 1679 1708 eotnpararent,
1715 1639 1817 1694 nisi
1846 1645 1968 1708 post
1988 1651 2178 1708 super-

543 1767 554 1774 .
587 1729 862 1802 stitionum
893 1729 1170 1786 infamiam
1197 1730 1374 1788 cultus
1400 1730 1468 1786 ad
1495 1731 1591 1786 Dei
1631 1730 1832 1799 templa
1881 1729 2176 1792 venientes,

2291 537 2616 592 contumelia
2653 537 2776 592 iaedi
2805 551 2980 607 quam
3009 536 3158 608 parvi
3188 537 3427 592 verberis
3481 545 3626 594 tactu
3667 539 3918 593 humani

2288 631 2434 686 visus
2455 631 2598 686 acies
2617 629 2918 686 laederetur.
2941 630 3352 686 Insectabantur
3375 630 3555 702 itaque
3585 629 3710 685 Afri
3743 633 3920 704 180

2289 729 2452 791 atque
2479 723 2704 778 oderant
2729 737 2916 778 servos
2943 721 3058 788 Dei,
3083 723 3212 776 etin
3241 721 3307 776 iis
3327 720 3514 778 Deum.

2359 813 2447 870 IV.
2489 813 2598 870 Sed
2631 813 2887 883 quaeritur
2927 812 3150 868 forsitan
3191 812 3385 882 quibus
3425 812 3602 870 modis
3625 814 3914 886 probetur

2287 904 2470 962 odium
2499 903 2732 960 illorum.
2786 904 2896 960 illis
2921 904 3130 960 scilicet
3149 904 3344 976 quibus
3372 905 3534 960 etiam
3569 903 3914 960 Iudaeorum

2285 998 2412 1054 odia
2459 997 2879 1068 comprobantur
2924 997 2978 1050 in
3023 995 3316 1060 Christum,
3357 1012 3480 1052 cum
3519 996 3796 1052 dicebant
3843 997 3910 1051 ad

2285 1105 2429 1154 eum,
2467 1088 2836 1144 Samaritanus
2863 1105 2918 1142 es
2947 1097 3020 1154 tu,
3049 1096 3100 1141 et
3127 1088 3436 1142 (immanium
3469 1086 3626 1141 habes
3659 1087 3906 1158 (Joanu.

2287 1197 2398 1247 vm,
2428 1181 2550 1250 48);
2579 1171 2702 1235 cum
2724 1180 3035 1246 irridebant,
3059 1197 3180 1235 cum
3211 1181 3618 1244 maledicebant,
3643 1197 3786 1236 cum
3823 1181 3908 1234 in-

2267 1272 2574 1334 .sufllabant
2595 1273 2648 1328 in
2671 1272 2860 1328 faciem
2883 1272 3018 1340 ejus,
3037 1279 3092 1326 et
3109 1271 3424 1328 frendebant
3444 1271 3696 1326 dentibus
3729 1284 3906 1340 super

2285 1371 2448 1434 caput
2475 1363 2610 1432 ejus.
2645 1361 2798 1418 Unde
2825 1363 2992 1416 etiam
3015 1363 3068 1416 in
3097 1362 3316 1432 psalmis
3335 1362 3464 1416 dicit
3492 1361 3760 1416 Salvator
3783 1363 3906 1430 ipse

2285 1458 2376 1526 qui
2403 1449 2622 1528 pertulit
2655 1474 2666 1508 :
2703 1453 2894 1509 Omnes
2921 1457 3008 1526 qui
3050 1454 3429 1526 conspiciebant
3464 1454 3903 1526 atpernabantur

2285 1565 2384 1612 me,
2415 1559 2465 1602 et
2491 1548 2647 1602 locuti
2677 1555 2796 1602 sunt
2825 1545 2994 1608 labiis,
3041 1555 3089 1600 et
3133 1553 3398 1600 moverunt
3444 1553 3598 1615 caput
3647 1543 3896 1614 (Psalm.

2285 1655 2394 1704 ut,
2427 1639 2503 1710 8).
2537 1637 2605 1692 Et
2653 1638 2776 1694 alibi
2805 1657 2816 1690 :
2853 1638 3215 1702 Tentaveruut,
3253 1637 3442 1706 inquit,
3475 1653 3574 1702 me,
3605 1645 3656 1690 et
3685 1637 3898 1690 derise-

2285 1742 2406 1787 runt
2434 1734 2630 1800 derisu,
2663 1731 3000 1804 [reuerterunt
3029 1733 3084 1784 in
3111 1747 3193 1784 me
3219 1729 3456 1784 dentibus
3486 1731 3593 1792 suis;
3645 1728 3888 1798 (Psatm.

587 1821 944 1874 sacrosanctis
988 1821 1186 1878 Christi
1239 1821 1500 1876 altaribus
1534 1821 1700 1876 ductu
1729 1821 1896 1890 ipsius
1923 1819 2178 1876 diabolici
2208 1827 2254 1892 Β
2281 1840 2464 1889 xxxiv,
2497 1822 2605 1900 16).
2637 1822 2716 1876 ita
2765 1821 2926 1888 igitur
2955 1829 3010 1876 et
3037 1822 3090 1874 in
3119 1819 3146 1858 ι)
3176 1820 3474 1884 monachis,
3506 1819 3558 1872 id
3587 1829 3690 1884 est,
3745 1834 3885 1874 san—

545 1957 548 1960 ι
583 1912 807 1980 spiritus
823 1912 1232 1981 spurcissimum
1261 1911 1505 1970 nidorem
1536 1911 1888 1966 inbalassent.

653 2003 742 2058 Ill.
783 2003 871 2068 At,
897 2004 1092 2074 inquis,
1123 2017 1233 2060 non
1261 2015 1452 2062 onlnes
1477 2001 1578 2058 ista
1609 2002 1896 2068 faciebant,
1941 2002 2036 2058 sed
2075 2017 2176 2072 po-

543 2139 552 2147 .
587 2093 874 2150 tentiseimi
905 2095 1110 2163 quique
1137 2110 1202 2150 ac
1223 2094 1608 2150 sublimissimi.
1638 2094 2055 2163 Acquiescamus
2073 2093 2178 2148 hoc

583 2185 662 2242 ita
691 2199 830 2242 esse.
863 2184 970 2242 Sed
989 2201 1121 2244 cum
1149 2185 1426 2242 ditissima:
1447 2200 1675 2255 quaeque
1701 2201 1766 2240 ac
1793 2184 2177 2255 potentissima:

538 2317 544 2330 .
577 2275 1021 2336 domus-turbam
1060 2279 1216 2349 179
1242 2277 1442 2334 faciant
1463 2279 1715 2342 civitatis,
1745 2278 1896 2334 vides
1917 2293 2014 2350 per
2043 2293 2178 2349 pau-

581 2377 770 2426 corum
798 2369 1099 2438 potuitiure
1139 2371 1454 2438 sacrilegam
1503 2370 1942 2440 superstitionem
1985 2370 2177 2426 urbem

537 2507 540 2510 .
581 2467 832 2514 cunctam
857 2461 1030 2518 fuisse
1059 2462 1339 2532 pollutam.
1379 2462 1588 2520 Nemini
1611 2471 1802 2538 autem
1841 2461 2060 2518 dubium
2095 2471 2179 2518 est

533 2593 542 2600 .
581 2559 772 2607 omnes
791 2553 1136 2610 dominam
1169 2553 1399 2610 familias
1427 2565 1522 2610 aut
1549 2555 1754 2614 similes
1795 2571 1916 2612 esse
1943 2555 2178 2610 dominis

535 2689 544 2696 .
583 2653 680 2700 aut
705 2645 1046 2712 deteriores;
1071 2646 1320 2716 quamvis
1337 2647 1446 2704 hoc
1474 2647 1720 2702 usitatius
1749 2655 1809 2704 ut
1827 2647 2136 2702 deteriores
2162 2665 2173 2699 :

531 2769 540 2776 -
579 2753 648 2794 ac
673 2741 772 2809 per
787 2739 1037 2795 hoccum
1065 2740 1232 2796 etiam
1256 2740 1386 2796 boni
1405 2741 1608 2798 domini
1629 2757 1818 2798 servos
1840 2741 1925 2796 vel
1947 2741 2178 2796 maxime

531 2861 534 2864 -
575 2831 754 2886 anates
779 2831 1036 2898 habeant,
1071 2839 1382 2902 promptum
1411 2842 1496 2888 est
1529 2833 1828 2902 intelligere
1855 2833 2044 2901 quales
2071 2832 2180 2886 illic
2231 2901 2234 2904 ν

581 2921 798 2978 familiis
825 2937 1016 2980 mutes
1041 2925 1260 2988 fuerint,
1293 2939 1416 2980 eum
1445 2925 1667 2980 serviles
1693 2925 1904 2984 animos
1926 2922 2038 2992 jam
2081 2937 2180 2993 per

530 3049 532 3054 -
577 3027 642 3068 se
667 3015 840 3068 malos
861 3015 1023 3070 etiam
1051 3015 1396 3072 dominorum
1442 3014 1644 3072 faceret
1672 3015 1910 3084 nequitia
1941 3014 2173 3084 pejores.
2229 3083 2234 3088 ν

527 3147 536 3156 .
581 3101 714 3160 Esto
741 3109 890 3174 ergo,
915 3106 1006 3160 illa
1027 3119 1148 3176 qum
1165 3106 1399 3164 diximus
1425 3107 1492 3162 ad
1515 3108 1916 3176 potentissimos
1935 3121 2178 3176 quosque

2279 1914 2378 1970 ctis
2425 1913 2540 1980 Dei,
2573 1911 2820 1968 Afrorum
2869 1911 3129 1982 probatur
3157 1909 3364 1976 odium;
3413 1909 3536 1979 quia
3579 1909 3888 1964 irridebant

2278 2005 2502 2078 scilicet,
2530 2003 2656 2072 quia
2685 2001 3096 2066 maledicebant,
3129 2000 3253 2068 quia
3295 1999 3713 2066 insectabantur,
3749 1999 3888 2068 quia

2245 2141 2264 2154 ,.
2277 2097 2702 2160 detestabantur,
2733 2095 2859 2164 quia
2889 2095 3068 2150 omnia
3101 2094 3152 2147 in
3185 2093 3304 2148 illos
3327 2107 3465 2164 pene
3485 2091 3728 2148 fecerunt
3754 2107 3885 2162 quae

2279 2191 2332 2246 in
2363 2188 2700 2244 Salvatorem
2729 2197 2970 2242 nostrum
2999 2184 3304 2240 Iudaeorum
3324 2184 3570 2254 impietas
3592 2192 3716 2238 ante
3747 2183 3884 2238 fecit

2275 2298 2440 2352 quam
2461 2282 2528 2336 ad
2545 2281 2860 2336 effusionem
2883 2281 3054 2352 ipsam
3068 2278 3234 2332 divini
3255 2278 3526 2353 sanguinis
3539 2277 3880 2346 perveniret.

2277 2373 2384 2430 Sed
2405 2375 2514 2439 isti,
2541 2375 2738 2444 inquis,
2765 2385 2982 2428 sanctos
3001 2386 3110 2426 non
3139 2369 3466 2434 occiderunt,
3491 2369 3624 2424 sicut
3648 2366 3888 2423 Iudaeos

2279 2466 2469 2522 fecisse
2497 2466 2740 2534 legimus.
2785 2465 2866 2518 An
2893 2462 3207 2528 occiderint,
3241 2461 3440 2524 nescio,
3469 2475 3576 2514 non
3623 2456 3876 2512 affirmo.

2233 2623 2238 2628 ‘
2281 2556 2388 2612 Sed
2435 2565 2614 2612 tamen
2645 2569 2834 2624 magna
2881 2554 3141 2620 defensio,
3173 2554 3218 2608 si
3243 2554 3352 2610 hoc
3381 2560 3583 2607 tantum
3609 2551 3663 2606 in
3692 2551 3771 2606 eis
3799 2551 3876 2607 de

2279 2664 2612 2721 paganorum
2641 2663 2751 2702 non
2781 2647 2880 2702 fuit
2899 2647 3293 2718 persecutione,
3325 2644 3470 2714 quod
3523 2643 3688 2698 habet
3739 2659 3872 2713 per-

2281 2742 2484 2798 secutio
2525 2741 2638 2811 ipsa
2669 2746 3020 2810 postremum.
3065 2738 3318 2794 Putemus
3347 2749 3476 2805 ergo
3525 2735 3735 2790 occisos
3763 2735 3874 2789 illic

2281 2848 2390 2888 non
2419 2847 2540 2888 esse
2567 2842 2801 2888 sanctos.
2837 2830 2944 2887 Sed
2971 2829 3102 2898 quid
3131 2827 3387 2884 faciemus
3434 2827 3580 2896 quod
3609 2841 3718 2880 non
3745 2836 3872 2880 sunt

2281 2925 2440 2994 longe
2469 2925 2537 2978 ab
2579 2923 2948 2980 occidentibus
2976 2923 3067 2992 qui
3110 2923 3290 2976 animo
3311 2919 3596 2978 occisionis
3617 2919 3868 2982 oderunt,

2281 3015 2578 3088 pnesertim
2609 3031 2732 3070 cum
2762 3014 3018 3070 Dominus
3049 3013 3162 3084 ipse
3181 3013 3352 3068 dicat:
3388 3009 3488 3076 Qui
3518 3011 3626 3066 odit
3655 3013 3868 3082 fratrem

2257 3124 2448 3162 suum
2475 3107 2587 3162 sine
2631 3123 2808 3172 causa,
2863 3105 3123 3160 homicida
3171 3109 3246 3162 est
3317 3101 3586 3172 (110mm.
3635 3119 3709 3166 ut,
3755 3100 3863 3170 15).

493 3213 500 3222 ’
529 3235 532 3240 ι
579 3210 648 3250 se
695 3195 1059 3252 nobilissimos
1109 3198 1502 3266 pertinuerunt.
1563 3197 1812 3265 Nunquid
1845 3197 1935 3252 illa
1975 3197 2178 3254 levium
2205 3210 2251 3274 ε
2281 3193 2536 3272 Quamvis
2565 3213 2672 3254 non
2695 3198 2812 3254 sine
2840 3211 3000 3252 causa
3031 3196 3296 3266 persecuti
3325 3204 3448 3252 sunt
3473 3207 3494 3235 ε
3519 3195 3863 3250 servos-Dei.

573 3301 700 3356 qua
745 3285 1014 3348 nubiftbus
1069 3289 1500 3358 ignobilibustu
1545 3290 1890 3346 communia?
1915 3289 2036 3356 odia
2059 3289 2193 3360 sci:

579 3377 706 3434 licet
753 3387 918 3450 atque
965 3381 1370 3458 eiSecrationes
1407 3389 1720 3438 sanctorum
1759 3382 1998 3436 omnium
2027 3382 2168 3438 dico.

527 3515 530 3520 .
576 3467 854 3538 Sac'rilegii
871 3471 1074 3542 quippe
1089 3485 1260 3540 gentm
1279 3481 1380 3538 est.
1412 3472 1504 3528 Del
1535 3473 1714 3528 odisse
1745 3474 1997 3532 cultores.
2023 3473 2174 3530 Sicut

527 3599 534 3606 .
579 3561 722 3615 enim
749 3562 794 3616 si
821 3572 1250 3630 servosnostros
1277 3565 1546 3634 quispiam
1567 3563 1764 3631 caedat,
1805 3581 1903 3622 nos
1951 3565 2006 3620 iu
2051 3581 2170 3624 ser-

523 3681 532 3686 -
579 3657 768 3707 verum
795 3660 1102 3712 nostrorum
1125 3655 1282 3710 endit
1326 3655 1612 3728 iniuriam;
1653 3664 1712 3712 et
1763 3657 1808 3712 si
1839 3673 1868 3710 a
1897 3643 2170 3728 quoquam

523 3769 530 3776 -
577 3741 720 3798 ﬁlius
763 3744 1082 3802 verberetur
1127 3745 1354 3812 alienus,
1379 3746 1434 3802 in
1459 3747 1722 3816 supplicio
1753 3745 1843 3800 filii
1873 3747 2047 3818 pietas
2075 3763 2172 3816 pn-

523 3861 528 3866 ·
567 3841 728 3889 terna
757 3843 1076 3907 torquetur:
1111 3837 1182 3892 ita
1223 3846 1278 3896 et
1305 3849 1426 3894 eum
1457 3853 1644 3894 servus
1673 3838 1766 3894 Dei
1815 3854 1845 3894 a
1896 3855 2169 3910 quoquam

525 3953 528 3956 -
573 3924 802 3992 laeditur,
847 3927 1102 3996 maiestas
1143 3928 1324 3988 divina
1368 3928 1622 3995 violatur,
1667 3929 1882 3984 dicente
1911 3929 1964 3984 id
1993 3929 2168 4002 ipsum

571 4018 640 4074 ad
663 4015 944 4088 apostolos
965 4033 1094 4080 suos
1123 4019 1354 4080 Domino
1379 4038 1390 4072 :
1419 4018 1522 4084 Qui
1551 4037 1640 4076 vos
1660 4021 1862 4092 recipit,
1887 4037 1969 4074 me
1991 4017 2169 4092 recipit

521 4146 530 4152 .
565 4107 792 4178 (Matth.
817 4125 872 4173 ιδ
900 4109 1026 4178 450);
1049 4112 1206 4181 atqui
1227 4127 1316 4166 eos
1338 4113 1554 4180 spernit,
1585 4128 1668 4166 me
1685 4114 1880 4182 spernit
1921 4110 2075 4182 (Luc.
2107 4129 2162 4175 ι,

522 4229 536 4240 -
563 4195 686 4266 ¹16).
745 4195 1166 4266 Benignissimus
1217 4200 1426 4258 scilicet
1477 4215 1543 4254 ac
1587 4201 1862 4270 piissimus
1909 4201 2168 4256 Dominus

520 4333 529 4340 .
575 4297 916 4346 domum
941 4289 1045 4364 sibi
1063 4301 1188 4348 eum
1217 4291 1386 4350 servis
1399 4290 1516 4346 suis
1541 4299 1600 4352 et
1639 4291 1900 4346 honorem
1928 4292 2085 4346 simul
2113 4301 2168 4347 et

525 4425 532 4432 .
565 4379 954 4436 contumeliam
983 4380 1141 4447 facit;
1169 4397 1244 4438 ne
1263 4381 1402 4451 quis,
1426 4395 1548 4438 cum
1563 4381 1788 4438 laederet
1811 4383 1904 4438 Dei
1930 4398 2162 4450 servum,

575 4469 850 4528 hominem
879 4481 1086 4528 tantum
1116 4489 1146 4527 a
1175 4489 1233 4529 se
1261 4473 1384 4528 laedi
1413 4474 1783 4540 arbitraretur,
1811 4491 1932 4530 cum
1963 4477 2166 4544 absque

575 4561 739 4616 dubio
775 4563 982 4632 injuriis
1017 4569 1291 4619 servorum
1329 4565 1722 4620 dominicorum
1761 4563 1856 4620 Dei
1898 4566 2162 4622 admisce—
2191 4567 2243 4640 ι)

571 4655 726 4706 retur
743 4651 960 4722 injuria,
987 4661 1220 4711 testante
1245 4654 1298 4710 id
1311 4656 1434 4712 suis
1453 4654 1574 4712 Deo
1597 4653 1788 4718 atl‘ectu
1815 4655 2172 4724 indulgentisa

573 4737 710 4798 sinito
739 4741 792 4797 in
815 4744 956 4802 hunc
993 4745 1212 4800 modum
1243 4763 1255 4799 :
1287 4743 1548 4810 Quth
1575 4749 1662 4818 qui
1685 4763 1772 4821 vos
1800 4749 1985 4819 tangit,
2018 4751 2166 4821 quasi

521 4839 524 4842 ’
575 4835 658 4908 qui
690 4833 851 4908 tangit
874 4839 1122 4912 pupillari:
1147 4839 1282 4896 oculi
1303 4841 1401 4902 ιιιεὶ
1433 4835 1618 4913 (Zach.
1646 4857 1700 4905 ιι,
1731 4839 1807 4912 8).
1858 4841 1937 4898 Ad
1979 4845 2160 4916 expri-

513 4965 518 4970 η
567 4929 822 4986 “tetidem
845 4933 1254 4992 teneritudinem
1275 4935 1498 5005 pietatis
1519 4951 1644 5002 sum,
1679 4938 2022 4994 tenerrimam
2045 4954 2164 5010 par-

573 5021 683 5076 tem
737 5021 956 5078 humani
1003 5026 1244 5095 corporis
1269 5025 1600 5094 nominavit;
1633 5037 1691 5082 ut
1719 5029 2058 5098 apertissime
2077 5031 2161 5085 in-

2273 3291 2408 3350 .Nam
2459 3292 2580 3360 quis
2623 3291 2804 3346 dicere
2847 3287 3018 3360 possit
3060 3290 3204 3360 quod
3250 3289 3366 3344 sine
3405 3303 3588 3358 causa,
3621 3289 3868 3342 homines

2273 3383 2478 3449 scilicet
2505 3383 2752 3438 omnibus
2779 3397 2812 3438 a
2839 3397 2898 3442 se
2925 3382 3048 3436 vita:
3096 3397 3160 3436 ac
3189 3395 3402 3436 morum
3425 3379 3616 3434 studiis
3660 3378 3866 3432 discre-

2271 3485 2481 3550 pantes,
2515 3478 2566 3532 in
2595 3478 2790 3548 quibus
2818 3477 2950 3532 nihil
2975 3469 3249 3534 'videbant
3277 3489 3452 3538 suum,
3485 3475 3737 3544 quoniam
3767 3473 3868 3528 Dei

2273 3575 2466 3624 totum.
2516 3567 2746 3622 Maxima
2779 3569 2922 3624 enim
2955 3582 3116 3624 causa
3150 3574 3232 3622 est
3262 3565 3650 3622 discordiarum
3679 3563 3864 3618 diver—

2271 3657 2402 3712 sitas
2444 3657 2814 3714 voluntatum:
2862 3658 2988 3728 quia
3019 3655 3132 3712 fieri
3177 3665 3270 3712 aut
3307 3656 3527 3712 omnino
3557 3671 3662 3709 non
3683 3661 3866 3724 potest

2271 3757 2365 3808 aut
2391 3749 2480 3804 vix
2504 3757 2704 3818 potest,
2741 3756 2800 3804 ut
2822 3763 2943 3804 eum
2972 3763 3088 3802 rem
3111 3748 3170 3802 in
3201 3747 3306 3804 alio
3353 3747 3637 3824 quisquam
3679 3745 3868 3813 diligat

2271 3855 2302 3894 ει
2325 3853 2427 3908 qua
2453 3839 2567 3910 ipse
2583 3839 2851 3898 dissentit.
2887 3839 3072 3908 Itaque
3097 3854 3190 3898 eos
3223 3827 3380 3910 181
3413 3853 3518 3892 non
3540 3837 3656 3892 sine
3676 3853 3866 3900 causa,

2271 3941 2332 3988 ut
2359 3933 2488 3998 dixi,
2543 3931 2789 3994 oderunt,
2825 3933 2878 3988 in
2907 3933 3101 4001 quibus
3131 3932 3310 3986 omnia
3338 3931 3438 3988 sibi
3482 3913 3668 3984 :cmula
3693 3937 3866 4000 atque

2271 4025 2484 4081 inimica
2511 4024 2825 4082 cernebant.
2859 4024 2936 4078 illi
2977 4025 3122 4078 enim
3176 4023 3424 4078 vivebant
3446 4021 3644 4092 jugitcr
3675 4023 3732 4078 in
3763 4039 3866 4078 ne-

2267 4125 2458 4192 quitia,
2485 4125 2578 4180 isti
2603 4125 2654 4180 in
2687 4124 3026 4190 innocentia;
3055 4123 3131 4178 illi
3157 4124 3208 4177 in
3233 4123 3472 4186 libidine,
3507 4122 3594 4178 isti
3615 4123 3670 4176 in
3693 4124 3862 4178 casti-

2271 4231 2410 4290 tate;
2439 4225 2515 4280 illi
2541 4225 2596 4279 in
2621 4225 2823 4288 lustris,
2859 4225 2948 4280 isti
2979 4225 3031 4278 in
3053 4223 3428 4290 monasteriis;
3461 4225 3536 4280 illi
3566 4239 3736 4294 prope
3769 4225 3862 4294 jn-

2267 4325 2407 4392 giter
2433 4339 2554 4379 cum
2581 4325 2820 4390 diabolo,
2867 4326 2956 4380 isti
3005 4326 3121 4380 sine
3149 4326 3451 4380 cessatione
3477 4339 3604 4380 cum
3619 4323 3859 4380 Christo.

2267 4423 2384 4478 Non
2437 4423 2554 4479 sine
2601 4439 2762 4480 causa
2799 4425 2982 4494 itaque
3029 4423 3170 4480 istud
3199 4425 3297 4479 fuit
3323 4425 3470 4493 quod
3493 4425 3632 4479 intra
3669 4424 3862 4480 Africa:

2237 4567 2242 4604 ί
2268 4526 2532 4592 invitatos,
2557 4535 2614 4582 et
2640 4526 2872 4580 maxime
2903 4527 3040 4580 intra
3066 4525 3408 4593 Carthaginis
3452 4541 3656 4604 muros,
3684 4524 3710 4561 ἀ
3743 4525 3861 4594 pal—

2269 4625 2456 4680 liatum
2506 4635 2561 4688 et
2609 4625 2864 4694 pallidum
2919 4633 2974 4679 et
3028 4624 3216 4678 recisis
3264 4639 3538 4679 comarum
3583 4622 3862 4680 fluentium

2262 4723 2406 4794 jubis
2437 4739 2605 4792 usque
2634 4724 2701 4777 ad
2729 4725 2910 4778 cut'c'm
2943 4721 3156 4778 tensum
3185 4721 3367 4778 videre
3399 4731 3505 4776 tam
3555 4721 3738 4777 infelix
3772 4723 3860 4778 ille

2267 4831 2498 4897 populus
2525 4841 2688 4894 quam
2717 4823 2947 4880 inﬁdelis
2975 4825 3092 4880 sine
3111 4826 3357 4880 "convicio
3395 4833 3558 4896 atque
3601 4835 3860 4880 exsecra-

2267 4929 2413 4984 tione
2449 4921 2552 4982 'vix
2601 4933 2836 4998 poterat.
2869 4925 2934 4978 Et
2962 4926 3007 4979 si
3035 4924 3249 4993 quando
3297 4925 3491 4996 aliquis
3524 4925 3616 4979 Dei
3647 4939 3858 4993 servus,

2265 5039 2356 5084 aut
2383 5029 2450 5084 de
2477 5039 2499 5066 ο
2531 5026 2908 5098 Ᾱῑεγιιιὶοινιιηι
2935 5023 3215 5090 coenobiis,
3243 5033 3337 5080 aut
3353 5021 3422 5080 de
3457 5023 3476 5064 ί
3507 5019 3680 5084 sacris
3721 5025 3858 5080 llic-

1755 5125 2090 5200 STEPHANI
2128 5139 2400 5204 BALUZII
2437 5139 2666 5196 norm.

646 5237 671 5268 α
701 5225 817 5306 Huc
851 5237 1022 5301 usquin
1050 5232 1340 5306 auctoritas
1379 5229 1581 5306 codicis
1619 5233 1982 5306 Corbeiensis.
2031 5234 2148 5290 Cae-

571 5305 684 5376 tera
733 5305 842 5376 pm
879 5299 1146 5376 reputate
1167 5301 1472 5358 oblitterata
1515 5303 1640 5358 sunt
1665 5307 1902 5376 partim;
1955 5307 2149 5374 partim

569 5373 697 5430 vero
719 5371 1016 5440 deperdita.
1668 5371 1684 5376 '
1751 5437 1754 5440 ν

639 5439 1020 5518 ιι-Ῡίιῑςιῌθιιρη
1049 5444 1102 5518 in
1131 5445 1274 5518 unus
1295 5444 1364 5499 ad
1404 5458 1525 5518 pag.
1559 5447 1592 5498 6
1631 5454 1686 5518 et
1713 5445 1798 5499 80.
1831 5445 2151 5518 Theodorus

509 5517 514 5522 ’
567 5511 894 5590 ξιιιιὶὶιξ-ὶὶξι.
924 5509 982 5580 it,
1014 5516 1176 5590 ἐξιιίειῑτΔ
1203 5509 1292 5590 39,
1325 5509 1776 5590 a-pdiliiaronium
1803 5517 1870 5570 ad
1897 5533 1988 5590 an.
2023 5516 2147 5590 809,

575 5581 606 5668 ξ
621 5582 668 5664 ’4
703 5601 714 5634 :
749 5573 1204 5668 digitoque
1234 5573 1433 5668 sancti,
1461 5587 1769 5668 monachum
1807 5587 2042 5640 ordinem
2081 5573 2153 5640 lo;

571 5656 715 5722 inter,
747 5656 860 5707 cuin
885 5656 1232 5711 etsuitah‘o'ne
1255 5656 1608 5711 euuttabnnt.

647 5733 668 5759 ο
699 5721 754 5776 Id
775 5727 1218 5807 estumonachos.
1243 5727 1382 5780 Infra
1536 5728 1585 5807 si
1605 5726 1813 5807 quando
1829 5725 2024 5807 aiiquic
2051 5724 2148 5778 Dei

573 5808 742 5850 Cervus
772 5795 835 5848 de
861 5793 1227 5866 At'gyptiorum
1255 5796 1513 5851 coenobiis.
1548 5793 1761 5866 Et'pag.
1795 5795 1888 5866 181
1923 5793 1935 5848 Ξ
1969 5797 2146 5868 Αρρα-
2199 5843 2206 5851 .

2253 5253 2368 5290 rere
2397 5237 2450 5290 in
2479 5233 2664 5304 plateis
2703 5241 2751 5286 et
2777 5225 3013 5304 compitis
3030 5303 3036 5304 γ
3055 5227 3156 5283 Dei
3195 5246 3366 5284 servos
3401 5231 3514 5283 sine
3541 5229 3855 5284 contumelia

2255 5316 2405 5376 atque
2418 5301 2784 5376 exsecratione
2809 5303 2894 5356 vix-
2919 5301 3080 5376 licuit.

2331 5369 2356 5412 δ
2388 5373 2513 5428 llaec
2533 5375 2662 5440 ergo
2691 5379 2804 5426 tum
2824 5381 2988 5440 erant
3019 5369 3244 5438 insignia
3275 5369 3680 5440 tuonachorum.

2334 5454 2356 5482 ε
2379 5437 2758 5498 Cwnobiorum
2797 5439 3016 5512 ngypﬁ
3048 5437 3300 5512 meminit
3326 5439 3608 5512 ethCastor
3635 5437 3848 5512 episco-

2261 5531 2358 5584 pus
2383 5513 2632 5584 Aptensis
2661 5514 2712 5568 in
2741 5505 2966 5584 epist—(ila
2997 5509 3062 5566 ad
3079 5509 3349 5584 Joannem
3382 5505 3696 5584 Cassianum
3729 5527 3739 5560 :
3763 5505 3853 5584 ΔΤθ

2257 5579 2462 5656 quidem
2490 5579 2813 5654 potissimum
2849 5579 3850 5656 Orienteliuitt‘cmnobiornmncioctrina

2201 5677 2208 5682 ·
2255 5645 2522 5736 ceperam}
2546 5665 2792 5720 tenemus,
2818 5655 3139 5724 maximeque
3157 5645 3546 5726 Egyptiorum.
3571 5649 3702 5704 Vide
3723 5649 3852 5704 Cus-

2255 5727 2468 5780 sianum
2495 5727 2686 5794 ipsum.
2934 5793 2941 5794 ί
3041 5793 3048 5794 ί
3401 5787 3404 5790 .

2333 5795 2353 5834 ί
2385 5796 2476 5852 Sic
2498 5789 2788 5850 vocabatur
2817 5793 3146 5852 territorium
3167 5789 3316 5850 illius
3346 5791 3508 5860 urbis,
3540 5789 3607 5848 ob
3637 5797 3846 5846 memo-
