4088 6360
547 332 648 391 159
691 321 696 325 λ

1511 325 1566 383 S.
1610 322 1929 383 SALVIANI
1966 323 2430 382 MASSILIENSIS
2467 325 2886 383 PRESBYTERI

3743 327 3858 382 £60

544 444 925 516 sapientimque
974 441 1226 502 virtutes,
1259 445 1340 494 est
1388 437 1553 492 etiam
1609 436 1712 492 fide
1768 437 1981 503 nobilis,
2009 452 2126 514 quae
2159 437 2216 500 Α
2242 437 2539 505 Admittite,
2565 455 2767 509 quazso,
2791 441 2930 495 hunc
2961 440 3013 495 in
3041 439 3158 494 illas
3186 441 3375 496 beatas
3407 440 3563 515 186
3588 459 3655 499 ac
3688 459 3856 499 sem-

543 535 793 590 omnibus
819 547 1032 603 semper
1057 529 1335 585 ornatibus
1356 536 1676 585 ornamento
1705 537 1788 584 est
1820 547 1832 582 :
1864 529 1990 599 quia
2017 529 2135 584 sine

546 630 649 684 hac
680 628 809 684 nihil
839 635 947 681 tam
976 632 1223 680 ornatum
1249 631 1334 678 est
1359 623 1506 693 quod
1545 637 1741 679 ornare
1787 623 1976 694 possit.
2008 621 2135 678 Haec

542 732 691 787 ergo,
725 725 781 772 ut
810 715 986 779 audio,
1021 723 1182 770 tantae
1207 714 1319 770 illic
1346 715 1543 785 inopiae
1567 715 2005 784 atqueegestatis
2028 723 2130 782 est,

542 817 603 865 ut
629 809 676 864 ei
707 821 807 863 nec
833 805 1103 863 residendi
1144 822 1246 862 nec
1285 807 1517 863 abeundi
1561 806 1788 864 facultas
1841 814 2092 879 suppetat
2113 847 2129 872 ,

539 900 664 969 quia
695 900 824 954 nihil
851 905 934 954 est
952 898 1100 968 quod
1127 899 1214 954 vel
1243 898 1310 954 ad
1347 899 1548 954 victum
1576 899 1660 954 vel
1688 899 1758 955 ad
1802 901 1981 970 fugam
2009 900 2131 970 opi-

538 990 758 1046 tuletur.
791 989 981 1046 Solum
1018 997 1127 1056 est,
1171 990 1316 1061 quod
1344 991 1678 1047 mercenario
1721 1006 1887 1064 opere
1935 992 2132 1048 victum

536 1083 844 1153 quagritans,
869 1084 1131 1139 uxoribus
1141 1083 1492 1145 barbaromm
1507 1085 1776 1141 locatitias
1794 1100 1984 1140 manus
2003 1086 2132 1142 sub-

535 1175 628 1231 dit.
661 1175 760 1240 Ita,
794 1177 922 1233 licet
946 1191 1048 1247 per
1072 1177 1619 1246 Deilmisericordiam
1648 1178 1877 1234 vinculis
1897 1179 2127 1249 captivi-

536 1267 667 1322 tatis
715 1276 967 1338 exempta
1013 1269 1101 1332 sit,
1133 1284 1256 1324 cum
1280 1269 1391 1339 jam
1420 1285 1527 1325 non
1557 1270 1756 1326 serviat
1797 1271 2126 1340 conditione,

533 1359 699 1414 scrvit
717 1367 1060 1429 paupertate.
1094 1359 1217 1416 Hrec
1247 1361 1408 1430 igitur
1426 1361 1626 1418 habere
1650 1377 1738 1416 me
1767 1362 1857 1418 hic
1875 1363 2127 1418 nonullo-

534 1458 653 1503 rum
709 1455 1018 1504 sanctorum
1065 1453 1294 1520 gratiam
1346 1467 1455 1508 non
1508 1452 1645 1508 falso
1692 1454 1970 1524 suspicans
1994 1457 2128 1527 (nec

537 1539 681 1593 enim
713 1555 870 1610 nego,
910 1543 1062 1612 185
1110 1558 1178 1598 ne
1207 1553 1432 1612 negator
1483 1546 1666 1614 gratiae
1713 1547 1951 1615 ingratus
1979 1546 2121 1602 fiam.

537 1628 645 1688 Sed
669 1630 829 1700 plane
869 1632 1008 1686 sicut
1045 1633 1246 1689 habere
1293 1650 1380 1690 me
1407 1651 1528 1691 eam
1558 1653 1666 1692 non
1687 1642 1832 1707 "nego
1853 1679 1868 1704 ,
1911 1639 1986 1693 ita
2016 1655 2124 1694 non

537 1719 730 1774 mereri
760 1737 854 1784 me
878 1732 1029 1777 certo
1057 1725 1202 1791 scio;
1236 1725 1288 1779 in
1319 1735 1528 1781 tantum
1549 1737 1608 1782 ut
1637 1729 1798 1784 etiam
1827 1731 1873 1784 si
1908 1740 1986 1786 est
2026 1732 2124 1786 ali-

2237 530 2476 600 piternas
2501 530 2712 597 domus,
2744 533 2966 602 recipito
2989 533 3040 586 in
3070 548 3223 588 sacra
3252 534 3466 601 horrea,
3491 536 3709 607 aperite
3742 551 3858 590 cm.

2239 623 2420 680 lestes'
2449 623 2766 702 thesauros;
2817 635 2872 680 et
2919 626 2992 680 ita
3040 625 3181 696 agite
3219 641 3284 682 ac
3310 627 3580 697 peragite,
3613 635 3680 682 ut
3709 627 3855 684 dum

2237 715 2379 772 hunc
2406 717 2468 775 in
2489 717 2801 773 thesaurum
2829 726 3066 774 vestrum
3094 717 3346 786 conditis,
3371 729 3580 790 partem
3610 723 3854 778 thesau-

2235 828 2419 868 rorum
2448 813 2688 884 ipsorum
2715 829 2836 870 esse
2862 813 3090 872 faciatis.
3125 814 3325 872 Potens
3353 825 3436 873 est
3459 818 3546 874 illa
3576 818 3850 875 ineffabi-

2235 902 2302 959 lis
2324 903 2420 960 Dei
2443 905 2621 976 pietas
2647 914 2724 972 ut,
2748 905 2874 961 dum
2895 922 3019 962 eum
3039 907 3094 962 in
3113 908 3445 964 consortium
3464 910 3848 980 spiritualium

2233 995 2502 1052 bonorum
2530 997 2818 1068 adoptatis,
2847 998 3070 1056 divitias
3088 1013 3228 1070 quas
3245 1000 3314 1056 in.
3331 1000 3509 1071 ipsum
3528 1001 3849 1068 eﬁ'unditis

2234 1101 2333 1156 per
2353 1087 2528 1157 ipsum
2559 1090 2816 1159 augeatis.
2847 1087 2914 1144 Et
2939 1106 3073 1147 sane
3090 1091 3138 1146 si
3156 1091 3284 1161 quid
3312 1092 3370 1147 in
3406 1092 3524 1162 ipso
3559 1101 3644 1150 est
3671 1095 3852 1150 bona
3881 1117 3898 1122 -

2233 1176 2446 1245 indolis,
2489 1195 2598 1235 non
2635 1194 2844 1249 magna}
2881 1181 3037 1236 vobis
3073 1179 3400 1238 difﬁcultatis
3436 1198 3562 1254 spes
3599 1183 3733 1254 ejus
3781 1201 3848 1241 ac

2231 1270 2376 1325 salus
2402 1286 2536 1338 esse
2582 1271 2801 1328 debebit
2833 1291 2845 1327 :
2892 1273 3104 1330 etiamsi
3142 1275 3275 1330 nihil
3312 1291 3382 1331 ex
3417 1276 3570 1332 vobis
3611 1277 3843 1346 audiat,

2231 1359 2477 1418 sulticere
2523 1363 2573 1418 ei
2615 1363 2719 1420 hoc
2758 1365 2934 1436 ipsum
2992 1367 3246 1423 convenit
3302 1367 3446 1438 quod
3509 1385 3608 1426 vos
3654 1370 3839 1426 videt.

2232 1450 2440 1509 Valete.

2799 1524 3136 1582 EPISTOLA
3183 1527 3246 1583 ll.

2807 1635 2876 1674 AD
2913 1636 3239 1676 EUCBEBIUI.
3344 1632 3348 1638 ’

2297 1732 2327 1773 ι’
2350 1733 2618 1792 Eucherio
2646 1737 2904 1810 episcopo
2933 1737 3236 1796 Salvianus.
3269 1737 3546 1798 Ursicinus
3573 1742 3836 1800 alumnus

535 1825 638 1880 qua
694 1811 746 1866 in
794 1827 881 1868 me
929 1813 1048 1879 illa,
1090 1830 1191 1884 ego
1239 1826 1418 1874 tamen
1448 1820 1590 1875 illius
1629 1836 1790 1877 causa
1826 1839 1934 1878 non
1972 1824 2071 1880 sim
2103 1844 2116 1879 :
2150 1819 2200 1882 Ι
2227 1835 2350 1882 tuus
2387 1828 2766 1886 salutationem
2823 1839 2971 1886 tuam
3009 1833 3257 1903 proxime
3294 1833 3363 1890 ad
3390 1849 3478 1889 me
3505 1833 3700 1891 detulit
3734 1855 3750 1890 :
3785 1837 3833 1892 si

533 1903 658 1970 quia
687 1904 733 1959 si
760 1919 864 1974 qua
886 1915 969 1961 est
988 1907 1041 1962 in
1069 1923 1157 1963 me
1185 1911 1375 1978 gratia,
1407 1911 1478 1968 ob
1507 1929 1620 1982 eos,
1646 1915 1700 1969 ni
1741 1914 1916 1985 fallor,
1947 1920 2121 1974 maxi-

534 2010 620 2048 me
648 1995 771 2052 data
802 2006 883 2053 est
911 2015 1141 2078 quorum
1172 2001 1430 2058 intererat
1476 2013 1536 2059 ut
1573 2014 1758 2074 gratus
1803 2023 1997 2064 essem.
2055 2009 2125 2066 Ut

533 2087 824 2147 verendum
848 2088 1071 2145 forsitan
1097 2091 1226 2146 mihi
1253 2093 1322 2148 sit
1351 2110 1419 2149 ne
1443 2108 1645 2164 negans
1687 2097 1770 2152 his
1812 2098 1958 2168 quod
1999 2115 2127 2170 pro-

532 2185 654 2245 pter
683 2194 778 2235 eos
807 2177 966 2252 coepi,
998 2197 1105 2237 non
1137 2191 1246 2238 tam
1273 2200 1448 2240 meam
1473 2202 1589 2242 rem
1618 2188 1701 2244 his
1722 2203 1920 2259 negare
1939 2191 2126 2247 videar

530 2286 692 2342 quam
722 2273 1029 2346 ipsorum);
1061 2277 1172 2332 haec
1204 2278 1364 2347 igitur
1393 2289 1486 2334 aut
1521 2279 1572 2335 id
1603 2282 1749 2350 quod
1778 2293 1861 2338 est
1883 2286 2122 2355 aut'plus

527 2378 690 2432 quam
727 2373 810 2420 est
850 2366 903 2420 in
947 2381 1033 2420 me
1072 2382 1191 2422 esse
1225 2369 1560 2436 existimans,
1591 2373 1736 2428 misit
1768 2374 1836 2429 ad
1863 2391 1950 2430 me
1979 2377 2122 2433 hunc

527 2468 686 2522 quem
735 2456 803 2510 ad
843 2473 939 2512 vos
969 2467 994 2495 ι
1027 2471 1244 2526 ego.....
1279 2459 1395 2515 fore
1425 2469 1484 2516 ut
1511 2472 1706 2532 agente
1745 2480 1833 2520 me
1869 2475 1926 2521 et
1961 2469 2120 2522 anni-

531 2553 676 2598 lente
703 2547 999 2602 amicorum
1029 2563 1273 2604 meorum
1301 2552 1495 2620 gratia,
1528 2555 1956 2624 propinquorum
1979 2573 2122 2614 meo-

529 2648 647 2688 rum
676 2643 818 2691 esset
846 2637 1124 2693 auxilium.
1159 2638 1282 2694 Feci
1311 2655 1440 2709 ergo
1470 2641 1524 2697 id
1562 2645 1708 2714 quod
1737 2655 1957 2714 rogatus
1978 2664 2115 2715 sum,

527 2726 619 2781 sed
645 2734 830 2783 tamen
859 2745 1041 2800 parce,
1065 2737 1120 2784 et
1149 2730 1288 2800 apud
1322 2746 1540 2801 paucos,
1592 2750 1661 2790 ne
1688 2737 1858 2804 gratia
1889 2738 2002 2809 ipsa
2031 2741 2117 2794 in-

525 2827 676 2888 grate
698 2828 896 2877 uterer.
922 2821 1307 2878 Commendavi
1337 2824 1480 2882 hunc
1502 2825 1639 2890 aliis.
1669 2829 1990 2885 commendo
2019 2847 2116 2886 vo-

523 2909 624 2975 bis,
683 2909 809 2965 licet
847 2927 964 2966 non
1017 2928 1172 2982 teque
1218 2914 1339 2969 aliis
1385 2924 1445 2970 ut
1484 2917 1656 2972 vobis.
1691 2916 1958 2987 Primum,
1989 2924 2115 2993 quia

523 3002 892 3056 commendari
915 3004 1048 3061 satis
1076 3005 1228 3060 vobis
1256 3021 1380 3062 eum
1405 3007 1499 3076 qui
1525 3017 1606 3063 est
1629 3025 1806 3078 meus,
1839 3013 1912 3066 ita
1945 3021 2004 3067 ut
2041 3015 2116 3085 ip-

523 3104 643 3143 sum
676 3106 764 3146 me
794 3108 899 3148 non
926 3110 1148 3150 necesse
1175 3105 1275 3151 est.
1308 3098 1512 3154 Deinde
1544 3101 1670 3171 quia
1698 3118 1821 3158 cum
1863 3120 1950 3161 me
1987 3121 2113 3175 por-

515 3180 728 3236 tionem
775 3186 940 3241 vestri
992 3187 1326 3257 existimetis,
1373 3206 1595 3249 necesse
1623 3201 1706 3249 est
1731 3211 1854 3250 eum
1886 3198 1978 3266 qui
2006 3198 2111 3254 mei
2139 3191 2186 3256 C
2287 3228 2314 3266 ,ι

523 3277 701 3344 portio
729 3287 812 3334 est
838 3281 1003 3336 vestri
1027 3297 1242 3353 quoque
1287 3285 1625 3356 aliquatenus
1661 3289 1965 3367 portionem
1993 3307 2114 3349 esse

521 3368 749 3426 ducatis.
779 3372 1093 3440 Postremo,
1121 3376 1267 3444 quod
1295 3379 1692 3435 commendatio
1722 3382 1833 3451 ipsa
1869 3383 2006 3447 sicut
2026 3384 2112 3439 di-

520 3462 659 3518 versi
685 3467 918 3531 generis,
951 3465 1024 3520 ita
1065 3467 1230 3521 etiam
1258 3469 1657 3527 excellentioris
1701 3480 1783 3528 est
1812 3475 2106 3532 charitatis.

518 3554 649 3611 Aliis
681 3557 823 3611 enim
845 3558 1214 3614 commendavi
1243 3561 1384 3618 hunc
1430 3578 1679 3634 corpore,
1707 3566 1860 3621 vobis
1887 3568 2106 3636 spiritu;

522 3643 644 3698 aliis
665 3645 718 3699 in
747 3647 1112 3704 emolumenta
1143 3653 1508 3720 prmsentium,
1541 3649 1696 3712 vobis
1716 3656 1770 3711 in
1791 3671 1943 3727 spem
1973 3658 2111 3714 futu-

519 3746 737 3803 rorum;
771 3735 890 3793 aliis
917 3738 987 3792 ob
1014 3740 1195 3795 brevia
1220 3749 1381 3812 atque
1416 3751 1648 3812 terrena,
1687 3747 1840 3803 vobis
1868 3750 1940 3803 ob
1967 3765 2110 3805 sem-

513 3826 726 3898 piterna
783 3836 946 3898 atque
996 3829 1174 3886 divina
1209 3851 1221 3887 :
1253 3841 1308 3888 ct
1359 3841 1551 3890 recte:
1585 3845 1643 3890 ut
1695 3839 1820 3907 quia
1871 3842 2108 3898 carnalia

445 3961 452 3969 .
519 3918 670 3973 vobis
697 3919 874 3974 minus
895 3936 1056 3990 quam
1086 3923 1347 3993 spiritalia
1378 3925 1520 3981 bona
1548 3937 1860 3999 suppetunt,
1894 3931 1984 3986 illa
2005 3947 2108 4002 ego

431 4069 436 4074 ,
512 4010 686 4079 magis
716 4026 748 4066 a
778 4012 930 4069 vobis
968 4022 1208 4084 peterem
1248 4017 1444 4085 quibus
1472 4034 1570 4075 vos
1597 4022 1770 4090 magis
1797 4023 2099 4080 abundatis.

511 4098 780 4171 Suscipite
805 4118 956 4174 ergo,
985 4120 1188 4174 qumso,
1219 4108 1364 4164 hunc
1389 4116 1448 4164 ut
1473 4127 1596 4166 mea
1624 4114 1830 4170 viscera
1853 4116 2096 4188 (Philem.

515 4190 627 4260 12),
657 4201 714 4246 et
733 4206 995 4262 quantum
1020 4198 1073 4252 in
1098 4199 1250 4254 vobis
1277 4208 1361 4254 est
1387 4212 1595 4270 vestra;
1627 4204 1805 4272 facite,
1829 4209 2028 4267 inlicite
2047 4221 2103 4266 et

515 4281 914 4350 adhortamini,
969 4285 1198 4352 docete,
1257 4289 1538 4358 instruite,
1589 4293 1848 4360 formate,
1879 4299 2096 4367 gignite.

511 4371 712 4427 Christi
736 4373 946 4429 Domini
973 4377 1147 4431 nostri
1171 4378 1541 4437 misericordia
1566 4384 1786 4450 tribuat,
1820 4396 1878 4443 ut
1903 4392 2026 4459 quia
2051 4394 2102 4448 ei

512 4463 566 4518 id
596 4467 766 4534 magis
811 4467 1056 4537 expedit,
1085 4469 1179 4538 qui
1216 4485 1359 4525 nunc
1400 4474 1732 4545 propinquus
1761 4495 1913 4536 meus
1944 4493 2026 4538 est
2045 4494 2101 4540 et

2228 1936 2334 1975 non
2359 1919 2561 1990 jussus,
2587 1923 2748 1980 laudo
2773 1925 3114 1995 sapientiam,
3138 1926 3263 1981 licet
3290 1942 3397 1982 non
3420 1929 3646 1998 probem
3681 1929 3832 1987 falsi.

2227 2019 2391 2066 tatem
2424 2031 2437 2065 :
2465 2015 2511 2069 si
2543 2014 2744 2083 jussus,
2787 2017 2956 2072 miror
3001 2017 3147 2086 quod
3183 2019 3440 2076 mandare
3467 2024 3830 2079 amoris-orli—
3885 2066 3888 2068 ν

2225 2105 2367 2161 cium
2414 2120 2576 2175 quam
2618 2107 2856 2164 scribere
2903 2109 3158 2175 maluisti,
3190 2110 3315 2166 'hoc
3351 2121 3436 2167 est
3474 2129 3575 2185 per
3600 2130 3827 2171 servum

2225 2196 2404 2266 potius
2431 2213 2593 2266 quam
2621 2214 2719 2271 per
2745 2207 2799 2254 te
2825 2199 2976 2256 dare.
2994 2201 3174 2271 Arguo
3213 2202 3394 2273 itaque
3420 2203 3523 2260 hoc
3544 2215 3600 2260 et
3626 2221 3825 2262 emen-

2223 2287 2340 2342 dari
2370 2290 2496 2345 volo
2521 2308 2536 2356 ;
2586 2291 2632 2346 si
2665 2301 2843 2347 tamen
2887 2293 3222 2361 negligentiae
3253 2302 3374 2359 est,
3399 2311 3504 2350 non
3523 2299 3822 2368 superbiae.

2229 2391 2251 2418 α
2286 2377 2614 2452 Pedissequa
2643 2383 2785 2439 enim
2807 2383 3126 2454 plerumque
3147 2387 3280 2442 'novi
3309 2387 3524 2443 honoris
3550 2398 3634 2443 est
3661 2405 3821 2444 arm-

2223 2474 2404 2541 gantia
2425 2493 2437 2528 :
2453 2475 2581 2531 licet
2601 2477 2654 2530 in
2677 2483 2732 2531 te
2751 2492 2853 2532 nec
2867 2469 3133 2546 generalis
3150 2479 3267 2534 vitii
3287 2481 3466 2551 opinio
3475 2480 3819 2538 admittenda

2222 2565 2312 2629 sit,
2335 2566 2461 2634 quia
2483 2581 2653 2638 prope
2677 2569 2962 2638 singularis
2989 2577 3074 2624 est
3101 2585 3255 2626 mens
3274 2587 3340 2627 ac
3365 2573 3666 2640 benignitas
3695 2582 3817 2630 tua.

2225 2652 2379 2709 Unde
2427 2657 2744 2727 responderi
2781 2674 2814 2714 a
2866 2668 2919 2715 te
2964 2661 3198 2730 antiqua:
3242 2663 3626 2719 existimationi
3679 2681 3820 2721 mese

2222 2745 2385 2800 etiam
2409 2763 2554 2804 nunc
2576 2747 2780 2819 jugiter
2803 2752 2983 2822 cupio,
3015 2768 3084 2808 ne
3110 2752 3240 2808 si'in
3266 2755 3587 2824 quibusdam
3606 2755 3815 2814 oilicio-

2221 2854 2338 2892 rum
2368 2848 2583 2897 tuorum
2618 2858 2736 2899 mos
2757 2844 3100 2917 discrepavit,
3132 2847 3330 2917 aliquid
3369 2850 3422 2903 in
3444 2858 3500 2905 te
3528 2853 3686 2908 novis
3710 2855 3814 2908 ho-

2220 2930 2444 2986 noribus
2472 2932 2687 2990 licuisse
2716 2935 2980 2992 videatur.
3494 2952 3504 2960 ‘

2789 3048 3122 3107 EPISTULA
3148 3053 3233 3108 Ill.

2824 3161 2892 3199 ΑΙ)
2929 3161 3198 3202 AGBICIUI.

2336 3229 2552 3301 Agricio
2599 3234 2856 3306 episcopo
2898 3235 3205 3310 Salvianus.
3239 3237 3301 3294 Si
3341 3255 3602 3298 excusare
3629 3244 3805 3298 inom-

2214 3323 2516 3380 ciositatem
2544 3342 2720 3382 meam
2751 3329 2894 3400 apud
2917 3332 3328 3396 sanctimoniam
3379 3342 3524 3390 tuam
3553 3339 3764 3407 cupiam
3789 3381 3804 3404 ,

2221 3416 2373 3486 187
2407 3418 2578 3486 magis
2606 3419 2938 3476 accusandus
2967 3422 3066 3476 sim
3085 3464 3099 3489 ,
3131 3427 3221 3493 qui
3252 3424 3668 3483 inexcusabilem
3717 3447 3807 3484 me

2212 3520 2331 3561 esse
2355 3508 2440 3562 vel
2469 3524 2575 3564 nou
2597 3509 2884 3579 agnoscam
2913 3529 3023 3584 pra:
3052 3516 3365 3583 stoliditate,
3389 3520 3473 3574 vel
3499 3521 3662 3575 nolim
3692 3539 3804 3594 pne

2211 3597 2463 3668 superbia
2515 3600 2780 3655 conﬁteri.
2826 3601 2945 3657 Non
3001 3619 3200 3661 excuso
3247 3622 3376 3677 ergo
3410 3627 3422 3662 :
3456 3621 3796 3679 augmentqu

2211 3689 2356 3743 enim
2385 3699 2565 3746 reatus
2594 3702 2696 3759 est,
2731 3683 3094 3764 innocentiam
3143 3697 3357 3767 jactare
3411 3713 3535 3772 post
3562 3705 3801 3774 culpam.

2211 3780 2346 3848 Quid
2381 3772 2547 3852 igitur
2576 3784 2788 3852 faciam,
2821 3788 2907 3842 cui
2955 3806 3055 3845 nec
3104 3793 3331 3861 negandi
3360 3793 3536 3850 delicti
3573 3772 3805 3852 facultas

2209 3878 2462 3946 suppetit,
2522 3894 2621 3934 nec
2675 3881 2899 3936 tuendi?
2928 3882 3135 3952 Negare
3164 3887 3305 3940 enim
3362 3888 3633 3943 manifesta
3683 3907 3803 3947 non

2209 3966 2404 4033 audeo,
2430 3976 2489 4044 et
2514 3984 2774 4025 excusare
2828 3973 3114 4029 immodica
3168 3992 3275 4032 non
3324 3993 3551 4048 possum.
3584 3978 3836 4036 Confu-'

2195 4059 2456 4128 ‘giendum
2486 4063 2618 4117 mihi
2650 4063 2831 4133 itaque
2860 4066 2928 4120 ad
2955 4067 3256 4124 divinarum
3279 4081 3360 4127 est
3387 4072 3622 4129 remedia
3647 4074 3798 4131 litte-

2203 4169 2403 4220 rarum,
2435 4171 2554 4224 qum
2574 4157 3254 4218 maximorum-criminum.

2767 4290 3104 4350 EPISTOLA
3131 4296 3220 4352 1V.

2640 4399 2709 4436 AD
2737 4397 2973 4440 SOCERUI
3018 4404 3088 4442 ET
3126 4405 3348 4447 SOCRUI.

2275 4500 2300 4529 ο
2323 4490 2550 4563 Hypatio
2577 4503 2632 4549 et
2659 4496 2864 4562 Quietze
2883 4501 3194 4569 parentibus
3221 4501 3521 4572 Salvianus,
3550 4505 3789 4576 Palladia

510 4563 845 4630 ceterorum,
863 4565 1057 4614 vester
1077 4575 1199 4616 esse
1216 4560 1437 4634 incipiat
1461 4566 1640 4637 potius
1667 4583 1826 4638 quam
1855 4589 2095 4637 suorum.
2127 4572 2176 4633 Ι)
2201 4591 2256 4638 ει
2272 4560 2576 4654 Auspiciola
2591 4560 2840 4643 salutem.
2857 4560 3053 4647 Paulus
3067 4595 3362 4663 apostolus,
3379 4560 3658 4655 electionis
3672 4617 3792 4669 vas,

1689 4704 2025 4766 STEPHANI
2063 4713 2334 4772 BALUZII
2374 4717 2599 4775 ΝΟΤίΕ.

582 4808 944 4892 fDeestAhoc
999 4814 1120 4892 loco
1161 4819 1461 4890 quippiam;
1504 4825 1868 4892 reponendum
1915 4839 2093 4888 autem

509 4877 770 4968 videtur;
787 4880 962 4966 Quem.
977 4885 1046 4938 ad
1053 4904 1152 4968 .vos
1177 4877 1276 4961 ego
1293 4877 1467 4958 lmitlo',
1491 4877 1867 4968 spémhi'ib'r}:

575 4948 602 5030 ξι
625 4947 984 5036 Lugdunensi,
1016 4958 1131 5036 viro
1165 4947 1379 5036 pereas
1401 4947 2087 5036 tenipestatesvclarissvimo,

503 5018 657 5097 cujus
671 5018 822 5097 filios
848 5018 1121 5081 Salonium
1151 5018 1206 5084 et
1237 5018 1899 5094 Veranum'Salvia—nu‘s'in-
1926 5018 2088 5097 disci:

503 5090 947 5174 plinaha‘buerat,
977 5097 1052 5149 uti
1073 5097 1272 5174 dictum
1302 5113 1383 5157 est
1411 5090 2086 5174 supralAd—eu—m'rurswum

500 5161 685 5236 scribit
711 5160 993 5236 salvianus
1020 5168 1300 5236 epistolam
1323 5160 1582 5228 octavam.

574 5241 596 5312 ξ
625 5229 929 5312 Stephanus
951 5229 1303 5312 Tornacensis
1331 5243 1487 5312 epist.
1511 5244 1568 5296 6|
1597 5265 1608 5299 :
1639 5246 1788 5304 Vivat
1807 5253 1860 5305 in
1882 5255 1998 5307 aliis
2018 5255 2084 5310 il-

496 5303 587 5380 lud
613 5301 822 5380 vulgare.
848 5307 1168 5380 proverbium
1186 5327 1209 5380 7:
1234 5301 1468 5368 Honores
1506 5301 1721 5372 mutant

495 5372 758 5458 dantis-in
797 5372 1118 5458 episttllaLad
1143 5379 1225 5458 β.
1270 5380 1508 5439 Priorem
1556 5389 1696 5458 apud
1727 5372 2081 5449 Docilesnium

496 5452 626 5497 tom.
653 5443 748 5529 εν,
777 5443 1058 5529 pag.m75§
1089 5468 1100 5502 :
1127 5449 1289 5529 _Nunc
1329 5466 1494 5529 autem
1534 5443 1656 5529 robo
1689 5443 1754 5514 ne

495 5529 608 5567 cum
636 5515 701 5568 de
738 5515 1035 5596 vobis‘illud
1055 5523 1261 5596 uulgare
1293 5515 1617 5596 proverbium,
1643 5546 1660 5582 :
1697 5515 2078 5586 Honoresniu-

497 5592 610 5664 tant
648 5601 832 5642 mores.
872 5591 1178 5662 Arnulphus
1224 5591 1570 5668 Lefxoviensis
1610 5600 1764 5668 epist.
1797 5600 1832 5653 2
1873 5621 1886 5653 :
1927 5602 2081 5656 Great

494 5654 632 5735 enim
652 5671 739 5735 cor
759 5674 940 5735 novam
961 5672 1009 5716 et
1038 5654 1192 5720 ἱιουσε
1221 5667 1435 5735 aﬁ‘ectus
1474 5685 1619 5724 novae
1645 5654 1968 5726 'conscientia
1996 5671 2076 5726 dt-

492 5724 728 5850 :peiéatis.
769 5725 908 5784 Vide
944 5740 1099 5788 notas
1139 5735 1206 5791 ad
1243 5724 1527 5807 epistolam

525 5809 539 5848 ι
611 5809 704 5850 sns.

525 5809 704 5854 IODSIS.

1576 5737 1676 5796 £09
1711 5739 1846 5812 Lupi
1883 5739 2075 5800 Ferra-
2171 5756 2316 5824 erat.

2271 4837 2298 4874 τι
2331 4837 2700 4920 Antipolitano
2723 4841 2782 4920 in
2804 4844 3038 4920 secunda
3061 4845 3412 4920 Narbonensi,
3436 4849 3577 4904 haud
3596 4855 3791 4920 procul

2197 4905 2564 4989 biassiliafqui
2594 4911 2821 4989 concilio
2844 4913 3133 4989 Agathensi
3163 4905 3474 4989 subscripsit
3493 4905 3636 4976 anno
3657 4905 3787 4980 506:

2196 4977 2379 5060 Neque
2406 4979 2550 5060 enim
2590 4977 3259 5060 a_ssentio_r_Rittershusio,
3283 4977 3385 5057 qui'
3405 4991 3683 5060 epistolam
3715 4977 3777 5048 ili

2193 5046 2302 5132 iam
2329 5057 2479 5117 putat
2523 5052 2773 5132 scriptam
2812 5052 2973 5109 fuisse
3012 5046 3457 5132 ad‘Agrméiumj
3471 5046 3784 5132 episcopum

2193 5115 2564 5202 Senonensem
2590 5115 2930 5202 ,Zadqucm
2977 5115 3363 5202 circa‘a'gnum
3412 5115 3518 5186 673'
3544 5115 3777 5202 discripsit

2192 5186 2443 5267 Sidonius
2489 5186 2861 5267 dc‘electio'ne
2910 5196 3146 5267 episcopi
3195 5186 3688 5267 Bituricensis.litr
3707 5186 3785 5261 'ié

2194 5255 2332 5341 ipse_
2365 5259 2609 5341 fortassis
2650 5272 2732 5316 est
2778 5255 3210 5341 Agrmciusqui
3240 5270 3380 5341 circa
3419 5255 3781 5341 annumW-iiié:

2192 5321 2428 5402 nondum
2454 5321 2756 5402 episcopus,
2781 5321 2926 5390 mille
2947 5321 3148 5392 solidos
3169 5321 3419 5395 Ecclesia:
3446 5321 3783 5401 Narbonensi

2192 5397 2404 5473 obtulit,
2439 5409 2494 5452 ut
2514 5399 2581 5456 de
2609 5397 2832 5473 pecunia
2861 5422 2957 5460 sua
2993 5407 3206 5473 juvaret
3234 5409 3509 5467 Rusticum
3537 5413 3678 5470 sedis
3708 5397 3780 5470 il:

2187 5465 2290 5520 lius
2311 5465 2645 5542 episcopum,
2676 5475 2766 5542 qui
2804 5465 3093 5533 Ecclesiam
3125 5494 3276 5534 suam
3304 5465 3508 5538 dudum
3529 5465 3782 5542 «inlisum

2187 5484 2290 5520 uus
2318 5484 2645 5590 episcopum,
2676 5484 2766 5542 qui
2804 5484 3093 5533 Ecclesiam
3125 5494 3276 5534 suam
3304 5484 3503 5538 dudum
3529 5493 3780 5542 exustam

2185 5536 2346 5620 rcmdi
2369 5539 2563 5605 icabat,
2580 5553 2889 5622 utconstat
2917 5564 2984 5602 ex
3007 5549 3176 5604 veteri
3195 5550 3541 5622 inscriptione
3567 5553 3780 5611 Narbo-

2185 5608 2334 5661 nensi
2357 5624 2516 5678 quam
2545 5613 2669 5669 alibi
2700 5616 2981 5674 edidimus.
3358 5608 3374 5622 ’
3520 5608 3534 5610 ν
3650 5608 3696 5644 m’

2255 5688 2292 5763 ,'.
2333 5678 2499 5736 Ετίηι
2526 5683 2580 5739 hi
2621 5695 2880 5757 parentes
2927 5689 3192 5759 Palladius,
3223 5708 3344 5763 quae
3371 5693 3604 5752 Salviani
3634 5713 3778 5756 uxor
