4088 6360
261 320 363 377 161

1695 313 1977 373 EPISTOL
1997 316 2081 371 ΑΞ.

3447 325 3554 381 169

252 431 514 501 magister
542 427 665 485 fidei
695 436 750 485 et
789 428 1185 501 receptaculum
1215 428 1310 484 Dei
1329 469 1344 494 ,
1368 443 1490 484 cum
1513 441 1702 484 omnes
1730 429 1850 500 epi-
1877 435 1931 495 Α
1955 446 2041 486 me
2070 433 2451 502 pronuntiasti.
2474 432 2532 490 Si
2563 436 2865 506 przeteritas
2907 437 3106 493 irarum
3153 454 3343 495 causas
3390 456 3549 497 exse-

251 520 446 585 stolas,
496 526 685 590 utpote
737 518 1209 589 eloquentissimus
1260 518 1362 585 vir,
1393 518 1694 584 dictaverit,
1734 520 1853 589 qui-

254 613 490 671 busdam
520 621 701 668 tamen
731 628 837 667 non
864 628 1021 667 suum
1059 620 1270 668 tantum
1305 628 1501 667 nomen
1531 613 1802 682 inscripsit
1837 631 1848 666 :

252 705 526 777 siquidem
555 705 610 759 in
638 705 758 760 aliis
787 703 1018 772 Silvani,
1061 705 1114 760 in
1153 705 1425 760 nonnullis
1461 704 1758 770 Timothei,
1800 705 1852 760 in

252 799 580 872 quibusdam
618 814 748 854 vero
777 799 1057 868 utriusque
1102 798 1308 854 nomini
1347 813 1502 853 suum
1527 811 1724 852 nomen
1754 796 1852 852 ad-

246 891 454 962 junxit.
485 889 596 945 Cur
621 889 712 946 id?
751 888 1012 955 Primum,
1043 890 1226 955 credo,
1258 898 1316 946 ut
1341 889 1501 945 simul
1530 904 1652 946 esse
1686 905 1853 959 agno-

251 991 539 1041 scerentur
565 983 657 1053 qui
685 983 844 1038 simul
866 984 1186 1039 scriberent.
1213 983 1417 1040 Deinde
1439 989 1497 1038 ut
1523 983 1560 1039 ii
1585 986 1677 1056 qui
1705 1000 1856 1055 sepa-

250 1076 416 1132 ratim
445 1074 514 1130 ab
561 1090 892 1145 unoquoque
942 1090 1131 1132 eorum
1179 1075 1356 1132 edocti
1387 1074 1618 1142 fuerant,
1652 1077 1855 1133 scirent

249 1167 499 1224 omnium
558 1183 667 1222 non
724 1167 1036 1239 discrepare
1077 1169 1420 1225 sententiam.
1461 1167 1742 1225 Postremo
1793 1177 1853 1224 ut

249 1276 394 1331 quos
443 1259 777 1329 singulorum
809 1276 918 1315 non
959 1260 1212 1316 movebat
1248 1260 1544 1316 auctoritas
1565 1299 1582 1324 ,
1610 1260 1850 1340 omnium

248 1352 448 1408 saltem
487 1358 733 1406 moveret
773 1365 1047 1406 assensus.
1079 1350 1158 1405 lta
1191 1358 1323 1420 ergo
1351 1359 1408 1406 et
1441 1366 1543 1406 nos
1567 1351 1850 1422 exemplo-

247 1459 373 1498 rum
399 1442 696 1512 ingentium
723 1442 874 1513 parvi
903 1442 1222 1510 imitatores,
1253 1442 1322 1497 ad
1350 1458 1466 1508 vos,
1491 1456 1631 1512 quos
1657 1450 1849 1498 natura

247 1539 526 1606 parentes,
588 1532 692 1589 lide
738 1533 951 1599 lratres,
1002 1533 1505 1590 honore‘dominos
1546 1533 1807 1589 habemus
1829 1573 1846 1600 ,

247 1641 383 1691 non,
405 1631 465 1680 ut
488 1624 722 1695 apostoli
746 1624 840 1691 illi,
865 1624 1190 1681 auctoritate
1211 1623 1520 1680 docentium
1541 1625 1844 1690 scribimus,

245 1717 345 1775 sed
372 1717 674 1774 humilitate
693 1717 1054 1782 famulorum;
1087 1724 1146 1772 ut
1181 1717 1280 1786 qui
1317 1717 1582 1774 hactenus
1603 1717 1842 1787 singulo-

1956 523 2156 602 queris,
2190 523 2392 594 imputa
2423 524 2540 590 tibi,
2565 527 2658 596 qui
2700 526 3010 584 Christiano
3051 527 3211 584 filiam
3239 536 3383 585 tuam
3405 531 3549 588 dedi~

1954 611 2043 666 sti.
2097 611 2153 666 Si
2197 611 2249 666 id
2301 628 2409 667 non
2458 619 2574 679 est,
2624 615 2754 685 quid
2801 617 2931 672 mihi
2973 619 3238 684 irasceris,
3269 621 3393 690 quia
3425 638 3546 678 eam

1958 718 2099 758 mmc
2134 703 2186 757 in
2237 719 2324 759 me
2370 704 2686 773 religionem
2717 721 2915 775 augere
2943 710 3105 780 cupio
3132 727 3291 782 quam
3322 721 3377 768 tu
3408 714 3458 768 in
3489 723 3542 769 te

1955 797 2185 866 probare
2213 797 2461 868 coepisti?
2499 796 2610 852 Cur
2635 812 2768 867 rogo
2808 800 2861 854 in
2902 817 2988 856 me
3037 818 3143 859 non
3172 803 3360 876 diligas
3403 808 3546 878 quod

1955 903 2044 953 es,
2077 888 2168 958 qui
2199 888 2252 943 in
2291 896 2344 943 te
2371 888 2517 958 quod
2563 904 2684 944 eras
2722 890 2837 962 ipse
2865 891 3158 949 damnasti?
3195 896 3301 953 Sed
3327 913 3549 968 parcen-

1955 977 2081 1032 dum
2112 977 2386 1048 paululum
2415 978 2594 1034 verbis
2629 990 2712 1034 est
2744 998 2756 1032 :
2785 981 2910 1050 quia
2941 982 3104 1038 etiam
3135 984 3187 1038 in
3216 985 3358 1041 bona
3388 1004 3546 1043 causa

1956 1069 2175 1124 humilis
2221 1086 2339 1126 esse
2387 1070 2441 1125 in
2478 1079 2738 1141 quantum
2767 1088 2856 1128 res
2908 1073 3074 1138 sinit,
3127 1075 3217 1131 lilii
3265 1080 3406 1150 apud
3449 1097 3544 1150 pa-

1956 1169 2136 1216 rentes
2175 1161 2336 1216 debet
2391 1163 2584 1217 oratio.
2628 1162 2904 1232 lndulgete
2929 1207 2943 1231 ,
3005 1166 3229 1221 allectus
3294 1171 3548 1225 charissi-

1955 1251 2029 1306 mi
2063 1269 2075 1304 :
2110 1251 2417 1308 liberiorem
2445 1269 2532 1309 me
2559 1269 2679 1310 esse
2721 1255 2942 1326 paululo
2973 1255 3025 1311 in
3056 1260 3274 1326 negotio
3314 1277 3413 1315 suo
3456 1262 3547 1318 Dei

1955 1341 2179 1400 affectus
2234 1343 2376 1399 facit.
2426 1344 2483 1401 Si
2529 1361 2648 1416 quae
2697 1356 2824 1403 sunt
2866 1349 3020 1406 vobis
3059 1350 3175 1405 alia:
3203 1355 3549 1411 succensendi

1954 1449 2167 1500 causae,
2227 1451 2454 1506 peccare
2502 1453 2589 1493 me
2644 1440 2884 1509 potuisse
2939 1457 3047 1497 non
3096 1442 3324 1511 abnego.
3359 1443 3416 1497 In
3448 1445 3550 1500 hoc

1953 1540 2084 1580 vero
2128 1527 2256 1596 quia
2314 1527 2434 1583 ideo
2480 1532 2811 1587 succensetis
2845 1533 2984 1602 {quia
3039 1531 3311 1589 Christum
3366 1553 3549 1590 amare

1955 1615 2160 1682 videor,
2210 1619 2473 1687 ignoscite
2514 1621 2660 1690 quod
2697 1623 2940 1679 dicturus
2985 1640 3122 1679 sum.
3165 1624 3300 1680 Peto
3329 1627 3546 1696 quidem

1954 1711 2203 1777 veniam,
2253 1712 2377 1783 quia
2429 1713 2758 1782 irascimini;
2809 1716 2903 1774 sed
2959 1734 3066 1774 non
3109 1736 3327 1790 possum
3367 1721 3546 1777 dicere

245 1825 369 1865 rum
425 1816 733 1865 nostrorum
778 1807 1022 1878 epistolis
1067 1807 1204 1863 moti
1256 1824 1365 1864 non
1413 1809 1545 1864 estis
1574 1808 1658 1865 vel
1697 1826 1841 1865 nunc
1870 1807 1924 1870 Β
1948 1801 2146 1856 malum
2175 1818 2295 1859 esse
2325 1803 2469 1873 (μιοά
2498 1805 2618 1861 ίθθί-
2654 1806 2780 1864 Ποῦ
2819 1808 2981 1878 igitur
3009 1810 3150 1881 apud
3177 1826 3274 1867 vos
3304 1828 3426 1867 meo
3455 1829 3545 1866 Iw-

246 1900 491 1956 omnium
519 1899 894 1955 obsecratione
938 1898 1265 1954 moveamini
1290 1939 1304 1965 ,
1342 1914 1553 1970 nosque
1581 1900 1723 1956 lllios
1751 1916 1845 1957 ve-

251 2000 369 2049 tros
389 2001 425 2054 .'
457 2008 628 2063 neque
653 2008 720 2048 ex
749 1991 1021 2064 superﬂuo
1049 2000 1226 2050 metus
1247 1993 1418 2060 sit;...
1448 2002 1504 2050 et
1529 1994 1688 2049 simul
1715 1995 1849 2052 scia-

243 2089 319 2145 tis
371 2103 489 2145 esse
538 2103 702 2142 unum
747 2087 951 2143 sentire
996 2087 1200 2157 pariter
1237 2095 1295 2143 et
1334 2095 1576 2143 metuere
1601 2096 1656 2143 et
1689 2089 1851 2159 188

241 2179 525 2250 aequaliter
550 2179 856 2249 supplicare
879 2193 1019 2232 :non
1042 2177 1168 2246 quia
1185 2177 1435 2232 sciamus
1455 2193 1523 2231 an
1550 2194 1648 2233 vos
1675 2178 1852 2233 omni-

240 2271 350 2326 bus
376 2269 703 2333 irascamini,
753 2267 850 2323 sed
899 2268 1027 2337 quia
1068 2282 1169 2322 nos
1217 2284 1326 2322 non
1355 2283 1641 2337 possumus
1681 2284 1850 2323 causa

243 2379 369 2420 esse
418 2362 596 2418 divisi.
646 2360 794 2416 Idem
837 2359 984 2414 enim
1031 2359 1190 2415 nobis
1221 2357 1514 2414 admodum
1543 2368 1718 2415 metus
1745 2367 1846 2425 est,

241 2452 414 2508 etiam
453 2452 499 2506 si
539 2466 648 2505 non
673 2448 864 2504 eadem
890 2447 1105 2503 videtur
1129 2447 1351 2504 offensa.
1384 2446 1631 2504 Charitas
1649 2449 1849 2519 quippe

243 2551 439 2598 mutua
460 2541 587 2597 facit
609 2548 668 2595 at
688 2541 814 2596 licet
831 2555 929 2594 vos
956 2556 1063 2596 non
1090 2541 1301 2610 utrique
1327 2540 1507 2595 forsan
1537 2557 1847 2596 succenseas

246 2632 340 2698 tis,
370 2648 480 2688 uno
500 2638 679 2687 tamen
707 2647 774 2707 es
795 2630 950 2686 nobis
977 2646 1092 2694 reo,
1121 2630 1257 2686 alter
1279 2631 1395 2686 sine
1418 2631 1629 2686 tristitia
1660 2641 1844 2688 reatus

240 2737 372 2778 esse
398 2737 507 2777 non
547 2721 735 2792 possit.
767 2719 901 2775 Illud
943 2735 1072 2775 sane
1099 2729 1182 2775 est
1209 2721 1353 2790 quod
1381 2737 1483 2777 nos
1511 2723 1840 2780 contendere

247 2815 309 2869 in
329 2813 510 2883 aliquo
533 2821 588 2868 et
605 2821 813 2868 certare
832 2821 1022 2868 mutuo
1047 2812 1228 2878 faciat,
1243 2814 1400 2885 .quod
1421 2830 1541 2870 cum
1563 2816 1723 2872 ambo
1746 2818 1838 2874 lilii

233 2905 406 2961 vestri
447 2905 725 2976 aequaliter
768 2905 846 2961 rei
894 2905 1080 2971 simus,
1109 2906 1231 2977 plus
1259 2915 1438 2962 tamen
1469 2910 1838 2980 unusquisque

232 3003 482 3052 nostrum
509 3011 610 3067 pro
639 2996 809 3052 altero
837 3012 998 3068 quam
1027 3013 1128 3068 pro
1148 3014 1207 3053 se
1229 2997 1398 3054 timet.
1434 2997 1691 3056 Parentes
1710 3001 1839 3057 cha-

233 3087 457 3155 rissimi,
485 3097 739 3159 parentes
760 3090 1200 3154 reverentissimi,
1227 3089 1549 3161 interrogari
1571 3109 1669 3149 vos
1689 3109 1836 3163 qna:-

1953 1892 2116 1959 mine,
2150 1901 2205 1948 et
2231 1896 2384 1965 quasi
2414 1897 2673 1966 peculiari
2722 1914 2903 1969 prece.
2938 1899 3091 1957 Nunc
3120 1909 3195 1966 tu,
3251 1919 3285 1957 ο
3312 1903 3544 1959 dilectis-

1951 1985 2086 2041 sima
2106 2004 2171 2042 ac
2198 1989 2658 2045 venerabilissima
2694 2000 2716 2028 ε
2749 2007 2905 2046 soror
2929 1994 3068 2064 (qua:
3098 1994 3226 2048 mihi
3258 2003 3410 2050 tanto
3427 1996 3544 2050 chao
3627 2023 3632 2030 -

1954 2079 2065 2132 rior
2091 2094 2152 2133 es
2177 2094 2338 2147 quam
2368 2081 2533 2149 prius,
2565 2089 2769 2150 quanto
2809 2083 2930 2151 plus
2958 2099 2988 2136 a
3017 2086 3129 2139 suis
3157 2084 3377 2140 allectus
3399 2103 3543 2140 ron-

1955 2169 2104 2224 venit
2131 2169 2279 2238 diligi
2304 2171 2354 2224 in
2383 2171 2576 2239 quibus
2603 2172 2841 2242 scipsum
2860 2171 3107 2228 Christus
3122 2175 3307 2229 fecerit
3334 2177 3546 2246 amari),

1955 2258 2178 2327 fungere
2214 2260 2456 2330 partibus
2491 2261 2600 2316 tuis
2637 2262 2797 2318 simul
2825 2263 3087 2335 meisque.
3118 2263 3222 2319 Ora
3253 2274 3328 2332 tu,
3362 2275 3421 2321 ut
3449 2284 3548 2336 ego

1955 2349 2269 2420 impetrem;
2304 2360 2359 2405 tu
2390 2352 2620 2422 pustula,
2656 2361 2715 2408 ut
2743 2361 2972 2424 uterque
3003 2355 3292 2412 vincamus.
3323 2356 3545 2414 Oscula-

1952 2457 2032 2505 re,
2053 2442 2177 2510 quia
2207 2442 2401 2499 absens
2430 2443 2585 2500 labiis
2614 2461 2721 2517 non
2752 2446 2918 2511 vales,
2951 2447 3139 2503 saltem
3169 2449 3544 2507 obsecratione

1947 2531 2112 2604 pedes
2141 2543 2423 2604 parentum
2474 2543 2688 2591 tuorum
2745 2539 2897 2607 quasi
2927 2540 3142 2605 ancilla,
3173 2556 3363 2597 manus
3389 2545 3543 2612 quasi

1944 2625 2181 2692 alumna,
2208 2642 2303 2681 ora
2332 2627 2487 2696 quasi
2511 2626 2637 2683 lilia.
2663 2627 2740 2684 Ne
2770 2630 3142 2702 trepidaveris,
3167 2648 3234 2688 ne
3255 2634 3498 2691 timueris
3522 2655 3535 2690 :

1943 2715 2116 2772 bonos
2155 2715 2365 2785 judices
2395 2719 2655 2774 habemus
2688 2737 2699 2772 :
2733 2719 2958 2777 aﬂectus
3006 2723 3120 2792 ipse
3171 2739 3272 2794 pro
3300 2733 3354 2781 te
3400 2736 3539 2793 orat,

1942 2821 2135 2865 natura
2165 2811 2279 2882 ipsa
2311 2813 2407 2866 tibi
2437 2813 2696 2886 postulat,
2727 2812 2980 2884 sull'ragia
3009 2830 3186 2870 causzc
3217 2824 3323 2871 tua:
3343 2818 3396 2872 in
3419 2826 3540 2872 tuo-

1944 2917 2063 2956 rum
2112 2902 2381 2956 mentibus
2433 2902 2602 2956 habes
2635 2920 2647 2954 :
2681 2903 2789 2958 cito
2844 2903 3087 2972 adnuunt
3143 2906 3235 2974 qui
3288 2921 3388 2963 suo
3444 2908 3541 2979 ipsi

1943 3007 2129 3047 amore
2157 3001 2498 3063 superantur.
2532 2991 2766 3048 Obsecra
2796 3007 2948 3062 ergo,
2979 3003 3033 3050 et
3061 2996 3288 3066 supplex
3326 2997 3490 3054 dicito
3524 3014 3542 3055 :

1944 3080 2082 3147 Quid
2111 3079 2234 3148 feci,
2284 3081 2414 3152 quid
2471 3083 2803 3139 commerui?
2833 3085 3096 3154 ignoscite
3122 3087 3381 3158 quidquid
3411 3089 3538 3146 illud

232 3186 420 3235 sumus
462 3180 640 3237 liceat.
669 3180 748 3236 ita
795 3191 1022 3252 possunt.
1044 3181 1072 3221 ιι
1103 3183 1326 3254 pignora
1356 3185 1437 3240 sic
1465 3186 1699 3240 amantia
1723 3203 1830 3241 non

1943 3182 2020 3238 est
2052 3191 2064 3227 :
2100 3175 2310 3254 veniam
2359 3183 2507 3246 peto,
2541 3177 2642 3232 etsi
2689 3177 2943 3233 delictum
2987 3181 3171 3236 nescio
3218 3200 3230 3235 :
3263 3198 3536 3253 nunquam

231 3270 443 3326 amari?
471 3270 610 3338 Quid
639 3280 846 3332 tantum
877 3273 1003 3328 mali
1032 3274 1472 3339 commeruimus,
1497 3276 1581 3331 vel
1609 3276 1832 3333 allectus

231 3361 588 3426 dilectissimi,
620 3362 707 3418 vel
744 3362 946 3418 domini
995 3365 1434 3433 reverentissimi,
1468 3375 1525 3422 ut
1554 3369 1709 3424 nobis
1730 3381 1832 3426 nec

232 3459 492 3521 tanquam
523 3451 646 3506 filiis
673 3451 929 3508 reddatur
955 3455 1158 3523 gratia,
1191 3471 1293 3512 nec
1332 3465 1589 3527 tanquam
1617 3457 1830 3516 famulis

230 3541 542 3617 remittatur
569 3539 810 3598 offensa?
835 3542 1107 3614 Septimus
1125 3544 1236 3615 jam
1266 3547 1436 3603 ferme
1457 3563 1630 3604 annus
1659 3558 1742 3605 est
1761 3565 1830 3607 ex

229 3647 344 3702 quo
374 3633 519 3688 nulla
547 3631 614 3688 ad
643 3649 744 3690 nos
773 3643 880 3688 tam
922 3634 1080 3706 longe
1105 3652 1136 3691 a
1165 3629 1320 3693 vobis
1337 3639 1473 3695 sitos
1494 3640 1694 3711 scripta
1725 3643 1829 3698 mi-

231 3727 398 3784 sistis.
429 3727 600 3783 Nullis
626 3743 764 3799 pene
794 3729 852 3784 in
879 3729 1047 3784 Deum
1088 3731 1526 3802 delinquentibus
1568 3743 1676 3789 tam
1709 3735 1828 3791 lon-

231 3833 362 3890 gum
410 3819 625 3888 lugendi
680 3828 896 3891 tempus
939 3821 1255 3892 imponitur,
1309 3825 1487 3880 nullos
1535 3825 1829 3882 admodum

229 3912 592 3967 maximorum
624 3912 1026 3968 criminum.....
1058 3920 1118 3967 ut
1165 3914 1284 3984 plus
1330 3924 1503 3978 amet,
1535 3917 1744 3972 scilicet
1772 3925 1832 3971 ut

229 4006 406 4077 patris
434 4015 613 4062 motus
660 4012 770 4064 non
815 4007 1138 4064 detrimenta
1179 4009 1382 4066 amoris
1414 4009 1540 4072 sint,
1581 4009 1676 4064 sed
1705 4025 1831 4080 pro-
1873 4074 1875 4076 η

231 4096 441 4161 fectus;
467 4113 590 4151 cum
610 4106 874 4167 quantum
902 4097 1160 4152 coercitio
1197 4097 1440 4153 attulerit
1466 4099 1625 4153 unius
1647 4115 1831 4156 corre-

229 4185 426 4251 ctioni,
479 4194 686 4242 tantum
732 4187 1000 4243 correctio
1054 4187 1244 4244 reddat
1296 4197 1496 4244 mutuae
1558 4190 1824 4247 charitati.

227 4276 554 4345 Quanquam
575 4278 679 4334 hoc
699 4278 822 4334 illos
849 4278 1020 4347 magis
1038 4287 1292 4349 parentes
1317 4279 1498 4336 facere
1519 4281 1825 4348 conveniat,

229 4367 326 4438 qui
351 4367 420 4422 de
447 4368 720 4423 nonnullis
744 4368 976 4436 negotiis
1005 4384 1160 4424 veras
1195 4370 1460 4426 irascendi
1491 4369 1612 4426 liliis
1637 4383 1828 4428 causas

227 4457 450 4514 habent.
484 4456 563 4512 Tu
591 4466 770 4514 autem
798 4457 929 4527 quid
947 4474 1258 4527 succenses,
1292 4462 1385 4531 qui
1413 4478 1482 4518 ex
1515 4478 1625 4534 quo
1667 4465 1825 4521 Chri-

1936 3280 2052 3330 vos,
2085 3273 2145 3320 ut
2189 3243 2290 3336 ipsi
2319 3243 2486 3332 scitis,
2521 3267 2920 3324 inolliciositate
2951 3279 3044 3326 aut
3071 3243 3412 3329 contumacia
3451 3275 3535 3331 of-

1935 3362 2100 3425 fendi,
2133 3379 2404 3434 nunquam
2435 3365 2600 3421 verbo
2627 3367 2903 3436 asperiore
2924 3366 3073 3434 ’lzesi,
3127 3385 3401 3440 nunquam
3431 3371 3537 3426 vul-

1935 3465 1990 3512 tu
2020 3459 2356 3528 proterviore
2383 3456 2581 3513 violavi
2630 3476 2642 3511 :
2676 3475 2706 3513 a
2755 3460 2910 3515 vobis
2951 3476 3068 3515 sum
3098 3461 3216 3516 viro
3246 3462 3464 3528 tradita,
3498 3479 3530 3520 a

1935 3549 2089 3606 vobis
2125 3551 2283 3621 190
2328 3549 2545 3617 conjugi
2600 3550 2931 3620 mancipata.
2983 3549 3188 3619 Teneo,
3246 3553 3301 3609 ni
3357 3553 3532 3620 fallor,

1934 3642 2189 3698 mandata
2220 3650 2397 3697 vestra
2433 3659 2444 3693 :
2487 3642 2655 3696 hzeret
2683 3643 2931 3699 sensibus
2979 3645 3114 3700 meis
3142 3655 3388 3702 sanctum
3435 3649 3535 3718 pia:

1934 3734 2314 3806 praeceptionis
2336 3749 2592 3788 arcanum
2628 3751 2638 3786 :
2666 3735 2991 3803 morigeram
3013 3751 3118 3801 me,
3150 3746 3207 3791 ut
3233 3747 3385 3806 puto,
3409 3747 3536 3795 ante

1934 3827 2115 3882 omnia
2143 3827 2260 3881 viro
2282 3841 2401 3880 esse
2437 3825 2673 3894 iussistis
2705 3843 2717 3877 :
2753 3835 2944 3882 vestra:
2990 3829 3253 3882 voluntati
3280 3829 3534 3885 obsecuta
3588 3867 3593 3871 -

1935 3931 2076 3977 sum,
2124 3923 2318 3969 vestra:
2341 3913 2572 3982 iussioni
2597 3915 2966 3983 obtemperavi
3011 3916 3131 3969 :illi
3182 3916 3235 3970 in
3290 3917 3538 3975 omnibus

1937 4003 2093 4072 parui
2131 4002 2216 4056 cui
2246 4017 2331 4055 me
2359 4017 2550 4070 parere
2579 4000 2842 4056 voluistis.
2886 4001 3138 4058 Invitavit
3175 4013 3263 4059 me
3303 4005 3369 4060 ad
3420 4007 3536 4063 reli-

1938 4093 2173 4162 gionem,
2204 4092 2449 4146 invitavit
2475 4092 2542 4146 ad
2583 4091 2906 4147 castitatem.
2940 4093 3072 4149 Date
3100 4096 3310 4151 veniam
3338 4115 3350 4150 :
3379 4103 3534 4169 turpe

1936 4183 2140 4239 credidi
2166 4183 2416 4238 reluctari
2442 4201 2454 4236 :
2480 4198 2566 4238 res
2587 4182 2718 4237 mihi
2740 4184 3062 4250 verecunda,
3082 4201 3170 4242 res
3191 4187 3412 4257 pudens,
3444 4206 3532 4247 res

1934 4286 2120 4334 sancta
2147 4278 2259 4333 visa
2287 4285 2370 4332 est
2404 4276 2639 4347 {fateon
2671 4291 2792 4332 cum
2839 4277 2906 4333 de
2939 4277 3032 4332 tali
3059 4267 3279 4349 negotio
3318 4298 3527 4340 mecum

1932 4378 2137 4440 ageret,
2187 4368 2375 4424 erubui
2403 4367 2547 4438 quod
2575 4383 2684 4422 non
2713 4376 2838 4424 ante
2867 4369 3171 4440 coepissem.
3213 4369 3328 4428 lluc
3354 4389 3528 4428 acces-

1931 4461 2002 4516 sit
2029 4461 2192 4517 etiam
2211 4460 2523 4516 reverentia
2547 4457 2748 4514 Christi
2788 4467 2845 4513 et
2883 4457 3104 4514 allectus
3139 4476 3155 4515 :
3187 4460 3414 4517 honeste
3442 4479 3528 4519 me

227 4548 437 4605 stianns
465 4547 637 4604 factus
681 4564 741 4604 es
763 4589 778 4615 ,
811 4549 974 4604 etiam
1002 4549 1166 4606 falsas
1193 4551 1396 4608 habere
1422 4553 1666 4628 desiisti?
1688 4556 1820 4613 Esto
1845 4547 1900 4614 Ι)
1925 4556 2104 4614 facere
2129 4554 2334 4610 credidi
2373 4552 2632 4624 quidquid
2661 4552 2757 4607 Dei
2787 4566 2974 4607 amore
3006 4550 3272 4608 fecissem.
3323 4552 3524 4609 Advol-

227 4640 394 4705 enim,
443 4641 939 4696 conversiuncnlam
981 4649 1220 4697 nostram
1253 4659 1517 4715 'paganus
1549 4649 1821 4718 quondam

229 4748 347 4788 non
383 4731 754 4802 aequanimiter
796 4733 1088 4803 acceperis.
1138 4733 1380 4794 Ferenda
1415 4745 1542 4793 tunc
1590 4739 1719 4807 fuit,
1752 4758 1822 4797 ex

228 4823 660 4879 dissimilitudine
687 4823 1010 4892 studiorum,
1044 4825 1208 4882 etiam
1237 4827 1599 4899 discrepantia
1628 4833 1819 4888 volun-

229 4923 431 4980 tatum;
461 4915 677 4984 quando
697 4916 798 4971 etsi
827 4931 980 4972 amor
1007 4933 1115 4974 non
1135 4921 1509 4991 succensebat,
1552 4927 1815 4995 supersti-

228 5007 310 5063 tio
340 5014 516 5061 tamen
544 5005 944 5062 adversabatur.
971 5007 1107 5064 Nam
1132 5009 1261 5066 licet
1288 5019 1443 5082 pater
1476 5029 1587 5069 non
1614 5015 1821 5071 odisset

1931 4665 2029 4705 νοι-
2053 4649 2266 4714 vestris,
2297 4663 2332 4702 o
2356 4653 2608 4719 parentes
2649 4644 2968 4709 eharissimi,
3000 4644 3226 4715 pedibus
3258 4662 3271 4696 :
3301 4644 3387 4698 illa
3423 4659 3526 4714 ego
3557 4662 3564 4668 ·

1930 4748 2107 4797 vestra
2139 4738 2391 4804 Palladia,
2415 4745 2593 4793 vestra
2617 4735 2855 4804 gracula,
2879 4743 3059 4791 vestra
3079 4733 3334 4788 domnula
3360 4751 3374 4800 ;
3402 4749 3524 4791 cum

1927 4848 2034 4902 qua
2066 4831 2148 4886 his
2177 4838 2257 4885 tot
2285 4828 2564 4884 vocabulis
2595 4826 2865 4897 quondam
2913 4824 3372 4893 indulgentissima
3418 4827 3525 4897 pie-

1928 4932 2041 4980 tate
2068 4922 2296 4988 lusistis;
2325 4935 2448 4990 quae
2500 4919 2651 4974 vobis
2677 4932 2775 4988 per
2802 4917 2950 4972 varia
2988 4915 3205 4972 nomina
3248 4933 3391 4974 nunc
3444 4917 3518 4973 fui

1928 5024 2120 5080 mater,
2154 5027 2295 5068 nunc
2322 5009 2551 5072 avicula,
2582 5023 2723 5063 nunc
2749 5007 2965 5091 domina
2990 5024 3004 5075 ;
3035 5023 3160 5064 cum
3185 5016 3331 5063 esset
3375 5008 3520 5063 scili-

229 5099 419 5167 lilium,
451 5113 606 5154 error
644 5102 822 5155 tamen
864 5098 1056 5156 oderat
1109 5102 1414 5158 veritatem.
1470 5103 1623 5161 Nunc
1661 5106 1823 5176 longe
1922 5115 2010 5162 eet
2035 5119 2199 5159 unum
2223 5100 2543 5158 vocabulum
2581 5100 2813 5169 generis,
2846 5099 2991 5155 aliud
3012 5099 3270 5163 infantize,
3303 5099 3520 5153 tertium

227 5191 376 5248 aliud
397 5201 498 5249 est.
531 5191 606 5248 Ex
645 5206 751 5262 quo
779 5193 873 5248 Dei
895 5193 1098 5250 cultum
1134 5193 1408 5266 professus
1429 5213 1507 5261 es,
1541 5200 1700 5271 189
1721 5216 1820 5271 pro
1839 5203 1861 5228 ⁸
1923 5196 2213 5269 dignitatis.
2249 5192 2327 5248 En
2356 5206 2457 5262 ego
2487 5192 2576 5248 illa
2619 5207 2736 5248 sum
2788 5206 2887 5264 per
2913 5207 3076 5262 quam
3103 5188 3257 5244 vobis
3292 5187 3380 5241 illa
3409 5185 3518 5256 pri-

1401 5308 1739 5367 STEPHANI
1779 5311 2050 5370 BALUle
2087 5306 2339 5363 ΝΟΤίΕμ

306 5409 332 5439 ι
354 5399 477 5456 Haec
498 5395 658 5458 \Qrba
705 5403 1007 5472 parenthesi
1059 5402 1375 5458 includenda
1421 5419 1542 5459 esse
1569 5406 1823 5462 censebat

230 5471 641 5546 ﬂittershusius.
672 5471 809 5546 _Ego_
832 5489 959 5546 vero
989 5473 1222 5527 arbitror
1262 5477 1326 5528 ea
1370 5489 1476 5530 non
1504 5490 1623 5532 esse
1653 5476 1814 5546 hujus

227 5541 364 5605 loci,
397 5542 639 5612 adeoque
662 5541 971 5612 jugulanda.

307 5612 332 5650 ³³
361 5613 416 5684 id
439 5610 766 5684 esu—proles.
799 5610 932 5684 \fide
959 5626 1118 5681 supra
1143 5628 1260 5682 pag.
1291 5613 1375 5668 74.

301 5693 328 5721 ο
357 5683 450 5738 Sic
472 5679 629 5740 vocat
660 5679 948 5735 Palladiam
979 5679 1417 5749 miore'm'suam,
1450 5700 1516 5738 ex
1556 5699 1820 5740 canonum

228 5754 547 5826 prescripto
595 5762 648 5808 et
685 5759 942 5822 perpetua
989 5753 1374 5808 consuetudine
1403 5755 1591 5823 prisca:
1639 5753 1821 5812 Eccle-

1927 5405 2040 5470 siae,
2075 5404 2125 5458 in
2179 5417 2305 5472 qua,
2352 5398 2442 5468 qui
2472 5414 2539 5453 ex
2566 5397 2816 5467 conjugio
2841 5396 2910 5450 ad
2936 5389 3292 5472 sacerdotium
3339 5387 3514 5472 adsci-

1927 5457 2332 5546 scebantur,_a:h
2364 5457 2590 5524 uxorum
2622 5457 3020 5546 to'ro'separati.
3033 5474 3174 5546 fuit
3183 5457 3340 5546 aliter
3363 5458 3515 5546 dein-

1927 5526 2204 5615 abissem
2223 5526 2336 5615 illis
2361 5555 2522 5615 quam
2543 5555 2666 5615 cum
2689 5526 2972 5615 sororibus
2991 5526 3358 5615 νςςξξψθηιυττ
3377 5531 3517 5615 fide

1929 5598 2271 5670 Sil-[nondum
2295 5612 2346 5667 in
2373 5598 2590 5664 notisad
2612 5607 2798 5661 Sidon.
2820 5604 2912 5655 lib.
2942 5612 2991 5656 v,
3023 5598 3178 5663 epist.
3210 5598 3289 5668 l6,
3308 5610 3360 5658 et
3377 5601 3515 5660 Ros-

1931 5685 2102 5754 wcydi
2135 5681 2505 5739 otiomasticon
2537 5676 2600 5731 ad
2631 5676 2780 5727 Vitas
2810 5672 3047 5723 Patrum.-
