  <div class='ocr_page' id='page_1' title='image "/cluster/home/n/w/nwhite01/storage/ocr_20150623/53/hvd.32044015471576/087.png"; bbox 0 0 4088 6360; ppageno 0'>
   <div class='ocr_carea' id='block_1_1' title="bbox 588 280 690 336">
    <p class='ocr_par' dir='ltr' id='par_1_1' title="bbox 588 280 690 336">
     <span class='ocr_line' id='line_1_1' title="bbox 588 280 690 336; baseline 0.02 -2"><span class='ocrx_word' id='word_1_1' title='bbox 588 280 690 336; x_wconf 73' lang='grc'><strong>163</strong></span> 
     </span>
    </p>
   </div>
   <div class='ocr_carea' id='block_1_2' title="bbox 1556 267 2928 330">
    <p class='ocr_par' dir='ltr' id='par_1_2' title="bbox 1556 267 2928 330">
     <span class='ocr_line' id='line_1_2' title="bbox 1556 267 2928 330; baseline 0.004 -6"><span class='ocrx_word' id='word_1_2' title='bbox 1556 269 1612 324; x_wconf 92' lang='lat' dir='ltr'><strong>S.</strong></span> <span class='ocrx_word' id='word_1_3' title='bbox 1653 267 1966 326; x_wconf 77' lang='lat' dir='ltr'><strong>SALVIANI</strong></span> <span class='ocrx_word' id='word_1_4' title='bbox 2003 271 2464 328; x_wconf 78' lang='lat' dir='ltr'><strong>MASSILIENSIS</strong></span> <span class='ocrx_word' id='word_1_5' title='bbox 2503 272 2928 330; x_wconf 80' lang='lat' dir='ltr'><strong>PRESBYTERI</strong></span> 
     </span>
    </p>
   </div>
   <div class='ocr_carea' id='block_1_3' title="bbox 3757 283 3884 338">
    <p class='ocr_par' dir='ltr' id='par_1_3' title="bbox 3757 283 3884 338">
     <span class='ocr_line' id='line_1_3' title="bbox 3757 283 3884 338; baseline 0 0"><span class='ocrx_word' id='word_1_6' title='bbox 3757 283 3884 338; x_wconf 64' lang='grc'><strong>164</strong></span> 
     </span>
    </p>
   </div>
   <div class='ocr_carea' id='block_1_4' title="bbox 588 383 3883 468">
    <p class='ocr_par' dir='ltr' id='par_1_4' title="bbox 588 383 3883 468">
     <span class='ocr_line' id='line_1_4' title="bbox 588 383 3883 468; baseline 0 -16"><span class='ocrx_word' id='word_1_7' title='bbox 588 411 732 452; x_wconf 90' lang='lat' dir='ltr'><strong>mum</strong></span> <span class='ocrx_word' id='word_1_8' title='bbox 754 403 810 454; x_wconf 89' lang='lat' dir='ltr'><strong>et</strong></span> <span class='ocrx_word' id='word_1_9' title='bbox 835 402 1120 468; x_wconf 87' lang='lat' dir='ltr'><strong>parentum</strong></span> <span class='ocrx_word' id='word_1_10' title='bbox 1141 390 1358 448; x_wconf 87' lang='lat' dir='ltr'><strong>nomina</strong></span> <span class='ocrx_word' id='word_1_11' title='bbox 1386 398 1440 446; x_wconf 89' lang='lat' dir='ltr'><strong>et</strong></span> <span class='ocrx_word' id='word_1_12' title='bbox 1459 403 1684 444; x_wconf 88' lang='lat' dir='ltr'><strong>avorum</strong></span> <span class='ocrx_word' id='word_1_13' title='bbox 1711 387 1906 458; x_wconf 79' lang='lat' dir='ltr'><strong>gaudia</strong></span> <span class='ocrx_word' id='word_1_14' title='bbox 1936 391 2168 460; x_wconf 79' lang='lat' dir='ltr'><strong>contige-</strong></span> <span class='ocrx_word' id='word_1_15' title='bbox 2194 402 2248 456; x_wconf 74' lang='grc' dir='ltr'><strong>Α</strong></span> <span class='ocrx_word' id='word_1_16' title='bbox 2272 388 2338 442; x_wconf 88' lang='lat' dir='ltr'><strong>de</strong></span> <span class='ocrx_word' id='word_1_17' title='bbox 2366 387 2459 442; x_wconf 87' lang='lat' dir='ltr'><strong>Dei</strong></span> <span class='ocrx_word' id='word_1_18' title='bbox 2487 389 2850 444; x_wconf 84' lang='lat' dir='ltr'><strong>misericordia</strong></span> <span class='ocrx_word' id='word_1_19' title='bbox 2879 391 3090 459; x_wconf 90' lang='lat' dir='ltr'><strong>loquor,</strong></span> <span class='ocrx_word' id='word_1_20' title='bbox 3108 392 3201 462; x_wconf 88' lang='lat' dir='ltr'><strong>qui</strong></span> <span class='ocrx_word' id='word_1_21' title='bbox 3229 409 3335 449; x_wconf 91' lang='lat' dir='ltr'><strong>non</strong></span> <span class='ocrx_word' id='word_1_22' title='bbox 3357 402 3565 452; x_wconf 88' lang='lat' dir='ltr'><strong>tantum</strong></span> <span class='ocrx_word' id='word_1_23' title='bbox 3586 383 3883 468; x_wconf 82' lang='lat' dir='ltr'><strong>postulata</strong></span> 
     </span>
    </p>
   </div>
   <div class='ocr_carea' id='block_1_5' title="bbox 587 485 2161 560">
    <p class='ocr_par' dir='ltr' id='par_1_5' title="bbox 587 485 2161 560">
     <span class='ocr_line' id='line_1_5' title="bbox 587 485 2161 560; baseline -0.004 -15"><span class='ocrx_word' id='word_1_24' title='bbox 587 499 736 558; x_wconf 89' lang='lat' dir='ltr'><strong>runt;</strong></span> <span class='ocrx_word' id='word_1_25' title='bbox 768 500 842 557; x_wconf 87' lang='lat' dir='ltr'><strong>et,</strong></span> <span class='ocrx_word' id='word_1_26' title='bbox 872 489 1016 560; x_wconf 89' lang='lat' dir='ltr'><strong>quod</strong></span> <span class='ocrx_word' id='word_1_27' title='bbox 1041 495 1270 560; x_wconf 76' lang='lat' dir='ltr'><strong>utroque</strong></span> <span class='ocrx_word' id='word_1_28' title='bbox 1317 491 1555 556; x_wconf 63' lang='lat' dir='ltr'><strong>praestat,</strong></span> <span class='ocrx_word' id='word_1_29' title='bbox 1587 493 1875 554; x_wconf 87' lang='lat' dir='ltr'><strong>utrumque</strong></span> <span class='ocrx_word' id='word_1_30' title='bbox 1919 485 2161 552; x_wconf 82' lang='lat' dir='ltr'><strong>feliciter,</strong></span> 
     </span>
    </p>
   </div>
   <div class='ocr_carea' id='block_1_6' title="bbox 579 577 2160 650">
    <p class='ocr_par' dir='ltr' id='par_1_6' title="bbox 579 577 2160 650">
     <span class='ocr_line' id='line_1_6' title="bbox 579 577 2160 650; baseline -0.004 -12"><span class='ocrx_word' id='word_1_31' title='bbox 579 599 704 638; x_wconf 76' lang='lat' dir='ltr'><strong>eum</strong></span> <span class='ocrx_word' id='word_1_32' title='bbox 757 583 928 638; x_wconf 78' lang='lat' dir='ltr'><strong>fructu</strong></span> <span class='ocrx_word' id='word_1_33' title='bbox 979 579 1310 650; x_wconf 78' lang='lat' dir='ltr'><strong>adipiscendi</strong></span> <span class='ocrx_word' id='word_1_34' title='bbox 1345 585 1402 634; x_wconf 91' lang='lat' dir='ltr'><strong>et</strong></span> <span class='ocrx_word' id='word_1_35' title='bbox 1450 577 1784 634; x_wconf 74' lang='lat' dir='ltr'><strong>beatitudine</strong></span> <span class='ocrx_word' id='word_1_36' title='bbox 1811 577 2116 648; x_wconf 81' lang='lat' dir='ltr'><strong>perfruendi</strong></span> <span class='ocrx_word' id='word_1_37' title='bbox 2148 597 2160 632; x_wconf 91' lang='lat'>:</span> 
     </span>
    </p>
   </div>
   <div class='ocr_carea' id='block_1_7' title="bbox 585 668 2164 742">
    <p class='ocr_par' dir='ltr' id='par_1_7' title="bbox 585 668 2164 742">
     <span class='ocr_line' id='line_1_7' title="bbox 585 668 2164 742; baseline -0.001 -16"><span class='ocrx_word' id='word_1_38' title='bbox 585 689 690 728; x_wconf 89' lang='lat' dir='ltr'><strong>non</strong></span> <span class='ocrx_word' id='word_1_39' title='bbox 720 674 844 742; x_wconf 86' lang='lat' dir='ltr'><strong>quia</strong></span> <span class='ocrx_word' id='word_1_40' title='bbox 867 673 987 728; x_wconf 84' lang='lat' dir='ltr'><strong>hinc</strong></span> <span class='ocrx_word' id='word_1_41' title='bbox 1013 684 1114 742; x_wconf 72' lang='lat' dir='ltr'><strong>ego</strong></span> <span class='ocrx_word' id='word_1_42' title='bbox 1135 669 1336 738; x_wconf 76' lang='lat' dir='ltr'><strong>aliquid</strong></span> <span class='ocrx_word' id='word_1_43' title='bbox 1364 669 1496 724; x_wconf 86' lang='lat' dir='ltr'><strong>mihi</strong></span> <span class='ocrx_word' id='word_1_44' title='bbox 1533 668 1818 740; x_wconf 81' lang='lat' dir='ltr'><strong>deputem;</strong></span> <span class='ocrx_word' id='word_1_45' title='bbox 1849 669 1946 724; x_wconf 90' lang='lat' dir='ltr'><strong>sed</strong></span> <span class='ocrx_word' id='word_1_46' title='bbox 1986 675 2164 726; x_wconf 88' lang='lat' dir='ltr'><strong>tamen</strong></span> 
     </span>
    </p>
   </div>
   <div class='ocr_carea' id='block_1_8' title="bbox 583 761 2167 836">
    <p class='ocr_par' dir='ltr' id='par_1_8' title="bbox 583 761 2167 836">
     <span class='ocr_line' id='line_1_8' title="bbox 583 761 2167 836; baseline -0.001 -16"><span class='ocrx_word' id='word_1_47' title='bbox 583 767 786 833; x_wconf 73' lang='lat' dir='ltr'><strong>ingrata</strong></span> <span class='ocrx_word' id='word_1_48' title='bbox 814 763 956 836; x_wconf 86' lang='lat' dir='ltr'><strong>apud</strong></span> <span class='ocrx_word' id='word_1_49' title='bbox 977 779 1074 820; x_wconf 86' lang='lat' dir='ltr'><strong>vos</strong></span> <span class='ocrx_word' id='word_1_50' title='bbox 1091 778 1214 820; x_wconf 84' lang='lat' dir='ltr'><strong>esse</strong></span> <span class='ocrx_word' id='word_1_51' title='bbox 1235 778 1344 818; x_wconf 90' lang='lat' dir='ltr'><strong>non</strong></span> <span class='ocrx_word' id='word_1_52' title='bbox 1373 761 1533 824; x_wconf 87' lang='lat' dir='ltr'><strong>debet</strong></span> <span class='ocrx_word' id='word_1_53' title='bbox 1561 777 1658 836; x_wconf 87' lang='lat' dir='ltr'><strong>per</strong></span> <span class='ocrx_word' id='word_1_54' title='bbox 1683 775 1848 832; x_wconf 88' lang='lat' dir='ltr'><strong>quam</strong></span> <span class='ocrx_word' id='word_1_55' title='bbox 1875 777 1972 818; x_wconf 88' lang='lat' dir='ltr'><strong>vos</strong></span> <span class='ocrx_word' id='word_1_56' title='bbox 1999 763 2167 818; x_wconf 88' lang='lat' dir='ltr'><strong>voluit</strong></span> 
     </span>
    </p>
   </div>
   <div class='ocr_carea' id='block_1_9' title="bbox 580 852 2166 922">
    <p class='ocr_par' dir='ltr' id='par_1_9' title="bbox 580 852 2166 922">
     <span class='ocr_line' id='line_1_9' title="bbox 580 852 2166 922; baseline -0.001 -12"><span class='ocrx_word' id='word_1_57' title='bbox 580 857 722 912; x_wconf 85' lang='lat' dir='ltr'><strong>Deus</strong></span> <span class='ocrx_word' id='word_1_58' title='bbox 756 870 874 910; x_wconf 86' lang='lat' dir='ltr'><strong>esse</strong></span> <span class='ocrx_word' id='word_1_59' title='bbox 903 853 1104 910; x_wconf 84' lang='lat' dir='ltr'><strong>felices.</strong></span> <span class='ocrx_word' id='word_1_60' title='bbox 1157 853 1254 916; x_wconf 83' lang='lat' dir='ltr'><strong>Ne,</strong></span> <span class='ocrx_word' id='word_1_61' title='bbox 1286 867 1494 922; x_wconf 56' lang='lat' dir='ltr'><strong>quaeso,</strong></span> <span class='ocrx_word' id='word_1_62' title='bbox 1529 865 1657 921; x_wconf 77' lang='lat' dir='ltr'><strong>ergo</strong></span> <span class='ocrx_word' id='word_1_63' title='bbox 1687 852 1972 910; x_wconf 89' lang='lat' dir='ltr'><strong>molestum</strong></span> <span class='ocrx_word' id='word_1_64' title='bbox 2013 853 2166 908; x_wconf 86' lang='lat' dir='ltr'><strong>vobis</strong></span> 
     </span>
    </p>
   </div>
   <div class='ocr_carea' id='block_1_10' title="bbox 577 941 2165 1012">
    <p class='ocr_par' dir='ltr' id='par_1_10' title="bbox 577 941 2165 1012">
     <span class='ocr_line' id='line_1_10' title="bbox 577 941 2165 1012; baseline 0.001 -14"><span class='ocrx_word' id='word_1_65' title='bbox 577 945 646 1000; x_wconf 88' lang='lat' dir='ltr'><strong>sit</strong></span> <span class='ocrx_word' id='word_1_66' title='bbox 665 943 808 1012; x_wconf 88' lang='lat' dir='ltr'><strong>quod</strong></span> <span class='ocrx_word' id='word_1_67' title='bbox 833 943 1036 1000; x_wconf 84' lang='lat' dir='ltr'><strong>referre</strong></span> <span class='ocrx_word' id='word_1_68' title='bbox 1069 941 1274 1012; x_wconf 86' lang='lat' dir='ltr'><strong>aliquid</strong></span> <span class='ocrx_word' id='word_1_69' title='bbox 1312 941 1422 998; x_wconf 88' lang='lat' dir='ltr'><strong>Deo</strong></span> <span class='ocrx_word' id='word_1_70' title='bbox 1450 942 1630 1012; x_wconf 86' lang='lat' dir='ltr'><strong>cupio,</strong></span> <span class='ocrx_word' id='word_1_71' title='bbox 1659 942 1744 1000; x_wconf 88' lang='lat' dir='ltr'><strong>cui</strong></span> <span class='ocrx_word' id='word_1_72' title='bbox 1765 943 1946 1000; x_wconf 85' lang='lat' dir='ltr'><strong>omnia</strong></span> <span class='ocrx_word' id='word_1_73' title='bbox 1973 957 2165 1012; x_wconf 86' lang='lat' dir='ltr'><strong>repen-</strong></span> 
     </span>
    </p>
   </div>
   <div class='ocr_carea' id='block_1_11' title="bbox 574 1032 2158 1106">
    <p class='ocr_par' dir='ltr' id='par_1_11' title="bbox 574 1032 2158 1106">
     <span class='ocr_line' id='line_1_11' title="bbox 574 1032 2158 1106; baseline 0.001 -16"><span class='ocrx_word' id='word_1_74' title='bbox 574 1051 696 1091; x_wconf 90' lang='lat' dir='ltr'><strong>sare</strong></span> <span class='ocrx_word' id='word_1_75' title='bbox 725 1051 832 1090; x_wconf 90' lang='lat' dir='ltr'><strong>non</strong></span> <span class='ocrx_word' id='word_1_76' title='bbox 861 1050 1098 1106; x_wconf 86' lang='lat' dir='ltr'><strong>possum.</strong></span> <span class='ocrx_word' id='word_1_77' title='bbox 1151 1032 1304 1092; x_wconf 86' lang='lat' dir='ltr'><strong>Pleni</strong></span> <span class='ocrx_word' id='word_1_78' title='bbox 1339 1034 1468 1090; x_wconf 86' lang='lat' dir='ltr'><strong>estis</strong></span> <span class='ocrx_word' id='word_1_79' title='bbox 1511 1033 1717 1090; x_wconf 86' lang='lat' dir='ltr'><strong>solatiis</strong></span> <span class='ocrx_word' id='word_1_80' title='bbox 1741 1033 2158 1104; x_wconf 81' lang='lat' dir='ltr'><strong>jucundiSsimis,</strong></span> 
     </span>
    </p>
   </div>
   <div class='ocr_carea' id='block_1_12' title="bbox 574 1127 2160 1199">
    <p class='ocr_par' dir='ltr' id='par_1_12' title="bbox 574 1127 2160 1199">
     <span class='ocr_line' id='line_1_12' title="bbox 574 1127 2160 1199; baseline 0.001 -19"><span class='ocrx_word' id='word_1_81' title='bbox 574 1129 720 1199; x_wconf 84' lang='lat' dir='ltr'><strong>pleni</strong></span> <span class='ocrx_word' id='word_1_82' title='bbox 743 1127 1056 1198; x_wconf 53' lang='lat' dir='ltr'><strong>p&#39;guoribus</strong></span> <span class='ocrx_word' id='word_1_83' title='bbox 1083 1127 1430 1194; x_wconf 85' lang='lat' dir='ltr'><strong>charissimis,</strong></span> <span class='ocrx_word' id='word_1_84' title='bbox 1451 1127 1598 1198; x_wconf 86' lang='lat' dir='ltr'><strong>pleni</strong></span> <span class='ocrx_word' id='word_1_85' title='bbox 1622 1127 1996 1182; x_wconf 86' lang='lat' dir='ltr'><strong>benedictione</strong></span> <span class='ocrx_word' id='word_1_86' title='bbox 2025 1127 2160 1182; x_wconf 90' lang='lat' dir='ltr'><strong>divi-</strong></span> 
     </span>
    </p>
   </div>
   <div class='ocr_carea' id='block_1_13' title="bbox 575 1217 2162 1288">
    <p class='ocr_par' dir='ltr' id='par_1_13' title="bbox 575 1217 2162 1288">
     <span class='ocr_line' id='line_1_13' title="bbox 575 1217 2162 1288; baseline 0 -14"><span class='ocrx_word' id='word_1_87' title='bbox 575 1235 646 1274; x_wconf 90' lang='lat' dir='ltr'><strong>na</strong></span> <span class='ocrx_word' id='word_1_88' title='bbox 675 1237 688 1272; x_wconf 87' lang='lat'><strong>:</strong></span> <span class='ocrx_word' id='word_1_89' title='bbox 724 1225 920 1288; x_wconf 66' lang='lat' dir='ltr'><strong>praeter</strong></span> <span class='ocrx_word' id='word_1_90' title='bbox 955 1217 1278 1288; x_wconf 81' lang='lat' dir='ltr'><strong>peculiarem</strong></span> <span class='ocrx_word' id='word_1_91' title='bbox 1309 1217 1424 1274; x_wconf 84' lang='lat' dir='ltr'><strong>mei.</strong></span> <span class='ocrx_word' id='word_1_92' title='bbox 1451 1233 1686 1284; x_wconf 86' lang='lat' dir='ltr'><strong>causam,</strong></span> <span class='ocrx_word' id='word_1_93' title='bbox 1733 1228 1968 1276; x_wconf 87' lang='lat' dir='ltr'><strong>vestrum</strong></span> <span class='ocrx_word' id='word_1_94' title='bbox 2001 1233 2162 1288; x_wconf 76' lang='lat' dir='ltr'><strong>nego-</strong></span> 
     </span>
    </p>
   </div>
   <div class='ocr_carea' id='block_1_14' title="bbox 575 1308 2162 1378">
    <p class='ocr_par' dir='ltr' id='par_1_14' title="bbox 575 1308 2162 1378">
     <span class='ocr_line' id='line_1_14' title="bbox 575 1308 2162 1378; baseline -0.001 -14"><span class='ocrx_word' id='word_1_95' title='bbox 575 1309 712 1370; x_wconf 83' lang='lat' dir='ltr'><strong>tium</strong></span> <span class='ocrx_word' id='word_1_96' title='bbox 735 1308 940 1366; x_wconf 78' lang='lat' dir='ltr'><strong>referre</strong></span> <span class='ocrx_word' id='word_1_97' title='bbox 961 1308 1073 1368; x_wconf 84' lang='lat' dir='ltr'><strong>Deo</strong></span> <span class='ocrx_word' id='word_1_98' title='bbox 1113 1308 1342 1378; x_wconf 80' lang='lat' dir='ltr'><strong>gratiam</strong></span> <span class='ocrx_word' id='word_1_99' title='bbox 1363 1308 1516 1378; x_wconf 82' lang='lat' dir='ltr'><strong>jubet</strong></span> <span class='ocrx_word' id='word_1_100' title='bbox 1541 1327 1554 1361; x_wconf 89' lang='lat'><strong>:</strong></span> <span class='ocrx_word' id='word_1_101' title='bbox 1585 1309 1782 1366; x_wconf 84' lang='lat' dir='ltr'><strong>debere</strong></span> <span class='ocrx_word' id='word_1_102' title='bbox 1827 1324 1918 1366; x_wconf 86' lang='lat' dir='ltr'><strong>me</strong></span> <span class='ocrx_word' id='word_1_103' title='bbox 1947 1311 1996 1364; x_wconf 90' lang='lat' dir='ltr'><strong>ei</strong></span> <span class='ocrx_word' id='word_1_104' title='bbox 2021 1309 2162 1364; x_wconf 88' lang='lat' dir='ltr'><strong>arbi-</strong></span> 
     </span>
    </p>
   </div>
   <div class='ocr_carea' id='block_1_15' title="bbox 2273 478 3880 556">
    <p class='ocr_par' dir='ltr' id='par_1_15' title="bbox 2273 478 3880 556">
     <span class='ocr_line' id='line_1_15' title="bbox 2273 478 3880 556; baseline 0.007 -24"><span class='ocrx_word' id='word_1_105' title='bbox 2273 478 2474 545; x_wconf 87' lang='lat' dir='ltr'><strong>tribuit,</strong></span> <span class='ocrx_word' id='word_1_106' title='bbox 2507 479 2599 534; x_wconf 86' lang='lat' dir='ltr'><strong>sed</strong></span> <span class='ocrx_word' id='word_1_107' title='bbox 2654 481 2920 536; x_wconf 78' lang='lat' dir='ltr'><strong>interdum</strong></span> <span class='ocrx_word' id='word_1_108' title='bbox 2971 483 3134 537; x_wconf 89' lang='lat' dir='ltr'><strong>etiam</strong></span> <span class='ocrx_word' id='word_1_109' title='bbox 3178 497 3286 538; x_wconf 87' lang='lat' dir='ltr'><strong>non</strong></span> <span class='ocrx_word' id='word_1_110' title='bbox 3343 495 3554 556; x_wconf 87' lang='lat' dir='ltr'><strong>sperata</strong></span> <span class='ocrx_word' id='word_1_111' title='bbox 3601 487 3880 556; x_wconf 77' lang='lat' dir='ltr'><strong>largitur;</strong></span> 
     </span>
    </p>
   </div>
   <div class='ocr_carea' id='block_1_16' title="bbox 2272 571 3880 644">
    <p class='ocr_par' dir='ltr' id='par_1_16' title="bbox 2272 571 3880 644">
     <span class='ocr_line' id='line_1_16' title="bbox 2272 571 3880 644; baseline 0.007 -21"><span class='ocrx_word' id='word_1_112' title='bbox 2272 579 2549 642; x_wconf 84' lang='lat' dir='ltr'><strong>tantoque,</strong></span> <span class='ocrx_word' id='word_1_113' title='bbox 2581 573 2626 628; x_wconf 91' lang='lat' dir='ltr'><strong>si</strong></span> <span class='ocrx_word' id='word_1_114' title='bbox 2655 571 2757 628; x_wconf 91' lang='lat' dir='ltr'><strong>dici</strong></span> <span class='ocrx_word' id='word_1_115' title='bbox 2788 573 2933 640; x_wconf 86' lang='lat' dir='ltr'><strong>licet,</strong></span> <span class='ocrx_word' id='word_1_116' title='bbox 2965 574 3139 644; x_wconf 84' lang='lat' dir='ltr'><strong>major</strong></span> <span class='ocrx_word' id='word_1_117' title='bbox 3167 587 3249 632; x_wconf 90' lang='lat' dir='ltr'><strong>est</strong></span> <span class='ocrx_word' id='word_1_118' title='bbox 3273 578 3578 634; x_wconf 89' lang='lat' dir='ltr'><strong>hominibus</strong></span> <span class='ocrx_word' id='word_1_119' title='bbox 3609 581 3880 635; x_wconf 84' lang='lat' dir='ltr'><strong>immani-</strong></span> 
     </span>
    </p>
   </div>
   <div class='ocr_carea' id='block_1_17' title="bbox 2271 664 3882 741">
    <p class='ocr_par' dir='ltr' id='par_1_17' title="bbox 2271 664 3882 741">
     <span class='ocr_line' id='line_1_17' title="bbox 2271 664 3882 741; baseline 0.008 -26"><span class='ocrx_word' id='word_1_120' title='bbox 2271 669 2380 717; x_wconf 85' lang='lat' dir='ltr'><strong>tate</strong></span> <span class='ocrx_word' id='word_1_121' title='bbox 2405 670 2460 717; x_wconf 90' lang='lat' dir='ltr'><strong>et</strong></span> <span class='ocrx_word' id='word_1_122' title='bbox 2487 664 2881 730; x_wconf 86' lang='lat' dir='ltr'><strong>benevolentia,</strong></span> <span class='ocrx_word' id='word_1_123' title='bbox 2910 675 3112 736; x_wconf 85' lang='lat' dir='ltr'><strong>quanto</strong></span> <span class='ocrx_word' id='word_1_124' title='bbox 3133 677 3402 738; x_wconf 80' lang='lat' dir='ltr'><strong>potestate</strong></span> <span class='ocrx_word' id='word_1_125' title='bbox 3437 679 3598 741; x_wconf 83' lang='lat' dir='ltr'><strong>atque</strong></span> <span class='ocrx_word' id='word_1_126' title='bbox 3631 683 3836 728; x_wconf 85' lang='lat' dir='ltr'><strong>natura</strong></span> <span class='ocrx_word' id='word_1_127' title='bbox 3853 675 3882 727; x_wconf 69' lang='grc' dir='ltr'><strong>’ἒ</strong></span> 
     </span>
    </p>
   </div>
   <div class='ocr_carea' id='block_1_18' title="bbox 2271 755 3886 836">
    <p class='ocr_par' dir='ltr' id='par_1_18' title="bbox 2271 755 3886 836">
     <span class='ocr_line' id='line_1_18' title="bbox 2271 755 3886 836; baseline 0.006 -26"><span class='ocrx_word' id='word_1_128' title='bbox 2271 755 2543 822; x_wconf 81' lang='lat' dir='ltr'><strong>Paratum,</strong></span> <span class='ocrx_word' id='word_1_129' title='bbox 2588 765 2646 810; x_wconf 92' lang='lat' dir='ltr'><strong>ut</strong></span> <span class='ocrx_word' id='word_1_130' title='bbox 2673 758 2747 810; x_wconf 86' lang='lat' dir='ltr'><strong>ait</strong></span> <span class='ocrx_word' id='word_1_131' title='bbox 2777 757 2975 824; x_wconf 85' lang='lat' dir='ltr'><strong>Livius,</strong></span> <span class='ocrx_word' id='word_1_132' title='bbox 3023 759 3163 814; x_wconf 82' lang='lat' dir='ltr'><strong>inter</strong></span> <span class='ocrx_word' id='word_1_133' title='bbox 3203 759 3478 816; x_wconf 84' lang='lat' dir='ltr'><strong>Romanos</strong></span> <span class='ocrx_word' id='word_1_134' title='bbox 3519 763 3886 836; x_wconf 74' lang='lat' dir='ltr'><strong>Sabinosque</strong></span> 
     </span>
    </p>
   </div>
   <div class='ocr_carea' id='block_1_19' title="bbox 2269 847 3878 927">
    <p class='ocr_par' dir='ltr' id='par_1_19' title="bbox 2269 847 3878 927">
     <span class='ocr_line' id='line_1_19' title="bbox 2269 847 3878 927; baseline 0.006 -25"><span class='ocrx_word' id='word_1_135' title='bbox 2269 847 2487 914; x_wconf 91' lang='lat' dir='ltr'><strong>bellum,</strong></span> <span class='ocrx_word' id='word_1_136' title='bbox 2543 855 2614 916; x_wconf 88' lang='lat' dir='ltr'><strong>et,</strong></span> <span class='ocrx_word' id='word_1_137' title='bbox 2648 850 2790 920; x_wconf 89' lang='lat' dir='ltr'><strong>quod</strong></span> <span class='ocrx_word' id='word_1_138' title='bbox 2839 847 3108 907; x_wconf 84' lang='lat' dir='ltr'><strong>dimcilius</strong></span> <span class='ocrx_word' id='word_1_139' title='bbox 3155 851 3332 907; x_wconf 86' lang='lat' dir='ltr'><strong>sedari</strong></span> <span class='ocrx_word' id='word_1_140' title='bbox 3379 861 3579 926; x_wconf 85' lang='lat' dir='ltr'><strong>potest,</strong></span> <span class='ocrx_word' id='word_1_141' title='bbox 3625 867 3878 927; x_wconf 71' lang='grc' dir='ltr'>σαψιιηη</span> 
     </span>
    </p>
   </div>
   <div class='ocr_carea' id='block_1_20' title="bbox 2269 933 3890 1015">
    <p class='ocr_par' dir='ltr' id='par_1_20' title="bbox 2269 933 3890 1015">
     <span class='ocr_line' id='line_1_20' title="bbox 2269 933 3890 1015; baseline 0.007 -25"><span class='ocrx_word' id='word_1_142' title='bbox 2269 951 2457 1006; x_wconf 85' lang='lat' dir='ltr'><strong>preces</strong></span> <span class='ocrx_word' id='word_1_143' title='bbox 2484 937 2754 1006; x_wconf 86' lang='lat' dir='ltr'><strong>quondam</strong></span> <span class='ocrx_word' id='word_1_144' title='bbox 2795 947 2850 994; x_wconf 89' lang='lat' dir='ltr'><strong>et</strong></span> <span class='ocrx_word' id='word_1_145' title='bbox 2877 940 3214 996; x_wconf 84' lang='lat' dir='ltr'><strong>interventus</strong></span> <span class='ocrx_word' id='word_1_146' title='bbox 3261 943 3545 998; x_wconf 89' lang='lat' dir='ltr'><strong>charorum</strong></span> <span class='ocrx_word' id='word_1_147' title='bbox 3575 933 3890 1015; x_wconf 74' lang='lat' dir='ltr'><strong>pignorum-</strong></span> 
     </span>
    </p>
   </div>
   <div class='ocr_carea' id='block_1_21' title="bbox 2271 1028 3878 1103">
    <p class='ocr_par' dir='ltr' id='par_1_21' title="bbox 2271 1028 3878 1103">
     <span class='ocr_line' id='line_1_21' title="bbox 2271 1028 3878 1103; baseline 0.006 -19"><span class='ocrx_word' id='word_1_148' title='bbox 2271 1028 2633 1094; x_wconf 88' lang='lat' dir='ltr'><strong>sustulerunt;</strong></span> <span class='ocrx_word' id='word_1_149' title='bbox 2681 1045 2908 1102; x_wconf 89' lang='lat' dir='ltr'><strong>cumque</strong></span> <span class='ocrx_word' id='word_1_150' title='bbox 2951 1045 3060 1086; x_wconf 89' lang='lat' dir='ltr'><strong>una</strong></span> <span class='ocrx_word' id='word_1_151' title='bbox 3089 1047 3274 1088; x_wconf 88' lang='lat' dir='ltr'><strong>eorum</strong></span> <span class='ocrx_word' id='word_1_152' title='bbox 3314 1047 3444 1103; x_wconf 75' lang='lat' dir='ltr'><strong>gens</strong></span> <span class='ocrx_word' id='word_1_153' title='bbox 3475 1047 3616 1092; x_wconf 89' lang='lat' dir='ltr'><strong>esset</strong></span> <span class='ocrx_word' id='word_1_154' title='bbox 3671 1049 3878 1094; x_wconf 81' lang='lat' dir='ltr'><strong>natura</strong></span> 
     </span>
    </p>
   </div>
   <div class='ocr_carea' id='block_1_22' title="bbox 2269 1120 3876 1191">
    <p class='ocr_par' dir='ltr' id='par_1_22' title="bbox 2269 1120 3876 1191">
     <span class='ocr_line' id='line_1_22' title="bbox 2269 1120 3876 1191; baseline 0.007 -19"><span class='ocrx_word' id='word_1_155' title='bbox 2269 1120 2438 1186; x_wconf 78' lang='lat' dir='ltr'><strong>ferox,</strong></span> <span class='ocrx_word' id='word_1_156' title='bbox 2471 1121 2574 1174; x_wconf 89' lang='lat' dir='ltr'><strong>alia</strong></span> <span class='ocrx_word' id='word_1_157' title='bbox 2613 1121 2801 1177; x_wconf 87' lang='lat' dir='ltr'><strong>dolore</strong></span> <span class='ocrx_word' id='word_1_158' title='bbox 2831 1121 3072 1191; x_wconf 82' lang='lat' dir='ltr'><strong>fervens;</strong></span> <span class='ocrx_word' id='word_1_159' title='bbox 3105 1133 3314 1180; x_wconf 88' lang='lat' dir='ltr'><strong>tantum</strong></span> <span class='ocrx_word' id='word_1_160' title='bbox 3349 1133 3530 1182; x_wconf 89' lang='lat' dir='ltr'><strong>tamen</strong></span> <span class='ocrx_word' id='word_1_161' title='bbox 3561 1129 3698 1182; x_wconf 87' lang='lat' dir='ltr'><strong>visio</strong></span> <span class='ocrx_word' id='word_1_162' title='bbox 3733 1131 3876 1184; x_wconf 71' lang='lat' dir='ltr'><strong>atii:-</strong></span> 
     </span>
    </p>
   </div>
   <div class='ocr_carea' id='block_1_23' title="bbox 2268 1213 3870 1284">
    <p class='ocr_par' dir='ltr' id='par_1_23' title="bbox 2268 1213 3870 1284">
     <span class='ocr_line' id='line_1_23' title="bbox 2268 1213 3870 1284; baseline 0.004 -16"><span class='ocrx_word' id='word_1_163' title='bbox 2268 1221 2386 1268; x_wconf 87' lang='lat' dir='ltr'><strong>ctus</strong></span> <span class='ocrx_word' id='word_1_164' title='bbox 2413 1213 2582 1268; x_wconf 86' lang='lat' dir='ltr'><strong>mutui</strong></span> <span class='ocrx_word' id='word_1_165' title='bbox 2613 1213 2794 1280; x_wconf 89' lang='lat' dir='ltr'><strong>valuit,</strong></span> <span class='ocrx_word' id='word_1_166' title='bbox 2825 1221 2883 1268; x_wconf 91' lang='lat' dir='ltr'><strong>ut</strong></span> <span class='ocrx_word' id='word_1_167' title='bbox 2911 1227 3010 1269; x_wconf 91' lang='lat' dir='ltr'><strong>nec</strong></span> <span class='ocrx_word' id='word_1_168' title='bbox 3037 1213 3312 1272; x_wconf 83' lang='lat' dir='ltr'><strong>Romanus</strong></span> <span class='ocrx_word' id='word_1_169' title='bbox 3333 1231 3544 1272; x_wconf 88' lang='lat' dir='ltr'><strong>memor</strong></span> <span class='ocrx_word' id='word_1_170' title='bbox 3563 1233 3686 1274; x_wconf 86' lang='lat' dir='ltr'><strong>esse</strong></span> <span class='ocrx_word' id='word_1_171' title='bbox 3709 1221 3870 1284; x_wconf 75' lang='lat' dir='ltr'><strong>beHi,</strong></span> 
     </span>
    </p>
   </div>
   <div class='ocr_carea' id='block_1_24' title="bbox 2269 1303 3870 1384">
    <p class='ocr_par' dir='ltr' id='par_1_24' title="bbox 2269 1303 3870 1384">
     <span class='ocr_line' id='line_1_24' title="bbox 2269 1303 3870 1384; baseline 0.003 -22"><span class='ocrx_word' id='word_1_172' title='bbox 2269 1323 2368 1362; x_wconf 90' lang='lat' dir='ltr'><strong>nec</strong></span> <span class='ocrx_word' id='word_1_173' title='bbox 2395 1306 2624 1362; x_wconf 87' lang='lat' dir='ltr'><strong>Sabinus</strong></span> <span class='ocrx_word' id='word_1_174' title='bbox 2653 1311 2838 1384; x_wconf 70' lang='lat' dir='ltr'><strong>posset</strong></span> <span class='ocrx_word' id='word_1_175' title='bbox 2865 1303 3104 1376; x_wconf 69' lang='lat' dir='ltr'><strong>injuriae;</strong></span> <span class='ocrx_word' id='word_1_176' title='bbox 3138 1313 3192 1362; x_wconf 89' lang='lat' dir='ltr'><strong>et</strong></span> <span class='ocrx_word' id='word_1_177' title='bbox 3218 1307 3293 1362; x_wconf 80' lang='lat' dir='ltr'><strong>illi</strong></span> <span class='ocrx_word' id='word_1_178' title='bbox 3319 1307 3484 1378; x_wconf 88' lang='lat' dir='ltr'><strong>paulo</strong></span> <span class='ocrx_word' id='word_1_179' title='bbox 3513 1323 3640 1364; x_wconf 88' lang='lat' dir='ltr'><strong>ante</strong></span> <span class='ocrx_word' id='word_1_180' title='bbox 3675 1311 3778 1364; x_wconf 81' lang='lat' dir='ltr'><strong>feri</strong></span> <span class='ocrx_word' id='word_1_181' title='bbox 3803 1327 3870 1368; x_wconf 86' lang='lat' dir='ltr'><strong>ae</strong></span> 
     </span>
    </p>
   </div>
   <div class='ocr_carea' id='block_1_25' title="bbox 2265 1395 3904 1472">
    <p class='ocr_par' dir='ltr' id='par_1_25' title="bbox 2265 1395 3904 1472">
     <span class='ocr_line' id='line_1_25' title="bbox 2265 1395 3904 1472; baseline -0.01 -18"><span class='ocrx_word' id='word_1_182' title='bbox 2265 1397 2638 1472; x_wconf 74' lang='lat' dir='ltr'><strong>semibarbari,</strong></span> <span class='ocrx_word' id='word_1_183' title='bbox 2676 1397 2890 1466; x_wconf 74' lang='lat' dir='ltr'><strong>cognati</strong></span> <span class='ocrx_word' id='word_1_184' title='bbox 2940 1395 3214 1470; x_wconf 77' lang='lat' dir='ltr'><strong>sanguinis</strong></span> <span class='ocrx_word' id='word_1_185' title='bbox 3259 1399 3456 1468; x_wconf 85' lang='lat' dir='ltr'><strong>cupidi,</strong></span> <span class='ocrx_word' id='word_1_186' title='bbox 3499 1399 3586 1454; x_wconf 86' lang='lat' dir='ltr'><strong>sui</strong></span> <span class='ocrx_word' id='word_1_187' title='bbox 3623 1401 3866 1470; x_wconf 60' lang='lat' dir='ltr'><strong>protﬁgi’.</strong></span> <span class='ocrx_word' id='word_1_188' title='bbox 3901 1433 3904 1438; x_wconf 93' lang='lat'><strong>.</strong></span> 
     </span>
    </p>
   </div>
   <div class='ocr_carea' id='block_1_26' title="bbox 576 1381 3512 1488">
    <p class='ocr_par' dir='ltr' id='par_1_26' title="bbox 576 1381 3512 1488">
     <span class='ocr_line' id='line_1_26' title="bbox 576 1381 3512 1488; baseline -0.001 -33"><span class='ocrx_word' id='word_1_189' title='bbox 576 1409 694 1456; x_wconf 89' lang='lat' dir='ltr'><strong>tror</strong></span> <span class='ocrx_word' id='word_1_190' title='bbox 727 1400 872 1470; x_wconf 87' lang='lat' dir='ltr'><strong>quod</strong></span> <span class='ocrx_word' id='word_1_191' title='bbox 901 1400 1052 1460; x_wconf 78' lang='lat' dir='ltr'><strong>vobis</strong></span> <span class='ocrx_word' id='word_1_192' title='bbox 1079 1408 1230 1454; x_wconf 88' lang='lat' dir='ltr'><strong>tanta</strong></span> <span class='ocrx_word' id='word_1_193' title='bbox 1265 1400 1551 1486; x_wconf 69' lang='lat' dir='ltr'><strong>concessit.</strong></span> <span class='ocrx_word' id='word_1_194' title='bbox 1601 1381 1710 1454; x_wconf 86' lang='lat' dir='ltr'><strong>Sed</strong></span> <span class='ocrx_word' id='word_1_195' title='bbox 1737 1400 1852 1472; x_wconf 64' lang='lat' dir='ltr'><strong>haec</strong></span> <span class='ocrx_word' id='word_1_196' title='bbox 1881 1401 2156 1456; x_wconf 84' lang='lat' dir='ltr'><strong>hactenus.</strong></span> <span class='ocrx_word' id='word_1_197' title='bbox 2265 1397 2638 1472; x_wconf 74' lang='lat' dir='ltr'><strong>semibarbari,</strong></span> <span class='ocrx_word' id='word_1_198' title='bbox 2676 1381 2890 1488; x_wconf 72' lang='lat' dir='ltr'><strong>cognati</strong></span> <span class='ocrx_word' id='word_1_199' title='bbox 2940 1395 3214 1488; x_wconf 78' lang='lat' dir='ltr'><strong>sanguinis</strong></span> <span class='ocrx_word' id='word_1_200' title='bbox 3259 1399 3456 1468; x_wconf 85' lang='lat' dir='ltr'><strong>cupidi,</strong></span> <span class='ocrx_word' id='word_1_201' title='bbox 3499 1413 3512 1488; x_wconf 56' lang='grc' dir='ltr'>ς</span> 
     </span>
    </p>
   </div>
   <div class='ocr_carea' id='block_1_27' title="bbox 575 1469 3900 1570">
    <p class='ocr_par' dir='ltr' id='par_1_27' title="bbox 575 1469 3900 1570">
     <span class='ocr_line' id='line_1_27' title="bbox 575 1469 3900 1570; baseline 0 -26"><span class='ocrx_word' id='word_1_202' title='bbox 575 1469 914 1546; x_wconf 81' lang='lat' dir='ltr'><strong>Sutﬁcienter</strong></span> <span class='ocrx_word' id='word_1_203' title='bbox 951 1491 1098 1552; x_wconf 85' lang='lat' dir='ltr'><strong>enim</strong></span> <span class='ocrx_word' id='word_1_204' title='bbox 1117 1489 1236 1558; x_wconf 86' lang='lat' dir='ltr'><strong>jam.</strong></span> <span class='ocrx_word' id='word_1_205' title='bbox 1257 1469 1355 1564; x_wconf 71' lang='lat' dir='ltr'><strong>per</strong></span> <span class='ocrx_word' id='word_1_206' title='bbox 1393 1505 1510 1554; x_wconf 89' lang='lat' dir='ltr'><strong>nos,</strong></span> <span class='ocrx_word' id='word_1_207' title='bbox 1543 1505 1575 1546; x_wconf 90' lang='grc' dir='ltr'>ο</span> <span class='ocrx_word' id='word_1_208' title='bbox 1619 1469 1932 1552; x_wconf 85' lang='lat' dir='ltr'><strong>charissima</strong></span> <span class='ocrx_word' id='word_1_209' title='bbox 1981 1505 2155 1556; x_wconf 88' lang='lat' dir='ltr'><strong>soror,</strong></span> <span class='ocrx_word' id='word_1_210' title='bbox 2265 1489 2518 1570; x_wconf 74' lang='lat' dir='ltr'><strong>amplecti</strong></span> <span class='ocrx_word' id='word_1_211' title='bbox 2544 1503 2602 1544; x_wconf 90' lang='lat' dir='ltr'><strong>se</strong></span> <span class='ocrx_word' id='word_1_212' title='bbox 2627 1469 2813 1542; x_wconf 83' lang='lat' dir='ltr'><strong>mutuo</strong></span> <span class='ocrx_word' id='word_1_213' title='bbox 2863 1485 3191 1568; x_wconf 75' lang='lat' dir='ltr'><strong>inciperent;</strong></span> <span class='ocrx_word' id='word_1_214' title='bbox 3236 1489 3362 1557; x_wconf 92' lang='lat' dir='ltr'><strong>quia</strong></span> <span class='ocrx_word' id='word_1_215' title='bbox 3389 1481 3581 1558; x_wconf 75' lang='lat' dir='ltr'><strong>pignus</strong></span> <span class='ocrx_word' id='word_1_216' title='bbox 3609 1497 3900 1548; x_wconf 67' lang='lat' dir='ltr'><strong>motuum-</strong></span> 
     </span>
    </p>
   </div>
   <div class='ocr_carea' id='block_1_28' title="bbox 575 1579 3862 1662">
    <p class='ocr_par' dir='ltr' id='par_1_28' title="bbox 575 1579 3862 1662">
     <span class='ocr_line' id='line_1_28' title="bbox 575 1579 3862 1662; baseline -0.001 -21"><span class='ocrx_word' id='word_1_217' title='bbox 575 1587 780 1656; x_wconf 85' lang='lat' dir='ltr'><strong>precati</strong></span> <span class='ocrx_word' id='word_1_218' title='bbox 805 1601 989 1652; x_wconf 76' lang='lat' dir='ltr'><strong>sumus</strong></span> <span class='ocrx_word' id='word_1_219' title='bbox 1021 1586 1272 1654; x_wconf 83' lang='lat' dir='ltr'><strong>:reliqua</strong></span> <span class='ocrx_word' id='word_1_220' title='bbox 1296 1592 1422 1650; x_wconf 78' lang='lat' dir='ltr'><strong>sunt</strong></span> <span class='ocrx_word' id='word_1_221' title='bbox 1459 1585 1664 1656; x_wconf 73' lang='lat' dir='ltr'><strong>agenda</strong></span> <span class='ocrx_word' id='word_1_222' title='bbox 1691 1601 1787 1654; x_wconf 87' lang='lat' dir='ltr'><strong>per</strong></span> <span class='ocrx_word' id='word_1_223' title='bbox 1817 1583 1998 1640; x_wconf 86' lang='lat' dir='ltr'><strong>tiliam.</strong></span> <span class='ocrx_word' id='word_1_224' title='bbox 2029 1583 2180 1642; x_wconf 77' lang='lat' dir='ltr'><strong>Uta-.</strong></span> <span class='ocrx_word' id='word_1_225' title='bbox 2261 1583 2371 1653; x_wconf 85' lang='lat' dir='ltr'><strong>jam</strong></span> <span class='ocrx_word' id='word_1_226' title='bbox 2397 1583 2593 1638; x_wconf 86' lang='lat' dir='ltr'><strong>habere</strong></span> <span class='ocrx_word' id='word_1_227' title='bbox 2622 1581 2929 1662; x_wconf 75' lang='lat' dir='ltr'><strong>coepissent,</strong></span> <span class='ocrx_word' id='word_1_228' title='bbox 2974 1579 3234 1660; x_wconf 82' lang='lat' dir='ltr'><strong>ﬁeretque</strong></span> <span class='ocrx_word' id='word_1_229' title='bbox 3260 1595 3400 1636; x_wconf 89' lang='lat' dir='ltr'><strong>unus</strong></span> <span class='ocrx_word' id='word_1_230' title='bbox 3425 1589 3654 1652; x_wconf 87' lang='lat' dir='ltr'><strong>uterque</strong></span> <span class='ocrx_word' id='word_1_231' title='bbox 3675 1597 3862 1655; x_wconf 82' lang='lat' dir='ltr'><strong>popu-</strong></span> 
     </span>
    </p>
   </div>
   <div class='ocr_carea' id='block_1_29' title="bbox 574 1672 3858 1752">
    <p class='ocr_par' dir='ltr' id='par_1_29' title="bbox 574 1672 3858 1752">
     <span class='ocr_line' id='line_1_29' title="bbox 574 1672 3858 1752; baseline -0.002 -20"><span class='ocrx_word' id='word_1_232' title='bbox 574 1694 694 1734; x_wconf 89' lang='lat' dir='ltr'><strong>mur</strong></span> <span class='ocrx_word' id='word_1_233' title='bbox 717 1693 844 1746; x_wconf 84' lang='lat' dir='ltr'><strong>ergo</strong></span> <span class='ocrx_word' id='word_1_234' title='bbox 875 1679 1124 1750; x_wconf 84' lang='lat' dir='ltr'><strong>(honeste</strong></span> <span class='ocrx_word' id='word_1_235' title='bbox 1149 1677 1294 1736; x_wconf 86' lang='lat' dir='ltr'><strong>enim</strong></span> <span class='ocrx_word' id='word_1_236' title='bbox 1317 1691 1414 1746; x_wconf 91' lang='lat' dir='ltr'><strong>pro</strong></span> <span class='ocrx_word' id='word_1_237' title='bbox 1451 1676 1848 1738; x_wconf 87' lang='lat' dir='ltr'><strong>reconciliando</strong></span> <span class='ocrx_word' id='word_1_238' title='bbox 1873 1684 2180 1746; x_wconf 62' lang='lat' dir='ltr'><strong>parentum,</strong></span> <span class='ocrx_word' id='word_1_239' title='bbox 2267 1676 2372 1742; x_wconf 81' lang='lat' dir='ltr'><strong>lus,</strong></span> <span class='ocrx_word' id='word_1_240' title='bbox 2393 1677 2517 1752; x_wconf 84' lang='lat' dir='ltr'><strong>quia</strong></span> <span class='ocrx_word' id='word_1_241' title='bbox 2565 1691 2701 1729; x_wconf 89' lang='lat' dir='ltr'><strong>unus</strong></span> <span class='ocrx_word' id='word_1_242' title='bbox 2733 1675 3014 1742; x_wconf 89' lang='lat' dir='ltr'><strong>utriusque</strong></span> <span class='ocrx_word' id='word_1_243' title='bbox 3055 1681 3199 1728; x_wconf 82' lang='lat' dir='ltr'><strong>esset</strong></span> <span class='ocrx_word' id='word_1_244' title='bbox 3241 1672 3480 1728; x_wconf 76' lang='lat' dir='ltr'><strong>allectus.</strong></span> <span class='ocrx_word' id='word_1_245' title='bbox 3513 1673 3624 1728; x_wconf 78' lang='lat' dir='ltr'><strong>Nos</strong></span> <span class='ocrx_word' id='word_1_246' title='bbox 3657 1691 3780 1730; x_wconf 61' lang='lat' dir='ltr'><strong>noti.</strong></span> <span class='ocrx_word' id='word_1_247' title='bbox 3803 1677 3858 1734; x_wconf 79' lang='lat' dir='ltr'><strong>in</strong></span> 
     </span>
    </p>
   </div>
   <div class='ocr_carea' id='block_1_30' title="bbox 573 1765 3856 1846">
    <p class='ocr_par' dir='ltr' id='par_1_30' title="bbox 573 1765 3856 1846">
     <span class='ocr_line' id='line_1_30' title="bbox 573 1765 3856 1846; baseline 0.001 -24"><span class='ocrx_word' id='word_1_248' title='bbox 573 1767 764 1824; x_wconf 76' lang='lat' dir='ltr'><strong>atiectu</strong></span> <span class='ocrx_word' id='word_1_249' title='bbox 787 1775 976 1824; x_wconf 83' lang='lat' dir='ltr'><strong>cuncta</strong></span> <span class='ocrx_word' id='word_1_250' title='bbox 1001 1768 1318 1836; x_wconf 85' lang='lat' dir='ltr'><strong>tentantur),</strong></span> <span class='ocrx_word' id='word_1_251' title='bbox 1359 1769 1512 1840; x_wconf 64' lang='grc' dir='ltr'><strong>ιρι</strong></span> <span class='ocrx_word' id='word_1_252' title='bbox 1538 1776 1748 1822; x_wconf 87' lang='lat' dir='ltr'><strong>utamur</strong></span> <span class='ocrx_word' id='word_1_253' title='bbox 1771 1767 1984 1822; x_wconf 86' lang='lat' dir='ltr'><strong>illorum</strong></span> <span class='ocrx_word' id='word_1_254' title='bbox 2011 1781 2161 1820; x_wconf 87' lang='lat' dir='ltr'><strong>more</strong></span> <span class='ocrx_word' id='word_1_255' title='bbox 2191 1767 2383 1846; x_wconf 51' lang='lat' dir='ltr'><strong>Qacie</strong></span> <span class='ocrx_word' id='word_1_256' title='bbox 2412 1771 2634 1832; x_wconf 85' lang='lat' dir='ltr'><strong>stamus,</strong></span> <span class='ocrx_word' id='word_1_257' title='bbox 2669 1781 2776 1820; x_wconf 92' lang='lat' dir='ltr'><strong>non</strong></span> <span class='ocrx_word' id='word_1_258' title='bbox 2805 1773 2953 1832; x_wconf 80' lang='lat' dir='ltr'><strong>arma</strong></span> <span class='ocrx_word' id='word_1_259' title='bbox 2982 1765 3262 1831; x_wconf 88' lang='lat' dir='ltr'><strong>sumimus,</strong></span> <span class='ocrx_word' id='word_1_260' title='bbox 3291 1779 3398 1820; x_wconf 89' lang='lat' dir='ltr'><strong>non</strong></span> <span class='ocrx_word' id='word_1_261' title='bbox 3419 1767 3528 1820; x_wconf 79' lang='lat' dir='ltr'><strong>vim</strong></span> <span class='ocrx_word' id='word_1_262' title='bbox 3551 1767 3856 1836; x_wconf 77' lang='lat' dir='ltr'><strong>inferimus,</strong></span> 
     </span>
    </p>
   </div>
   <div class='ocr_carea' id='block_1_31' title="bbox 571 1847 3864 1930">
    <p class='ocr_par' dir='ltr' id='par_1_31' title="bbox 571 1847 3864 1930">
     <span class='ocr_line' id='line_1_31' title="bbox 571 1847 3864 1930; baseline -0 -16"><span class='ocrx_word' id='word_1_263' title='bbox 571 1867 630 1914; x_wconf 91' lang='lat' dir='ltr'><strong>et</strong></span> <span class='ocrx_word' id='word_1_264' title='bbox 648 1859 894 1930; x_wconf 77' lang='lat' dir='ltr'><strong>exemplo</strong></span> <span class='ocrx_word' id='word_1_265' title='bbox 923 1859 1014 1928; x_wconf 90' lang='lat' dir='ltr'><strong>qui</strong></span> <span class='ocrx_word' id='word_1_266' title='bbox 1037 1857 1222 1914; x_wconf 86' lang='lat' dir='ltr'><strong>ultimo</strong></span> <span class='ocrx_word' id='word_1_267' title='bbox 1251 1867 1534 1916; x_wconf 73' lang='lat' dir='ltr'><strong>causarum</strong></span> <span class='ocrx_word' id='word_1_268' title='bbox 1565 1857 1685 1912; x_wconf 91' lang='lat' dir='ltr'><strong>loco</strong></span> <span class='ocrx_word' id='word_1_269' title='bbox 1707 1857 1882 1926; x_wconf 87' lang='lat' dir='ltr'><strong>aliqua</strong></span> <span class='ocrx_word' id='word_1_270' title='bbox 1911 1873 2159 1912; x_wconf 90' lang='lat' dir='ltr'><strong>nonnun-</strong></span> <span class='ocrx_word' id='word_1_271' title='bbox 2217 1847 2240 1854; x_wconf 76' lang='grc'><strong>”’</strong></span> <span class='ocrx_word' id='word_1_272' title='bbox 2265 1873 2364 1913; x_wconf 90' lang='lat' dir='ltr'><strong>nec</strong></span> <span class='ocrx_word' id='word_1_273' title='bbox 2385 1860 2700 1928; x_wconf 84' lang='lat' dir='ltr'><strong>propulsare</strong></span> <span class='ocrx_word' id='word_1_274' title='bbox 2730 1865 3026 1922; x_wconf 88' lang='lat' dir='ltr'><strong>tentamus;</strong></span> <span class='ocrx_word' id='word_1_275' title='bbox 3061 1857 3280 1926; x_wconf 88' lang='lat' dir='ltr'><strong>impium</strong></span> <span class='ocrx_word' id='word_1_276' title='bbox 3308 1857 3424 1912; x_wconf 83' lang='lat' dir='ltr'><strong>fore</strong></span> <span class='ocrx_word' id='word_1_277' title='bbox 3450 1857 3780 1915; x_wconf 70' lang='lat' dir='ltr'><strong>arbitrantes</strong></span> <span class='ocrx_word' id='word_1_278' title='bbox 3807 1862 3864 1918; x_wconf 73' lang='lat' dir='ltr'><strong>si</strong></span> 
     </span>
    </p>
   </div>
   <div class='ocr_carea' id='block_1_32' title="bbox 497 1947 2156 2028">
    <p class='ocr_par' dir='ltr' id='par_1_32' title="bbox 497 1947 2156 2028">
     <span class='ocr_line' id='line_1_32' title="bbox 497 1947 2156 2028; baseline -0.003 -20"><span class='ocrx_word' id='word_1_279' title='bbox 497 1993 510 2008; x_wconf 97' lang='lat'><strong>.</strong></span> <span class='ocrx_word' id='word_1_280' title='bbox 571 1963 734 2018; x_wconf 88' lang='lat' dir='ltr'><strong>quam</strong></span> <span class='ocrx_word' id='word_1_281' title='bbox 761 1947 828 2004; x_wconf 89' lang='lat' dir='ltr'><strong>ad</strong></span> <span class='ocrx_word' id='word_1_282' title='bbox 856 1948 1298 2010; x_wconf 78' lang='lat' dir='ltr'><strong>commovendam</strong></span> <span class='ocrx_word' id='word_1_283' title='bbox 1319 1947 1560 2028; x_wconf 86' lang='lat' dir='ltr'><strong>judicum</strong></span> <span class='ocrx_word' id='word_1_284' title='bbox 1589 1947 2007 2016; x_wconf 85' lang='lat' dir='ltr'><strong>misericordiam</strong></span> <span class='ocrx_word' id='word_1_285' title='bbox 2027 1963 2156 2016; x_wconf 90' lang='lat' dir='ltr'><strong>pro-</strong></span> 
     </span>
    </p>
   </div>
   <div class='ocr_carea' id='block_1_33' title="bbox 569 2037 2176 2114">
    <p class='ocr_par' dir='ltr' id='par_1_33' title="bbox 569 2037 2176 2114">
     <span class='ocr_line' id='line_1_33' title="bbox 569 2037 2176 2114; baseline -0.003 -20"><span class='ocrx_word' id='word_1_286' title='bbox 569 2039 814 2114; x_wconf 75' lang='lat' dir='ltr'><strong>ferebant</strong></span> <span class='ocrx_word' id='word_1_287' title='bbox 839 2039 1026 2098; x_wconf 86' lang='lat' dir='ltr'><strong>laturis</strong></span> <span class='ocrx_word' id='word_1_288' title='bbox 1073 2039 1395 2096; x_wconf 87' lang='lat' dir='ltr'><strong>sententiam</strong></span> <span class='ocrx_word' id='word_1_289' title='bbox 1448 2039 1916 2107; x_wconf 82' lang='lat' dir='ltr'><strong>disceptatoribus,</strong></span> <span class='ocrx_word' id='word_1_290' title='bbox 1953 2045 2046 2090; x_wconf 89' lang='lat' dir='ltr'><strong>aut</strong></span> <span class='ocrx_word' id='word_1_291' title='bbox 2075 2037 2176 2104; x_wconf 4' lang='lat' dir='ltr'><strong>la-j</strong></span> 
     </span>
    </p>
   </div>
   <div class='ocr_carea' id='block_1_34' title="bbox 567 2125 2175 2206">
    <p class='ocr_par' dir='ltr' id='par_1_34' title="bbox 567 2125 2175 2206">
     <span class='ocr_line' id='line_1_34' title="bbox 567 2125 2175 2206; baseline -0.003 -20"><span class='ocrx_word' id='word_1_292' title='bbox 567 2139 870 2190; x_wconf 83' lang='lat' dir='ltr'><strong>mentantes</strong></span> <span class='ocrx_word' id='word_1_293' title='bbox 891 2131 1340 2206; x_wconf 80' lang='lat' dir='ltr'><strong>matresfamilias,</strong></span> <span class='ocrx_word' id='word_1_294' title='bbox 1384 2138 1475 2186; x_wconf 89' lang='lat' dir='ltr'><strong>aut</strong></span> <span class='ocrx_word' id='word_1_295' title='bbox 1504 2129 1808 2194; x_wconf 84' lang='lat' dir='ltr'><strong>sordidatos</strong></span> <span class='ocrx_word' id='word_1_296' title='bbox 1855 2145 2029 2194; x_wconf 89' lang='lat' dir='ltr'><strong>senes,</strong></span> <span class='ocrx_word' id='word_1_297' title='bbox 2063 2125 2175 2202; x_wconf 36' lang='lat' dir='ltr'><strong>aut:</strong></span> 
     </span>
    </p>
   </div>
   <div class='ocr_carea' id='block_1_35' title="bbox 563 2219 2156 2296">
    <p class='ocr_par' dir='ltr' id='par_1_35' title="bbox 563 2219 2156 2296">
     <span class='ocr_line' id='line_1_35' title="bbox 563 2219 2156 2296; baseline 0.001 -23"><span class='ocrx_word' id='word_1_298' title='bbox 563 2219 840 2289; x_wconf 86' lang='lat' dir='ltr'><strong>plorantes</strong></span> <span class='ocrx_word' id='word_1_299' title='bbox 867 2220 1122 2296; x_wconf 81' lang='lat' dir='ltr'><strong>parvulos</strong></span> <span class='ocrx_word' id='word_1_300' title='bbox 1165 2220 1500 2288; x_wconf 80' lang='lat' dir='ltr'><strong>ingerentes;</strong></span> <span class='ocrx_word' id='word_1_301' title='bbox 1542 2221 1744 2276; x_wconf 88' lang='lat' dir='ltr'><strong>scilicet</strong></span> <span class='ocrx_word' id='word_1_302' title='bbox 1774 2225 1830 2272; x_wconf 92' lang='lat' dir='ltr'><strong>ut</strong></span> <span class='ocrx_word' id='word_1_303' title='bbox 1873 2219 1964 2288; x_wconf 88' lang='lat' dir='ltr'><strong>qui</strong></span> <span class='ocrx_word' id='word_1_304' title='bbox 1995 2235 2156 2288; x_wconf 87' lang='lat' dir='ltr'><strong>supe-</strong></span> 
     </span>
    </p>
   </div>
   <div class='ocr_carea' id='block_1_36' title="bbox 564 2309 2152 2384">
    <p class='ocr_par' dir='ltr' id='par_1_36' title="bbox 564 2309 2152 2384">
     <span class='ocr_line' id='line_1_36' title="bbox 564 2309 2152 2384; baseline 0.001 -19"><span class='ocrx_word' id='word_1_305' title='bbox 564 2312 708 2368; x_wconf 86' lang='lat' dir='ltr'><strong>riora</strong></span> <span class='ocrx_word' id='word_1_306' title='bbox 729 2327 904 2368; x_wconf 75' lang='lat' dir='ltr'><strong>causa:</strong></span> <span class='ocrx_word' id='word_1_307' title='bbox 933 2313 1109 2368; x_wconf 86' lang='lat' dir='ltr'><strong>verbis</strong></span> <span class='ocrx_word' id='word_1_308' title='bbox 1125 2309 1242 2380; x_wconf 86' lang='lat' dir='ltr'><strong>jam</strong></span> <span class='ocrx_word' id='word_1_309' title='bbox 1260 2321 1633 2384; x_wconf 72' lang='lat' dir='ltr'><strong>exoraverant,</strong></span> <span class='ocrx_word' id='word_1_310' title='bbox 1659 2311 1962 2382; x_wconf 87' lang='lat' dir='ltr'><strong>posteriora</strong></span> <span class='ocrx_word' id='word_1_311' title='bbox 1993 2311 2152 2366; x_wconf 90' lang='lat' dir='ltr'><strong>rebus</strong></span> 
     </span>
    </p>
   </div>
   <div class='ocr_carea' id='block_1_37' title="bbox 567 2401 2150 2474">
    <p class='ocr_par' dir='ltr' id='par_1_37' title="bbox 567 2401 2150 2474">
     <span class='ocr_line' id='line_1_37' title="bbox 567 2401 2150 2474; baseline -0.001 -18"><span class='ocrx_word' id='word_1_312' title='bbox 567 2403 696 2470; x_wconf 88' lang='lat' dir='ltr'><strong>ipsis</strong></span> <span class='ocrx_word' id='word_1_313' title='bbox 723 2411 1056 2472; x_wconf 80' lang='lat' dir='ltr'><strong>perorarent.</strong></span> <span class='ocrx_word' id='word_1_314' title='bbox 1087 2401 1372 2464; x_wconf 81' lang='lat' dir='ltr'><strong>Otl‘erimus</strong></span> <span class='ocrx_word' id='word_1_315' title='bbox 1397 2418 1526 2474; x_wconf 79' lang='lat' dir='ltr'><strong>ergo</strong></span> <span class='ocrx_word' id='word_1_316' title='bbox 1564 2411 1618 2458; x_wconf 92' lang='lat' dir='ltr'><strong>et</strong></span> <span class='ocrx_word' id='word_1_317' title='bbox 1641 2419 1738 2458; x_wconf 87' lang='lat' dir='ltr'><strong>nos</strong></span> <span class='ocrx_word' id='word_1_318' title='bbox 1761 2401 1929 2464; x_wconf 89' lang='lat' dir='ltr'><strong>vobis,</strong></span> <span class='ocrx_word' id='word_1_319' title='bbox 1959 2419 1992 2456; x_wconf 94' lang='lat' dir='ltr'><strong>o</strong></span> <span class='ocrx_word' id='word_1_320' title='bbox 2022 2403 2150 2456; x_wconf 89' lang='lat' dir='ltr'><strong>cha-</strong></span> 
     </span>
    </p>
   </div>
   <div class='ocr_carea' id='block_1_38' title="bbox 566 2491 2150 2562">
    <p class='ocr_par' dir='ltr' id='par_1_38' title="bbox 566 2491 2150 2562">
     <span class='ocr_line' id='line_1_38' title="bbox 566 2491 2150 2562; baseline 0.002 -18"><span class='ocrx_word' id='word_1_321' title='bbox 566 2491 760 2546; x_wconf 88' lang='lat' dir='ltr'><strong>rissimi</strong></span> <span class='ocrx_word' id='word_1_322' title='bbox 787 2501 1054 2562; x_wconf 86' lang='lat' dir='ltr'><strong>parentes,</strong></span> <span class='ocrx_word' id='word_1_323' title='bbox 1084 2493 1273 2562; x_wconf 76' lang='lat' dir='ltr'><strong>pignus</strong></span> <span class='ocrx_word' id='word_1_324' title='bbox 1301 2493 1426 2562; x_wconf 76' lang='lat' dir='ltr'><strong>pari</strong></span> <span class='ocrx_word' id='word_1_325' title='bbox 1445 2493 1661 2562; x_wconf 82' lang='lat' dir='ltr'><strong>quidem</strong></span> <span class='ocrx_word' id='word_1_326' title='bbox 1691 2493 1922 2558; x_wconf 91' lang='lat' dir='ltr'><strong>illorum,</strong></span> <span class='ocrx_word' id='word_1_327' title='bbox 1951 2491 2042 2547; x_wconf 88' lang='lat' dir='ltr'><strong>sed</strong></span> <span class='ocrx_word' id='word_1_328' title='bbox 2071 2501 2150 2547; x_wconf 90' lang='lat' dir='ltr'><strong>ta-</strong></span> 
     </span>
    </p>
   </div>
   <div class='ocr_carea' id='block_1_39' title="bbox 565 2573 2144 2654">
    <p class='ocr_par' dir='ltr' id='par_1_39' title="bbox 565 2573 2144 2654">
     <span class='ocr_line' id='line_1_39' title="bbox 565 2573 2144 2654; baseline 0 -16"><span class='ocrx_word' id='word_1_329' title='bbox 565 2597 690 2638; x_wconf 90' lang='lat' dir='ltr'><strong>men</strong></span> <span class='ocrx_word' id='word_1_330' title='bbox 734 2582 968 2650; x_wconf 82' lang='lat' dir='ltr'><strong>gratiore</strong></span> <span class='ocrx_word' id='word_1_331' title='bbox 999 2581 1268 2650; x_wconf 80' lang='lat' dir='ltr'><strong>sull&#39;ragio.</strong></span> <span class='ocrx_word' id='word_1_332' title='bbox 1301 2573 1588 2644; x_wconf 81' lang='lat' dir='ltr'><strong>Oll‘erimus</strong></span> <span class='ocrx_word' id='word_1_333' title='bbox 1609 2584 1752 2638; x_wconf 90' lang='lat' dir='ltr'><strong>enim</strong></span> <span class='ocrx_word' id='word_1_334' title='bbox 1808 2585 1999 2654; x_wconf 82' lang='lat' dir='ltr'><strong>pignus</strong></span> <span class='ocrx_word' id='word_1_335' title='bbox 2038 2601 2144 2638; x_wconf 91' lang='lat' dir='ltr'><strong>non</strong></span> 
     </span>
    </p>
   </div>
   <div class='ocr_carea' id='block_1_40' title="bbox 563 2671 2146 2744">
    <p class='ocr_par' dir='ltr' id='par_1_40' title="bbox 563 2671 2146 2744">
     <span class='ocr_line' id='line_1_40' title="bbox 563 2671 2146 2744; baseline 0.002 -18"><span class='ocrx_word' id='word_1_336' title='bbox 563 2671 912 2744; x_wconf 71' lang='lat' dir='ltr'><strong>incognitum,</strong></span> <span class='ocrx_word' id='word_1_337' title='bbox 940 2673 1032 2734; x_wconf 86' lang='lat' dir='ltr'><strong>sed</strong></span> <span class='ocrx_word' id='word_1_338' title='bbox 1058 2673 1408 2738; x_wconf 74' lang='lat' dir='ltr'><strong>deitiesticum</strong></span> <span class='ocrx_word' id='word_1_339' title='bbox 1438 2691 1452 2738; x_wconf 92' lang='lat'><strong>;</strong></span> <span class='ocrx_word' id='word_1_340' title='bbox 1483 2689 1590 2728; x_wconf 93' lang='lat' dir='ltr'><strong>non</strong></span> <span class='ocrx_word' id='word_1_341' title='bbox 1621 2673 1874 2740; x_wconf 88' lang='lat' dir='ltr'><strong>alienum,</strong></span> <span class='ocrx_word' id='word_1_342' title='bbox 1900 2673 1992 2730; x_wconf 87' lang='lat' dir='ltr'><strong>sed</strong></span> <span class='ocrx_word' id='word_1_343' title='bbox 2021 2690 2146 2744; x_wconf 89' lang='lat' dir='ltr'><strong>pro-</strong></span> 
     </span>
    </p>
   </div>
   <div class='ocr_carea' id='block_1_41' title="bbox 561 2761 2144 2836">
    <p class='ocr_par' dir='ltr' id='par_1_41' title="bbox 561 2761 2144 2836">
     <span class='ocr_line' id='line_1_41' title="bbox 561 2761 2144 2836; baseline 0.003 -20"><span class='ocrx_word' id='word_1_344' title='bbox 561 2762 734 2831; x_wconf 90' lang='lat' dir='ltr'><strong>prium</strong></span> <span class='ocrx_word' id='word_1_345' title='bbox 760 2781 774 2830; x_wconf 88' lang='lat'><strong>;</strong></span> <span class='ocrx_word' id='word_1_346' title='bbox 803 2777 924 2836; x_wconf 75' lang='lat' dir='ltr'><strong>neq,</strong></span> <span class='ocrx_word' id='word_1_347' title='bbox 957 2771 1014 2834; x_wconf 87' lang='lat' dir='ltr'><strong>ut</strong></span> <span class='ocrx_word' id='word_1_348' title='bbox 1043 2761 1118 2818; x_wconf 90' lang='lat' dir='ltr'><strong>illi</strong></span> <span class='ocrx_word' id='word_1_349' title='bbox 1148 2771 1410 2828; x_wconf 88' lang='lat' dir='ltr'><strong>oratores,</strong></span> <span class='ocrx_word' id='word_1_350' title='bbox 1457 2773 1514 2820; x_wconf 88' lang='lat' dir='ltr'><strong>et</strong></span> <span class='ocrx_word' id='word_1_351' title='bbox 1537 2765 1638 2820; x_wconf 88' lang='lat' dir='ltr'><strong>sibi</strong></span> <span class='ocrx_word' id='word_1_352' title='bbox 1674 2773 1728 2820; x_wconf 92' lang='lat' dir='ltr'><strong>et</strong></span> <span class='ocrx_word' id='word_1_353' title='bbox 1749 2763 2017 2836; x_wconf 89' lang='lat' dir='ltr'><strong>judicibus</strong></span> <span class='ocrx_word' id='word_1_354' title='bbox 2047 2781 2144 2820; x_wconf 80' lang='lat' dir='ltr'><strong>ex-</strong></span> 
     </span>
    </p>
   </div>
   <div class='ocr_carea' id='block_1_42' title="bbox 561 2853 2168 2926">
    <p class='ocr_par' dir='ltr' id='par_1_42' title="bbox 561 2853 2168 2926">
     <span class='ocr_line' id='line_1_42' title="bbox 561 2853 2168 2926; baseline 0.004 -22"><span class='ocrx_word' id='word_1_355' title='bbox 561 2860 826 2922; x_wconf 74' lang='lat' dir='ltr'><strong>traneum,</strong></span> <span class='ocrx_word' id='word_1_356' title='bbox 857 2853 954 2918; x_wconf 71' lang='lat' dir='ltr'><strong>sed,</strong></span> <span class='ocrx_word' id='word_1_357' title='bbox 981 2853 1133 2914; x_wconf 84' lang='lat' dir='ltr'><strong>nobis</strong></span> <span class='ocrx_word' id='word_1_358' title='bbox 1180 2853 1336 2910; x_wconf 86' lang='lat' dir='ltr'><strong>simul</strong></span> <span class='ocrx_word' id='word_1_359' title='bbox 1381 2853 1638 2926; x_wconf 81' lang='lat' dir='ltr'><strong>vobisque</strong></span> <span class='ocrx_word' id='word_1_360' title='bbox 1678 2871 1991 2922; x_wconf 88' lang='lat' dir='ltr'><strong>commune;</strong></span> <span class='ocrx_word' id='word_1_361' title='bbox 2024 2863 2168 2926; x_wconf 61' lang='lat' dir='ltr'><strong>quae&quot;</strong></span> 
     </span>
    </p>
   </div>
   <div class='ocr_carea' id='block_1_43' title="bbox 559 2944 2140 3016">
    <p class='ocr_par' dir='ltr' id='par_1_43' title="bbox 559 2944 2140 3016">
     <span class='ocr_line' id='line_1_43' title="bbox 559 2944 2140 3016; baseline 0.003 -18"><span class='ocrx_word' id='word_1_362' title='bbox 559 2959 654 2998; x_wconf 82' lang='lat' dir='ltr'><strong>vos</strong></span> <span class='ocrx_word' id='word_1_363' title='bbox 683 2944 864 3016; x_wconf 87' lang='lat' dir='ltr'><strong>utique</strong></span> <span class='ocrx_word' id='word_1_364' title='bbox 895 2945 1054 3008; x_wconf 73' lang='lat' dir='ltr'><strong>vestri</strong></span> <span class='ocrx_word' id='word_1_365' title='bbox 1086 2945 1356 3016; x_wconf 77' lang='lat' dir='ltr'><strong>sanguinis</strong></span> <span class='ocrx_word' id='word_1_366' title='bbox 1383 2945 1588 3006; x_wconf 84' lang='lat' dir='ltr'><strong>indoles</strong></span> <span class='ocrx_word' id='word_1_367' title='bbox 1617 2963 1724 3002; x_wconf 92' lang='lat' dir='ltr'><strong>non</strong></span> <span class='ocrx_word' id='word_1_368' title='bbox 1746 2945 1809 3001; x_wconf 90' lang='lat' dir='ltr'><strong>ad</strong></span> <span class='ocrx_word' id='word_1_369' title='bbox 1842 2947 2140 3016; x_wconf 81' lang='lat' dir='ltr'><strong>incognito-</strong></span> 
     </span>
    </p>
   </div>
   <div class='ocr_carea' id='block_1_44' title="bbox 559 3033 2186 3104">
    <p class='ocr_par' dir='ltr' id='par_1_44' title="bbox 559 3033 2186 3104">
     <span class='ocr_line' id='line_1_44' title="bbox 559 3033 2186 3104; baseline 0.004 -19"><span class='ocrx_word' id='word_1_370' title='bbox 559 3049 678 3096; x_wconf 75' lang='lat' dir='ltr'><strong>ruut</strong></span> <span class='ocrx_word' id='word_1_371' title='bbox 704 3034 984 3104; x_wconf 76' lang='lat' dir='ltr'><strong>hominum</strong></span> <span class='ocrx_word' id='word_1_372' title='bbox 1007 3035 1146 3104; x_wconf 76' lang='lat' dir='ltr'><strong>cogit</strong></span> <span class='ocrx_word' id='word_1_373' title='bbox 1187 3033 1550 3104; x_wconf 83' lang='lat' dir='ltr'><strong>dilectionem,</strong></span> <span class='ocrx_word' id='word_1_374' title='bbox 1582 3037 1674 3092; x_wconf 85' lang='lat' dir='ltr'><strong>sed</strong></span> <span class='ocrx_word' id='word_1_375' title='bbox 1715 3037 1780 3092; x_wconf 88' lang='lat' dir='ltr'><strong>ad</strong></span> <span class='ocrx_word' id='word_1_376' title='bbox 1835 3047 2138 3094; x_wconf 86' lang='lat' dir='ltr'><strong>vestrorum</strong></span> 
     </span>
    </p>
   </div>
   <div class='ocr_carea' id='block_1_45' title="bbox 558 3125 1131 3192">
    <p class='ocr_par' dir='ltr' id='par_1_45' title="bbox 558 3125 1131 3192">
     <span class='ocr_line' id='line_1_45' title="bbox 558 3125 1131 3192; baseline 0 -16"><span class='ocrx_word' id='word_1_377' title='bbox 558 3131 777 3192; x_wconf 81' lang='lat' dir='ltr'><strong>revocat</strong></span> <span class='ocrx_word' id='word_1_378' title='bbox 815 3125 1131 3180; x_wconf 81' lang='lat' dir='ltr'><strong>charitatem</strong></span> 
     </span>
    </p>
   </div>
   <div class='ocr_carea' id='block_1_46' title="bbox 557 3215 2139 3286">
    <p class='ocr_par' dir='ltr' id='par_1_46' title="bbox 557 3215 2139 3286">
     <span class='ocr_line' id='line_1_46' title="bbox 557 3215 2139 3286; baseline 0.003 -18"><span class='ocrx_word' id='word_1_379' title='bbox 557 3223 768 3278; x_wconf 85' lang='lat' dir='ltr'><strong>vestros</strong></span> <span class='ocrx_word' id='word_1_380' title='bbox 819 3224 1002 3282; x_wconf 76' lang='lat' dir='ltr'><strong>vestra</strong></span> <span class='ocrx_word' id='word_1_381' title='bbox 1045 3215 1384 3282; x_wconf 80' lang='lat' dir='ltr'><strong>commendat</strong></span> <span class='ocrx_word' id='word_1_382' title='bbox 1419 3235 1428 3266; x_wconf 94' lang='lat'><strong>:</strong></span> <span class='ocrx_word' id='word_1_383' title='bbox 1464 3233 1638 3286; x_wconf 87' lang='lat' dir='ltr'><strong>neque</strong></span> <span class='ocrx_word' id='word_1_384' title='bbox 1659 3217 1708 3272; x_wconf 88' lang='lat' dir='ltr'><strong>id</strong></span> <span class='ocrx_word' id='word_1_385' title='bbox 1760 3227 1880 3274; x_wconf 91' lang='lat' dir='ltr'><strong>orat</strong></span> <span class='ocrx_word' id='word_1_386' title='bbox 1931 3229 1990 3272; x_wconf 91' lang='lat' dir='ltr'><strong>ut</strong></span> <span class='ocrx_word' id='word_1_387' title='bbox 2045 3233 2139 3274; x_wconf 88' lang='lat' dir='ltr'><strong>eos</strong></span> 
     </span>
    </p>
   </div>
   <div class='ocr_carea' id='block_1_47' title="bbox 553 3295 2136 3380">
    <p class='ocr_par' dir='ltr' id='par_1_47' title="bbox 553 3295 2136 3380">
     <span class='ocr_line' id='line_1_47' title="bbox 553 3295 2136 3380; baseline 0.003 -18"><span class='ocrx_word' id='word_1_388' title='bbox 553 3309 754 3372; x_wconf 79' lang='lat' dir='ltr'><strong>ametis</strong></span> <span class='ocrx_word' id='word_1_389' title='bbox 776 3323 911 3380; x_wconf 85' lang='lat' dir='ltr'><strong>quos</strong></span> <span class='ocrx_word' id='word_1_390' title='bbox 935 3322 1205 3376; x_wconf 89' lang='lat' dir='ltr'><strong>nunquam</strong></span> <span class='ocrx_word' id='word_1_391' title='bbox 1235 3317 1360 3361; x_wconf 87' lang='lat' dir='ltr'><strong>ante</strong></span> <span class='ocrx_word' id='word_1_392' title='bbox 1393 3307 1612 3372; x_wconf 83' lang='lat' dir='ltr'><strong>vidistis,</strong></span> <span class='ocrx_word' id='word_1_393' title='bbox 1667 3307 1762 3362; x_wconf 91' lang='lat' dir='ltr'><strong>sed</strong></span> <span class='ocrx_word' id='word_1_394' title='bbox 1804 3320 1859 3364; x_wconf 88' lang='lat' dir='ltr'><strong>ut</strong></span> <span class='ocrx_word' id='word_1_395' title='bbox 1907 3295 2001 3366; x_wconf 85' lang='lat' dir='ltr'><strong>eos</strong></span> <span class='ocrx_word' id='word_1_396' title='bbox 2026 3313 2136 3368; x_wconf 75' lang='lat' dir='ltr'><strong>n‘on</strong></span> 
     </span>
    </p>
   </div>
   <div class='ocr_carea' id='block_1_48' title="bbox 551 3397 2132 3470">
    <p class='ocr_par' dir='ltr' id='par_1_48' title="bbox 551 3397 2132 3470">
     <span class='ocr_line' id='line_1_48' title="bbox 551 3397 2132 3470; baseline 0.003 -19"><span class='ocrx_word' id='word_1_397' title='bbox 551 3397 773 3460; x_wconf 82' lang='lat' dir='ltr'><strong>oderitis</strong></span> <span class='ocrx_word' id='word_1_398' title='bbox 787 3413 939 3470; x_wconf 83' lang='lat' dir='ltr'><strong>quos,</strong></span> <span class='ocrx_word' id='word_1_399' title='bbox 965 3405 1114 3468; x_wconf 87' lang='lat' dir='ltr'><strong>puto,</strong></span> <span class='ocrx_word' id='word_1_400' title='bbox 1138 3415 1244 3452; x_wconf 89' lang='lat' dir='ltr'><strong>non</strong></span> <span class='ocrx_word' id='word_1_401' title='bbox 1265 3397 1484 3467; x_wconf 84' lang='lat' dir='ltr'><strong>diligere</strong></span> <span class='ocrx_word' id='word_1_402' title='bbox 1501 3415 1606 3458; x_wconf 86' lang='lat' dir='ltr'><strong>non</strong></span> <span class='ocrx_word' id='word_1_403' title='bbox 1627 3400 1868 3469; x_wconf 85' lang='lat' dir='ltr'><strong>potestis.</strong></span> <span class='ocrx_word' id='word_1_404' title='bbox 1887 3399 2132 3456; x_wconf 86' lang='lat' dir='ltr'><strong>Vestrum</strong></span> 
     </span>
    </p>
   </div>
   <div class='ocr_carea' id='block_1_49' title="bbox 552 3487 2130 3568">
    <p class='ocr_par' dir='ltr' id='par_1_49' title="bbox 552 3487 2130 3568">
     <span class='ocr_line' id='line_1_49' title="bbox 552 3487 2130 3568; baseline 0.006 -28"><span class='ocrx_word' id='word_1_405' title='bbox 552 3487 692 3562; x_wconf 84' lang='lat' dir='ltr'><strong>ideo,</strong></span> <span class='ocrx_word' id='word_1_406' title='bbox 724 3497 973 3562; x_wconf 83' lang='lat' dir='ltr'><strong>parentes</strong></span> <span class='ocrx_word' id='word_1_407' title='bbox 1003 3487 1321 3552; x_wconf 70' lang='lat' dir='ltr'><strong>citatissimi,</strong></span> <span class='ocrx_word' id='word_1_408' title='bbox 1357 3491 1649 3568; x_wconf 67' lang='lat' dir='ltr'><strong>negotium,</strong></span> <span class='ocrx_word' id='word_1_409' title='bbox 1693 3497 1871 3546; x_wconf 87' lang='lat' dir='ltr'><strong>vestra</strong></span> <span class='ocrx_word' id='word_1_410' title='bbox 1901 3505 1987 3546; x_wconf 88' lang='lat' dir='ltr'><strong>res</strong></span> <span class='ocrx_word' id='word_1_411' title='bbox 2015 3501 2130 3560; x_wconf 75' lang='lat' dir='ltr'><strong>est;</strong></span> 
     </span>
    </p>
   </div>
   <div class='ocr_carea' id='block_1_50' title="bbox 553 3575 2158 3652">
    <p class='ocr_par' dir='ltr' id='par_1_50' title="bbox 553 3575 2158 3652">
     <span class='ocr_line' id='line_1_50' title="bbox 553 3575 2158 3652; baseline 0.005 -22"><span class='ocrx_word' id='word_1_412' title='bbox 553 3585 730 3632; x_wconf 84' lang='lat' dir='ltr'><strong>vester</strong></span> <span class='ocrx_word' id='word_1_413' title='bbox 749 3579 802 3631; x_wconf 84' lang='lat' dir='ltr'><strong>id</strong></span> <span class='ocrx_word' id='word_1_414' title='bbox 829 3595 858 3630; x_wconf 88' lang='lat' dir='ltr'><strong>a</strong></span> <span class='ocrx_word' id='word_1_415' title='bbox 889 3579 1040 3634; x_wconf 84' lang='lat' dir='ltr'><strong>vobis</strong></span> <span class='ocrx_word' id='word_1_416' title='bbox 1068 3579 1297 3644; x_wconf 88' lang='lat' dir='ltr'><strong>animus,</strong></span> <span class='ocrx_word' id='word_1_417' title='bbox 1321 3587 1496 3632; x_wconf 88' lang='lat' dir='ltr'><strong>vestra</strong></span> <span class='ocrx_word' id='word_1_418' title='bbox 1517 3579 1750 3644; x_wconf 79' lang='lat' dir='ltr'><strong>Charitas</strong></span> <span class='ocrx_word' id='word_1_419' title='bbox 1772 3581 2126 3652; x_wconf 88' lang='lat' dir='ltr'><strong>deprecatur:</strong></span> <span class='ocrx_word' id='word_1_420' title='bbox 2153 3575 2158 3578; x_wconf 65' lang='grc'><strong>’</strong></span> 
     </span>
    </p>
   </div>
   <div class='ocr_carea' id='block_1_51' title="bbox 491 3675 2131 3750">
    <p class='ocr_par' dir='ltr' id='par_1_51' title="bbox 491 3675 2131 3750">
     <span class='ocr_line' id='line_1_51' title="bbox 491 3675 2131 3750; baseline 0.005 -25"><span class='ocrx_word' id='word_1_421' title='bbox 491 3675 494 3678; x_wconf 40' lang='grc' dir='ltr'><strong><em>ί</em></strong></span> <span class='ocrx_word' id='word_1_422' title='bbox 551 3687 637 3734; x_wconf 89' lang='lat' dir='ltr'><strong>ne,</strong></span> <span class='ocrx_word' id='word_1_423' title='bbox 689 3688 888 3742; x_wconf 77' lang='lat' dir='ltr'><strong>qtueso,</strong></span> <span class='ocrx_word' id='word_1_424' title='bbox 942 3683 1144 3727; x_wconf 89' lang='lat' dir='ltr'><strong>tantum</strong></span> <span class='ocrx_word' id='word_1_425' title='bbox 1200 3675 1354 3728; x_wconf 85' lang='lat' dir='ltr'><strong>nobis</strong></span> <span class='ocrx_word' id='word_1_426' title='bbox 1404 3675 1704 3750; x_wconf 83' lang='lat' dir='ltr'><strong>irascamini</strong></span> <span class='ocrx_word' id='word_1_427' title='bbox 1755 3685 1812 3729; x_wconf 92' lang='lat' dir='ltr'><strong>ut</strong></span> <span class='ocrx_word' id='word_1_428' title='bbox 1852 3691 1950 3731; x_wconf 90' lang='lat' dir='ltr'><strong>nec</strong></span> <span class='ocrx_word' id='word_1_429' title='bbox 1979 3678 2131 3734; x_wconf 91' lang='lat' dir='ltr'><strong>vobis</strong></span> 
     </span>
    </p>
   </div>
   <div class='ocr_carea' id='block_1_52' title="bbox 547 3761 2130 3842">
    <p class='ocr_par' dir='ltr' id='par_1_52' title="bbox 547 3761 2130 3842">
     <span class='ocr_line' id='line_1_52' title="bbox 547 3761 2130 3842; baseline 0.005 -25"><span class='ocrx_word' id='word_1_430' title='bbox 547 3761 856 3828; x_wconf 85' lang='lat' dir='ltr'><strong>consulatis,</strong></span> <span class='ocrx_word' id='word_1_431' title='bbox 879 3763 1213 3836; x_wconf 88' lang='lat' dir='ltr'><strong>supplicante</strong></span> <span class='ocrx_word' id='word_1_432' title='bbox 1240 3765 1480 3842; x_wconf 87' lang='lat' dir='ltr'><strong>vobis....</strong></span> <span class='ocrx_word' id='word_1_433' title='bbox 1512 3783 1796 3822; x_wconf 89' lang='lat' dir='ltr'><strong>commune</strong></span> <span class='ocrx_word' id='word_1_434' title='bbox 1817 3767 2006 3838; x_wconf 78' lang='lat' dir='ltr'><strong>pignus</strong></span> <span class='ocrx_word' id='word_1_435' title='bbox 2033 3785 2130 3840; x_wconf 88' lang='lat' dir='ltr'><strong>per</strong></span> 
     </span>
    </p>
   </div>
   <div class='ocr_carea' id='block_1_53' title="bbox 506 3841 2128 3928">
    <p class='ocr_par' dir='ltr' id='par_1_53' title="bbox 506 3841 2128 3928">
     <span class='ocr_line' id='line_1_53' title="bbox 506 3841 2128 3928; baseline 0.005 -20"><span class='ocrx_word' id='word_1_436' title='bbox 506 3841 512 3848; x_wconf 66' lang='grc'><em>’</em></span> <span class='ocrx_word' id='word_1_437' title='bbox 545 3871 644 3910; x_wconf 90' lang='lat' dir='ltr'><strong>nos</strong></span> <span class='ocrx_word' id='word_1_438' title='bbox 694 3855 848 3908; x_wconf 88' lang='lat' dir='ltr'><strong>simul</strong></span> <span class='ocrx_word' id='word_1_439' title='bbox 893 3863 1052 3926; x_wconf 86' lang='lat' dir='ltr'><strong>atque</strong></span> <span class='ocrx_word' id='word_1_440' title='bbox 1079 3855 1379 3921; x_wconf 89' lang='lat' dir='ltr'><strong>nobiscum,</strong></span> <span class='ocrx_word' id='word_1_441' title='bbox 1413 3865 1467 3912; x_wconf 91' lang='lat' dir='ltr'><strong>et</strong></span> <span class='ocrx_word' id='word_1_442' title='bbox 1497 3857 1722 3926; x_wconf 83' lang='lat' dir='ltr'><strong>primam</strong></span> <span class='ocrx_word' id='word_1_443' title='bbox 1761 3873 1900 3928; x_wconf 89' lang='lat' dir='ltr'><strong>pene</strong></span> <span class='ocrx_word' id='word_1_444' title='bbox 1938 3859 2002 3914; x_wconf 89' lang='lat' dir='ltr'><strong>ad</strong></span> <span class='ocrx_word' id='word_1_445' title='bbox 2031 3875 2128 3917; x_wconf 81' lang='lat' dir='ltr'><strong>vos</strong></span> 
     </span>
    </p>
   </div>
   <div class='ocr_carea' id='block_1_54' title="bbox 545 3945 2126 4022">
    <p class='ocr_par' dir='ltr' id='par_1_54' title="bbox 545 3945 2126 4022">
     <span class='ocr_line' id='line_1_54' title="bbox 545 3945 2126 4022; baseline 0.007 -26"><span class='ocrx_word' id='word_1_446' title='bbox 545 3961 728 4000; x_wconf 89' lang='lat' dir='ltr'><strong>vocem</strong></span> <span class='ocrx_word' id='word_1_447' title='bbox 759 3961 856 4016; x_wconf 90' lang='lat' dir='ltr'><strong>pro</strong></span> <span class='ocrx_word' id='word_1_448' title='bbox 882 3947 1048 4010; x_wconf 84' lang='lat' dir='ltr'><strong>nostri</strong></span> <span class='ocrx_word' id='word_1_449' title='bbox 1075 3947 1271 4022; x_wconf 87' lang='lat' dir='ltr'><strong>emittit</strong></span> <span class='ocrx_word' id='word_1_450' title='bbox 1300 3947 1520 4002; x_wconf 84' lang='lat' dir='ltr'><strong>oll&#39;ensa.</strong></span> <span class='ocrx_word' id='word_1_451' title='bbox 1547 3945 1729 4002; x_wconf 76' lang='lat' dir='ltr'><strong>Infelix</strong></span> <span class='ocrx_word' id='word_1_452' title='bbox 1753 3965 1974 4018; x_wconf 85' lang='lat' dir='ltr'><strong>prorsus</strong></span> <span class='ocrx_word' id='word_1_453' title='bbox 2010 3951 2126 4020; x_wconf 84' lang='lat' dir='ltr'><strong>ejus</strong></span> 
     </span>
    </p>
   </div>
   <div class='ocr_carea' id='block_1_55' title="bbox 541 4037 2122 4112">
    <p class='ocr_par' dir='ltr' id='par_1_55' title="bbox 541 4037 2122 4112">
     <span class='ocr_line' id='line_1_55' title="bbox 541 4037 2122 4112; baseline 0.005 -22"><span class='ocrx_word' id='word_1_454' title='bbox 541 4045 594 4090; x_wconf 91' lang='lat' dir='ltr'><strong>et</strong></span> <span class='ocrx_word' id='word_1_455' title='bbox 624 4037 922 4098; x_wconf 84' lang='lat' dir='ltr'><strong>Iniseranda</strong></span> <span class='ocrx_word' id='word_1_456' title='bbox 967 4039 1218 4102; x_wconf 88' lang='lat' dir='ltr'><strong>conditio,</strong></span> <span class='ocrx_word' id='word_1_457' title='bbox 1250 4055 1368 4110; x_wconf 68' lang='lat' dir='ltr'><strong>quae</strong></span> <span class='ocrx_word' id='word_1_458' title='bbox 1408 4055 1537 4093; x_wconf 89' lang='lat' dir='ltr'><strong>avos</strong></span> <span class='ocrx_word' id='word_1_459' title='bbox 1583 4057 1708 4095; x_wconf 90' lang='lat' dir='ltr'><strong>suos</strong></span> <span class='ocrx_word' id='word_1_460' title='bbox 1745 4057 1808 4096; x_wconf 83' lang='lat' dir='ltr'><strong>ex</strong></span> <span class='ocrx_word' id='word_1_461' title='bbox 1841 4051 2122 4112; x_wconf 89' lang='lat' dir='ltr'><strong>parentum</strong></span> 
     </span>
    </p>
   </div>
   <div class='ocr_carea' id='block_1_56' title="bbox 541 4129 2120 4202">
    <p class='ocr_par' dir='ltr' id='par_1_56' title="bbox 541 4129 2120 4202">
     <span class='ocr_line' id='line_1_56' title="bbox 541 4129 2120 4202; baseline 0.006 -22"><span class='ocrx_word' id='word_1_462' title='bbox 541 4129 766 4196; x_wconf 85' lang='lat' dir='ltr'><strong>primum</strong></span> <span class='ocrx_word' id='word_1_463' title='bbox 796 4139 946 4198; x_wconf 85' lang='lat' dir='ltr'><strong>reatu</strong></span> <span class='ocrx_word' id='word_1_464' title='bbox 971 4131 1130 4202; x_wconf 70' lang='lat' dir='ltr'><strong>coapit</strong></span> <span class='ocrx_word' id='word_1_465' title='bbox 1175 4143 1486 4198; x_wconf 81' lang='lat' dir='ltr'><strong>agnoscere.</strong></span> <span class='ocrx_word' id='word_1_466' title='bbox 1523 4131 1866 4198; x_wconf 82' lang='lat' dir='ltr'><strong>Miseremini,</strong></span> <span class='ocrx_word' id='word_1_467' title='bbox 1910 4145 2120 4202; x_wconf 69' lang='lat' dir='ltr'><strong>qumsu-</strong></span> 
     </span>
    </p>
   </div>
   <div class='ocr_carea' id='block_1_57' title="bbox 539 4217 2113 4296">
    <p class='ocr_par' dir='ltr' id='par_1_57' title="bbox 539 4217 2113 4286">
     <span class='ocr_line' id='line_1_57' title="bbox 539 4217 2113 4286; baseline 0.006 -16"><span class='ocrx_word' id='word_1_468' title='bbox 539 4233 676 4280; x_wconf 90' lang='lat' dir='ltr'><strong>mus,</strong></span> <span class='ocrx_word' id='word_1_469' title='bbox 708 4219 1025 4284; x_wconf 71' lang='lat' dir='ltr'><strong>innocentiae</strong></span> <span class='ocrx_word' id='word_1_470' title='bbox 1054 4217 1186 4286; x_wconf 88' lang='lat' dir='ltr'><strong>ejus,</strong></span> <span class='ocrx_word' id='word_1_471' title='bbox 1237 4221 1558 4273; x_wconf 81' lang='lat' dir='ltr'><strong>miseremini</strong></span> <span class='ocrx_word' id='word_1_472' title='bbox 1613 4223 1948 4277; x_wconf 85' lang='lat' dir='ltr'><strong>necessitatis</strong></span> <span class='ocrx_word' id='word_1_473' title='bbox 1983 4243 1993 4276; x_wconf 95' lang='lat'>:</span> <span class='ocrx_word' id='word_1_474' title='bbox 2029 4241 2113 4279; x_wconf 90' lang='lat' dir='ltr'><strong>co-</strong></span> 
     </span>
    </p>
   </div>
   <div class='ocr_carea' id='block_1_58' title="bbox 536 4305 2119 4385">
    <p class='ocr_par' dir='ltr' id='par_1_58' title="bbox 536 4305 2119 4385">
     <span class='ocr_line' id='line_1_58' title="bbox 536 4305 2119 4385; baseline 0.006 -26"><span class='ocrx_word' id='word_1_475' title='bbox 536 4307 680 4374; x_wconf 76' lang='lat' dir='ltr'><strong>gitur</strong></span> <span class='ocrx_word' id='word_1_476' title='bbox 707 4305 1100 4378; x_wconf 83' lang='lat' dir='ltr'><strong>quodammodo</strong></span> <span class='ocrx_word' id='word_1_477' title='bbox 1129 4325 1227 4378; x_wconf 90' lang='lat' dir='ltr'><strong>pro</strong></span> <span class='ocrx_word' id='word_1_478' title='bbox 1275 4309 1477 4362; x_wconf 72' lang='lat' dir='ltr'><strong>oll‘ensa</strong></span> <span class='ocrx_word' id='word_1_479' title='bbox 1533 4327 1752 4364; x_wconf 87' lang='lat' dir='ltr'><strong>suorum</strong></span> <span class='ocrx_word' id='word_1_480' title='bbox 1779 4313 1888 4380; x_wconf 89' lang='lat' dir='ltr'><strong>jam</strong></span> <span class='ocrx_word' id='word_1_481' title='bbox 1919 4317 2119 4385; x_wconf 91' lang='lat' dir='ltr'><strong>suppli-</strong></span> 
     </span>
    </p>
   </div>
   <div class='ocr_carea' id='block_1_59' title="bbox 535 4395 2118 4476">
    <p class='ocr_par' dir='ltr' id='par_1_59' title="bbox 535 4395 2118 4476">
     <span class='ocr_line' id='line_1_59' title="bbox 535 4395 2118 4476; baseline 0.006 -26"><span class='ocrx_word' id='word_1_482' title='bbox 535 4411 678 4462; x_wconf 88' lang='lat' dir='ltr'><strong>care,</strong></span> <span class='ocrx_word' id='word_1_483' title='bbox 711 4411 830 4465; x_wconf 75' lang='lat' dir='ltr'><strong>quae</strong></span> <span class='ocrx_word' id='word_1_484' title='bbox 874 4395 1046 4466; x_wconf 85' lang='lat' dir='ltr'><strong>adhuc</strong></span> <span class='ocrx_word' id='word_1_485' title='bbox 1101 4397 1270 4452; x_wconf 87' lang='lat' dir='ltr'><strong>nescit</strong></span> <span class='ocrx_word' id='word_1_486' title='bbox 1315 4397 1438 4466; x_wconf 87' lang='lat' dir='ltr'><strong>quid</strong></span> <span class='ocrx_word' id='word_1_487' title='bbox 1495 4399 1562 4454; x_wconf 86' lang='lat' dir='ltr'><strong>sit</strong></span> <span class='ocrx_word' id='word_1_488' title='bbox 1593 4399 1881 4456; x_wconf 77' lang='lat' dir='ltr'><strong>olTendere.</strong></span> <span class='ocrx_word' id='word_1_489' title='bbox 1937 4404 2118 4476; x_wconf 60' lang='lat' dir='ltr'><strong>Lgesus</strong></span> 
     </span>
    </p>
   </div>
   <div class='ocr_carea' id='block_1_60' title="bbox 2261 1945 3856 2018">
    <p class='ocr_par' dir='ltr' id='par_1_60' title="bbox 2261 1945 3856 2018">
     <span class='ocr_line' id='line_1_60' title="bbox 2261 1945 3856 2018; baseline 0.003 -16"><span class='ocrx_word' id='word_1_490' title='bbox 2261 1949 2350 2004; x_wconf 88' lang='lat' dir='ltr'><strong>vel</strong></span> <span class='ocrx_word' id='word_1_491' title='bbox 2379 1949 2430 2002; x_wconf 92' lang='lat' dir='ltr'><strong>in</strong></span> <span class='ocrx_word' id='word_1_492' title='bbox 2467 1947 2572 2004; x_wconf 88' lang='lat' dir='ltr'><strong>hoc</strong></span> <span class='ocrx_word' id='word_1_493' title='bbox 2616 1947 2708 2001; x_wconf 89' lang='lat' dir='ltr'><strong>lilii</strong></span> <span class='ocrx_word' id='word_1_494' title='bbox 2737 1945 3048 2018; x_wconf 87' lang='lat' dir='ltr'><strong>parentibus</strong></span> <span class='ocrx_word' id='word_1_495' title='bbox 3077 1947 3314 2014; x_wconf 84' lang='lat' dir='ltr'><strong>obvient,</strong></span> <span class='ocrx_word' id='word_1_496' title='bbox 3349 1961 3418 2001; x_wconf 73' lang='lat' dir='ltr'><strong>ne.</strong></span> <span class='ocrx_word' id='word_1_497' title='bbox 3443 1949 3735 2018; x_wconf 81' lang='lat' dir='ltr'><strong>puniantur</strong></span> <span class='ocrx_word' id='word_1_498' title='bbox 3769 1951 3856 2006; x_wconf 70' lang='lat' dir='ltr'><strong>iit-</strong></span> 
     </span>
    </p>
   </div>
   <div class='ocr_carea' id='block_1_61' title="bbox 2257 2037 3882 2113">
    <p class='ocr_par' dir='ltr' id='par_1_61' title="bbox 2257 2037 3882 2113">
     <span class='ocr_line' id='line_1_61' title="bbox 2257 2037 3882 2113; baseline 0.002 -19"><span class='ocrx_word' id='word_1_499' title='bbox 2257 2039 2404 2109; x_wconf 89' lang='lat' dir='ltr'><strong>justi.</strong></span> <span class='ocrx_word' id='word_1_500' title='bbox 2441 2039 2565 2103; x_wconf 88' lang='lat' dir='ltr'><strong>Cur,</strong></span> <span class='ocrx_word' id='word_1_501' title='bbox 2599 2051 2748 2107; x_wconf 83' lang='lat' dir='ltr'><strong>rogo,</strong></span> <span class='ocrx_word' id='word_1_502' title='bbox 2779 2039 2922 2107; x_wconf 88' lang='lat' dir='ltr'><strong>quod</strong></span> <span class='ocrx_word' id='word_1_503' title='bbox 2953 2037 3028 2092; x_wconf 86' lang='lat' dir='ltr'><strong>illi</strong></span> <span class='ocrx_word' id='word_1_504' title='bbox 3057 2037 3326 2107; x_wconf 88' lang='lat' dir='ltr'><strong>quondam</strong></span> <span class='ocrx_word' id='word_1_505' title='bbox 3357 2037 3590 2113; x_wconf 67' lang='lat' dir='ltr'><strong>allectus</strong></span> <span class='ocrx_word' id='word_1_506' title='bbox 3609 2055 3708 2111; x_wconf 84' lang='lat' dir='ltr'><strong>pro</strong></span> <span class='ocrx_word' id='word_1_507' title='bbox 3735 2043 3882 2098; x_wconf 82' lang='lat' dir='ltr'><strong>suis-</strong></span> 
     </span>
    </p>
   </div>
   <div class='ocr_carea' id='block_1_62' title="bbox 2261 2129 3864 2202">
    <p class='ocr_par' dir='ltr' id='par_1_62' title="bbox 2261 2129 3864 2202">
     <span class='ocr_line' id='line_1_62' title="bbox 2261 2129 3864 2202; baseline 0.002 -18"><span class='ocrx_word' id='word_1_508' title='bbox 2261 2129 2627 2194; x_wconf 84' lang='lat' dir='ltr'><strong>obtinuerunr,</strong></span> <span class='ocrx_word' id='word_1_509' title='bbox 2661 2129 2828 2184; x_wconf 86' lang='lat' dir='ltr'><strong>nostri</strong></span> <span class='ocrx_word' id='word_1_510' title='bbox 2851 2143 2960 2183; x_wconf 91' lang='lat' dir='ltr'><strong>non</strong></span> <span class='ocrx_word' id='word_1_511' title='bbox 2989 2137 3190 2200; x_wconf 83' lang='lat' dir='ltr'><strong>queant</strong></span> <span class='ocrx_word' id='word_1_512' title='bbox 3209 2129 3500 2200; x_wconf 86' lang='lat' dir='ltr'><strong>impetrare</strong></span> <span class='ocrx_word' id='word_1_513' title='bbox 3527 2147 3626 2202; x_wconf 78' lang='lat' dir='ltr'><strong>pro</strong></span> <span class='ocrx_word' id='word_1_514' title='bbox 3659 2134 3864 2188; x_wconf 72' lang='lat' dir='ltr'><strong>nobis?”</strong></span> 
     </span>
    </p>
   </div>
   <div class='ocr_carea' id='block_1_63' title="bbox 2259 2221 3850 2291">
    <p class='ocr_par' dir='ltr' id='par_1_63' title="bbox 2259 2221 3850 2291">
     <span class='ocr_line' id='line_1_63' title="bbox 2259 2221 3850 2291; baseline 0.004 -15"><span class='ocrx_word' id='word_1_515' title='bbox 2259 2223 2340 2278; x_wconf 87' lang='lat' dir='ltr'><strong>An</strong></span> <span class='ocrx_word' id='word_1_516' title='bbox 2373 2223 2492 2277; x_wconf 89' lang='lat' dir='ltr'><strong>ideo</strong></span> <span class='ocrx_word' id='word_1_517' title='bbox 2523 2221 2870 2277; x_wconf 77' lang='lat' dir='ltr'><strong>infeliciSSimi</strong></span> <span class='ocrx_word' id='word_1_518' title='bbox 2911 2237 3049 2291; x_wconf 89' lang='lat' dir='ltr'><strong>pene</strong></span> <span class='ocrx_word' id='word_1_519' title='bbox 3075 2221 3333 2288; x_wconf 89' lang='lat' dir='ltr'><strong>omnium,</strong></span> <span class='ocrx_word' id='word_1_520' title='bbox 3377 2221 3498 2280; x_wconf 85' lang='lat' dir='ltr'><strong>ideo</strong></span> <span class='ocrx_word' id='word_1_521' title='bbox 3525 2225 3702 2279; x_wconf 83' lang='lat' dir='ltr'><strong>minus</strong></span> <span class='ocrx_word' id='word_1_522' title='bbox 3727 2241 3850 2282; x_wconf 83' lang='lat' dir='ltr'><strong>me-</strong></span> 
     </span>
    </p>
   </div>
   <div class='ocr_carea' id='block_1_64' title="bbox 2257 2305 3848 2382">
    <p class='ocr_par' dir='ltr' id='par_1_64' title="bbox 2257 2305 3848 2382">
     <span class='ocr_line' id='line_1_64' title="bbox 2257 2305 3848 2382; baseline 0.001 -16"><span class='ocrx_word' id='word_1_523' title='bbox 2257 2327 2436 2366; x_wconf 91' lang='lat' dir='ltr'><strong>remur</strong></span> <span class='ocrx_word' id='word_1_524' title='bbox 2463 2311 2693 2378; x_wconf 88' lang='lat' dir='ltr'><strong>veniam,</strong></span> <span class='ocrx_word' id='word_1_525' title='bbox 2721 2312 2844 2380; x_wconf 82' lang='lat' dir='ltr'><strong>quia</strong></span> <span class='ocrx_word' id='word_1_526' title='bbox 2883 2325 3184 2382; x_wconf 82' lang='lat' dir='ltr'><strong>repugnare</strong></span> <span class='ocrx_word' id='word_1_527' title='bbox 3205 2312 3512 2366; x_wconf 68' lang='lat' dir='ltr'><strong>nescimus?-</strong></span> <span class='ocrx_word' id='word_1_528' title='bbox 3531 2311 3688 2378; x_wconf 80' lang='lat' dir='ltr'><strong>Quod</strong></span> <span class='ocrx_word' id='word_1_529' title='bbox 3717 2305 3848 2368; x_wconf 80' lang='lat' dir='ltr'><strong>vul-</strong></span> 
     </span>
    </p>
   </div>
   <div class='ocr_carea' id='block_1_65' title="bbox 2255 2401 3884 2476">
    <p class='ocr_par' dir='ltr' id='par_1_65' title="bbox 2255 2401 3884 2476">
     <span class='ocr_line' id='line_1_65' title="bbox 2255 2401 3884 2476; baseline 0.001 -16"><span class='ocrx_word' id='word_1_530' title='bbox 2255 2409 2324 2461; x_wconf 91' lang='lat' dir='ltr'><strong>tis</strong></span> <span class='ocrx_word' id='word_1_531' title='bbox 2354 2423 2451 2462; x_wconf 88' lang='lat' dir='ltr'><strong>nos</strong></span> <span class='ocrx_word' id='word_1_532' title='bbox 2495 2407 2625 2476; x_wconf 88' lang='lat' dir='ltr'><strong>pati,</strong></span> <span class='ocrx_word' id='word_1_533' title='bbox 2653 2405 2906 2475; x_wconf 85' lang='lat' dir='ltr'><strong>patimur.</strong></span> <span class='ocrx_word' id='word_1_534' title='bbox 2940 2401 2998 2459; x_wconf 88' lang='lat' dir='ltr'><strong>Si</strong></span> <span class='ocrx_word' id='word_1_535' title='bbox 3039 2403 3348 2468; x_wconf 88' lang='lat' dir='ltr'><strong>irascimini,</strong></span> <span class='ocrx_word' id='word_1_536' title='bbox 3379 2403 3756 2473; x_wconf 80' lang='lat' dir='ltr'><strong>deprecamur;</strong></span> <span class='ocrx_word' id='word_1_537' title='bbox 3789 2407 3844 2461; x_wconf 80' lang='lat' dir='ltr'><strong>si</strong></span> <span class='ocrx_word' id='word_1_538' title='bbox 3879 2443 3884 2446; x_wconf 93' lang='lat'><strong>-</strong></span> 
     </span>
    </p>
   </div>
   <div class='ocr_carea' id='block_1_66' title="bbox 2253 2493 3840 2567">
    <p class='ocr_par' dir='ltr' id='par_1_66' title="bbox 2253 2493 3840 2567">
     <span class='ocr_line' id='line_1_66' title="bbox 2253 2493 3840 2567; baseline 0.002 -17"><span class='ocrx_word' id='word_1_539' title='bbox 2253 2497 2554 2567; x_wconf 88' lang='lat' dir='ltr'><strong>puniendos</strong></span> <span class='ocrx_word' id='word_1_540' title='bbox 2577 2495 2810 2560; x_wconf 89' lang='lat' dir='ltr'><strong>creditis,</strong></span> <span class='ocrx_word' id='word_1_541' title='bbox 2841 2495 3246 2564; x_wconf 84' lang='lat' dir='ltr'><strong>acquiescimus.</strong></span> <span class='ocrx_word' id='word_1_542' title='bbox 3277 2493 3434 2562; x_wconf 79' lang='lat' dir='ltr'><strong>Quid,</strong></span> <span class='ocrx_word' id='word_1_543' title='bbox 3457 2509 3608 2563; x_wconf 74' lang='lat' dir='ltr'><strong>rogo,</strong></span> <span class='ocrx_word' id='word_1_544' title='bbox 3635 2497 3840 2553; x_wconf 80' lang='lat' dir='ltr'><strong>ultioni</strong></span> 
     </span>
    </p>
   </div>
   <div class='ocr_carea' id='block_1_67' title="bbox 2251 2583 3842 2658">
    <p class='ocr_par' dir='ltr' id='par_1_67' title="bbox 2251 2583 3842 2658">
     <span class='ocr_line' id='line_1_67' title="bbox 2251 2583 3842 2658; baseline 0.003 -16"><span class='ocrx_word' id='word_1_545' title='bbox 2251 2595 2373 2658; x_wconf 91' lang='lat' dir='ltr'><strong>post</strong></span> <span class='ocrx_word' id='word_1_546' title='bbox 2395 2587 2491 2643; x_wconf 91' lang='lat' dir='ltr'><strong>ista</strong></span> <span class='ocrx_word' id='word_1_547' title='bbox 2515 2587 2798 2657; x_wconf 85' lang='lat' dir='ltr'><strong>superest?</strong></span> <span class='ocrx_word' id='word_1_548' title='bbox 2825 2583 2985 2640; x_wconf 87' lang='lat' dir='ltr'><strong>Certe</strong></span> <span class='ocrx_word' id='word_1_549' title='bbox 3013 2587 3176 2640; x_wconf 87' lang='lat' dir='ltr'><strong>etiam</strong></span> <span class='ocrx_word' id='word_1_550' title='bbox 3217 2585 3260 2639; x_wconf 88' lang='lat' dir='ltr'><strong>si</strong></span> <span class='ocrx_word' id='word_1_551' title='bbox 3285 2585 3456 2655; x_wconf 83' lang='lat' dir='ltr'><strong>justas</strong></span> <span class='ocrx_word' id='word_1_552' title='bbox 3483 2589 3842 2646; x_wconf 78' lang='lat' dir='ltr'><strong>suecensendi</strong></span> 
     </span>
    </p>
   </div>
   <div class='ocr_carea' id='block_1_68' title="bbox 2251 2677 3836 2747">
    <p class='ocr_par' dir='ltr' id='par_1_68' title="bbox 2251 2677 3836 2747">
     <span class='ocr_line' id='line_1_68' title="bbox 2251 2677 3836 2747; baseline 0 -15"><span class='ocrx_word' id='word_1_553' title='bbox 2251 2693 2442 2732; x_wconf 90' lang='lat' dir='ltr'><strong>causas</strong></span> <span class='ocrx_word' id='word_1_554' title='bbox 2472 2685 2722 2747; x_wconf 84' lang='lat' dir='ltr'><strong>parentes</strong></span> <span class='ocrx_word' id='word_1_555' title='bbox 2747 2677 2996 2742; x_wconf 84' lang='lat' dir='ltr'><strong>habeant,</strong></span> <span class='ocrx_word' id='word_1_556' title='bbox 3023 2677 3150 2731; x_wconf 82' lang='lat' dir='ltr'><strong>nihil</strong></span> <span class='ocrx_word' id='word_1_557' title='bbox 3171 2677 3484 2746; x_wconf 75' lang='lat' dir='ltr'><strong>contingere</strong></span> <span class='ocrx_word' id='word_1_558' title='bbox 3507 2677 3588 2732; x_wconf 88' lang='lat' dir='ltr'><strong>eis</strong></span> <span class='ocrx_word' id='word_1_559' title='bbox 3609 2677 3836 2744; x_wconf 74' lang='lat' dir='ltr'><strong>felicius,</strong></span> 
     </span>
    </p>
   </div>
   <div class='ocr_carea' id='block_1_69' title="bbox 2251 2769 3834 2842">
    <p class='ocr_par' dir='ltr' id='par_1_69' title="bbox 2251 2769 3834 2842">
     <span class='ocr_line' id='line_1_69' title="bbox 2251 2769 3834 2842; baseline 0.004 -18"><span class='ocrx_word' id='word_1_560' title='bbox 2251 2770 2380 2824; x_wconf 89' lang='lat' dir='ltr'><strong>nihil</strong></span> <span class='ocrx_word' id='word_1_561' title='bbox 2409 2769 2643 2842; x_wconf 87' lang='lat' dir='ltr'><strong>optatius</strong></span> <span class='ocrx_word' id='word_1_562' title='bbox 2685 2779 2864 2840; x_wconf 88' lang='lat' dir='ltr'><strong>potest</strong></span> <span class='ocrx_word' id='word_1_563' title='bbox 2897 2787 3056 2840; x_wconf 87' lang='lat' dir='ltr'><strong>quam</strong></span> <span class='ocrx_word' id='word_1_564' title='bbox 3101 2779 3162 2826; x_wconf 88' lang='lat' dir='ltr'><strong>ut</strong></span> <span class='ocrx_word' id='word_1_565' title='bbox 3207 2771 3284 2827; x_wconf 87' lang='lat' dir='ltr'><strong>sic</strong></span> <span class='ocrx_word' id='word_1_566' title='bbox 3313 2773 3392 2826; x_wconf 81' lang='lat' dir='ltr'><strong>eis</strong></span> <span class='ocrx_word' id='word_1_567' title='bbox 3419 2787 3518 2841; x_wconf 88' lang='lat' dir='ltr'><strong>pro</strong></span> <span class='ocrx_word' id='word_1_568' title='bbox 3545 2783 3702 2828; x_wconf 82' lang='lat' dir='ltr'><strong>reatu</strong></span> <span class='ocrx_word' id='word_1_569' title='bbox 3740 2775 3834 2830; x_wconf 78' lang='lat' dir='ltr'><strong>lilii</strong></span> 
     </span>
    </p>
   </div>
   <div class='ocr_carea' id='block_1_70' title="bbox 2247 2859 3830 2934">
    <p class='ocr_par' dir='ltr' id='par_1_70' title="bbox 2247 2859 3830 2934">
     <span class='ocr_line' id='line_1_70' title="bbox 2247 2859 3830 2934; baseline 0.003 -18"><span class='ocrx_word' id='word_1_570' title='bbox 2247 2859 2594 2926; x_wconf 77' lang='lat' dir='ltr'><strong>satisfaciant,</strong></span> <span class='ocrx_word' id='word_1_571' title='bbox 2655 2877 2728 2916; x_wconf 87' lang='lat' dir='ltr'><strong>ne</strong></span> <span class='ocrx_word' id='word_1_572' title='bbox 2774 2875 2992 2916; x_wconf 83' lang='lat' dir='ltr'><strong>necesse</strong></span> <span class='ocrx_word' id='word_1_573' title='bbox 3051 2863 3204 2934; x_wconf 78' lang='lat'><strong>193</strong></span> <span class='ocrx_word' id='word_1_574' title='bbox 3255 2863 3490 2918; x_wconf 87' lang='lat' dir='ltr'><strong>habeant</strong></span> <span class='ocrx_word' id='word_1_575' title='bbox 3535 2865 3830 2920; x_wconf 81' lang='lat' dir='ltr'><strong>vindicare.</strong></span> 
     </span>
    </p>
   </div>
   <div class='ocr_carea' id='block_1_71' title="bbox 2244 2953 3834 3023">
    <p class='ocr_par' dir='ltr' id='par_1_71' title="bbox 2244 2953 3834 3023">
     <span class='ocr_line' id='line_1_71' title="bbox 2244 2953 3834 3023; baseline 0.004 -17"><span class='ocrx_word' id='word_1_576' title='bbox 2244 2953 2380 3019; x_wconf 85' lang='lat' dir='ltr'><strong>Quid</strong></span> <span class='ocrx_word' id='word_1_577' title='bbox 2412 2963 2588 3008; x_wconf 87' lang='lat' dir='ltr'><strong>autem</strong></span> <span class='ocrx_word' id='word_1_578' title='bbox 2619 2961 2698 3008; x_wconf 80' lang='lat' dir='ltr'><strong>est</strong></span> <span class='ocrx_word' id='word_1_579' title='bbox 2729 2955 2781 3008; x_wconf 90' lang='lat' dir='ltr'><strong>in</strong></span> <span class='ocrx_word' id='word_1_580' title='bbox 2810 2969 2916 3022; x_wconf 87' lang='lat' dir='ltr'><strong>quo</strong></span> <span class='ocrx_word' id='word_1_581' title='bbox 2944 2955 3113 3022; x_wconf 78' lang='lat' dir='ltr'><strong>magis</strong></span> <span class='ocrx_word' id='word_1_582' title='bbox 3143 2955 3406 3023; x_wconf 88' lang='lat' dir='ltr'><strong>possimus</strong></span> <span class='ocrx_word' id='word_1_583' title='bbox 3436 2955 3590 3012; x_wconf 80' lang='lat' dir='ltr'><strong>vobis</strong></span> <span class='ocrx_word' id='word_1_584' title='bbox 3621 2975 3726 3012; x_wconf 83' lang='lat' dir='ltr'><strong>nos</strong></span> <span class='ocrx_word' id='word_1_585' title='bbox 3745 2975 3834 3013; x_wconf 83' lang='lat' dir='ltr'><strong>sa-</strong></span> 
     </span>
    </p>
   </div>
   <div class='ocr_carea' id='block_1_72' title="bbox 2245 3041 3832 3118">
    <p class='ocr_par' dir='ltr' id='par_1_72' title="bbox 2245 3041 3832 3118">
     <span class='ocr_line' id='line_1_72' title="bbox 2245 3041 3832 3118; baseline 0.004 -21"><span class='ocrx_word' id='word_1_586' title='bbox 2245 3041 2528 3100; x_wconf 78' lang='lat' dir='ltr'><strong>tisfacere?</strong></span> <span class='ocrx_word' id='word_1_587' title='bbox 2557 3045 2674 3099; x_wconf 84' lang='lat' dir='ltr'><strong>Filii</strong></span> <span class='ocrx_word' id='word_1_588' title='bbox 2703 3047 2864 3100; x_wconf 79' lang='lat' dir='ltr'><strong>vestri</strong></span> <span class='ocrx_word' id='word_1_589' title='bbox 2909 3061 3110 3110; x_wconf 90' lang='lat' dir='ltr'><strong>sumus,</strong></span> <span class='ocrx_word' id='word_1_590' title='bbox 3138 3045 3232 3114; x_wconf 90' lang='lat' dir='ltr'><strong>qui</strong></span> <span class='ocrx_word' id='word_1_591' title='bbox 3263 3061 3358 3100; x_wconf 91' lang='lat' dir='ltr'><strong>vos</strong></span> <span class='ocrx_word' id='word_1_592' title='bbox 3382 3059 3668 3114; x_wconf 78' lang='lat' dir='ltr'><strong>rogamus;</strong></span> <span class='ocrx_word' id='word_1_593' title='bbox 3701 3065 3832 3118; x_wconf 79' lang='lat' dir='ltr'><strong>nep-</strong></span> 
     </span>
    </p>
   </div>
   <div class='ocr_carea' id='block_1_73' title="bbox 1181 3125 3870 3208">
    <p class='ocr_par' dir='ltr' id='par_1_73' title="bbox 1181 3125 3870 3208">
     <span class='ocr_line' id='line_1_73' title="bbox 1181 3125 3870 3208; baseline 0.005 -25"><span class='ocrx_word' id='word_1_594' title='bbox 1181 3144 1191 3176; x_wconf 90' lang='lat'>:</span> <span class='ocrx_word' id='word_1_595' title='bbox 1232 3140 1332 3180; x_wconf 83' lang='lat' dir='ltr'><strong>nec</strong></span> <span class='ocrx_word' id='word_1_596' title='bbox 1359 3125 1562 3180; x_wconf 80' lang='lat' dir='ltr'><strong>alienos</strong></span> <span class='ocrx_word' id='word_1_597' title='bbox 1618 3129 1768 3184; x_wconf 76' lang='lat' dir='ltr'><strong>vobis</strong></span> <span class='ocrx_word' id='word_1_598' title='bbox 1817 3129 2008 3204; x_wconf 61' lang='lat' dir='ltr'><strong>aliena,</strong></span> <span class='ocrx_word' id='word_1_599' title='bbox 2044 3129 2140 3183; x_wconf 80' lang='lat' dir='ltr'><strong>sed</strong></span> <span class='ocrx_word' id='word_1_600' title='bbox 2169 3127 2212 3190; x_wconf 89' lang='lat' dir='ltr'>C</span> <span class='ocrx_word' id='word_1_601' title='bbox 2247 3137 2332 3200; x_wconf 88' lang='lat' dir='ltr'><strong>tis,</strong></span> <span class='ocrx_word' id='word_1_602' title='bbox 2359 3153 2454 3208; x_wconf 90' lang='lat' dir='ltr'><strong>per</strong></span> <span class='ocrx_word' id='word_1_603' title='bbox 2477 3151 2636 3206; x_wconf 89' lang='lat' dir='ltr'><strong>quam</strong></span> <span class='ocrx_word' id='word_1_604' title='bbox 2663 3153 2929 3208; x_wconf 77' lang='lat' dir='ltr'><strong>rogamus.</strong></span> <span class='ocrx_word' id='word_1_605' title='bbox 2957 3135 3186 3202; x_wconf 84' lang='lat' dir='ltr'><strong>Parcite,</strong></span> <span class='ocrx_word' id='word_1_606' title='bbox 3213 3139 3482 3208; x_wconf 79' lang='lat' dir='ltr'><strong>indulgete</strong></span> <span class='ocrx_word' id='word_1_607' title='bbox 3505 3139 3598 3194; x_wconf 84' lang='lat' dir='ltr'><strong>illi.</strong></span> <span class='ocrx_word' id='word_1_608' title='bbox 3627 3141 3828 3196; x_wconf 83' lang='lat' dir='ltr'><strong>Eorum</strong></span> <span class='ocrx_word' id='word_1_609' title='bbox 3865 3173 3870 3178; x_wconf 93' lang='lat'><strong>-</strong></span> 
     </span>
    </p>
   </div>
   <div class='ocr_carea' id='block_1_74' title="bbox 2243 3231 3828 3302">
    <p class='ocr_par' dir='ltr' id='par_1_74' title="bbox 2243 3231 3828 3302">
     <span class='ocr_line' id='line_1_74' title="bbox 2243 3231 3828 3302; baseline 0.001 -19"><span class='ocrx_word' id='word_1_610' title='bbox 2243 3239 2493 3300; x_wconf 85' lang='lat' dir='ltr'><strong>parentes</strong></span> <span class='ocrx_word' id='word_1_611' title='bbox 2521 3231 2820 3286; x_wconf 88' lang='lat' dir='ltr'><strong>charissimi</strong></span> <span class='ocrx_word' id='word_1_612' title='bbox 2850 3245 2947 3300; x_wconf 89' lang='lat' dir='ltr'><strong>pro</strong></span> <span class='ocrx_word' id='word_1_613' title='bbox 2975 3247 3034 3286; x_wconf 88' lang='lat' dir='ltr'><strong>se</strong></span> <span class='ocrx_word' id='word_1_614' title='bbox 3063 3239 3272 3302; x_wconf 76' lang='lat' dir='ltr'><strong>rogant,</strong></span> <span class='ocrx_word' id='word_1_615' title='bbox 3297 3232 3368 3286; x_wconf 90' lang='lat' dir='ltr'><strong>ob</strong></span> <span class='ocrx_word' id='word_1_616' title='bbox 3385 3247 3618 3300; x_wconf 84' lang='lat' dir='ltr'><strong>quorum</strong></span> <span class='ocrx_word' id='word_1_617' title='bbox 3641 3233 3828 3286; x_wconf 75' lang='lat' dir='ltr'><strong>soletis</strong></span> 
     </span>
    </p>
   </div>
   <div class='ocr_carea' id='block_1_75' title="bbox 2242 3323 3828 3394">
    <p class='ocr_par' dir='ltr' id='par_1_75' title="bbox 2242 3323 3828 3394">
     <span class='ocr_line' id='line_1_75' title="bbox 2242 3323 3828 3394; baseline 0.004 -19"><span class='ocrx_word' id='word_1_618' title='bbox 2242 3324 2457 3376; x_wconf 83' lang='lat' dir='ltr'><strong>nomina</strong></span> <span class='ocrx_word' id='word_1_619' title='bbox 2507 3323 2665 3378; x_wconf 89' lang='lat' dir='ltr'><strong>etiam</strong></span> <span class='ocrx_word' id='word_1_620' title='bbox 2697 3323 2966 3378; x_wconf 80' lang='lat' dir='ltr'><strong>extraneis</strong></span> <span class='ocrx_word' id='word_1_621' title='bbox 3007 3323 3080 3378; x_wconf 92' lang='lat' dir='ltr'><strong>nil</strong></span> <span class='ocrx_word' id='word_1_622' title='bbox 3127 3337 3342 3391; x_wconf 75' lang='lat' dir='ltr'><strong>negare.</strong></span> <span class='ocrx_word' id='word_1_623' title='bbox 3379 3323 3622 3394; x_wconf 83' lang='lat' dir='ltr'><strong>Longum</strong></span> <span class='ocrx_word' id='word_1_624' title='bbox 3649 3335 3730 3381; x_wconf 89' lang='lat' dir='ltr'><strong>est</strong></span> <span class='ocrx_word' id='word_1_625' title='bbox 3757 3328 3828 3383; x_wconf 87' lang='lat' dir='ltr'><strong>de</strong></span> 
     </span>
    </p>
   </div>
   <div class='ocr_carea' id='block_1_76' title="bbox 2239 3413 3822 3488">
    <p class='ocr_par' dir='ltr' id='par_1_76' title="bbox 2239 3413 3822 3488">
     <span class='ocr_line' id='line_1_76' title="bbox 2239 3413 3822 3488; baseline 0.004 -22"><span class='ocrx_word' id='word_1_626' title='bbox 2239 3413 2533 3468; x_wconf 87' lang='lat' dir='ltr'><strong>innumeris</strong></span> <span class='ocrx_word' id='word_1_627' title='bbox 2555 3415 2768 3483; x_wconf 81' lang='lat' dir='ltr'><strong>pietatis</strong></span> <span class='ocrx_word' id='word_1_628' title='bbox 2788 3421 2950 3483; x_wconf 81' lang='lat' dir='ltr'><strong>atque</strong></span> <span class='ocrx_word' id='word_1_629' title='bbox 2971 3415 3320 3470; x_wconf 87' lang='lat' dir='ltr'><strong>humanitatis</strong></span> <span class='ocrx_word' id='word_1_630' title='bbox 3341 3417 3602 3488; x_wconf 84' lang='lat' dir='ltr'><strong>exemplis</strong></span> <span class='ocrx_word' id='word_1_631' title='bbox 3619 3418 3822 3482; x_wconf 79' lang='lat' dir='ltr'><strong>dicere,</strong></span> 
     </span>
    </p>
   </div>
   <div class='ocr_carea' id='block_1_77' title="bbox 2237 3505 3816 3576">
    <p class='ocr_par' dir='ltr' id='par_1_77' title="bbox 2237 3505 3816 3576">
     <span class='ocr_line' id='line_1_77' title="bbox 2237 3505 3816 3576; baseline 0.004 -17"><span class='ocrx_word' id='word_1_632' title='bbox 2237 3511 2292 3559; x_wconf 88' lang='lat' dir='ltr'><strong>et</strong></span> <span class='ocrx_word' id='word_1_633' title='bbox 2321 3511 2704 3576; x_wconf 69' lang='lat' dir='ltr'><strong>praeposterum</strong></span> <span class='ocrx_word' id='word_1_634' title='bbox 2727 3515 2784 3560; x_wconf 91' lang='lat' dir='ltr'><strong>ut</strong></span> <span class='ocrx_word' id='word_1_635' title='bbox 2804 3507 2869 3562; x_wconf 88' lang='lat' dir='ltr'><strong>de</strong></span> <span class='ocrx_word' id='word_1_636' title='bbox 2887 3505 3180 3575; x_wconf 88' lang='lat' dir='ltr'><strong>majoribus</strong></span> <span class='ocrx_word' id='word_1_637' title='bbox 3202 3505 3268 3562; x_wconf 90' lang='lat' dir='ltr'><strong>ad</strong></span> <span class='ocrx_word' id='word_1_638' title='bbox 3291 3509 3498 3563; x_wconf 87' lang='lat' dir='ltr'><strong>minora</strong></span> <span class='ocrx_word' id='word_1_639' title='bbox 3519 3509 3816 3566; x_wconf 73' lang='lat' dir='ltr'><strong>veniamus.</strong></span> 
     </span>
    </p>
   </div>
   <div class='ocr_carea' id='block_1_78' title="bbox 2236 3595 3816 3674">
    <p class='ocr_par' dir='ltr' id='par_1_78' title="bbox 2236 3595 3816 3674">
     <span class='ocr_line' id='line_1_78' title="bbox 2236 3595 3816 3674; baseline 0.004 -24"><span class='ocrx_word' id='word_1_640' title='bbox 2236 3595 2340 3652; x_wconf 88' lang='lat' dir='ltr'><strong>Sed</strong></span> <span class='ocrx_word' id='word_1_641' title='bbox 2371 3605 2548 3651; x_wconf 89' lang='lat' dir='ltr'><strong>tame</strong></span> <span class='ocrx_word' id='word_1_642' title='bbox 2579 3595 2630 3652; x_wconf 90' lang='lat' dir='ltr'><strong>id</strong></span> <span class='ocrx_word' id='word_1_643' title='bbox 2663 3599 2804 3665; x_wconf 87' lang='lat' dir='ltr'><strong>quod</strong></span> <span class='ocrx_word' id='word_1_644' title='bbox 2835 3599 3072 3653; x_wconf 89' lang='lat' dir='ltr'><strong>dicturus</strong></span> <span class='ocrx_word' id='word_1_645' title='bbox 3097 3615 3235 3665; x_wconf 90' lang='lat' dir='ltr'><strong>sum,</strong></span> <span class='ocrx_word' id='word_1_646' title='bbox 3279 3601 3458 3672; x_wconf 90' lang='lat' dir='ltr'><strong>specie</strong></span> <span class='ocrx_word' id='word_1_647' title='bbox 3479 3603 3690 3674; x_wconf 82' lang='lat' dir='ltr'><strong>quidem</strong></span> <span class='ocrx_word' id='word_1_648' title='bbox 3713 3603 3816 3658; x_wconf 83' lang='lat' dir='ltr'><strong>mi-</strong></span> 
     </span>
    </p>
   </div>
   <div class='ocr_carea' id='block_1_79' title="bbox 2233 3687 3818 3766">
    <p class='ocr_par' dir='ltr' id='par_1_79' title="bbox 2233 3687 3818 3766">
     <span class='ocr_line' id='line_1_79' title="bbox 2233 3687 3818 3766; baseline 0.006 -25"><span class='ocrx_word' id='word_1_649' title='bbox 2233 3703 2333 3744; x_wconf 89' lang='lat' dir='ltr'><strong>nus</strong></span> <span class='ocrx_word' id='word_1_650' title='bbox 2362 3695 2462 3753; x_wconf 86' lang='lat' dir='ltr'><strong>est,</strong></span> <span class='ocrx_word' id='word_1_651' title='bbox 2487 3687 2581 3744; x_wconf 91' lang='lat' dir='ltr'><strong>sed</strong></span> <span class='ocrx_word' id='word_1_652' title='bbox 2613 3697 2788 3744; x_wconf 87' lang='lat' dir='ltr'><strong>tamen</strong></span> <span class='ocrx_word' id='word_1_653' title='bbox 2810 3703 2869 3744; x_wconf 89' lang='lat' dir='ltr'><strong>re</strong></span> <span class='ocrx_word' id='word_1_654' title='bbox 2889 3693 3064 3746; x_wconf 88' lang='lat' dir='ltr'><strong>minus</strong></span> <span class='ocrx_word' id='word_1_655' title='bbox 3093 3707 3199 3748; x_wconf 89' lang='lat' dir='ltr'><strong>non</strong></span> <span class='ocrx_word' id='word_1_656' title='bbox 3223 3701 3324 3748; x_wconf 89' lang='lat' dir='ltr'><strong>est.</strong></span> <span class='ocrx_word' id='word_1_657' title='bbox 3357 3692 3622 3750; x_wconf 86' lang='lat' dir='ltr'><strong>Perorans</strong></span> <span class='ocrx_word' id='word_1_658' title='bbox 3643 3709 3818 3766; x_wconf 86' lang='lat' dir='ltr'><strong>quon-</strong></span> 
     </span>
    </p>
   </div>
   <div class='ocr_carea' id='block_1_80' title="bbox 2231 3779 3822 3851">
    <p class='ocr_par' dir='ltr' id='par_1_80' title="bbox 2231 3779 3822 3851">
     <span class='ocr_line' id='line_1_80' title="bbox 2231 3779 3822 3851; baseline 0.005 -20"><span class='ocrx_word' id='word_1_659' title='bbox 2231 3779 2353 3832; x_wconf 87' lang='lat' dir='ltr'><strong>dam</strong></span> <span class='ocrx_word' id='word_1_660' title='bbox 2381 3793 2477 3848; x_wconf 90' lang='lat' dir='ltr'><strong>pro</strong></span> <span class='ocrx_word' id='word_1_661' title='bbox 2507 3781 2746 3849; x_wconf 90' lang='lat' dir='ltr'><strong>periculo</strong></span> <span class='ocrx_word' id='word_1_662' title='bbox 2775 3781 3184 3837; x_wconf 81' lang='lat' dir='ltr'><strong>existimationis</strong></span> <span class='ocrx_word' id='word_1_663' title='bbox 3226 3791 3388 3851; x_wconf 87' lang='lat' dir='ltr'><strong>atque</strong></span> <span class='ocrx_word' id='word_1_664' title='bbox 3436 3783 3822 3840; x_wconf 80' lang='lat' dir='ltr'><strong>incolumitatis</strong></span> 
     </span>
    </p>
   </div>
   <div class='ocr_carea' id='block_1_81' title="bbox 2229 3869 3820 3939">
    <p class='ocr_par' dir='ltr' id='par_1_81' title="bbox 2229 3869 3820 3939">
     <span class='ocr_line' id='line_1_81' title="bbox 2229 3869 3820 3939; baseline 0.003 -15"><span class='ocrx_word' id='word_1_665' title='bbox 2229 3885 2338 3924; x_wconf 73' lang='lat' dir='ltr'><strong>sua:</strong></span> <span class='ocrx_word' id='word_1_666' title='bbox 2369 3869 2422 3924; x_wconf 92' lang='lat' dir='ltr'><strong>in</strong></span> <span class='ocrx_word' id='word_1_667' title='bbox 2453 3869 2698 3926; x_wconf 76' lang='lat' dir='ltr'><strong>Romano</strong></span> <span class='ocrx_word' id='word_1_668' title='bbox 2720 3871 2892 3926; x_wconf 48' lang='lat' dir='ltr'><strong>foro“</strong></span> <span class='ocrx_word' id='word_1_669' title='bbox 2915 3871 3132 3928; x_wconf 78' lang='lat' dir='ltr'><strong>Servius</strong></span> <span class='ocrx_word' id='word_1_670' title='bbox 3160 3871 3482 3939; x_wconf 87' lang='lat' dir='ltr'><strong>Galba,cum</strong></span> <span class='ocrx_word' id='word_1_671' title='bbox 3496 3875 3562 3928; x_wconf 86' lang='lat' dir='ltr'><strong>ob</strong></span> <span class='ocrx_word' id='word_1_672' title='bbox 3575 3871 3820 3930; x_wconf 59' lang='lat' dir='ltr'><strong>dilicti}.</strong></span> 
     </span>
    </p>
   </div>
   <div class='ocr_carea' id='block_1_82' title="bbox 2229 3961 3818 4034">
    <p class='ocr_par' dir='ltr' id='par_1_82' title="bbox 2229 3961 3818 4034">
     <span class='ocr_line' id='line_1_82' title="bbox 2229 3961 3818 4034; baseline 0.006 -20"><span class='ocrx_word' id='word_1_673' title='bbox 2229 3967 2394 4014; x_wconf 83' lang='lat' dir='ltr'><strong>tatem</strong></span> <span class='ocrx_word' id='word_1_674' title='bbox 2417 3963 2618 4030; x_wconf 78' lang='lat' dir='ltr'><strong>negotii</strong></span> <span class='ocrx_word' id='word_1_675' title='bbox 2654 3969 2708 4016; x_wconf 88' lang='lat' dir='ltr'><strong>et</strong></span> <span class='ocrx_word' id='word_1_676' title='bbox 2733 3961 2988 4016; x_wconf 79' lang='lat' dir='ltr'><strong>invidiam</strong></span> <span class='ocrx_word' id='word_1_677' title='bbox 3011 3961 3136 4018; x_wconf 78' lang='lat' dir='ltr'><strong>facti</strong></span> <span class='ocrx_word' id='word_1_678' title='bbox 3181 3963 3261 4019; x_wconf 90' lang='lat' dir='ltr'><strong>sui</strong></span> <span class='ocrx_word' id='word_1_679' title='bbox 3291 3979 3482 4034; x_wconf 89' lang='lat' dir='ltr'><strong>parum</strong></span> <span class='ocrx_word' id='word_1_680' title='bbox 3508 3979 3616 4020; x_wconf 87' lang='lat' dir='ltr'><strong>non</strong></span> <span class='ocrx_word' id='word_1_681' title='bbox 3642 3965 3818 4023; x_wconf 86' lang='lat' dir='ltr'><strong>modo</strong></span> 
     </span>
    </p>
   </div>
   <div class='ocr_carea' id='block_1_83' title="bbox 2227 4050 3802 4124">
    <p class='ocr_par' dir='ltr' id='par_1_83' title="bbox 2227 4050 3802 4124">
     <span class='ocr_line' id='line_1_83' title="bbox 2227 4050 3802 4124; baseline 0.006 -20"><span class='ocrx_word' id='word_1_682' title='bbox 2227 4050 2280 4104; x_wconf 92' lang='lat' dir='ltr'><strong>in</strong></span> <span class='ocrx_word' id='word_1_683' title='bbox 2306 4059 2492 4118; x_wconf 80' lang='lat' dir='ltr'><strong>causa;</strong></span> <span class='ocrx_word' id='word_1_684' title='bbox 2521 4051 2614 4106; x_wconf 88' lang='lat' dir='ltr'><strong>sed</strong></span> <span class='ocrx_word' id='word_1_685' title='bbox 2649 4053 2812 4106; x_wconf 83' lang='lat' dir='ltr'><strong>etiam</strong></span> <span class='ocrx_word' id='word_1_686' title='bbox 2842 4053 2896 4106; x_wconf 91' lang='lat' dir='ltr'><strong>in</strong></span> <span class='ocrx_word' id='word_1_687' title='bbox 2917 4055 3224 4123; x_wconf 86' lang='lat' dir='ltr'><strong>eloquentia</strong></span> <span class='ocrx_word' id='word_1_688' title='bbox 3253 4057 3368 4124; x_wconf 86' lang='lat' dir='ltr'><strong>spei</strong></span> <span class='ocrx_word' id='word_1_689' title='bbox 3403 4065 3646 4124; x_wconf 86' lang='lat' dir='ltr'><strong>poneret,</strong></span> <span class='ocrx_word' id='word_1_690' title='bbox 3679 4065 3802 4113; x_wconf 81' lang='lat' dir='ltr'><strong>arte</strong></span> 
     </span>
    </p>
   </div>
   <div class='ocr_carea' id='block_1_84' title="bbox 2225 4141 3814 4218">
    <p class='ocr_par' dir='ltr' id='par_1_84' title="bbox 2225 4141 3814 4218">
     <span class='ocr_line' id='line_1_84' title="bbox 2225 4141 3814 4218; baseline 0.006 -24"><span class='ocrx_word' id='word_1_691' title='bbox 2225 4157 2349 4196; x_wconf 87' lang='lat' dir='ltr'><strong>usus</strong></span> <span class='ocrx_word' id='word_1_692' title='bbox 2378 4149 2460 4196; x_wconf 90' lang='lat' dir='ltr'><strong>est</strong></span> <span class='ocrx_word' id='word_1_693' title='bbox 2489 4151 2548 4196; x_wconf 90' lang='lat' dir='ltr'><strong>ut</strong></span> <span class='ocrx_word' id='word_1_694' title='bbox 2569 4141 2808 4211; x_wconf 90' lang='lat' dir='ltr'><strong>judicum</strong></span> <span class='ocrx_word' id='word_1_695' title='bbox 2837 4145 3060 4212; x_wconf 87' lang='lat' dir='ltr'><strong>animos,</strong></span> <span class='ocrx_word' id='word_1_696' title='bbox 3101 4159 3239 4214; x_wconf 84' lang='lat' dir='ltr'><strong>quos</strong></span> <span class='ocrx_word' id='word_1_697' title='bbox 3277 4147 3550 4202; x_wconf 70' lang='lat' dir='ltr'><strong>inﬂectere</strong></span> <span class='ocrx_word' id='word_1_698' title='bbox 3569 4163 3814 4218; x_wconf 79' lang='lat' dir='ltr'><strong>precum</strong></span> 
     </span>
    </p>
   </div>
   <div class='ocr_carea' id='block_1_85' title="bbox 2225 4231 3812 4309">
    <p class='ocr_par' dir='ltr' id='par_1_85' title="bbox 2225 4231 3812 4309">
     <span class='ocr_line' id='line_1_85' title="bbox 2225 4231 3812 4309; baseline 0.007 -25"><span class='ocrx_word' id='word_1_699' title='bbox 2225 4231 2513 4286; x_wconf 86' lang='lat' dir='ltr'><strong>ambitione</strong></span> <span class='ocrx_word' id='word_1_700' title='bbox 2541 4247 2648 4288; x_wconf 91' lang='lat' dir='ltr'><strong>non</strong></span> <span class='ocrx_word' id='word_1_701' title='bbox 2673 4243 2905 4304; x_wconf 86' lang='lat' dir='ltr'><strong>poterat,</strong></span> <span class='ocrx_word' id='word_1_702' title='bbox 2933 4251 3110 4290; x_wconf 87' lang='lat' dir='ltr'><strong>rerum</strong></span> <span class='ocrx_word' id='word_1_703' title='bbox 3135 4243 3364 4294; x_wconf 77' lang='lat' dir='ltr'><strong>tentaret</strong></span> <span class='ocrx_word' id='word_1_704' title='bbox 3388 4237 3598 4294; x_wconf 73' lang='lat' dir='ltr'><strong>alecto.</strong></span> <span class='ocrx_word' id='word_1_705' title='bbox 3625 4233 3812 4309; x_wconf 69' lang='lat' dir='ltr'><strong>[teipse</strong></span> 
     </span>
    </p>
   </div>
   <div class='ocr_carea' id='block_1_86' title="bbox 2223 4323 3808 4396">
    <p class='ocr_par' dir='ltr' id='par_1_86' title="bbox 2223 4323 3808 4396">
     <span class='ocr_line' id='line_1_86' title="bbox 2223 4323 3808 4396; baseline 0.008 -22"><span class='ocrx_word' id='word_1_706' title='bbox 2223 4323 2549 4392; x_wconf 83' lang='lat' dir='ltr'><strong>consumptis</strong></span> <span class='ocrx_word' id='word_1_707' title='bbox 2573 4325 2684 4396; x_wconf 90' lang='lat' dir='ltr'><strong>jam</strong></span> <span class='ocrx_word' id='word_1_708' title='bbox 2714 4325 3002 4381; x_wconf 83' lang='lat' dir='ltr'><strong>admodum</strong></span> <span class='ocrx_word' id='word_1_709' title='bbox 3040 4327 3245 4386; x_wconf 88' lang='lat' dir='ltr'><strong>cunctis</strong></span> <span class='ocrx_word' id='word_1_710' title='bbox 3287 4332 3538 4386; x_wconf 67' lang='lat' dir='ltr'><strong>oratoriae</strong></span> <span class='ocrx_word' id='word_1_711' title='bbox 3566 4333 3697 4386; x_wconf 85' lang='lat' dir='ltr'><strong>artis</strong></span> <span class='ocrx_word' id='word_1_712' title='bbox 3723 4333 3808 4386; x_wconf 81' lang='lat' dir='ltr'><strong>in-</strong></span> 
     </span>
    </p>
   </div>
   <div class='ocr_carea' id='block_1_87' title="bbox 2221 4413 3810 4492">
    <p class='ocr_par' dir='ltr' id='par_1_87' title="bbox 2221 4413 3810 4492">
     <span class='ocr_line' id='line_1_87' title="bbox 2221 4413 3810 4492; baseline 0.01 -28"><span class='ocrx_word' id='word_1_713' title='bbox 2221 4413 2468 4484; x_wconf 74' lang='lat' dir='ltr'><strong>geniique</strong></span> <span class='ocrx_word' id='word_1_714' title='bbox 2513 4415 2780 4480; x_wconf 83' lang='lat' dir='ltr'><strong>subsidiis,</strong></span> <span class='ocrx_word' id='word_1_715' title='bbox 2815 4434 2936 4472; x_wconf 90' lang='lat' dir='ltr'><strong>cum</strong></span> <span class='ocrx_word' id='word_1_716' title='bbox 2967 4433 3154 4489; x_wconf 87' lang='lat' dir='ltr'><strong>parum</strong></span> <span class='ocrx_word' id='word_1_717' title='bbox 3195 4437 3254 4477; x_wconf 87' lang='lat' dir='ltr'><strong>se</strong></span> <span class='ocrx_word' id='word_1_718' title='bbox 3281 4423 3616 4492; x_wconf 72' lang='lat' dir='ltr'><strong>promovisse</strong></span> <span class='ocrx_word' id='word_1_719' title='bbox 3643 4426 3810 4479; x_wconf 81' lang='lat' dir='ltr'><strong>intel-</strong></span> 
     </span>
    </p>
   </div>
   <div class='ocr_carea' id='block_1_88' title="bbox 536 4485 3810 4581">
    <p class='ocr_par' dir='ltr' id='par_1_88' title="bbox 536 4485 3810 4581">
     <span class='ocr_line' id='line_1_88' title="bbox 536 4485 3810 4581; baseline 0.01 -43"><span class='ocrx_word' id='word_1_720' title='bbox 536 4487 800 4554; x_wconf 88' lang='lat' dir='ltr'><strong>quondam</strong></span> <span class='ocrx_word' id='word_1_721' title='bbox 825 4485 1171 4560; x_wconf 73' lang='lat' dir='ltr'><strong>Ninivitarum</strong></span> <span class='ocrx_word' id='word_1_722' title='bbox 1197 4487 1431 4560; x_wconf 85' lang='lat' dir='ltr'><strong>peccatis</strong></span> <span class='ocrx_word' id='word_1_723' title='bbox 1457 4487 1612 4548; x_wconf 73' lang='lat' dir='ltr'><strong>Deus.</strong></span> <span class='ocrx_word' id='word_1_724' title='bbox 1633 4491 1810 4559; x_wconf 85' lang='lat' dir='ltr'><strong>vagitu</strong></span> <span class='ocrx_word' id='word_1_725' title='bbox 1835 4493 2112 4550; x_wconf 71' lang='lat' dir='ltr'><strong>inlhntium</strong></span> <span class='ocrx_word' id='word_1_726' title='bbox 2141 4489 2453 4570; x_wconf 77' lang='lat' dir='ltr'><strong>Dlexisset,</strong></span> <span class='ocrx_word' id='word_1_727' title='bbox 2499 4507 2776 4574; x_wconf 69' lang='lat' dir='ltr'><strong>parvulum</strong></span> <span class='ocrx_word' id='word_1_728' title='bbox 2822 4485 2984 4577; x_wconf 75' lang='lat' dir='ltr'><strong>quem</strong></span> <span class='ocrx_word' id='word_1_729' title='bbox 3029 4527 3210 4567; x_wconf 87' lang='lat' dir='ltr'><strong>secum</strong></span> <span class='ocrx_word' id='word_1_730' title='bbox 3257 4485 3511 4581; x_wconf 67' lang='lat' dir='ltr'><strong>habebat,</strong></span> <span class='ocrx_word' id='word_1_731' title='bbox 3543 4513 3698 4581; x_wconf 71' lang='lat' dir='ltr'><strong>Galli,</strong></span> <span class='ocrx_word' id='word_1_732' title='bbox 3743 4525 3810 4572; x_wconf 87' lang='lat' dir='ltr'><strong>ut</strong></span> 
     </span>
    </p>
   </div>
   <div class='ocr_carea' id='block_1_89' title="bbox 535 4577 2110 4656">
    <p class='ocr_par' dir='ltr' id='par_1_89' title="bbox 535 4577 2110 4656">
     <span class='ocr_line' id='line_1_89' title="bbox 535 4577 2110 4656; baseline 0.007 -24"><span class='ocrx_word' id='word_1_733' title='bbox 535 4581 586 4632; x_wconf 84' lang='lat' dir='ltr'><strong>et</strong></span> <span class='ocrx_word' id='word_1_734' title='bbox 613 4577 914 4650; x_wconf 88' lang='lat' dir='ltr'><strong>ploratione</strong></span> <span class='ocrx_word' id='word_1_735' title='bbox 943 4579 1157 4654; x_wconf 83' lang='lat' dir='ltr'><strong>molitus</strong></span> <span class='ocrx_word' id='word_1_736' title='bbox 1208 4587 1306 4642; x_wconf 85' lang='lat' dir='ltr'><strong>est.</strong></span> <span class='ocrx_word' id='word_1_737' title='bbox 1351 4577 1480 4634; x_wconf 84' lang='lat' dir='ltr'><strong>Nam</strong></span> <span class='ocrx_word' id='word_1_738' title='bbox 1513 4581 1634 4637; x_wconf 88' lang='lat' dir='ltr'><strong>licet</strong></span> <span class='ocrx_word' id='word_1_739' title='bbox 1674 4591 1844 4638; x_wconf 89' lang='lat' dir='ltr'><strong>totum</strong></span> <span class='ocrx_word' id='word_1_740' title='bbox 1873 4587 2110 4656; x_wconf 79' lang='lat' dir='ltr'><strong>legamus</strong></span> 
     </span>
    </p>
   </div>
   <div class='ocr_carea' id='block_1_90' title="bbox 534 4667 2106 4748">
    <p class='ocr_par' dir='ltr' id='par_1_90' title="bbox 534 4667 2106 4748">
     <span class='ocr_line' id='line_1_90' title="bbox 534 4667 2106 4748; baseline 0.007 -26"><span class='ocrx_word' id='word_1_741' title='bbox 534 4667 726 4722; x_wconf 76' lang='lat' dir='ltr'><strong>luxisse</strong></span> <span class='ocrx_word' id='word_1_742' title='bbox 782 4667 1056 4740; x_wconf 87' lang='lat' dir='ltr'><strong>populum,</strong></span> <span class='ocrx_word' id='word_1_743' title='bbox 1089 4669 1410 4748; x_wconf 70' lang='lat' dir='ltr'><strong>[tnecipuam</strong></span> <span class='ocrx_word' id='word_1_744' title='bbox 1463 4681 1638 4728; x_wconf 86' lang='lat' dir='ltr'><strong>tamen</strong></span> <span class='ocrx_word' id='word_1_745' title='bbox 1687 4675 2106 4734; x_wconf 85' lang='lat' dir='ltr'><strong>misericordiam</strong></span> 
     </span>
    </p>
   </div>
   <div class='ocr_carea' id='block_1_91' title="bbox 533 4759 2104 4834">
    <p class='ocr_par' dir='ltr' id='par_1_91' title="bbox 533 4759 2104 4834">
     <span class='ocr_line' id='line_1_91' title="bbox 533 4759 2104 4834; baseline 0.01 -23"><span class='ocrx_word' id='word_1_746' title='bbox 533 4761 723 4812; x_wconf 88' lang='lat' dir='ltr'><strong>meruit</strong></span> <span class='ocrx_word' id='word_1_747' title='bbox 763 4777 884 4818; x_wconf 81' lang='lat' dir='ltr'><strong>sors</strong></span> <span class='ocrx_word' id='word_1_748' title='bbox 927 4767 980 4813; x_wconf 85' lang='lat' dir='ltr'><strong>et</strong></span> <span class='ocrx_word' id='word_1_749' title='bbox 1033 4759 1337 4824; x_wconf 80' lang='lat' dir='ltr'><strong>innocentia</strong></span> <span class='ocrx_word' id='word_1_750' title='bbox 1383 4765 1742 4834; x_wconf 78' lang='lat' dir='ltr'><strong>pat&#39;vnlornm,</strong></span> <span class='ocrx_word' id='word_1_751' title='bbox 1787 4767 1997 4825; x_wconf 87' lang='lat' dir='ltr'><strong>dicente</strong></span> <span class='ocrx_word' id='word_1_752' title='bbox 2039 4773 2104 4826; x_wconf 89' lang='lat' dir='ltr'><strong>ad</strong></span> 
     </span>
    </p>
   </div>
   <div class='ocr_carea' id='block_1_92' title="bbox 531 4847 2100 4938">
    <p class='ocr_par' dir='ltr' id='par_1_92' title="bbox 531 4847 2100 4938">
     <span class='ocr_line' id='line_1_92' title="bbox 531 4847 2100 4938; baseline 0.009 -38"><span class='ocrx_word' id='word_1_753' title='bbox 531 4847 714 4928; x_wconf 74' lang='lat' dir='ltr'><strong>Ionam</strong></span> <span class='ocrx_word' id='word_1_754' title='bbox 745 4849 854 4924; x_wconf 70' lang='lat' dir='ltr'><strong>Deo</strong></span> <span class='ocrx_word' id='word_1_755' title='bbox 889 4869 900 4902; x_wconf 86' lang='lat'><strong>:</strong></span> <span class='ocrx_word' id='word_1_756' title='bbox 1122 4851 1180 4916; x_wconf 78' lang='lat' dir='ltr'><strong>Si</strong></span> <span class='ocrx_word' id='word_1_757' title='bbox 1203 4851 1350 4908; x_wconf 78' lang='lat' dir='ltr'><strong>valde</strong></span> <span class='ocrx_word' id='word_1_758' title='bbox 1377 4857 1708 4908; x_wconf 69' lang='lat' dir='ltr'><strong>contristnlus</strong></span> <span class='ocrx_word' id='word_1_759' title='bbox 1735 4875 1786 4910; x_wconf 86' lang='lat' dir='ltr'><strong>es</strong></span> <span class='ocrx_word' id='word_1_760' title='bbox 1829 4877 1982 4930; x_wconf 79' lang='lat' dir='ltr'><strong>super</strong></span> <span class='ocrx_word' id='word_1_761' title='bbox 2009 4879 2100 4914; x_wconf 75' lang='lat' dir='ltr'><strong>cu-</strong></span> 
     </span>
    </p>
   </div>
   <div class='ocr_carea' id='block_1_93' title="bbox 529 4937 2098 5022">
    <p class='ocr_par' dir='ltr' id='par_1_93' title="bbox 529 4937 2098 5022">
     <span class='ocr_line' id='line_1_93' title="bbox 529 4937 2098 5022; baseline 0.013 -35"><span class='ocrx_word' id='word_1_762' title='bbox 529 4937 771 5008; x_wconf 74' lang='lat' dir='ltr'><strong>cmzbilant</strong></span> <span class='ocrx_word' id='word_1_763' title='bbox 820 4940 960 5008; x_wconf 85' lang='lat' dir='ltr'><strong>(.Ion.</strong></span> <span class='ocrx_word' id='word_1_764' title='bbox 995 4937 1082 5004; x_wconf 75' lang='lat' dir='ltr'><strong>tv,</strong></span> <span class='ocrx_word' id='word_1_765' title='bbox 1112 4943 1186 5012; x_wconf 71' lang='grc' dir='ltr'><strong>εὶ).</strong></span> <span class='ocrx_word' id='word_1_766' title='bbox 1239 4939 1302 4997; x_wconf 86' lang='lat' dir='ltr'><strong>Et</strong></span> <span class='ocrx_word' id='word_1_767' title='bbox 1331 4945 1488 5014; x_wconf 84' lang='lat' dir='ltr'><strong>paulo</strong></span> <span class='ocrx_word' id='word_1_768' title='bbox 1515 4957 1636 5016; x_wconf 81' lang='lat' dir='ltr'><strong>post</strong></span> <span class='ocrx_word' id='word_1_769' title='bbox 1671 4965 1682 4998; x_wconf 88' lang='lat'><strong>:</strong></span> <span class='ocrx_word' id='word_1_770' title='bbox 1719 4947 1829 5019; x_wconf 78' lang='lat' dir='ltr'><strong>Ego</strong></span> <span class='ocrx_word' id='word_1_771' title='bbox 1853 4963 1952 5004; x_wconf 79' lang='lat' dir='ltr'><strong>non</strong></span> <span class='ocrx_word' id='word_1_772' title='bbox 1975 4971 2098 5022; x_wconf 76' lang='grc' dir='ltr'><strong>ραν-</strong></span> 
     </span>
    </p>
   </div>
   <div class='ocr_carea' id='block_1_94' title="bbox 525 5029 2094 5110">
    <p class='ocr_par' dir='ltr' id='par_1_94' title="bbox 525 5029 2094 5110">
     <span class='ocr_line' id='line_1_94' title="bbox 525 5029 2094 5110; baseline 0.011 -30"><span class='ocrx_word' id='word_1_773' title='bbox 525 5047 631 5080; x_wconf 73' lang='lat' dir='ltr'><strong>HN&quot;</strong></span> <span class='ocrx_word' id='word_1_774' title='bbox 665 5045 814 5102; x_wconf 49' lang='lat' dir='ltr'><strong>suppr</strong></span> <span class='ocrx_word' id='word_1_775' title='bbox 859 5029 1040 5082; x_wconf 65' lang='lat' dir='ltr'><strong>.Viuire</strong></span> <span class='ocrx_word' id='word_1_776' title='bbox 1077 5035 1324 5087; x_wconf 71' lang='lat' dir='ltr'><strong>ririlulcm</strong></span> <span class='ocrx_word' id='word_1_777' title='bbox 1379 5053 1633 5106; x_wconf 76' lang='lat' dir='ltr'><strong>&quot;mgnum,</strong></span> <span class='ocrx_word' id='word_1_778' title='bbox 1664 5043 1710 5091; x_wconf 78' lang='lat' dir='ltr'><strong>in</strong></span> <span class='ocrx_word' id='word_1_779' title='bbox 1745 5059 1844 5110; x_wconf 76' lang='lat' dir='ltr'><strong>qua</strong></span> <span class='ocrx_word' id='word_1_780' title='bbox 1871 5059 2094 5097; x_wconf 66' lang='lat' dir='ltr'><strong>conmun-</strong></span> 
     </span>
    </p>
   </div>
   <div class='ocr_carea' id='block_1_95' title="bbox 2219 4593 3822 4677">
    <p class='ocr_par' dir='ltr' id='par_1_95' title="bbox 2219 4593 3822 4677">
     <span class='ocr_line' id='line_1_95' title="bbox 2219 4593 3822 4677; baseline 0.011 -29"><span class='ocrx_word' id='word_1_781' title='bbox 2219 4593 2322 4648; x_wconf 88' lang='lat' dir='ltr'><strong>illis</strong></span> <span class='ocrx_word' id='word_1_782' title='bbox 2351 4597 2675 4666; x_wconf 86' lang='lat' dir='ltr'><strong>temporibus</strong></span> <span class='ocrx_word' id='word_1_783' title='bbox 2701 4599 3000 4664; x_wconf 82' lang='lat' dir='ltr'><strong>videbatur,</strong></span> <span class='ocrx_word' id='word_1_784' title='bbox 3033 4601 3316 4676; x_wconf 78' lang='lat' dir='ltr'><strong>clarissimi</strong></span> <span class='ocrx_word' id='word_1_785' title='bbox 3333 4611 3388 4660; x_wconf 89' lang='lat' dir='ltr'><strong>et</strong></span> <span class='ocrx_word' id='word_1_786' title='bbox 3413 4621 3586 4677; x_wconf 86' lang='lat' dir='ltr'><strong>nuper</strong></span> <span class='ocrx_word' id='word_1_787' title='bbox 3603 4609 3822 4664; x_wconf 87' lang='lat' dir='ltr'><strong>mortui--</strong></span> 
     </span>
    </p>
   </div>
   <div class='ocr_carea' id='block_1_96' title="bbox 2217 4687 3858 4762">
    <p class='ocr_par' dir='ltr' id='par_1_96' title="bbox 2217 4687 3858 4762">
     <span class='ocr_line' id='line_1_96' title="bbox 2217 4687 3858 4762; baseline 0.012 -22"><span class='ocrx_word' id='word_1_788' title='bbox 2217 4687 2315 4740; x_wconf 88' lang='lat' dir='ltr'><strong>viri</strong></span> <span class='ocrx_word' id='word_1_789' title='bbox 2345 4687 2527 4754; x_wconf 82' lang='lat' dir='ltr'><strong>tilium,</strong></span> <span class='ocrx_word' id='word_1_790' title='bbox 2560 4699 2613 4744; x_wconf 90' lang='lat' dir='ltr'><strong>et</strong></span> <span class='ocrx_word' id='word_1_791' title='bbox 2639 4707 2833 4762; x_wconf 85' lang='lat' dir='ltr'><strong>parvas</strong></span> <span class='ocrx_word' id='word_1_792' title='bbox 2861 4702 2988 4749; x_wconf 86' lang='lat' dir='ltr'><strong>ante</strong></span> <span class='ocrx_word' id='word_1_793' title='bbox 3028 4697 3278 4752; x_wconf 89' lang='lat' dir='ltr'><strong>subsellia</strong></span> <span class='ocrx_word' id='word_1_794' title='bbox 3307 4697 3612 4754; x_wconf 84' lang='lat' dir='ltr'><strong>auditorum</strong></span> <span class='ocrx_word' id='word_1_795' title='bbox 3642 4699 3804 4758; x_wconf 83' lang='lat' dir='ltr'><strong>indo-</strong></span> <span class='ocrx_word' id='word_1_796' title='bbox 3851 4717 3858 4724; x_wconf 91' lang='lat'>&#39;</span> 
     </span>
    </p>
   </div>
   <div class='ocr_carea' id='block_1_97' title="bbox 2215 4773 3800 4862">
    <p class='ocr_par' dir='ltr' id='par_1_97' title="bbox 2215 4773 3800 4862">
     <span class='ocr_line' id='line_1_97' title="bbox 2215 4773 3800 4862; baseline 0.009 -28"><span class='ocrx_word' id='word_1_797' title='bbox 2215 4773 2440 4862; x_wconf 30' lang='lat' dir='ltr'><strong>les-suas</strong></span> <span class='ocrx_word' id='word_1_798' title='bbox 2471 4781 2522 4835; x_wconf 90' lang='lat' dir='ltr'><strong>in</strong></span> <span class='ocrx_word' id='word_1_799' title='bbox 2552 4799 2804 4839; x_wconf 86' lang='lat' dir='ltr'><strong>consessu</strong></span> <span class='ocrx_word' id='word_1_800' title='bbox 2825 4785 3063 4854; x_wconf 86' lang='lat' dir='ltr'><strong>judicum</strong></span> <span class='ocrx_word' id='word_1_801' title='bbox 3086 4799 3478 4859; x_wconf 85' lang='lat' dir='ltr'><strong>conspectuque</strong></span> <span class='ocrx_word' id='word_1_802' title='bbox 3501 4789 3754 4862; x_wconf 70' lang='lat' dir='ltr'><strong>produxit</strong></span> <span class='ocrx_word' id='word_1_803' title='bbox 3785 4815 3800 4848; x_wconf 90' lang='lat'><strong>:</strong></span> 
     </span>
    </p>
   </div>
   <div class='ocr_carea' id='block_1_98' title="bbox 2211 4859 3804 4948">
    <p class='ocr_par' dir='ltr' id='par_1_98' title="bbox 2211 4859 3804 4948">
     <span class='ocr_line' id='line_1_98' title="bbox 2211 4859 3804 4948; baseline 0.01 -24"><span class='ocrx_word' id='word_1_804' title='bbox 2211 4859 2346 4941; x_wconf 73' lang='lat' dir='ltr'><strong>quds</strong></span> <span class='ocrx_word' id='word_1_805' title='bbox 2372 4887 2490 4927; x_wconf 91' lang='lat' dir='ltr'><strong>cum</strong></span> <span class='ocrx_word' id='word_1_806' title='bbox 2523 4873 2706 4927; x_wconf 84' lang='lat' dir='ltr'><strong>laturis</strong></span> <span class='ocrx_word' id='word_1_807' title='bbox 2731 4877 3050 4932; x_wconf 87' lang='lat' dir='ltr'><strong>sententiam</strong></span> <span class='ocrx_word' id='word_1_808' title='bbox 3079 4859 3526 4948; x_wconf 67' lang='lat' dir='ltr'><strong>disceptatoribus</strong></span> <span class='ocrx_word' id='word_1_809' title='bbox 3549 4882 3804 4940; x_wconf 84' lang='lat' dir='ltr'><strong>oratione</strong></span> 
     </span>
    </p>
   </div>
   <div class='ocr_carea' id='block_1_99' title="bbox 2211 4965 3856 5034">
    <p class='ocr_par' dir='ltr' id='par_1_99' title="bbox 2211 4965 3856 5034">
     <span class='ocr_line' id='line_1_99' title="bbox 2211 4965 3856 5034; baseline 0.01 -17"><span class='ocrx_word' id='word_1_810' title='bbox 2211 4965 2370 5028; x_wconf 77' lang='lat' dir='ltr'><strong>ﬂebili</strong></span> <span class='ocrx_word' id='word_1_811' title='bbox 2408 4967 2825 5034; x_wconf 82' lang='lat' dir='ltr'><strong>commendaret,</strong></span> <span class='ocrx_word' id='word_1_812' title='bbox 2859 4969 3040 5024; x_wconf 63' lang='lat' dir='ltr'><strong>tractre</strong></span> <span class='ocrx_word' id='word_1_813' title='bbox 3081 4969 3272 5026; x_wconf 76' lang='lat' dir='ltr'><strong>affectu</strong></span> <span class='ocrx_word' id='word_1_814' title='bbox 3321 4973 3556 5028; x_wconf 88' lang='lat' dir='ltr'><strong>omnium</strong></span> <span class='ocrx_word' id='word_1_815' title='bbox 3587 4981 3804 5033; x_wconf 84' lang='lat' dir='ltr'><strong>mentes</strong></span> <span class='ocrx_word' id='word_1_816' title='bbox 3851 5005 3856 5008; x_wconf 94' lang='lat'><em>-</em></span> 
     </span>
    </p>
   </div>
   <div class='ocr_carea' id='block_1_100' title="bbox 2209 5057 3820 5128">
    <p class='ocr_par' dir='ltr' id='par_1_100' title="bbox 2209 5057 3820 5128">
     <span class='ocr_line' id='line_1_100' title="bbox 2209 5057 3820 5128; baseline 0.012 -22"><span class='ocrx_word' id='word_1_817' title='bbox 2209 5065 2256 5106; x_wconf 67' lang='grc' dir='ltr'><strong>με</strong></span> <span class='ocrx_word' id='word_1_818' title='bbox 2293 5057 2552 5110; x_wconf 57' lang='lat' dir='ltr'><strong>inclinatae</strong></span> <span class='ocrx_word' id='word_1_819' title='bbox 2583 5067 2722 5110; x_wconf 87' lang='lat' dir='ltr'><strong>sunt.</strong></span> <span class='ocrx_word' id='word_1_820' title='bbox 2757 5057 2892 5123; x_wconf 74' lang='lat' dir='ltr'><strong>Quid</strong></span> <span class='ocrx_word' id='word_1_821' title='bbox 2919 5062 3108 5128; x_wconf 77' lang='lat' dir='ltr'><strong>plura?</strong></span> <span class='ocrx_word' id='word_1_822' title='bbox 3131 5061 3358 5116; x_wconf 78' lang='lat' dir='ltr'><strong>Factum</strong></span> <span class='ocrx_word' id='word_1_823' title='bbox 3387 5073 3468 5118; x_wconf 86' lang='lat' dir='ltr'><strong>est</strong></span> <span class='ocrx_word' id='word_1_824' title='bbox 3499 5073 3556 5118; x_wconf 88' lang='lat' dir='ltr'><strong>ut</strong></span> <span class='ocrx_word' id='word_1_825' title='bbox 3585 5065 3820 5125; x_wconf 72' lang='lat' dir='ltr'><strong>inﬂexis-</strong></span> 
     </span>
    </p>
   </div>
   <div class='ocr_carea' id='block_1_101' title="bbox 2207 5139 3796 5214">
    <p class='ocr_par' dir='ltr' id='par_1_101' title="bbox 2207 5139 3796 5214">
     <span class='ocr_line' id='line_1_101' title="bbox 2207 5139 3796 5214; baseline 0.011 -18"><span class='ocrx_word' id='word_1_826' title='bbox 2207 5159 2526 5214; x_wconf 58' lang='lat' dir='ltr'><strong>i-nnctnrnm&#39;</strong></span> <span class='ocrx_word' id='word_1_827' title='bbox 2567 5149 2827 5208; x_wconf 76' lang='lat' dir='ltr'><strong>sensibus,</strong></span> <span class='ocrx_word' id='word_1_828' title='bbox 2861 5151 3008 5206; x_wconf 82' lang='lat' dir='ltr'><strong>daret</strong></span> <span class='ocrx_word' id='word_1_829' title='bbox 3061 5139 3426 5208; x_wconf 53' lang='lat' dir='ltr'><strong>misericordia</strong></span> <span class='ocrx_word' id='word_1_830' title='bbox 3471 5157 3796 5214; x_wconf 84' lang='lat' dir='ltr'><strong>humanitati</strong></span> 
     </span>
    </p>
   </div>
   <div class='ocr_carea' id='block_1_102' title="bbox 522 5121 2095 5202">
    <p class='ocr_par' dir='ltr' id='par_1_102' title="bbox 522 5121 2095 5202">
     <span class='ocr_line' id='line_1_102' title="bbox 522 5121 2095 5202; baseline 0.013 -34"><span class='ocrx_word' id='word_1_831' title='bbox 522 5129 702 5169; x_wconf 71' lang='lat' dir='ltr'><strong>runtur</strong></span> <span class='ocrx_word' id='word_1_832' title='bbox 728 5121 839 5186; x_wconf 62' lang='lat' dir='ltr'><strong>&quot;his</strong></span> <span class='ocrx_word' id='word_1_833' title='bbox 870 5137 1018 5190; x_wconf 75' lang='lat' dir='ltr'><strong>quam</strong></span> <span class='ocrx_word' id='word_1_834' title='bbox 1057 5133 1265 5175; x_wconf 59' lang='lat' dir='ltr'><strong>rentum</strong></span> <span class='ocrx_word' id='word_1_835' title='bbox 1299 5127 1470 5194; x_wconf 75' lang='lat' dir='ltr'><strong>viginti</strong></span> <span class='ocrx_word' id='word_1_836' title='bbox 1521 5129 1702 5192; x_wconf 80' lang='lat' dir='ltr'><strong>millia,</strong></span> <span class='ocrx_word' id='word_1_837' title='bbox 1760 5133 1844 5202; x_wconf 74' lang='lat' dir='ltr'><strong>qui</strong></span> <span class='ocrx_word' id='word_1_838' title='bbox 1877 5151 1975 5186; x_wconf 82' lang='lat' dir='ltr'><strong>non</strong></span> <span class='ocrx_word' id='word_1_839' title='bbox 2009 5127 2095 5188; x_wconf 71' lang='lat' dir='ltr'><strong>co—</strong></span> 
     </span>
    </p>
   </div>
   <div class='ocr_carea' id='block_1_103' title="bbox 519 5211 2093 5294">
    <p class='ocr_par' dir='ltr' id='par_1_103' title="bbox 519 5211 2093 5294">
     <span class='ocr_line' id='line_1_103' title="bbox 519 5211 2093 5294; baseline 0.015 -37"><span class='ocrx_word' id='word_1_840' title='bbox 519 5221 796 5278; x_wconf 77' lang='lat' dir='ltr'><strong>gnorrruul</strong></span> <span class='ocrx_word' id='word_1_841' title='bbox 835 5211 1097 5264; x_wconf 66' lang='lat' dir='ltr'><strong>sinistram</strong></span> <span class='ocrx_word' id='word_1_842' title='bbox 1139 5225 1280 5266; x_wconf 72' lang='lat' dir='ltr'><strong>suum</strong></span> <span class='ocrx_word' id='word_1_843' title='bbox 1319 5227 1406 5268; x_wconf 78' lang='lat' dir='ltr'><strong>aut</strong></span> <span class='ocrx_word' id='word_1_844' title='bbox 1443 5219 1706 5274; x_wconf 58' lang='lat' dir='ltr'><strong>dexteram</strong></span> <span class='ocrx_word' id='word_1_845' title='bbox 1751 5223 1934 5294; x_wconf 55' lang='lat' dir='ltr'><strong>(Ilum,</strong></span> <span class='ocrx_word' id='word_1_846' title='bbox 1975 5227 2093 5292; x_wconf 68' lang='lat' dir='ltr'><strong>ll)?</strong></span> 
     </span>
    </p>
   </div>
   <div class='ocr_carea' id='block_1_104' title="bbox 519 5297 2090 5374">
    <p class='ocr_par' dir='ltr' id='par_1_104' title="bbox 519 5297 2090 5374">
     <span class='ocr_line' id='line_1_104' title="bbox 519 5297 2090 5374; baseline 0.017 -26"><span class='ocrx_word' id='word_1_847' title='bbox 519 5297 791 5354; x_wconf 73' lang='lat' dir='ltr'><strong>declarans</strong></span> <span class='ocrx_word' id='word_1_848' title='bbox 833 5302 1030 5355; x_wconf 63' lang='lat' dir='ltr'><strong>sciiitwt</strong></span> <span class='ocrx_word' id='word_1_849' title='bbox 1077 5315 1294 5372; x_wconf 83' lang='lat' dir='ltr'><strong>propter</strong></span> <span class='ocrx_word' id='word_1_850' title='bbox 1325 5309 1681 5366; x_wconf 76' lang='lat' dir='ltr'><strong>sinceritatem</strong></span> <span class='ocrx_word' id='word_1_851' title='bbox 1725 5315 2090 5374; x_wconf 69' lang='lat' dir='ltr'><strong>innocentiqu</strong></span> 
     </span>
    </p>
   </div>
   <div class='ocr_carea' id='block_1_105' title="bbox 518 5389 2087 5482">
    <p class='ocr_par' dir='ltr' id='par_1_105' title="bbox 518 5389 2087 5482">
     <span class='ocr_line' id='line_1_105' title="bbox 518 5389 2087 5482; baseline 0.018 -44"><span class='ocrx_word' id='word_1_852' title='bbox 518 5403 574 5440; x_wconf 85' lang='lat' dir='ltr'><strong>sc</strong></span> <span class='ocrx_word' id='word_1_853' title='bbox 601 5389 756 5444; x_wconf 84' lang='lat' dir='ltr'><strong>etiam</strong></span> <span class='ocrx_word' id='word_1_854' title='bbox 789 5393 958 5462; x_wconf 74' lang='lat' dir='ltr'><strong>culpis</strong></span> <span class='ocrx_word' id='word_1_855' title='bbox 989 5395 1292 5450; x_wconf 54' lang='lat' dir='ltr'><strong>manentium</strong></span> <span class='ocrx_word' id='word_1_856' title='bbox 1326 5405 1644 5468; x_wconf 71' lang='lat' dir='ltr'><strong>pepercisse.</strong></span> <span class='ocrx_word' id='word_1_857' title='bbox 1687 5407 1794 5460; x_wconf 70' lang='lat' dir='ltr'><strong>Sed</strong></span> <span class='ocrx_word' id='word_1_858' title='bbox 1837 5411 1962 5482; x_wconf 79' lang='lat' dir='ltr'><strong>quid</strong></span> <span class='ocrx_word' id='word_1_859' title='bbox 1989 5426 2087 5480; x_wconf 78' lang='lat' dir='ltr'><strong>ego</strong></span> 
     </span>
    </p>
   </div>
   <div class='ocr_carea' id='block_1_106' title="bbox 2205 5213 3794 5310">
    <p class='ocr_par' dir='ltr' id='par_1_106' title="bbox 2205 5213 3794 5310">
     <span class='ocr_line' id='line_1_106' title="bbox 2205 5213 3794 5310; baseline 0.008 -21"><span class='ocrx_word' id='word_1_860' title='bbox 2205 5213 2460 5304; x_wconf 53' lang='lat' dir='ltr'><strong>t‘luidquid</strong></span> <span class='ocrx_word' id='word_1_861' title='bbox 2487 5239 2760 5292; x_wconf 83' lang='lat' dir='ltr'><strong>ambitioni</strong></span> <span class='ocrx_word' id='word_1_862' title='bbox 2796 5241 2984 5294; x_wconf 64' lang='lat' dir='ltr'><strong>veritas</strong></span> <span class='ocrx_word' id='word_1_863' title='bbox 3021 5242 3324 5310; x_wconf 78' lang='lat' dir='ltr'><strong>denegaret.</strong></span> <span class='ocrx_word' id='word_1_864' title='bbox 3359 5245 3404 5298; x_wconf 81' lang='grc'>0</span> <span class='ocrx_word' id='word_1_865' title='bbox 3431 5245 3652 5301; x_wconf 64' lang='lat' dir='ltr'><strong>adiectus</strong></span> <span class='ocrx_word' id='word_1_866' title='bbox 3689 5253 3758 5302; x_wconf 83' lang='lat' dir='ltr'><strong>hu</strong></span> <span class='ocrx_word' id='word_1_867' title='bbox 3779 5281 3794 5290; x_wconf 63' lang='lat'><em>.</em></span> 
     </span>
    </p>
   </div>
   <div class='ocr_carea' id='block_1_107' title="bbox 2205 5328 3788 5403">
    <p class='ocr_par' dir='ltr' id='par_1_107' title="bbox 2205 5328 3788 5403">
     <span class='ocr_line' id='line_1_107' title="bbox 2205 5328 3788 5403; baseline 0.009 -25"><span class='ocrx_word' id='word_1_868' title='bbox 2205 5328 2342 5378; x_wconf 85' lang='lat' dir='ltr'><strong>mani</strong></span> <span class='ocrx_word' id='word_1_869' title='bbox 2383 5329 2570 5393; x_wconf 82' lang='lat' dir='ltr'><strong>quanti</strong></span> <span class='ocrx_word' id='word_1_870' title='bbox 2613 5331 2770 5392; x_wconf 81' lang='lat' dir='ltr'><strong>estis,</strong></span> <span class='ocrx_word' id='word_1_871' title='bbox 2821 5343 3074 5400; x_wconf 80' lang='lat' dir='ltr'><strong>quantum</strong></span> <span class='ocrx_word' id='word_1_872' title='bbox 3129 5335 3328 5396; x_wconf 76' lang='lat' dir='ltr'><strong>valetis,</strong></span> <span class='ocrx_word' id='word_1_873' title='bbox 3381 5336 3470 5403; x_wconf 85' lang='lat' dir='ltr'><strong>qui</strong></span> <span class='ocrx_word' id='word_1_874' title='bbox 3517 5337 3678 5390; x_wconf 88' lang='lat' dir='ltr'><strong>etiam</strong></span> <span class='ocrx_word' id='word_1_875' title='bbox 3733 5341 3788 5394; x_wconf 85' lang='lat' dir='ltr'><strong>iu</strong></span> 
     </span>
    </p>
   </div>
   <div class='ocr_carea' id='block_1_108' title="bbox 2197 5415 3788 5508">
    <p class='ocr_par' dir='ltr' id='par_1_108' title="bbox 2197 5415 3788 5508">
     <span class='ocr_line' id='line_1_108' title="bbox 2197 5415 3788 5508; baseline 0.011 -42"><span class='ocrx_word' id='word_1_876' title='bbox 2197 5416 2394 5482; x_wconf 83' lang='lat' dir='ltr'><strong>judicio</strong></span> <span class='ocrx_word' id='word_1_877' title='bbox 2419 5415 2504 5482; x_wconf 82' lang='lat' dir='ltr'><strong>jus</strong></span> <span class='ocrx_word' id='word_1_878' title='bbox 2531 5419 2730 5475; x_wconf 78' lang='lat' dir='ltr'><strong>habere</strong></span> <span class='ocrx_word' id='word_1_879' title='bbox 2755 5424 3026 5508; x_wconf 67' lang='lat' dir='ltr'><strong>potuit-stis!</strong></span> <span class='ocrx_word' id='word_1_880' title='bbox 3063 5425 3276 5490; x_wconf 67' lang='lat' dir='ltr'><strong>Discite,</strong></span> <span class='ocrx_word' id='word_1_881' title='bbox 3307 5431 3620 5496; x_wconf 60' lang='lat' dir='ltr'><strong>optimm</strong></span> <span class='ocrx_word' id='word_1_882' title='bbox 3645 5431 3788 5486; x_wconf 65' lang='lat' dir='ltr'><strong>cita-</strong></span> 
     </span>
    </p>
   </div>
   <div class='ocr_carea' id='block_1_109' title="bbox 1669 5539 3508 5602">
    <p class='ocr_par' dir='ltr' id='par_1_109' title="bbox 1669 5539 3508 5602">
     <span class='ocr_line' id='line_1_109' title="bbox 1669 5539 3508 5602; baseline 0.011 -10"><span class='ocrx_word' id='word_1_883' title='bbox 1669 5539 2005 5594; x_wconf 66' lang='lat' dir='ltr'><strong>S&#39;I‘EPIIANI</strong></span> <span class='ocrx_word' id='word_1_884' title='bbox 2041 5544 2304 5598; x_wconf 68' lang='lat' dir='ltr'><strong>BALIS&#39;LII</strong></span> <span class='ocrx_word' id='word_1_885' title='bbox 2346 5547 2569 5602; x_wconf 71' lang='lat' dir='ltr'><strong>N0&#39;l‘.-ii.</strong></span> <span class='ocrx_word' id='word_1_886' title='bbox 3505 5549 3508 5552; x_wconf 24' lang='grc' dir='ltr'>λ</span> 
     </span>
    </p>
   </div>
   <div class='ocr_carea' id='block_1_110' title="bbox 525 5635 2922 5730">
    <p class='ocr_par' dir='ltr' id='par_1_110' title="bbox 525 5635 2922 5730">
     <span class='ocr_line' id='line_1_110' title="bbox 525 5635 2922 5730; baseline 0.012 -42"><span class='ocrx_word' id='word_1_887' title='bbox 525 5635 528 5640; x_wconf 85' lang='grc'><strong>’</strong></span> <span class='ocrx_word' id='word_1_888' title='bbox 567 5646 613 5673; x_wconf 81' lang='grc' dir='ltr'><strong>ἰ</strong></span> <span class='ocrx_word' id='word_1_889' title='bbox 643 5635 770 5692; x_wconf 78' lang='lat' dir='ltr'><strong>Vide</strong></span> <span class='ocrx_word' id='word_1_890' title='bbox 821 5641 1130 5702; x_wconf 76' lang='lat' dir='ltr'><strong>Ciceronem</strong></span> <span class='ocrx_word' id='word_1_891' title='bbox 1161 5645 1218 5702; x_wconf 78' lang='lat' dir='ltr'><strong>in</strong></span> <span class='ocrx_word' id='word_1_892' title='bbox 1245 5645 1430 5710; x_wconf 85' lang='lat' dir='ltr'><strong>Bruto,</strong></span> <span class='ocrx_word' id='word_1_893' title='bbox 1462 5665 1576 5713; x_wconf 87' lang='lat' dir='ltr'><strong>cap.</strong></span> <span class='ocrx_word' id='word_1_894' title='bbox 1609 5647 1698 5712; x_wconf 68' lang='lat'><strong>‘23,</strong></span> <span class='ocrx_word' id='word_1_895' title='bbox 1739 5657 1792 5702; x_wconf 89' lang='lat' dir='ltr'><strong>et</strong></span> <span class='ocrx_word' id='word_1_896' title='bbox 1821 5649 2198 5720; x_wconf 86' lang='lat' dir='ltr'><strong>Quintilianum</strong></span> <span class='ocrx_word' id='word_1_897' title='bbox 2229 5657 2316 5712; x_wconf 86' lang='lat' dir='ltr'><strong>lib.</strong></span> <span class='ocrx_word' id='word_1_898' title='bbox 2345 5677 2380 5714; x_wconf 85' lang='grc' dir='ltr'><strong>ιι</strong></span> <span class='ocrx_word' id='word_1_899' title='bbox 2409 5659 2660 5726; x_wconf 88' lang='lat' dir='ltr'><strong>lnstitut.,</strong></span> <span class='ocrx_word' id='word_1_900' title='bbox 2686 5677 2802 5730; x_wconf 80' lang='lat' dir='ltr'><strong>cap.</strong></span> <span class='ocrx_word' id='word_1_901' title='bbox 2839 5663 2922 5718; x_wconf 81' lang='lat' dir='ltr'><strong>l5.</strong></span> 
     </span>
    </p>
   </div>
  </div>
