4088 6360
187 350 295 424 165

1617 309 1634 326 ⁸
1657 361 2026 422 EPISTOLA'I.

3370 372 3475 433 106

181 479 404 549 rlssimi,
427 484 584 540 venia
607 486 768 541 vestri
795 485 994 542 dictum
1017 486 1106 548 sit,
1137 484 1327 540 discite
1351 482 1437 537 vel
1465 482 1568 537 hoc
1592 480 1782 536 saltem
1809 476 1863 539 Α
1891 485 2146 542 vestibula
2180 486 2365 557 templi
2394 488 2478 543 sui
2506 492 2562 542 et
2590 487 2948 558 circumscpta
2989 489 3252 555 servavit;
3285 500 3459 560 prote-

184 575 436 649 exemplo
465 572 638 647 frangi
670 585 845 647 atque
859 576 1074 632 molliri.
1099 574 1260 631 Certe
1286 575 1448 630 etiam
1478 573 1585 629 illic
1612 571 1775 625 mise-

183 665 421 722 ricordia
466 666 664 733 valuit,
721 666 809 723 ubi
860 668 1038 724 locum
1081 685 1201 724 esse
1241 665 1623 727 misericordia:
1669 678 1777 719 non

183 757 399 814 licebat.
425 756 607 831 Laturi
647 762 972 817 sententiam
1012 759 1240 831 judices,
1282 758 1375 830 qui
1404 757 1534 813 nihil
1573 770 1633 813 se
1672 755 1776 810 nisi

183 868 249 906 ex
290 851 532 929 veritatis
575 850 752 908 officio
798 854 1241 929 pronuntiaturos
1284 868 1402 923 esse
1446 851 1779 921 iuraverant,

183 942 474 997 excludere
505 952 685 999 tamen
711 943 893 1027 F195
929 942 1353 1005 misericordiam
1395 958 1493 1015 nec
1535 950 1659 1015 post
1686 958 1775 997 sa-

182 1042 457 1087 cramenta
487 1044 809 1107 potuerunt;
842 1035 894 1090 in
928 1045 1136 1092 tantum
1172 1036 1503 1091 humanitate
1533 1033 1685 1097 moti,
1721 1040 1789 1107 ut.

181 1123 309 1178 dum
341 1124 519 1181 alieno
549 1128 766 1201 negotio
795 1128 1105 1196 consulunt,
1138 1145 1290 1185 suum
1319 1143 1457 1199 pene
1487 1128 1775 1186 oblivisce-

181 1224 389 1271 rentur.
424 1215 561 1272 Nihil
588 1235 684 1273 vos
712 1219 925 1286 durum,
959 1220 1089 1275 nihil
1131 1220 1369 1279 insolens
1397 1220 1772 1291 deprecamur.

182 1303 390 1362 Vestris
409 1324 505 1363 vos
533 1317 785 1381 pnestate
813 1328 909 1381 pro
936 1312 1106 1377 vobis,
1136 1311 1281 1383 quod
1310 1312 1676 1384 praestiterunt
1699 1310 1775 1366 illi

158 1389 456 1455 'extraneis
483 1408 669 1455 contra
697 1419 774 1458 se.
807 1402 965 1459 Certe
990 1419 1090 1461 nec
1116 1419 1278 1460 causa
1302 1402 1409 1458 illic
1430 1402 1647 1487 j‘ustior,
1676 1419 1774 1458 nec

178 1505 416 1560 persona
454 1492 685 1569 cbarior,
714 1511 815 1551 uec
834 1495 1103 1551 audientia
1128 1495 1429 1569 humanior,
1462 1512 1562 1551 nec
1589 1503 1775 1555 oratur

180 1582 388 1649 gratior
416 1582 533 1638 fuit;
559 1583 671 1640 Illic
693 1587 951 1655 agebatur
981 1602 1079 1663 pro
1120 1586 1368 1651 crimine,
1399 1587 1487 1644 hic
1513 1604 1611 1658 pro
1639 1587 1771 1643 alTe~

180 1681 303 1739 ctu;
329 1676 437 1731 illic
462 1691 561 1747 pro
580 1678 870 1751 extraneis,
903 1678 988 1734 hic
1015 1695 1112 1750 pro
1141 1675 1291 1745 ﬁliis;
1324 1680 1433 1735 illic
1455 1680 1596 1751 apud
1622 1680 1774 1750 jura-

180 1772 266 1821 tos
308 1766 542 1836 judiees,
593 1768 679 1824 hic
720 1768 860 1845 apud
906 1769 1170 1841 injuratos
1212 1762 1499 1845 parentes;
1532 1772 1639 1828 illic
1678 1788 1775 1847 per

1880 576 2222 647 ctionemque
2249 592 2405 632 suam
2430 576 2593 632 latius
2614 576 2862 644 fundens,
2886 577 3012 635 fecit
3032 580 3255 635 salutem
3278 583 3469 639 anima:

1880 678 1984 727 tua:
2013 685 2181 741 usque
2221 669 2287 725 ad
2316 669 2546 729 salutem
2592 670 2855 741 corporis,
2883 670 3183 741 pervenire.
3213 671 3469 745 Quamyis

1880 776 1981 831 ego
2021 778 2088 818 ne
2116 761 2253 820 hanc
2278 761 2495 833 quidem
2535 761 2629 816 tibi
2666 777 2832 832 quam
2877 765 3172 834 pertulisti,
3207 769 3471 835 terrestris

1879 854 2082 909 vasculi
2112 850 2474 908 inﬁrmitatem
2503 842 2743 908 obfuisse
2787 851 3111 931 existimem,
3141 856 3291 926 cujus
3321 857 3470 915 forti-

1881 942 2031 1011 tudo,
2068 956 2125 999 ut
2161 943 2284 1009 scis,
2323 943 2487 998 menti
2522 958 2736 1015 semper
2771 942 2984 1000 inimica
3018 955 3119 1001 est.
3162 945 3231 1004 υι
3266 955 3317 1004 te
3350 949 3472 1018 jure

1880 1052 2022 1092 nunc
2051 1044 2203 1093 tanto
2232 1034 2510 1092 fortiorem
2540 1034 2732 1107 spiritu
2763 1041 2968 1106 putem,
3000 1048 3203 1109 quanto
3234 1041 3471 1098 imbecil-

1880 1128 1983 1182 lior
2014 1143 2177 1184 carne
2210 1144 2329 1184 esse
2350 1128 2579 1200 coepisti.
2613 1128 2748 1183 Caro
2772 1130 2943 1191 enim.
2971 1131 3142 1201 inquit
3162 1133 3467 1203 Apostolus,

1880 1220 2190 1292 concupiscit
2211 1219 2453 1278 adrersus
2475 1221 2733 1293 spiritum,
2747 1222 2958 1292 spiritus
2974 1220 3218 1277 adversus
3238 1241 3465 1281 carnem.

1884 1308 2012 1365 ch
2040 1298 2176 1365 enim
2205 1311 2423 1367 invicem
2450 1310 2549 1366 sibi
2578 1311 2948 1367 adversantur:
2966 1321 3143 1368 utnon
3160 1332 3275 1386 qua:
3296 1317 3466 1391 vallis,

1880 1401 1973 1457 illa
2011 1403 2221 1475 faciatis
2262 1400 2416 1473 (Gal.
2448 1420 2499 1470 v,
2536 1402 2658 1474 l7).
2702 1401 2844 1476 Ergo
2884 1405 2928 1461 si
2974 1416 3306 1477 repugnante
3351 1426 3472 1463 cor-

1879 1508 2012 1563 pore
2030 1508 2150 1564 qua:
2173 1492 2416 1549 volumus
2437 1492 2614 1549 facere
2635 1510 2740 1550 non
2762 1510 3069 1567 possumus,
3098 1494 3472 1556 inlirmanduut

1880 1600 2040 1639 carne
2079 1590 2161 1639 est
2192 1593 2250 1639 ut
2276 1593 2460 1655 optata
2491 1584 2766 1643 faciamus.
2799 1585 2868 1641 Et
2894 1603 3078 1642 verum
3101 1594 3203 1642 est.
3239 1597 3262 1625 ι
3292 1588 3468 1645 imbe-

1878 1676 2070 1734 cillitas
2098 1678 2240 1732 enim
2258 1677 2436 1755 carnis
2455 1677 2651 1733 mentis
2671 1676 2907 1748 vigorem
2929 1680 3163 1743 exacuit;
3186 1686 3241 1735 et
3266 1680 3472 1739 allectis

1880 1766 2121 1832 artubus,
2154 1765 2293 1821 vires
2317 1782 2605 1838 corporum
2628 1768 2681 1822 in
2705 1766 2928 1823 virtutes
2953 1767 3344 1825 transferuntur
3362 1770 3472 1827 ani-

180 1868 457 1931 oratorem
504 1862 596 1933 qui
643 1863 1086 1931 circumscribere
1137 1865 1445 1927 nitebantur
1466 1908 1481 1933 ,
1539 1866 1627 1922 hic
1679 1883 1776 1939 per
1807 1860 1857 1924 Β
1879 1870 2089 1917 morum
2122 1880 2133 1913 ι
2163 1869 2220 1915 ιιι
2247 1860 2377 1917 mihi
2407 1872 2577 1928 genus
2603 1860 2873 1931 (ιιιοάἀηω
2898 1860 3145 1916 “nimis
3164 1876 3280 1916 8850
3316 1862 3473 1935 198

179 1960 419 2023 neptem,
448 1970 567 2031 quae
595 1970 703 2025 quo
738 1972 834 2012 vos
874 1957 991 2028 ipsa
1020 1956 1255 2013 infantiae
1287 1975 1396 2017 sua:
1432 1959 1773 2030 simplicitate

178 2042 301 2117 plus
329 2054 564 2110 moveat,
596 2042 771 2101 adhuc
793 2062 983 2118 rogare
1010 2064 1115 2104 non
1146 2050 1314 2113 novit.
1346 2049 1482 2123 Quid
1522 2056 1604 2106 est
1631 2049 1775 2121 quod

179 2148 356 2189 causa:
384 2133 561 2189 desit?
588 2136 734 2205 quod
783 2152 979 2193 novum
1022 2135 1397 2206 inquirendum
1442 2146 1525 2193 est
1567 2139 1776 2193 inaudi-

180 2232 403 2295 tumque
433 2224 781 2301 suffragium?
810 2224 947 2280 Num
970 2235 1352 2287 extraneorum
1376 2226 1517 2298 apud
1540 2244 1638 2287 vos
1666 2243 1781 2298 prc-

178 2316 335 2377 cibus
365 2319 622 2393 utendqu
650 2319 771 2373 est?
820 2318 1047 2389 Semper
1094 2319 1146 2379 in
1190 2335 1377 2376 amore
1418 2319 1629 2373 cautela
1675 2326 1776 2381 est.

177 2406 353 2465 Nemo
383 2412 527 2465 enim
565 2410 758 2465 melius
786 2410 962 2483 diligit
988 2425 1149 2479 quam
1189 2410 1283 2483 qui
1308 2402 1541 2465 maxime
1570 2406 1785 2477 veretur

180 2500 483 2557 offendere.
536 2500 687 2556 l‘nde
734 2516 835 2577 ego
884 2490 1026 2557 nunc
1072 2503 1280 2561 veniam
1328 2510 1474 2573 peto,
1505 2518 1613 2556 non
1654 2503 1776 2571 quia

182 2591 482 2665 olifendisse
513 2608 597 2646 me
628 2593 889 2657 noverim,
914 2593 1008 2648 sed
1038 2600 1094 2647 ut
1122 2592 1299 2649 locum
1328 2593 1544 2648 offensa!
1566 2594 1776 2663 penitus

185 2700 307 2749 non.
337 2682 659 2754 relinquam;
692 2700 790 2739 nec
836 2684 1162 2741 conscientia
1208 2684 1410 2755 culpae,
1442 2684 1537 2747 sed
1567 2686 1775 2740 ratione

180 2780 243 2826 et
283 2771 459 2827 officio
505 2773 813 2840 charitatis;
867 2782 923 2828 ut
968 2774 1227 2844 majorem
1257 2774 1399 2846 apud
1455 2781 1507 2829 te
1553 2775 1775 2832 allectus

179 2864 411 2933 gratiam
442 2865 742 2923 obsecratio
772 2866 1040 2923 mereatur
1067 2866 1291 2928 innoxii,
1324 2874 1379 2920 et
1408 2868 1579 2920 amori
1609 2864 1773 2936 proli-

182 2940 294 3011 ciat
321 2936 647 3029 supplicanti
680 2964 829 3010 reatu
859 2972 1081 3021 carens;
1114 2957 1424 3026 habeasque
1454 2958 1570 3028 plus
1600 2956 1651 3011 in
1684 2957 1775 3010 lilii

182 3048 260 3103 tui
311 3048 687 3119 deprecatione
734 3050 877 3119 quod
925 3049 1132 3118 diligas,
1180 3051 1225 3103 si
1274 3068 1379 3105 non
1421 3050 1589 3105 habes
1635 3050 1778 3120 quod

185 3139 446 3195 remittas.
481 3140 796 3212 Quanquam
826 3149 1029 3197 temere
1061 3140 1288 3195 fortasse
1331 3142 1485 3195 nobis
1524 3141 1589 3195 de
1621 3143 1777 3196 inno-

1878 1951 2142 2017 videatur,
2175 1952 2446 2006 hominem
2475 1949 2743 2007 interdum
2792 1967 2899 2006 non
2932 1966 3051 2007 esse
3080 1968 3287 2007 sanum.
3316 1942 3477 2009 Nulla-

1876 2044 2020 2099 enim
2044 2043 2333 2098 admodum
2350 2053 2461 2099 tum
2482 2042 2693 2114 spiritui
2715 2059 2836 2098 cum
2856 2061 3104 2114 corpore,
3124 2044 3177 2099 id
3198 2051 3301 2109 est,
3324 2045 3469 2099 nulla

1879 2133 2073 2189 divina:
2102 2131 2266 2187 indoli
2288 2149 2410 2187 cum
2440 2142 2655 2188 terreno
2682 2134 2839 2188 hoste
2860 2135 3083 2191 luctatio
3098 2146 3200 2192 est.
3216 2136 3331 2190 Non
3354 2145 3469 2191 tur-

1881 2224 2037 2292 pibus
2058 2222 2288 2280 flammis
2310 2223 2557 2279 medulla:
2577 2232 2826 2293 :estuant,
2845 2240 2950 2281 non
2974 2228 3301 2282 malesanam
3331 2243 3470 2283 men-

1884 2321 1992 2367 tem
2040 2313 2258 2367 latentia
2290 2312 2557 2369 incentiva
2606 2314 2958 2380 succendunt,
2991 2333 3097 2372 non
3138 2320 3258 2387 vagi
3286 2334 3473 2374 sensus

1881 2418 1979 2474 per
2007 2405 2151 2459 varia
2175 2404 2568 2460 oblectamenta
2611 2405 2920 2469 lasciviunt;
2952 2408 3047 2463 sed
3093 2408 3207 2464 sola
3240 2409 3473 2465 exsultat

1879 2497 2074 2561 anima,
2107 2497 2225 2551 keta
2273 2510 2500 2567 corpore
2527 2495 2721 2552 aﬂ'ecto
2746 2500 2897 2569 quasi
2945 2498 3253 2556 adversario
3282 2500 3469 2569 subju~

1875 2598 2022 2658 gato.
2056 2587 2241 2647 Gaude
2270 2603 2418 2657 ergo,
2462 2588 2678 2645 alumna
2725 2588 2952 2656 Christi;
3002 2606 3216 2663 semper
3256 2592 3470 2664 quidem

1874 2682 2133 2752 simplicis
2175 2689 2231 2737 et
2272 2682 2488 2757 quieta),
2530 2682 2625 2745 sed
2655 2700 2795 2738 nunc
2844 2684 3014 2753 magis
3060 2681 3332 2740 defa'catae
3361 2693 3467 2743 tua:

1877 2774 2071 2827 mentis
2109 2783 2163 2827 et
2193 2772 2374 2828 libera:
2419 2774 2619 2828 ostium
2650 2773 2818 2843 aperi,
2850 2783 2906 2828 et
2955 2772 3200 2839 detrahe,
3235 2782 3293 2829 ut
3316 2776 3468 2844 legis,

1877 2862 2156 2933 Spiritum.
2179 2872 2423 2920 sanctum
2453 2864 2471 2937 (
2498 2864 2692 2918 Psalm.
2750 2880 2931 2930 cxvlu,
2959 2864 3051 2919 l3l
3092 2867 3129 2933 ).
3164 2852 3479 2935 Nunquam,

1880 2963 1936 3010 ut
1980 2962 2132 3026 puto,
2183 2957 2484 3011 habitatore
2532 2956 2642 3010 Deo
2690 2956 2902 3024 dignior
2942 2957 3193 3013 exstitisti
3228 2977 3239 3010 :
3272 2969 3474 3030 quanto

1881 3047 2198 3105 imbecillior
2218 3064 2465 3119 corpore,
2502 3057 2652 3103 tanto
2695 3052 2882 3121 purior
2908 3066 3089 3106 sensu.
3125 3036 3474 3121 Vincentiqu

1881 3154 2096 3194 carnem
2154 3146 2298 3193 tuam
2349 3140 2549 3195 morbis
2606 3148 2784 3196 mente
2815 3140 3008 3196 vicisti.
3062 3141 3212 3211 Felix
3243 3144 3287 3198 si
3335 3143 3477 3200 hano

184 3231 362 3285 eentia
389 3228 744 3297 blandiamur,
775 3232 903 3303 quid
936 3240 989 3287 tu
1013 3228 1083 3293 de
1109 3232 1263 3288 nobis
1309 3232 1509 3287 sentias
1536 3233 1777 3289 neScien-
1805 3219 1853 3281 Ε
1882 3247 2095 3305 semper
2114 3232 2357 3302 corporis
2388 3241 2617 3287 mortem
2652 3233 2705 3288 in
2740 3234 2899 3288 vitam
2933 3234 3154 3304 spiritus
3181 3250 3471 3290 conserva-

186 3335 288 3380 tes.
313 3322 414 3378 Tui
438 3326 583 3381 enim
611 3325 767 3379 nohis
794 3341 983 3380 sensus
1013 3325 1182 3394 magis
1208 3340 1369 3396 quam
1414 3333 1613 3389 nostr-.L-
1661 3326 1779 3396 opi-

186 3417 366 3472 nionis
392 3417 533 3472 ratio
580 3416 824 3471 habenda
866 3424 965 3471 est.
1005 3414 1265 3487 Superest
1312 3430 1441 3485 ergo
1470 3425 1529 3471 ut
1568 3418 1613 3472 si
1640 3417 1781 3487 quid

186 3507 331 3562 aliud
354 3515 407 3562 et
427 3506 680 3577 quidquid
705 3506 832 3562 illud
861 3507 1207 3569 commissum
1235 3523 1264 3561 a
1288 3507 1443 3563 nobis
1471 3516 1572 3573 est,
1605 3515 1661 3563 tu
1689 3509 1782 3578 qui

186 3598 236 3653 id
268 3598 471 3655 offensa
501 3599 719 3675 dignum
743 3608 916 3671 putas,
950 3600 1106 3657 venia
1137 3617 1354 3672 quoque
1381 3618 1486 3656 non
1508 3602 1782 3680 indignum

187 3689 481 3745 arbitreris.
511 3687 734 3745 Pulchre
766 3688 863 3745 tibi
902 3691 1019 3761 ipse
1062 3692 1113 3746 in
1146 3700 1359 3753 tuorum
1390 3699 1543 3746 reatu
1571 3686 1783 3747 satisfa-

156 3781 321 3855 ‘cie's.
365 3780 502 3835 Nihil
542 3779 610 3855 de
649 3781 852 3837 ultione
890 3781 1068 3857 perdit
1112 3780 1220 3836 ﬁlio
1261 3782 1545 3849 ignoscens
1580 3790 1735 3851 pater
1766 3799 1779 3835 :

187 3872 316 3942 quia
359 3870 563 3933 felicius
603 3874 771 3928 multo
800 3882 884 3928 est
928 3882 985 3928 et.
1030 3872 1349 3928 laudabilius
1396 3873 1507 3928 suis
1550 3872 1785 3941 aliquem

186 3967 357 4019 etiam
386 3965 651 4019 immerito
678 3966 993 4034 ignoscere,
1025 3976 1187 4033 quam
1230 3966 1284 4019 in
1325 3980 1451 4018 suos
1481 3963 1644 4018 etiam
1674 3979 1787 4018 meo

187 4057 300 4111 rito
325 4056 612 4111 vindicare.
640 4054 793 4111 Vale.

632 4258 637 4261 1
686 4183 855 4269 ωε,
880 4178 1211 4234 EPISTOLA
1250 4180 1310 4233 v.

790 4286 856 4327 ΑΒ
893 4284 1139 4349 ωττυαᾼ
1147 4286 1200 4326 If.

258 4388 499 4445 (Battum:
563 4388 741 4451 mi
798 4388 1101 4453 Salvianus.
1158 4388 1275 4445 Etsi
1332 4390 1563 4447 docente
1618 4391 1784 4453 Paulo

189 4479 440 4553 apostolo
484 4478 611 4548 quid
641 4481 927 4535 conveniat
970 4495 1067 4535 nos
1109 4495 1266 4553 orare
1304 4483 1573 4538 nescimus
1603 4483 1780 4555 (Rom.

190 4590 301 4647 vui,
323 4569 414 4642 26)
441 4587 455 4636 ;
486 4585 594 4640 quo
625 4568 683 4629 lit
712 4579 770 4627 ut
798 4571 1065 4637 interdum
1092 4572 1223 4653 quid
1248 4573 1385 4630 velle
1423 4582 1517 4629 aut
1546 4574 1783 4645 gaudere
1809 4584 1863 4646 Ι)

190 4674 444 4736 oporteat
483 4665 825 4727 nesciamus:
861 4672 1045 4725 tamen
1088 4680 1190 4736 ego
1229 4683 1328 4737 pro
1371 4670 1645 4727 communi
1684 4669 1785 4735 hu—

92 4804 93 4809 .
192 4756 337 4839 mani
362 4752 577 4826 generis
600 4754 796 4811 aﬂeetn
826 4756 957 4826 (quo
980 4770 1169 4811 omnes
1196 4756 1486 4817 admodum
1516 4758 1782 4823 homines,

195 4851 277 4919 pie
306 4846 481 4916 magis
507 4862 670 4916 quam
700 4849 990 4919 sapienter,
1040 4864 1134 4911 eos
1160 4851 1251 4925 qui
1307 4851 1464 4927 nobis
1493 4864 1631 4906 cura:
1661 4860 1787 4907 sunt

194 4939 439 5010 cupimus
483 4954 647 5007 quam
685 4938 983 5007 diutissime
1027 4956 1151 4997 esse
1204 4942 1524 5010 nobiscum)
1573 4942 1786 5016 gaudeo

195 5033 337 5100 quod
388 5040 507 5101 post
549 5046 769 5099 gravem
816 5032 1234 5100 diuturnumque
1290 5036 1572 5095 morbum,
1631 5050 1784 5104 spem

198 5123 355 5176 ctiam
381 5124 657 5197 praesentis
680 5122 799 5176 vitas
833 5122 1044 5199 indepta
1081 5140 1157 5183 es,
1191 5140 1307 5192 quae
1358 5126 1545 5193 futura-
1574 5142 1787 5201 semper

201 5214 446 5295 habuisti.
502 5214 818 5269 Benedictus
860 5216 1039 5284 itaque
1082 5216 1338 5270 Dominus
1390 5216 1527 5271 Deus
1578 5230 1785 5295 uoster,

200 5290 286 5371 q‘ui
312 5321 529 5375 semper
554 5306 769 5376 sp’ritus
798 5308 875 5363 tui
901 5315 1103 5370 elisi-06,
1135 5324 1276 5365 limit.
1325 5310 1601 5379 praeripuit.
1623 5290 1786 5366 etiam

202 5398 375 5451 carnis
416 5395 542 5462 fuit;
572 5406 626 5451 et
654 5396 706 5452 iii
735 5406 787 5452 te
832 5412 1052 5471 manens
1094 5408 1259 5471 teque
1294 5400 1608 5457 custodiens
1631 5444 1643 5466 ,
1678 5418 1788 5458 ma-

204 5503 321 5543 num
370 5503 521 5559 sitam
569 5503 637 5545 ex
685 5470 1025 5555 interioribus
1071 5491 1176 5571 tuis
1207 5507 1374 5563 usque
1423 5494 1488 5563 ad
1518 5495 1787 5553 exteriora

205 5581 471 5647 munit;
503 5596 607 5639 nec
644 5581 817 5676 solum
862 5589 1046 5637 sancta
1092 5591 1423 5651 sanctorum,
1472 5585 1571 5639 sed
1616 5586 1783 5641 etiam

1882 3323 1975 3385 iis.
2009 3312 2302 3378 Exstinctis
2324 3324 2375 3378 in
2406 3333 2456 3378 te
2482 3324 2704 3379 forsitan
2735 3327 2943 3382 cunctis
2975 3326 3328 3382 humanarum
3350 3334 3471 3383 ten-

1883 3415 2147 3471 tatiouum
2178 3417 2478 3481 incentivis,
2520 3417 2722 3472 habere
2770 3418 3173 3489 quodammodo
3223 3426 3470 3474 naturam

1884 3490 2074 3564 anitna:
2123 3511 2283 3564 etiam
2317 3510 2367 3564 in
2399 3526 2560 3565 carne
2606 3510 2943 3582 cmpisti.'Ut
2990 3513 3120 3567 mihi
3151 3517 3257 3567 non'
3301 3512 3476 3568 solum

1884 3618 2078 3674 magna
2109 3603 2201 3657 Dei
2225 3602 2644 3674 dispensatione,
2686 3604 2780 3665 sed
2809 3606 2972 3661 etiam
3008 3620 3201 3674 magno
3230 3621 3477 3675 munere,

1886 3704 1941 3751 et
1978 3703 2105 3750 aute
2144 3704 2432 3767 :egrolasse
2458 3704 2514 3749 et
2544 3712 2685 3752 nunc
2712 3696 3051 3753 convaluisse
3080 3695 3327 3752 videaris.
3383 3696 3476 3749 ΑΞ-

1884 3786 2109 3854 grotasti
2130 3787 2274 3845 enim
2304 3786 2564 3841 hactenus
2611 3786 2678 3840 ad
2726 3788 2978 3842 virtutem
3016 3788 3236 3856 spiritus
3278 3787 3474 3841 contir-

1888 3877 2158 3939 maudam,
2210 3892 2397 3931 secura
2426 3878 2647 3931 forsitan
2678 3879 2968 3931 sanitatem
3008 3893 3149 3931 nunc
3178 3877 3479 3944 adipiscens
3528 3894 3535 3899 ν

1884 3967 1995 4035 jam
2038 3982 2202 4020 carne
2232 3976 2517 4036 superata;
2562 3977 2620 4020 ut
2643 3976 2769 4036 post
2808 3969 2948 4020 hanc
2977 3966 3239 4020 redditam
3266 3967 3479 4035 corpori

1894 4056 2319 4112 incolumitatem
2349 4056 2465 4111 sine
2488 4056 2592 4110 ulla
2622 4057 2815 4112 anima:
2845 4055 3151 4112 inﬁrmitate
3180 4056 3479 4128 possideas,

1810 4193 1817 4199 .
1892 4154 1949 4201 et
1972 4147 2053 4202 ita.
2071 4160 2200 4201 caro
2229 4146 2408 4203 valere
2437 4147 2657 4217 incipiat
2686 4156 2743 4202 ut
2761 4148 2875 4218 jam
2906 4149 3134 4204 tentatio
3160 4164 3268 4205 non
3297 4164 3479 4204 resur—

1893 4246 2004 4307 gat.
2036 4236 2199 4309 νειῷ
2356 4276 2357 4287 ι
2776 4296 2785 4303 .

2455 4372 2792 4437 εριδτοιμιι
2826 4375 2939 4465 v1.

2479 4527 2548 4571 AD
2586 4526 2863 4591 ιτιμεωυη.

1962 4651 2206 4723 Limenio
2235 4659 2521 4723 Salvianus
2574 4666 2643 4727 in.
2676 4664 2906 4735 Donum)
2928 4669 3176 4741 salutem.
3228 4666 3343 4729 Etsi
3369 4670 3482 4724 scio‘

1890 4762 2149 4816 honestas
2172 4767 2387 4819 mentes
2425 4759 2579 4835 probi
2627 4757 2855 4814 aﬂectus
2906 4774 3015 4814 non
3064 4759 3327 4824 oblivisci,
3363 4757 3483 4814 ideo

1890 4851 2014 4921 quia
2035 4849 2162 4909 boni
2184 4848 2237 4903 in
2258 4848 2421 4913 bonis,
2433 4848 2622 4923 studiis
2642 4849 2794 4927 quasi
2812 4856 3063 4912 naturam
3084 4849 3482 4919 quodammodo

1891 4958 2042 4999 suam
2081 4941 2340 5015 diligunt;
2383 4950 2565 5007 latium
2600 4938 2747 5015 quia,
2795 4949 3052 5017 (maritum
3100 4941 3153 4999 in
3198 4940 3352 5007 nobis
3381 4948 3483 5009 est,

1893 5027 2090 5099 augere
2110 5048 2213 5087 nos
2246 5032 2401 5101 ιω·
2428 5044 2668 5089 amoma
2690 5031 2954 5091 hortulum
2985 5031 3279 5091 atnicorulu
3305 5030 3483 5087 ollicio

1892 5134 2077 5180 nostro
2106 5124 2390 5186 convenit,
2440 5120 2836 5183 admonendum
2880 5134 2935 5177 te
2986 5125 3265 5179 charitatis
3297 5124 3423 5174 ol‘m
3454 5139 3482 5173 ιι

1896 5232 1979 5275 me
2006 5225 2219 5283 erepta;
2255 5230 2423 5285 imper
2453 5234 2493 5279 ει,
2527 5222 2576 5277 lc
2607 5224 2774 5271 aucta:
2823 5216 3156 5279 existimavi;
3198 5222 3254 5287 ut
3302 5213 3481 5271 lcgcus

1894 5308 2151 5377 epistolas
2179 5324 2345 5373 meas,
2370 5309 2499 5365 dum
2522 5310 2573 5367 in
2605 5324 2693 5370 me
2717 5308 2952 5369 studium
2989 5308 3069 5365 tui
3109 5305 3315 5365 mutuus
3340 5300 3475 5355 title»

1896 5405 1985 5467 ris,
2020 5404 2075 5455 in
2096 5411 2147 5455 te
2172 5402 2274 5459 mei
2304 5404 2648 5458 au'enderes.
2686 5403 2834 5457 Dabit
2868 5407 3076 5457 autern,
3115 5410 3220 5449 non
3249 5391 3481 5458 ambigo,

1896 5493 2033 5550 Deus
2055 5503 2235 5553 noster
2264 5502 2324 5555 ut
2362 5493 2609 5553 all‘cetum
2639 5493 3069 5549 Christianorum
3114 5478 3480 5559 mtercipietis,

1890 5588 2088 5645 Christi
2116 5589 2233 5658 ipse
2256 5568 2485 5649 εὔζωμα
2498 5586 2614 5645 fias.
2652 5582 2799 5645 ναις.
2814 5582 2875 5638 in
2892 5574 3145 5637 Domino.

1377 5737 1711 5794 STEPHANI
1749 5740 2017 5801 BALU'LII
2054 5742 2283 5798 NOTAE.

276 5858 302 5891 ι
330 5850 465 5914 Vide
493 5868 654 5927 supra
684 5851 774 5907 lib.
808 5867 842 5905 ι.
874 5848 942 5904 de
970 5847 1390 5918 Gubernatione,
1422 5867 1541 5924 pag.
1582 5853 1662 5911 10.
1711 5858 1723 5864 ’
