4088 6360
600 320 698 382 I67

609 385 624 396 λγ
1150 422 1481 482 EPISTULA
1520 421 1630 476 vn.

1090 559 1155 598 AD
1185 558 1360 597 APRUI
1390 558 1458 596 ΕΤ
1488 556 1685 596 VERUM.

673 687 815 756 Apro
859 690 914 736 et
963 679 1101 733 Vero
1145 677 1452 734 Salvianus.
1491 674 1662 731 Ofﬁcii
1685 673 1773 739 sit,
1806 688 1872 726 an
1903 669 2181 742 impuden-

603 782 706 842 ti-.e,
737 774 876 846 quod
906 773 1051 846 prius
1079 771 1150 826 ad
1179 788 1274 826 vos
1301 769 1492 841 scripsi
1517 783 1677 839 quam
1707 784 1737 821 a
1767 766 1918 821 vobis
1933 765 2022 835 jus
2049 763 2182 819 scri-

601 873 756 927 bendi
786 870 1082 940 acciperem
1110 906 1124 930 ,
1158 865 1318 920 'malo
1361 864 1521 920 vestri
1551 877 1668 918 esse
1691 859 1879 931 judicii
1907 873 2068 927 quam
2097 872 2182 912 as-

599 964 846 1021 sertionis
875 977 1034 1026 meae;
1075 960 1198 1030 quia
1228 974 1316 1013 res
1343 957 1502 1011 dubia
1531 971 1594 1010 ac
1623 955 1794 1008 latens
1824 953 2014 1007 melius
2041 965 2181 1006 sem-

602 1070 696 1125 per
723 1054 877 1108 bonis
907 1049 1415 1122 interpretatorihus
1441 1062 1601 1118 quam
1631 1045 1787 1100 malis
1813 1041 2186 1098 defensoribus

461 1115 466 1119 ‘
517 1152 522 1156 ’
599 1115 854 1202 creditur.
895 1131 1014 1198 Sed
1032 1115 1156 1197 licet
1194 1142 1308 1196 lucc
1351 1115 1477 1195 vere
1504 1155 1564 1194 se
1592 1138 1664 1192 ita
1692 1137 1929 1192 habeant
1957 1143 2011 1190 et
2039 1150 2068 1188 a
2097 1149 2186 1190 me

602 1238 674 1292 ita
704 1253 824 1291 esse
875 1236 1158 1298 ducantur,
1211 1243 1389 1289 tamen
1435 1232 1480 1286 si
1529 1230 1655 1301 quid
1708 1230 1760 1284 in
1792 1229 1902 1284 veri
1932 1228 2188 1299 opinione

599 1328 893 1384 secundum
922 1326 1326 1395 intelligentiam
1355 1339 1527 1379 meam
1558 1321 1656 1385 sit,
1686 1319 2010 1376 audiendum
2039 1335 2069 1374 a
2097 1335 2187 1374 me

601 1422 834 1494 putatis,
869 1435 969 1488 ego
1005 1420 1083 1475 sic
1119 1418 1371 1480 arbitror,
1403 1415 1447 1470 si
1491 1414 1706 1483 quando
1735 1412 1803 1469 de
1828 1410 2007 1466 officio
2035 1409 2184 1466 defe-

599 1514 769 1570 rendo
795 1514 971 1584 parvis
993 1554 1007 1578 ,
1061 1520 1117 1566 ut
1145 1524 1246 1579 ego
1275 1524 1393 1564 sum
1412 1550 1426 1574 ,
1459 1507 1599 1578 apud
1627 1505 1961 1576 superiores,
2003 1512 2064 1558 ut
2091 1519 2188 1559 vos

599 1606 748 1672 estis,
780 1613 963 1660 sancta
994 1602 1269 1659 contentio
1297 1609 1398 1666 est,
1430 1600 1620 1655 melius
1648 1615 1744 1653 eos
1770 1597 1948 1652 facere
1977 1597 2024 1653 si
2048 1613 2181 1668 pra:-

599 1707 864 1769 occupent
907 1698 1107 1777 scripto
1137 1703 1396 1768 patronos
1443 1709 1572 1748 suos
1598 1707 1758 1762 quam
1786 1692 1830 1745 si
1862 1691 1930 1746 ab
1960 1690 2024 1744 iis
2051 1686 2190 1760 prae:

1534 308 1589 363 S.
1634 303 1948 363 SALVIANI
1991 277 2464 357 MASSILIENSIS‘
2494 291 2919 350 PRESBYTERI

2208 417 2262 477 Α
2286 410 2405 466 nori
2433 407 2592 465 cedat
2619 404 2818 461 ofﬁcio.
2850 404 2995 469 Haec,
3025 402 3098 458 mi
3118 401 3323 456 domini
3343 400 3700 466 venerabiles,
3733 399 3905 471 juxta

3796 301 3912 359 168

2287 498 2687 572 opiniunculam
2732 511 2908 552 meam
2960 511 3067 550 non
3114 501 3223 547 tam
3251 494 3674 564 przesumptione
3705 492 3904 548 scien-

2289 593 2376 648 tia:
2401 607 2564 662 quam
2591 590 2798 644 honore
2825 584 3139 642 reverentiae
3165 591 3358 639 vestra:
3384 583 3669 640 scribenda
3698 583 3781 640 ad
3805 599 3905 641 vos

2285 682 2488 755 putavi.
2548 679 2605 736 Si
2652 677 2793 734 aliud
2837 692 2936 732 vos
2981 676 3181 732 sentire
3229 675 3606 740 ostenderitis,
3635 690 3748 745 ego
3781 691 3902 732 ma-

2289 789 2416 830 nmn
2446 772 2513 827 ad
2542 787 2605 828 os
2632 785 2812 826 meum
2841 784 3071 840 ponam;
3114 776 3172 823 et
3193 767 3345 837 juxta
3375 767 3685 839 exemplum
3718 771 3905 826 sancti

2289 862 2423 929 Job,
2453 862 2546 932 qui
2583 855 2706 932 post
2731 860 2968 916 divinam
2995 874 3184 914 vocem
3227 859 3280 914 in
3310 860 3784 930 comparationem
3818 861 3901 916 lo-

2290 954 2503 1025 quentis
2531 953 2625 1010 Dei
2655 967 2880 1024 parvum
2923 967 2982 1006 se
3019 958 3076 1006 et
3112 950 3434 1006 imbecillum
3463 967 3582 1007 esse
3609 954 3898 1022 cognovit,

2289 1056 2486 1103 terram
2515 1062 2631 1112 me,
2662 1054 2720 1100 ut
2746 1061 2895 1110 sum,
2927 1043 3222 1114 squalidam
3245 1084 3260 1109 ,
3300 1043 3359 1099 'et
3386 1043 3721 1100 insincerum
3754 1045 3898 1101 cice-

2289 1157 2402 1196 rem
2427 1139 2681 1210 judicabo
2706 1179 2722 1203 ,
2769 1137 3050 1206 dicamque
3087 1134 3214 1190 illud
3241 1153 3254 1187 :
3285 1134 3464 1190 Semel
3491 1135 3708 1191 locutus
3738 1153 3894 1190 sum:

2289 1249 2398 1288 non
2429 1231 2676 1301 adjiciam
2701 1247 2714 1284 :
2745 1228 2856 1284 Nec
2886 1227 3152 1283 immerito
3177 1242 3192 1280 :
3225 1226 3464 1288 incidere
3491 1226 3637 1280 enim
3660 1227 3719 1281 in
3745 1227 3896 1282 false

2289 1315 2559 1396 opinionis
2606 1335 2844 1377 errorem
2887 1319 3200 1391 priusquam
3237 1333 3366 1372 vera
3413 1331 3746 1386 cognoscas,
3796 1319 3892 1374 im-

2289 1417 2447 1488 periti
2471 1415 2634 1471 animi
2669 1423 2752 1470 est
2771 1424 2827 1468 et
2855 1412 3138 1483 simplicis;
3171 1408 3521 1482 perseverare
3552 1426 3683 1467 vero
3718 1412 3775 1466 in
3807 1428 3891 1479 eo,

2291 1519 2574 1580 postquam
2603 1505 2911 1577 agnoveris,
2943 1503 3313 1560 contumaciae.
3341 1499 3551 1557 Valete.

2832 1592 3164 1650 EPISTOLA
3204 1592 3336 1648 VIII.

2876 1707 2943 1746 AD
2984 1703 3309 1744 EUCEERIUI.

599 1800 945 1864 occupentur.
988 1790 1121 1844 Nam
1154 1803 1280 1844 cum
1319 1787 1432 1857 ipsa
1459 1783 1725 1841 scribendi
1753 1781 2192 1851 rescribendiqne
2220 1802 2266 1864 Β
2364 1797 2390 1824 ιι
2417 1787 2645 1842 Domino
2691 1793 2748 1840 οι
2795 1782 3108 1839 dulcissimo
3157 1779 3426 1834 Eucherio
3455 1780 3736 1850 episcopo,
3769 1779 3890 1834 sal-

598 1882 882 1939 assiduitas
921 1880 1112 1935 dandis
1152 1878 1235 1934 vel
1264 1877 1496 1931 maxime
1525 1884 1579 1931 et
1608 1873 1894 1930 reddendis
1919 1872 2189 1942 obsequiis
2216 1891 2230 1907 ·

596 1974 897 2038 deferatur;
946 1959 1113 2028 multo
1163 1985 1384 2026 necesse
1430 1977 1514 2024 est
1561 1968 1812 2022 humilius
1851 1967 1919 2022 sit
1947 1974 2001 2022 et
2029 1966 2188 2022 obse-

598 2069 884 2140 quentius,
915 2066 1048 2120 dare
1087 2065 1394 2134 quempiam
1437 2077 1657 2132 operam
1688 2069 1746 2115 ut
1773 2059 2009 2116 officium
2039 2059 2190 2129 prius

595 2161 800 2216 deferat
827 2162 1333 2235 quanrexspectare
1362 2161 1422 2209 ut
1443 2153 1590 2224 prius
1614 2152 1794 2222 capiat
1821 2169 1832 2203 :
1862 2150 2008 2220 quia,
2033 2148 2186 2218 juxta

597 2253 648 2307 id
677 2251 818 2322 quod
846 2265 1006 2320 supra
1045 2247 1305 2312 diximus,
1354 2244 1554 2300 delatio
1595 2240 1755 2298 officii
1792 2241 1975 2310 fugere
2012 2241 2185 2296 hono-

597 2359 711 2398 rem
735 2384 750 2407 ,
797 2338 1151 2396 dissimulatio
1192 2336 1448 2391 aﬂ‘ectare
1477 2334 1740 2390 videatur.
1782 2331 2031 2401 Congrue
2058 2345 2187 2400 ergo

598 2442 655 2509 et
699 2430 879 2486 multis
919 2428 1090 2483 modis
1132 2426 1523 2482 rationabiliter
1551 2431 1729 2480 actum
1761 2432 1862 2487 est,
1893 2432 1952 2477 ut
1979 2437 2080 2491 ego
2121 2421 2188 2476 ad

511 2567 520 2572 .
599 2537 698 2576 vos
734 2521 881 2591 prius
921 2519 1230 2574 scriberem.
1276 2515 1545 2582 Primum,
1576 2515 1704 2584 quia
1735 2513 1963 2583 turpiter
1991 2512 2058 2566 ad
2087 2513 2187 2567 ho-

601 2629 789 2670 norem
817 2610 1048 2666 ambisse
1075 2609 1287 2665 viderer
1316 2607 1554 2662 inferior.
1591 2605 1810 2672 Deinde,
1835 2605 1979 2675 quod
2000 2621 2097 2660 vos
2123 2605 2190 2658 ab

601 2703 746 2761 omni
792 2700 1164 2772 hujuscemodi
1198 2701 1359 2772 198
1386 2698 1653 2770 opinionis
1700 2706 1826 2753 nota
1871 2697 1944 2752 ita
1979 2712 2188 2752 morum

599 2804 898 2852 vestrorum
937 2793 1166 2862 dignitas
1206 2791 1472 2859 vindicat,
1506 2798 1564 2846 ut
1591 2806 1729 2862 pene
1753 2789 2012 2870 quidquid
2039 2807 2070 2844 a
2098 2807 2192 2846 vo-

597 2891 679 2960 bjs
708 2890 784 2954 fit,
818 2887 946 2944 nihil
977 2904 1084 2942 non
1113 2894 1263 2942 recte
1291 2884 1488 2941 factum
1517 2901 1636 2940 esse
1663 2885 1935 2967 credatur.
1969 2882 2189 2946 Postre-

597 3001 706 3046 mo,
738 2983 883 3053 quod
908 2984 1070 3039 etiam
1111 2983 1157 3037 si
1186 2983 1290 3036 hoc
1319 2983 1543 3037 consilio
1573 2998 1670 3036 vos
1700 2980 1768 3034 ad
1797 2995 1884 3034 me
1915 2992 2024 3034 non
2053 2979 2189 3036 scri-

597 3069 840 3147 psissetis
863 3115 878 3138 ,
929 3082 988 3128 ut
1015 3087 1116 3142 ego
1141 3080 1397 3143 peccator
1421 3079 1476 3126 et
1514 3071 1810 3147 imbecillus
1841 3069 1988 3140 prius
2013 3068 2190 3125 deler-

2291 1865 2480 1935 vianus
2508 1877 2809 1948 presbyter.
2852 1874 2981 1944 Legi
3001 1873 3168 1928 libros
3190 1887 3324 1942 quos
3351 1870 3717 1936 transmisisti,
3749 1871 3890 1942 style

2298 1971 2455 2042 199
2479 1969 2671 2024 breves
2693 2007 2708 2033 ,
2758 1966 3002 2023 doctrina
3049 1965 3268 2029 uberes,
3318 1962 3554 2018 lectione
3581 1963 3888 2034 expeditos,

2291 2061 2644 2118 instructione
2691 2059 2960 2130 perfectos
2982 2098 2996 2122 ,
3050 2056 3214 2111 menti
3267 2061 3372 2110 tua:
3401 2069 3468 2109 ac
3488 2054 3676 2125 pietati
3705 2071 3887 2125 pares.

2290 2155 2401 2210 Nec
2445 2155 2612 2232 miror
2657 2151 2800 2224 quod
2842 2160 2950 2206 tam
2982 2150 3112 2205 utile
3141 2164 3204 2204 ac
3232 2148 3516 2220 pulchrum
3543 2163 3679 2218 opus
3708 2147 3780 2202 ad
3807 2149 3888 2203 in-

2289 2247 2625 2304 stitutionem
2673 2244 3008 2316 potissimum
3059 2252 3368 2297 sanctorum
3415 2255 3480 2296 ac
3526 2239 3553 2279 δ
3599 2241 3890 2297 beatorum

2289 2341 2574 2412 pignorum
2603 2335 2908 2392 condidisti.
2950 2332 3085 2389 Cum
3114 2333 3259 2389 enim
3281 2331 3531 2388 eximium
3560 2332 3612 2386 in
3640 2332 3720 2386 eis
3745 2339 3892 2388 tem-

2291 2433 2438 2504 plum
2487 2430 2598 2484 Deo
2645 2428 2994 2484 aedificaveris
3019 2469 3033 2491 ,
3084 2425 3330 2481 doctrina
3377 2439 3524 2481 nova:
3561 2423 3892 2481 eruditionis

2291 2523 2446 2594 quasi
2491 2537 2758 2578 summum
2805 2518 3014 2573 aedilicii
3065 2518 3138 2572 tui
3185 2517 3398 2572 culmen
3449 2514 3690 2580 ornasti;
3745 2523 3890 2572 etut

2293 2613 2500 2669 indoles
2525 2619 2726 2668 sancta:
2753 2625 2907 2680 33un
2938 2608 3181 2664 doctrina
3210 2623 3272 2662 ac
3313 2607 3425 2662 vita
3449 2606 3886 2672 inlustrarentur,

2292 2721 2429 2777 quos
2453 2704 2643 2760 morali
2673 2702 3007 2758 institutione
3037 2701 3369 2763 formaveras
3387 2738 3402 2761 .
3434 2698 3662 2770 spiritali
3690 2698 3884 2754 instru-

2293 2797 2474 2852 ctione
2520 2793 2807 2851 decorasti.
2849 2792 3109 2864 Superest
3146 2798 3203 2846 ut
3243 2790 3504 2846 Dominus
3531 2789 3676 2845 Deus
3703 2798 3884 2846 noster

2293 2886 2446 2957 cujus
2472 2888 2616 2943 dono
2659 2883 3106 2941 admirandissimi
3141 2880 3367 2952 juvenes
3392 2881 3526 2936 tales
3554 2889 3699 2945 sunt,
3730 2896 3882 2953 pares

2293 2997 2390 3036 eos
2414 2980 2576 3035 faciat
2605 2978 2757 3033 libris
2786 2978 2891 3032 tuis
2915 3019 2929 3042 ,
2981 2975 3034 3031 id
3063 2983 3164 3040 est,
3217 2981 3277 3028 ut
3322 2973 3583 3044 quidquid
3610 2973 3685 3028 illi
3710 2972 3880 3028 conti-

2294 3080 2423 3127 nent
2474 3070 2526 3125 in
2574 3068 2852 3140 mysterio,
2903 3067 3008 3122 hoc
3053 3074 3276 3134 uterque
3325 3064 3540 3118 illorum
3588 3063 3786 3119 habeat
3830 3063 3879 3118 in

596 3183 710 3223 rem
740 3165 913 3221 officia
942 3180 1101 3234 quam
1124 3178 1391 3218 sumerem
1416 3180 1429 3228 ;
1455 3162 1544 3232 pio
1566 3163 1735 3232 magis
1766 3161 1819 3216 id
1840 3170 1935 3217 vos
1963 3161 2188 3216 consilio
2214 3170 2261 3234 ο
2293 3181 2482 3220 sensu:
2518 3162 2584 3218 Et
2619 3163 2744 3232 quia
2780 3160 2892 3230 jam
2921 3158 3324 3230 dispensatione
3351 3157 3530 3212 divina
3560 3165 3724 3227 atque
3744 3157 3879 3227 judi-

597 3258 782 3314 fecisse
835 3255 1251 3312 existimandum
1309 3262 1427 3309 erat
1475 3268 1634 3323 quam
1689 3253 1980 3324 arroganti.
2051 3250 2184 3307 Cum

593 3350 747 3407 enim.
766 3349 928 3405 totius
969 3346 1136 3403 ferme
1176 3344 1492 3400 humilitatis
1518 3353 1573 3399 et
1600 3350 1768 3414 prope
1795 3343 2036 3398 omnium
2063 3342 2185 3398 ofli-

593 3441 796 3496 ciorum
827 3439 1058 3510 palmam
1087 3435 1289 3506 indepti
1319 3435 1435 3489 sitis
1457 3475 1472 3500 ,
1519 3450 1626 3489 non
1657 3442 1764 3488 tam
1794 3433 1943 3488 credi
1972 3439 2169 3504 potera‘

594 3547 688 3587 vos
716 3532 888 3586 amico
926 3530 1159 3584 voluisse
1205 3529 1467 3582 honorem
1499 3541 1698 3596 negare
1725 3541 1888 3596 quam
1920 3543 2058 3581 onus
2088 3543 2187 3581 no—
2219 3575 2224 3584 .

594 3624 756 3682 luisse
785 3627 1078 3696 imponere.
1121 3623 1376 3689 Quamvis
1405 3621 1549 3676 enim
1578 3621 1866 3678 honestum
1896 3628 1951 3676 et
1978 3620 2185 3690 religio-

594 3734 711 3773 sum
753 3715 985 3771 studium
1013 3715 1083 3769 sit
1111 3728 1491 3784 pmoccupare
1517 3713 1816 3767 humilitate
1845 3720 1900 3766 et
1927 3713 2178 3777 vincere;

593 3818 774 3864 tamen
821 3805 1036 3878 quando
1085 3804 1224 3858 inter
1270 3804 1403 3859 tales
1444 3811 1502 3858 ut
1531 3819 1630 3858 nos
1657 3819 1859 3869 sumus,
1893 3803 1946 3858 id
1975 3811 2075 3869 est,
2109 3804 2190 3858 in-

593 3911 938 3957 ter.summos
985 3907 1146 3968 atque
1188 3896 1462 3960 intimum,
1488 3895 1882 3965 'hujuscemodi
1911 3898 2187 3966 negotium

594 4004 705 4060 est;
754 3991 1161 4054 abundantioris
1188 3989 1468 4046 charitatis
1502 4004 1616 4045 rem
1654 3989 1830 4062 major
1856 3990 1985 4046 facit
2014 3991 2059 4047 si
2088 3992 2188 4046 mi-

2291 3256 2377 3311 cio
2425 3254 2588 3310 etiam
2630 3265 2652 3293 ο
2693 3251 2936 3321 magistri
2990 3249 3354 3305 Ecclesiarum
3401 3263 3523 3304 esse
3564 3255 3878 3318 eruperunt;

2288 3351 2462 3404 donec
2488 3348 2593 3402 hoc
2637 3343 3004 3414 benignissimi
3033 3343 3128 3398 Dei
3159 3342 3332 3414 pietas
3351 3383 3365 3408 ,
3399 3349 3458 3395 ιιι
3485 3340 3730 3396 doctrina
3759 3338 3878 3395 illo-

2289 3457 2407 3494 rum
2455 3439 2658 3494 fructus
2705 3439 2774 3494 sit
2823 3436 3187 3493 Ecclesiarum
3235 3443 3291 3491 et
3339 3443 3492 3500 tuus,
3533 3433 3882 3504 profectqu

2293 3530 2742 3587 excellentissimo
2793 3539 2902 3584 tam
2933 3529 3081 3584 illum
3113 3537 3308 3584 ornent
3349 3544 3380 3582 a
3411 3542 3519 3598 quo
3544 3535 3668 3582 sunt
3692 3526 3880 3595 geniti,

2288 3639 2451 3695 quam
2499 3636 2594 3678 eos
2639 3638 2774 3692 quos
2823 3622 2922 3692 ipsi
2965 3637 3060 3676 sua
3105 3619 3441 3675 institutione
3483 3616 3877 3689 generaverint.

2290 3716 2528 3786 Mihique
2555 3716 2658 3771 hoc
2681 3755 2696 3780 ,
2749 3714 2856 3770 etsi
2902 3729 3011 3769 non
3060 3714 3202 3768 inter
3229 3713 3410 3768 omnia
3429 3751 3444 3778 ,
3471 3718 3620 3767 certe
3648 3709 3730 3766 vel
3755 3719 3883 3780 post

2292 3809 2471 3865 omnia
2499 3808 2809 3863 misericors
2846 3807 2989 3862 Deus
3028 3805 3260 3870 tribuat,
3293 3804 3469 3873 utqui
3496 3802 3708 3886 fuerunt
3737 3797 3764 3839 ⁴¹
3797 3801 3883 3857 di-

2291 3905 2480 3976 scipuli
2531 3903 2802 3974 quondam
2852 3901 2996 3967 mei,
3023 3900 3156 3964 ,sint
3202 3913 3345 3955 nune
3369 3895 3604 3968 Quotidie
3630 3902 3886 3953 oratores

2293 3996 2418 4051 mei.
2461 3994 2612 4060 Vale,
2645 3995 2719 4048 mi
2747 3993 2996 4049 dominus
3023 3999 3079 4048 ct
3107 3990 3280 4047 dulcis
3308 4002 3478 4045 meus.

1770 4121 2109 4178 STEPHANI
2151 4123 2425 4180 BALU'LII
2462 4121 2691 4178 NOTAE.

668 4247 692 4275 ⁸
708 4237 784 4291 Ita
804 4245 956 4290 vetus
965 4236 1135 4290 codex
1151 4235 1462 4290 monasterii
1475 4235 1838 4300 Corbeiensis,
1860 4235 1914 4289 in
1937 4251 2045 4300 quo
2059 4252 2186 4292 con-

595 4309 832 4364 tinentur
841 4303 1013 4374 Opera
1031 4303 1278 4375 Eucherii
1296 4303 1664 4375 Lugdunensis
1675 4305 1933 4375 episcopi.
1952 4303 2190 4363 Pithazus

595 4317 832 4389 tinentur
841 4317 1013 4386 Upeora
1031 4317 1278 4387 bucneru
1297 4317 1664 4427 Lugdunensns
1675 4320 1911 4375 episcopi
1921 4346 1933 4358 .
1952 4317 2182 4363 Ριιιιωιιε

593 4378 788 4432 edidit:
811 4375 1034 4430 Domino
1047 4384 1095 4429 et
1108 4373 1244 4429 dulei
1256 4390 1348 4428 suo
1410 4374 1618 4428 ucheno
1631 4375 2160 4444 episcopoSafvianm
2170 4417 2182 4431 .

596 4448 821 4516 Reliqua
843 4445 994 4516 istius
1011 4445 1263 4516 epistolae
1291 4445 1573 4516 emendata
1597 4442 1721 4498 sunt
1748 4442 1816 4498 ad
1859 4442 2016 4516 fidem
2044 4445 2186 4516 ejus-

593 4517 716 4571 dem
735 4513 959 4570 'codicis
999 4513 1357 4584 Cdrbeientis,
1385 4515 1477 4584 qui
1515 4530 1655 4584 nunc
1684 4522 1859 4570 exstat
1888 4513 2104 4572 Parisiis
2130 4518 2182 4573 in

594 4585 916 4643 bibliotheca
945 4583 1128 4640 Sancti
1157 4582 1419 4640 Germani
1435 4585 1503 4640 de
1526 4582 1716 4639 Pratis.

666 4655 694 4696 δ
723 4655 927 4712 Salonii
955 4654 1203 4710 videlicet
1222 4663 1278 4709 et
1303 4654 1518 4709 Verani.
1745 4673 1747 4675 ί

669 4739 691 4808 ξε
718 4726 833 4808 lion
863 4733 992 4808 puto
1032 4740 1126 4780 eos
1155 4732 1274 4806 tum.
1313 4723 1476 4780 fuisse
1501 4724 1954 4808 episcopoanon
1983 4725 2185 4806 diceret

596 4794 1021 4852 enimSalvianus
1031 4811 1126 4850 eos
1137 4794 1364 4865 erupisse
1374 4809 1493 4850 esse
1504 4794 1790 4864 magistros
1801 4795 2178 4863 Ecclesiarum,

596 4866 689 4922 sed
724 4866 945 4919 dixisset
986 4865 1098 4934 jam
1136 4864 1261 4921 esse'
1297 4865 1600 4933 magistros.
1639 4865 1772 4920 Nam
1808 4867 2180 4935 magistrorum

596 4935 848 4992 Ecclesiae
872 4936 1186 5006 'appellatio
1230 4936 1464 5005 primum
1501 4935 1736 5006 pertinet
1763 4935 1827 4989 ad
1870 4936 2178 5006 episcopos;

593 5006 876 5061 sedtamen
886 5005 1054 5075 etiam
1071 5006 1137 5060 ad
1153 5006 1307 5071 alios,
1329 5015 1388 5060 ut
1407 5005 1680 5075 colligitur
1692 5021 1758 5060 ex
1769 5005 2180 5062 commonitorio

596 5075 860 5130 Vincentii
885 5072 1195 5129 Lirinensis.
1228 5072 1632 5132 Unde'Julianus
1654 5074 1932 5131 Pomerius
1953 5076 2007 5130 in
2021 5077 2113 5131 lib.
2140 5093 2176 5132 ιι

591 5147 659 5202 de
675 5145 795 5200 Vita
821 5145 1112 5214 contempl.
1137 5160 1254 5214 cap.
1275 5145 1313 5196 ‘2
1335 5164 1346 5197 :
1371 5145 1452 5200 Ea
1471 5164 1590 5201 uera
1611 5162 1720 5201 esse
1740 5145 1926 5206 divinis
1949 5149 2176 5202 testimo-

590 5219 689 5272 niis
714 5214 942 5271 conabor
960 5214 1226 5268 ostendere
1237 5216 1323 5286 ,:_si
1344 5218 1483 5286 prius
1504 5233 1669 5286 pauca
1691 5215 1752 5269 de
1771 5217 1923 5272 laude
1943 5235 2176 5272 vei-0mm

589 5289 932 5359 sacerdotum,
965 5286 1051 5358 qui
1087 5294 1206 5359 sunt
1234 5283 1586 5359 Ecclesigmm
1605 5288 1858 5357 magistri,
1891 5291 2169 5359 protulero.

591 5356 798 5413 Primus
825 5354 989 5426 igitur
1009 5354 1301 5423 inagisterii
1325 5355 1539 5424 gradus,
1573 5365 1631 5410 ut
1662 5354 1764 5425 ego
1791 5354 2005 5426 quidem
2034 5359 2175 5414 arbi-

591 5437 721 5505 tror,
754 5428 852 5505 fuit
886 5426 1231 5505 inﬁdiaconis.
1264 5428 1468 5505 Auctor
1501 5426 1643 5505 enim
1672 5435 1760 5505 est
1783 5426 2174 5505 Philostorgius

593 5494 683 5547 lib.
705 5496 908 5568 inllist.
927 5496 1155 5568 Eccles,
1173 5511 1294 5568 cap.
1316 5495 1402 5560 I7,
1427 5494 1707 5553 Leontium
1733 5497 2030 5552 Antiochia:
2059 5494 2175 5568 epis

593 5579 810 5643 scopum
832 5565 1047 5643 factum,
1057 5565 1382 5643 discipulum
1396 5567 1766 5643 suumAetium
1777 5569 2086 5643 designasse
2096 5565 2174 5621 ad

593 5632 834 5713 ordinem
863 5632 1092 5698 diaconi,
1125 5632 1282 5713 eique
1311 5643 1370 5713 ιιι
1413 5632 1960 5713 Ecclesimhdogma‘ta
1992 5638 2045 5690 in
2087 5651 2172 5713 ec-

593 5701 754 5783 clesia
775 5703 990 5783 doceret
1013 5701 1311 5783 mandasse,
1336 5709 1479 5783 hunc
1508 5724 1636 5783 vero
1655 5701 1996 5762 diaconatum
2017 5707 2170 5783 equi-

593 5771 715 5826 dem
769 5774 1039 5840 suscipere
1090 5771 1344 5847 noluisse,
1375 5777 1605 5838 docendi
1633 5785 1816 5834 tamen
1841 5792 2032 5834 munus
2068 5771 2174 5833 'ad-

2294 4237 2520 4291 misisse.
2573 4235 2721 4290 Idem
2767 4234 2905 4292 libro
2951 4251 3020 4299 Iv,
3053 4250 3174 4305 cap.
3219 4233 3283 4300 5,
3315 4234 3392 4305 ait
3419 4231 3756 4305 Eudoxium,
3788 4233 3884 4302 qui

2295 4306 2518 4361 Leontio
2539 4314 2871 4361 successerat
2893 4306 2946 4360 in
2966 4301 3280 4375 episcopatu
3308 4303 3665 4375 Antiocheno,
3697 4301 3886 4357 Euno-

2294 4377 2458 4431 mium
2508 4375 2814 4445 designasse
2859 4376 2928 4431 ad
2969 4374 3344 4440 diaconatum,
3377 4374 3551 4444 ipsum
3590 4388 3729 4445 vero
3763 4388 3880 4445 non
3926 4406 3944 4421 -

2292 4448 2586 4517 suscepisse
2629 4442 2984 4517 ministerium
3027 4442 3644 4517 priusquamaccurate
3669 4442 3736 4517 ad
3781 4443 3887 4499 do-

2292 4511 2516 4572 ctrinam
2538 4518 2889 4586 pervenisset.
2913 4516 2991 4571 Ex
3015 4511 3098 4571 his
3117 4511 3329 4571 duobus
3355 4514 3486 4586 locis
3509 4511 3701 4586 confici
3722 4527 3887 4586 posse

2292 4598 2419 4659 puto
2445 4583 2673 4659 docendi
2698 4603 2908 4659 munus,
2938 4595 3129 4659 contra
3168 4601 3329 4659 quam
3345 4583 3555 4659 placuit
3580 4585 3694 4659 viro
3720 4583 3889 4659 docto

2211 4652 2264 4713 D
2291 4652 2504 4712 affixum
2556 4657 2719 4712 fuisse
2771 4656 2949 4711 ollicio
3005 4652 3236 4720 diaconi,
3284 4652 3473 4710 saltem
3531 4655 3584 4709 in
3642 4652 3888 4709 Ecclesia

2291 4727 2566 4782 Orientali.
2591 4727 2720 4783 Nam
2749 4725 2896 4796 quod
2936 4725 3004 4780 ad
3031 4724 3430 4796 Occidentalem
3458 4724 3719 4796 pertinet,
3747 4723 3888 4796 nihil

2291 4797 2463 4875 adhuc
2493 4798 2640 4875 certi
2667 4793 3005 4875 erimpertum
3047 4796 3242 4875 habeo.
3271 4795 3396 4875 Sed
3427 4793 3549 4875 cum
3594 4793 3890 4875 antiquitas

2289 4868 2544 4923 diaconos
2569 4868 2731 4922 etiam
2757 4864 3098 4922 constituerit
3127 4867 3180 4920 in
3211 4865 3536 4931 sacerdotio,
3556 4864 3732 4932 colligi
3756 4864 3893 4920 hinc

2292 4954 2396 4992 non
2427 4937 2656 4992 absurde
2697 4945 2874 5007 potest
2913 4938 3087 5006 majus
3116 4936 3320 5007 aliquid
3345 4935 3507 5007 fuisse
3545 4935 3755 4990 illorum
3775 4936 3892 5007 got.

2290 5008 2490 5078 licium
2504 5077 2507 5078 ν
2521 5023 2681 5078 quam
2698 5003 2714 5007 ⁷
2730 5007 2971 5078 ίείηιριθχί
2982 5077 2989 5078 ί
3002 5003 3391 5070 ministerium,
3423 5004 3668 5078 adeoque
3717 5003 3892 5059 etiam

2287 5076 2515 5134 docendi
2537 5076 2912 5132 auctoritatem
2940 5077 3046 5133 illis
3072 5078 3235 5134 fuisse
3273 5077 3616 5133 commissam
3655 5090 3761 5129 non
3791 5091 3894 5130 se-

2284 5163 2381 5230 cus
2409 5163 2472 5202 ac
2499 5147 2753 5229 episcopo
2782 5155 2835 5202 et
2865 5149 3203 5220 presbytero,
3241 5163 3348 5204 non
3380 5157 3560 5202 tamen
3588 5145 3704 5199 sine
3727 5143 3892 5213 jussu

2283 5234 2313 5273 e
2356 5233 2468 5273 ISCO
2511 5235 2544 5272 ι.
3533 5243 3538 5246 -

2318 5235 2398 5370 pd.
2422 5234 2618 5342 Figerat
2645 5288 2787 5370 eriiin
2815 5287 3119 5370 Salvianus,
3146 5287 3352 5370 uti'jam
3375 5303 3481 5370 non
3506 5285 3672 5370 semel
3693 5275 3912 5366 obsers

2283 5359 2542 5438 vavimus,
2574 5358 2828 5438 magister
2873 5358 3079 5438 Salonii
3118 5366 3174 5414 et
3201 5354 3428 5438 Verani;
3482 5355 3736 5438 ut.docet

2283 5425 2741 5500 Salvianus,‘cu’m
2790 5429 2840 5500 in
2881 5429 2984 5484 hoc
3015 5429 3157 5493 loco,
3200 5437 3316 5500 tum
3342 5427 3505 5500 etiam
3546 5427 3597 5500 in
3649 5425 3885 5500 epistola

2283 5499 2547 5568 sequenti.
2579 5497 2734 5566 Quod
2763 5498 2924 5554 etiam
2954 5505 3182 5554 testatur
3228 5495 3524 5553 Eucherius
3565 5498 3618 5552 in
3649 5495 3884 5568 epistola

2284 5569 2350 5624 ad
2363 5565 2654 5640 Salonium
2682 5584 2802 5639 qua:
2825 5569 3024 5640 przeligi
3040 5570 3192 5640 solet
3211 5568 3595 5640 quatstionibus
3606 5565 3814 5640 veteris
3825 5574 3887 5621 et

2280 5640 2401 5693 novi
2445 5627 2791 5711 Testameuti.
2827 5627 3003 5694 'ldemv
3026 5627 3338 5711 Gennadids
3378 5638 3447 5692 de
3500 5635 3888 5711 Salviano__lo-

2309 5725 2489 5804 pons;
2534 5709 2784 5781 Magister
2827 5711 3182 5780 episcoporum
3231 5705 3526 5764 sanctorum
3577 5705 3785 5760 Salonii
3833 5713 3888 5760 et

2331 5795 2498 5833 εναηι.
