4088 6360
246 387 353 448 ίΰθ

803 504 1132 567 EPISTOLA
1167 511 1258 569 1X.

837 661 905 699 AD
943 661 1220 702 SALONIUI.

317 808 343 837 ιι
371 795 598 853 Domino
643 813 706 853 ac
749 798 1058 855 beatissimo
1107 800 1395 872 discipulo,
1440 802 1547 858 lilio
1575 811 1628 858 et
1657 813 1814 874 patri,

229 902 338 960 per
385 889 770 945 institutionem
800 890 1080 960 discipulo,
1113 908 1210 963 per
1239 909 1476 949 amorem
1506 894 1636 961 filio,
1667 895 1692 935 δ
1724 913 1819 967 per

231 981 501 1036 honorem
533 983 690 1053 patri,
728 993 748 1021 ε
779 982 998 1039 Salonio
1027 985 1296 1056 episcopo,
1329 986 1624 1044 Salvianus.
1658 989 1815 1055 Qua:-

233 1073 318 1126 ris
347 1088 377 1126 a
404 1089 510 1137 me,
545 1090 578 1128 o
607 1075 679 1128 mi
708 1073 925 1143 Saloni,
958 1077 1188 1131 charitas
1215 1094 1352 1144 mea,
1385 1096 1480 1134 cur
1504 1081 1694 1135 libellis
1719 1099 1817 1138 nu-

229 1181 337 1235 per
365 1182 395 1220 a
424 1167 655 1235 quodam
693 1167 852 1237 hujus
895 1170 1150 1238 temporis
1179 1171 1396 1224 homine
1424 1171 1490 1224 ad
1521 1171 1814 1228 Ecclesiam

225 1256 390 1312 iactis
420 1258 685 1314 Timothei
716 1276 909 1314 nomen
945 1261 1250 1330 inscriptum
1279 1262 1364 1315 sit.
1409 1262 1570 1316 Addis
1597 1273 1815 1334 pneter—

225 1364 295 1404 ea
329 1349 471 1418 quod
501 1349 600 1404 nisi
629 1351 889 1405 rationem
917 1352 1160 1405 vocabuli
1181 1351 1456 1407 evidenter
1476 1370 1809 1424 expressero,

226 1439 362 1494 dum
414 1442 756 1496 nominantur
800 1443 960 1513 200
1007 1442 1308 1508 Timothei,
1343 1445 1481 1498 inter
1508 1447 1812 1516 apocrypha

225 1531 354 1595 sint
390 1529 614 1585 fortasse
661 1532 961 1600 reputandi.
1034 1532 1145 1600 Ago
1191 1534 1385 1600 gratias
1432 1542 1592 1604 atque
1639 1536 1812 1592 habeo

225 1624 377 1693 quod
405 1623 472 1678 de
501 1640 584 1678 me
615 1625 686 1677 ita
710 1623 944 1692 jndicas,
978 1633 1033 1678 ut
1063 1625 1328 1694 pertinere
1358 1626 1460 1682 hoc
1485 1628 1716 1702 aestimes
1745 1629 1811 1682 ad

228 1711 355 1765 ﬁdei
403 1728 535 1767 mea:
586 1729 767 1768 curam
814 1729 880 1766 ne
909 1712 1035 1782 quid
1064 1713 1407 1770 ecclesiastici
1438 1718 1616 1787 operis
1643 1719 1809 1773 vacil-

1695 397 2066 455 EPISTOLA‘J.

1849 522 1898 580 Α
1927 525 2067 572 sunt.
2110 516 2219 570 Cur
2246 517 2290 571 is
2317 519 2409 588 qui
2439 521 2674 591 scripsit,
2707 524 2773 579 ad
2803 521 3093 582 Ecclesiam
3121 528 3415 600 scripserit,
3446 545 3500 587 et

3400 411 3500 469 170

1927 615 2104 660 utrum
2147 606 2323 662 alieno
2375 610 2620 677 nomine,
2670 619 2724 667 et
2770 630 2837 669 an
2883 632 3016 672 suo:
3049 618 3227 674 sinon
3257 637 3374 687 suo,
3405 637 3500 676 cur

1926 699 2102 754 alieno
2132 717 2144 751 :
2178 709 2232 754 et
2259 701 2303 754 si
2333 701 2526 768 alieno,
2559 719 2653 758 cur
2681 705 2946 764 Timothei
2978 712 3133 782 λοι
3163 713 3495 782 potissimum

1926 808 2120 848 nomen
2149 794 2291 863 quod
2328 796 2650 851 scriberetur
2684 799 2924 868 elegerit.
2967 802 3130 871 igitur
3156 813 3212 858 ut
3240 805 3401 860 libelli
3429 806 3497 860 ad

1923 881 2216 962 Ecclesium
2247 885 2624 950 scriberentrtr,
2658 887 2771 944 haec
2799 906 2958 945 causa
2988 903 3086 947 est.
3126 894 3368 965 Scriptor
3388 897 3495 962 ille,

1923 984 1981 1030 ut
2010 977 2169 1031 etiam
2218 978 2414 1048 scripta
2463 979 2575 1048 ipsa
2623 988 2902 1046 testantur,
2955 984 3116 1038 habet
3165 986 3303 1041 hunc
3352 988 3403 1041 in
3440 1003 3498 1042 se

1921 1071 2122 1126 cultum
2171 1080 2329 1140 atque
2359 1071 2605 1128 allectum
2654 1073 2768 1136 Dei,
2797 1083 2852 1127 ut
2881 1075 2990 1130 Deo
3025 1076 3151 1130 nihil
3182 1095 3497 1148 przepouen-

1921 1162 2046 1217 dum
2094 1172 2286 1233 putat,
2335 1165 2624 1221 secundum
2671 1165 2798 1220 illud
2846 1167 3047 1221 scilicet
3088 1167 3296 1222 Domini
3328 1173 3496 1225 nostri

1920 1253 2118 1310 dictum
2143 1297 2156 1321 ,
2198 1272 2306 1324 quo
2354 1257 2428 1312 ait
2464 1276 2476 1311 :
2511 1255 2610 1320 Qui
2649 1266 2790 1311 amat
2828 1258 2994 1328 filium
3042 1269 3131 1312 aut
3175 1261 3340 1330 ﬁliam
3381 1265 3496 1338 plus

1919 1363 2070 1418 quam
2099 1364 2196 1409 me,
2231 1365 2331 1401 non
2351 1357 2522 1402 estme
2542 1348 2726 1419 dignus
2755 1347 2969 1420 (Matth.
3004 1365 3054 1414 x,
3089 1349 3199 1418 37).
3241 1347 3495 1416 Quamvis

1918 1436 2115 1491 dictum
2147 1438 2248 1493 hoc
2277 1438 2586 1508 lepidissimi
2616 1454 2678 1493 ac
2707 1439 3142 1508 uegligentissimi
3171 1441 3368 1509 quique
3397 1443 3495 1495 ho-

1917 1528 2090 1582 mines
2147 1529 2262 1582 solo
2325 1536 2532 1584 tantum
2580 1530 2964 1600 persecutionis
3013 1540 3254 1602 tempore
3305 1541 3492 1601 putent

1917 1633 2035 1674 esse
2082 1620 2420 1674 servandum.
2465 1621 2625 1687 Quasi
2673 1638 2801 1676 vero
2842 1622 3008 1677 ullum
3037 1623 3255 1678 omnino
3285 1632 3494 1694 tempus

1915 1711 1982 1765 sit
2029 1727 2136 1780 quo
2182 1713 2418 1782 praeferri
2447 1713 2646 1782 aliquid
2675 1713 2787 1769 Deo
2814 1713 3038 1781 debeat;
3071 1725 3162 1770 aut
3187 1717 3277 1784 qui
3308 1732 3491 1785 perse-

225 1802 345 1858 lare
375 1804 714 1874 permittam;
767 1803 968 1859 scilicet
1020 1813 1074 1858 ut
1120 1821 1208 1861 res
1236 1822 1456 1862 summa:
1484 1809 1812 1866 salubritatis
1841 1827 1890 1887 Β
1915 1804 2146 1858 culionis
2188 1813 2430 1874 tempore
2473 1804 2846 1874 pretiosiorem
2874 1806 3121 1860 omnibus
3148 1806 3307 1860 rebus
3335 1805 3489 1860 Chri-

225 1913 338 1950 non
369 1897 438 1950 sit
465 1897 686 1951 minoris
715 1897 870 1967 pretii
912 1913 1006 1967 per
1034 1899 1302 1968 opinionis
1330 1900 1612 1956 incertum.
1655 1901 1812 1958 Sufﬁ-

225 2005 353 2044 cere
384 1989 561 2058 itaque
601 1989 668 2043 ad
710 1989 1092 2070 excludendum
1131 1991 1342 2061 penitus
1369 1994 1661 2064 apocryphi
1689 1995 1812 2066 styli

225 2075 585 2148 suspicionem
615 2078 776 2132 etiam
807 2079 907 2133 hoc
935 2079 1106 2133 solum
1136 2090 1366 2149 poterat,
1398 2083 1543 2150 quod
1570 2085 1814 2153 superius

226 2168 458 2223 iudicavi
489 2169 652 2224 libros
679 2169 963 2223 neoterice
991 2169 1367 2239 disputationis
1385 2187 1522 2237 esse,
1548 2181 1601 2226 et
1628 2189 1658 2226 a
1682 2189 1815 2242 pra:-

1904 1893 2054 1949 ‘stum
2103 1895 2300 1949 habere
2345 1895 2542 1960 debet,
2583 1895 2790 1965 reliquo
2837 1896 2983 1950 omni
3025 1905 3265 1967 tempore
3294 1897 3491 1952 habere

1913 1986 2106 2041 debeat
2136 1988 2395 2043 viliorem.
2457 1987 2610 2055 Quod
2648 1990 2692 2043 si
2721 1991 2794 2043 ita
2824 2000 2935 2056 est,
2978 2002 3224 2046 amorem‘
3245 1991 3340 2046 Dei
3368 2007 3489 2061 per—

1913 2078 2173 2132 secutioni
2221 2079 2532 2132 debebimus
2555 2120 2570 2143 ,
2602 2095 2709 2133 non
2739 2078 2887 2145 fidei;
2920 2089 2974 2133 et
3005 2090 3127 2134 tunc
3157 2090 3364 2134 tantum
3394 2099 3489 2150 po-

1918 2168 2136 2221 terimus
2163 2170 2376 2236 quando
2407 2186 2503 2224 nos
2531 2169 2678 2239 impii
2707 2181 3092 2239 persequentur
3118 2191 3129 2223 :
3162 2190 3281 2227 cum
3306 2175 3490 2242 utique

225 2261 395 2314 scutis
443 2259 702 2329 temporis
744 2259 962 2312 homine
991 2259 1289 2313 divinarum
1320 2276 1498 2314 rerum
1529 2263 1706 2318 studio
1736 2271 1817 2316 at—
1903 2259 2010 2312 'aut
2077 2260 2335 2327 majorem
2401 2269 2492 2315 aut
2539 2270 2685 2315 certe
2734 2278 2839 2316 non
2887 2263 3148 2317 minorem
3195 2265 3492 2333 tranquillis

225 2367 332 2421 que
362 2367 545 2405 amore
589 2351 946 2418 conscriptos.
994 2348 1194 2404 Carent
1233 2351 1375 2404 enim
1405 2353 1694 2423 apocryphi
1723 2369 1816 2407 su-
1915 2364 2077 2419 quam
2137 2352 2340 2420 asperis
2394 2352 2552 2406 rebus
2611 2350 2856 2406 allectum
2905 2352 3130 2408 Domino
3180 2353 3485 2410 debeamus.

227 2443 512 2511 spicione,
561 2442 653 2510 qui
704 2451 1066 2506 agnoscuntur
1112 2439 1378 2495 Timothei
1429 2443 1660 2512 apostoli
1705 2461 1811 2501 uou

229 2533 416 2585 fuisse.
458 2531 566 2584 Sed
595 2531 814 2599 requirit
853 2531 1074 2586 forsitan
1103 2531 1324 2600 aliquis,
1365 2534 1482 2601 quis
1511 2534 1598 2588 ille
1625 2544 1812 2591 auctor

230 2624 321 2684 sit,
354 2623 398 2676 si
428 2621 698 2692 apostolus
726 2639 830 2676 nou
860 2631 961 2686 est,
994 2630 1046 2676 et
1076 2631 1250 2676 utrum
1273 2638 1423 2676 suum
1463 2624 1653 2679 libellis
1680 2627 1806 2696 ipsis

229 2728 300 2766 an
350 2713 578 2768 alienum
629 2728 820 2767 nomen
867 2713 1217 2782 inscripserit.
1261 2713 1457 2768 Verum
1489 2725 1588 2770 est.
1623 2717 1807 2774 Potest

224 2802 332 2858 hoc
376 2804 589 2872 quidem
635 2804 821 2873 quaeri.
881 2802 948 2857 Et
977 2813 1122 2858 recte
1151 2805 1426 2873 qumritur,
1460 2808 1503 2861 si
1534 2808 1804 2878 inquisitio

221 2898 367 2956 valet
395 2897 460 2957 ad
490 2896 717 2958 fructum
751 2898 983 2972 aliquem
1012 2914 1311 2974 pervenire.
1355 2898 1617 2957 leerum
1646 2904 1690 2959 si
1719 2903 1801 2960 inv

221 2995 496 3052 fructuosa
523 3006 632 3062 est,
665 2997 792 3065 quid
821 3013 1040 3052 necesse
1069 3006 1151 3050 est
1181 3005 1237 3050 ut
1265 2997 1471 3051 laboret
1499 2999 1798 3064 curiositas,

219 3103 342 3142 cum
390 3087 686 3156 profectum
733 3088 1058 3142 curiositatis
1105 3103 1212 3142 non
1250 3089 1319 3142 sit
1347 3089 1588 3141 habitura
1618 3090 1803 3157 cogni-

1914 2439 2049 2506 Quia
2090 2449 2144 2495 et
2186 2442 2289 2497 hoc
2319 2443 2436 2512 ipso
2465 2459 2494 2496 a
2524 2443 2678 2497 nobis
2708 2447 2827 2513 plus
2852 2443 3010 2498 debet
3039 2445 3202 2513 diligi,
3236 2446 3362 2515 quia
3393 2463 3490 2502 nos

1909 2547 1940 2585 a
1969 2534 2124 2587 malis
2154 2550 2261 2588 non
2291 2536 2494 2604 patitur
2543 2534 2736 2603 afﬂigi;
2771 2536 3095 2604 indulgentia
3126 2538 3327 2592 scilicet
3357 2539 3485 2608 piis-

1907 2621 2028 2676 simi
2057 2632 2110 2677 et
2137 2624 2434 2679 mollissimi
2482 2626 2651 2696 patris
2680 2626 2954 2682 uobiscum
2986 2641 3166 2695 agens,
3198 2629 3288 2698 qui
3318 2631 3487 2699 magis

1905 2715 2020 2768 vult
2048 2731 2146 2770 nos
2196 2718 2248 2770 in
2300 2732 2430 2786 pace
2479 2726 2535 2772 et
2561 2719 2743 2787 quiete
2773 2719 2930 2772 tidem
2959 2728 3195 2773 nostram
3226 2721 3487 2788 religiosis

1906 2807 2160 2875 operilms
2192 2808 2499 2873 ostendere,
2529 2823 2689 2876 quam
2721 2810 2773 2861 in
2801 2810 3171 2877 persecutione
3199 2810 3371 2879 poenis
3392 2828 3487 2866 uo-

1904 2907 2139 2957 strorum
2189 2917 2476 2973 corporum
2523 2902 2897 2972 comprobare.
2961 2902 3028 2955 Et
3057 2903 3177 2956 ideo
3205 2903 3250 2956 si
3281 2911 3407 2958 tunc
3436 2907 3485 2959 ei

1905 2995 1977 3047 nil
2008 2994 2393 3064 prmferendum
2424 3004 2506 3050 est
2532 2995 2747 3064 quando
2777 2994 3053 3049 nobiscum
3081 3010 3271 3065 aspere
3291 2997 3482 3065 agitur,

1904 3103 1974 3142 ne
2003 3093 2129 3141 tunc
2156 3087 2368 3156 quidem
2399 3086 2634 3157 prmferri
2663 3086 2819 3141 debet
2848 3086 3064 3156 quando
3084 3103 3181 3157 per
3208 3087 3484 3156 indulgeu-

220 3177 338 3231 tio?
368 3177 425 3231 lu
455 3178 600 3232 omni
631 3179 770 3233 enim
812 3178 1082 3232 volumine
1112 3177 1384 3248 profectus
1413 3180 1580 3246 magis
1607 3180 1802 3248 qumri-
1827 3209 1874 3271 ϐ
1907 3179 2033 3233 tiam
2064 3179 2182 3249 plus
2210 3188 2464 3234 meretur.
2506 3178 2610 3233 Sed
2641 3179 2750 3234 haec
2779 3179 2868 3233 alii
2898 3181 3126 3252 tempori
3153 3182 3322 3250 magis
3350 3197 3482 3236 cou-

219 3276 309 3323 tur
338 3269 587 3324 lectionis
634 3285 794 3338 quam
843 3268 870 3307 ιι
923 3285 1118 3324 nomen
1171 3270 1424 3324 auctoris.
1483 3269 1548 3323 Et
1595 3271 1714 3326 ideo
1751 3272 1796 3325 si

217 3361 493 3432 profectus
539 3370 620 3416 est
669 3363 720 3415 in
768 3362 1031 3426 lectione,
1062 3371 1116 3417 et
1145 3363 1303 3416 habet
1331 3363 1570 3432 quisquis
1600 3363 1688 3418 ille
1716 3374 1797 3419 est

215 3451 364 3520 quod
391 3458 569 3521 potest
619 3451 880 3506 instruere
926 3452 1158 3507 lecturos
1180 3493 1196 3518 ,
1245 3453 1370 3522 quid
1408 3454 1456 3507 ei
1485 3470 1603 3508 cum
1633 3471 1795 3511 voca-

214 3540 346 3596 bulo
376 3543 520 3612 quod
545 3543 733 3611 juvure
763 3559 867 3597 non
899 3553 1076 3613 potest
1105 3546 1382 3599 curiosos?
1405 3545 1480 3599 Ita
1511 3555 1568 3599 ut
1594 3546 1794 3616 dignis-

215 3635 353 3688 sime
381 3635 504 3688 huic
553 3634 852 3702 inquisitori
893 3636 1187 3703 angelicum
1217 3637 1341 3696 illud
1373 3637 1754 3706 respondeatur
1781 3658 1792 3693 :

215 3723 457 3778 Patriam
487 3727 672 3797 quaeris
691 3767 705 3790 ,
753 3743 820 3778 an
849 3728 1221 3780 mercenarium
1255 3726 1402 3796 (Tob.
1427 3745 1478 3791 v,
1513 3728 1636 3800 l7)?
1662 3728 1796 3784 Cum

216 3818 360 3871 enim
410 3819 585 3872 nullus
630 3817 900 3888 profectus
927 3821 996 3873 sit
1026 3820 1079 3873 in
1109 3821 1352 3886 nomine;
1383 3823 1472 3890 qui
1504 3822 1797 3892 profectum

215 3907 272 3961 in
305 3909 517 3978 scriptis
547 3909 769 3974 invenit,
799 3909 1068 3979 superflue
1097 3926 1289 3963 nomen
1319 3913 1596 3981 scriptoris
1626 3914 1798 3981 inqui-

214 4000 312 4054 rit.
353 3999 541 4054 Causm
573 4015 722 4067 ergo,
772 4008 829 4053 ut
875 4000 1024 4064 dixi,
1076 3999 1176 4053 ista
1213 4001 1499 4054 sulliciunt.
1541 4002 1645 4054 Sed
1673 4003 1798 4068 quia

214 4089 339 4151 tibi,
371 4105 404 4143 ο
452 4091 525 4142 mi
574 4089 781 4154 Saloni,
809 4091 973 4143 decus
1019 4096 1260 4142 nostrum
1303 4096 1462 4157 atque
1489 4091 1797 4152 subsidium,

215 4191 420 4244 negare
449 4177 579 4231 nihil
604 4192 910 4246 possumus,
940 4175 1208 4230 evidentia
1230 4175 1484 4231 dicemus.
1529 4177 1651 4231 Tria
1680 4185 1802 4231 sunt

210 4281 340 4338 qua:
368 4268 422 4322 in
450 4267 643 4322 libellis
679 4267 796 4322 istis
835 4266 902 4321 de
942 4267 1134 4335 quibus
1163 4266 1446 4336 loquimur,
1479 4269 1642 4336 quaeri
1673 4273 1798 4338 pos-

1903 3279 2117 3339 gruuut.
2179 3270 2327 3325 Nune
2374 3269 2517 3339 quod
2563 3271 2821 3340 coepimus
2869 3287 3240 3342 exsequamur.
3283 3271 3482 3327 Videus

1903 3342 2063 3432 igitur
2105 3363 2333 3432 scriptor
2379 3363 2467 3417 ille
2505 3377 2664 3432 quem
2693 3362 2923 3418 diximus
2950 3378 3138 3431 graves
3166 3370 3328 3432 atque
3355 3364 3484 3417 mul-

1903 3453 2110 3523 tiplices
2145 3452 2569 3508 Christianorum
2607 3470 2744 3523 pene
2784 3456 3022 3509 omnium
3053 3455 3290 3520 morbos,
3322 3463 3482 3523 atque

1905 3559 1935 3597 a
1965 3544 2175 3599 cunctis
2206 3545 2256 3598 in
2286 3543 2523 3599 Ecclesia
2554 3545 2740 3613 positis
2766 3561 2873 3599 non
2902 3547 3074 3600 solum
3106 3562 3211 3601 non
3234 3547 3482 3616 postponi

1905 3635 2083 3688 omnia
2133 3634 2276 3699 Deo,
2310 3635 2404 3688 sed
2462 3651 2630 3705 prope
2676 3643 2868 3691 cuncta
2913 3638 3170 3707 praeponi.
3215 3637 3386 3708 (Nam
3429 3647 3484 3694 et

1903 3727 2098 3782 ebriosi
2146 3727 2198 3782 iu
2245 3728 2593 3782 ebrietatibus
2640 3727 2804 3783 Deum
2848 3744 3102 3799 spernere
3131 3729 3396 3795 videntur,
3428 3739 3483 3785 et

1903 3820 2079 3890 cupidi
2133 3820 2183 3872 in
2233 3820 2522 3889 cupiditate
2545 3860 2558 3884 ,
2610 3827 2664 3873 et
2693 3819 2942 3888 impudici
2973 3821 3025 3872 in
3056 3820 3290 3885 libidine,
3321 3822 3482 3892 202

1905 3917 1958 3963 et
1986 3909 2191 3962 cruenti
2240 3910 2293 3962 in
2347 3909 2697 3972 crudelitate,
2750 3917 2805 3962 et
2850 3910 2903 3962 in
2949 3909 3033 3960 his
3073 3910 3318 3961 omnibus
3347 3925 3484 3976 pene

1908 4014 2094 4052 omnes
2119 4017 2130 4049 :
2172 4006 2332 4065 atque
2373 3999 2476 4052 hoc
2503 4013 2569 4050 eo
2599 3998 2829 4065 gravius,
2860 3997 3005 4064 quod
3036 4013 3140 4050 non
3171 3998 3343 4051 solum
3373 3999 3484 4053 haec

1906 4101 2003 4157 per
2019 4086 2193 4140 scelus
2211 4085 2602 4140 atrocissimum
2623 4084 2714 4138 diu
2738 4085 3107 4151 admittuntur,
3125 4086 3216 4140 sed
3248 4102 3314 4141 ne
3337 4093 3484 4155 post-

1908 4192 1969 4232 ea
2016 4176 2233 4246 quidem
2279 4191 2377 4246 per
2417 4175 2785 4245 pmnitentiam
2832 4175 3202 4244 corriguntur;
3251 4177 3482 4232 maxime

1907 4282 2028 4322 cum
2058 4267 2218 4321 etiam
2248 4267 2301 4320 in
2331 4267 2412 4322 his
2432 4267 2521 4335 qui
2546 4266 2864 4327 pmuiteutes
2883 4281 3001 4321 esse
3029 4267 3292 4335 dicuntur,
3331 4278 3354 4307 ο
3382 4285 3482 4325 no-

1388 4358 1719 4413 STEPHANI
1757 4356 2026 4413 BALUZII
2062 4355 2290 4413 NOT/E.

301 4464 328 4492 ι
366 4453 491 4508 Haec
521 4451 815 4521 inscriptio,
839 4467 957 4521 qua:
998 4451 1149 4506 deest
1189 4451 1240 4505 iu
1281 4452 1398 4506 aliis
1438 4453 1759 4508 editionibus
1785 4493 1798 4518 ,

213 4532 425 4594 sumpta
455 4531 536 4578 est
566 4539 632 4577 ex
653 4522 1174 4594 pervetustorcodice
1201 4537 1299 4576 ms.
1331 4523 1667 4594 bibliotheca:
1697 4523 1801 4577 lie-

215 4591 413 4664 giae,’iu
443 4609 550 4664 quo
577 4591 1069 4664 continentur_libri
1118 4601 1349 4664 quatuor
1390 4592 1645 4664 adversus
1673 4609 1800 4646 ava-

1910 4453 2059 4518 Quod
2085 4454 2237 4525 etiam
2266 4454 2320 4505 in
2347 4453 2441 4525 hac
2463 4461 2641 4506 nostra
2671 4455 3054 4508 conversatione
3077 4454 3324 4525 hodieque
3356 4475 3480 4512 con-

1908 4526 2076 4596 tingit,
2103 4532 2157 4575 ut
2184 4524 2322 4593 ﬁlius
2345 4524 2613 4596 episcopus
2652 4526 2838 4596 factus,
2871 4526 3034 4594 patris
3061 4527 3138 4596 sui
3160 4524 3305 4594 pater
3336 4543 3481 4582 roce-

1907 4592 2006 4660 tur,
2036 4610 2138 4647 non
2167 4592 2411 4648 nascendi
2441 4592 2659 4657 ordine,
2685 4594 2774 4646 sed
2801 4592 3010 4648 honore.
3061 4592 3194 4649 Hinc
3243 4596 3329 4649 illa
3371 4614 3474 4652 vox

218 4660 415 4743 ritiam.
434 4660 686 4743 Similem
725 4660 901 4716 Strabi
927 4661 1207 4743 Fttldeusis
1233 4663 1556 4743 epigraphen
1591 4681 1659 4743 ex
1686 4664 1798 4743 epi-_-
1827 4661 1874 4720 Ι)
1900 4663 2208 4743 Hieronymi
2237 4663 2304 4718 de
2329 4663 2604 4743 episcopis
2646 4680 2658 4714 :
2683 4661 3028 4743 _Meminerint
3060 4681 3113 4717 se
3149 4675 3320 4743 patres
3347 4683 3476 4731 esse,

219 4735 352 4789 stola
387 4734 452 4788 ad
480 4731 788 4800 Gerungum
830 4747 928 4800 nos
969 4731 1096 4786 olim
1136 4731 1501 4787 attulimusiin
1548 4734 1687 4794 notis
1721 4731 1798 4786 'ad

217 4804 497 4875 epistolam
526 4799 787 4875 decimam
819 4799 958 4875 ALupi
1003 4801 1377 4875 Ferrariensis.
1424 4802 1546 4875 ANon
1587 4812 1798 4858 exstare

217 4871 393 4929 autem
423 4873 580 4927 istam
600 4871 834 4925 Salviani
863 4872 1150 4929 epistolam
1167 4873 1223 4925 in
1241 4873 1603 4928 vetustissimo
1617 4889 1800 4928 exem-

215 4944 349 5014 plari
382 4959 478 5014 suo
505 4941 781 5014 admonuit
809 4940 1066 5014 Pithoeus.
1100 4941 1273 5014 Porro
1301 4959 1423 4998 cum
1447 4957 1511 5014 ea
1538 4943 1796 5014 hactenus

218 5010 357 5068 edita
389 5013 551 5066 fuerit
574 5012 629 5066 in
657 5010 832 5066 fronte
870 5011 1128 5066 librorum
1167 5011 1423 5067 adversus
1469 5011 1756 5067 Avaritiam
1780 5054 1794 5078 ,

221 5084 328 5139 vice
381 5081 737 5152 prmfationis,
778 5096 1036 5152 noscam
1084 5081 1152 5152 ad
1196 5082 1390 5136 librum
1436 5080 1793 5150 Epistolarum

218 5151 499 5208 censentes
522 5153 792 5222 pertinere
820 5151 1036 5218 debere,
1067 5151 1134 5222 ab
1161 5167 1227 5205 eo
1255 5152 1375 5207 loco
1397 5152 1540 5205 illam
1586 5152 1790 5207 amovi-

219 5238 368 5304 mns,_
387 5231 442 5304 et
469 5221 609 5304 inter
629 5222 883 5304 epistolas
903 5221 1258 5304 reposuimus.

284 5293 310 5332 ιι
346 5293 476 5347 Ideo
497 5290 746 5347 Salonius
773 5290 1006 5345 Salviani
1041 5299 1195 5361 pater
1232 5299 1347 5346 erat
1384 5307 1484 5361 per
1511 5292 1792 5359 honorem,

218 5364 335 5432 quia
370 5364 653 5442 episcopus
681 5368 814 5442 erat.
842 5361 1089 5442 Episcopi
1120 5362 1282 5442 enim,
1304 5377 1403 5430 per
1426 5362 1543 5442 illas
1593 5372 1797 5442 tempe-

217 5431 383 5489 states
404 5431 668 5504 iuferioris
695 5431 909 5504 ordinis
923 5431 1152 5504 clericos
1176 5473 1214 5504 ,_
1236 5440 1395 5504 atque
1424 5433 1557 5504 adeo
1586 5431 1802 5504 presby-

222 5509 390 5572 teros,
421 5510 480 5556 ut
527 5502 812 5572 plurimum
862 5501 996 5555 ﬁlios
1043 5502 1400 5572 appellabant.
1446 5501 1800 5572 Hieronymus

220 5571 512 5641 Augustino
533 5571 556 5624 7:
595 5572 851 5641 Vate_,tni
869 5573 1042 5641 amice
1079 5571 1394 5634 charissime,
1422 5581 1573 5626 celate
1600 5571 1697 5641 ﬁli,
1722 5573 1796 5625 di-

219 5639 409 5710 gnitate
444 5658 653 5712 parens.
695 5639 1340 5712 SidoniusnArvei-norum
1389 5639 1669 5712 episcopus
1698 5643 1789 5712 lib.

223 5707 286 5764 vn
312 5707 468 5781 epist.
494 5711 560 5763 Π
590 5712 824 5781 loquens
841 5708 906 5761 de
935 5707 1174 5781 Victorio
1201 5711 1396 5781 comite
1423 5707 1441 5760 Ξ
1479 5707 1636 5772 Quem
1678 5711 1797 5781 jure

224 5775 452 5836 circulari
474 5775 780 5851 patronum,
796 5775 1282 5851 jure‘ecclesiastico
1309 5780 1473 5851 [ilium
1491 5819 1524 5851 ,_
1541 5775 1716 5832 excolo
1743 5789 1799 5832 ut

223 5852 397 5919 cliens,
428 5843 486 5905 ut
504 5859 652 5922 pater
691 5843 868 5920 diligo.
912 5843 1266 5900 Cassiodorus
1309 5843 1367 5900 in
1412 5849 1605 5918 psalm.
1647 5865 1730 5903 crx
1783 5868 1800 5903 :

499 5945 620 6007 Pu
631 5958 769 6003 non.
817 5937 977 6001 Lill.
1011 6019 1014 6022 π

1902 4752 2005 4789 non
2035 4731 2286 4806 dominos.
2314 4731 2640 4806 Augustinus
2677 4740 2856 4806 tamen
2895 4731 3177 4806 episcopus
3219 4733 3480 4806 Hierony-

1901 4821 2045 4858 mum
2067 4800 2435 4883 presbyterum
2465 4802 2700 4883 appellat
2730 4800 2978 4882 fratrem.
3028 4800 3144 4883 Jam
3185 4810 3295 4883 tum
3336 4800 3477 4859 enim

1901 4871 2176 4944 receptum
2205 4871 2320 4927 erat
2348 4871 2633 4944 discrimen
2658 4871 3030 4944 episcoporum
3059 4880 3113 4924 et
3138 4873 3481 4944 presbytero-

1901 4941 2043 4998 rum:
2072 4941 2377 5016 Quanquam
2399 4944 2555 5016 enim,
2589 4941 2760 5016 inquit
2782 4941 3104 5016 Augustinus
3125 4943 3188 5016 ad
3219 4941 3478 5016 Hierony-

1901 5029 2048 5095 mum
2075 5010 2331 5094 scribens,
2364 5011 2644 5095 secundum
2664 5011 2911 5092 honorum
2939 5010 3183 5095 vocabula
3228 5030 3342 5095 qua:
3360 5010 3476 5095 jam

1904 5081 2153 5136 Ecclesia:
2184 5098 2304 5134 usus
2338 5079 2579 5153 obtinuit,
2610 5081 2928 5153 episcopatus
2969 5079 3284 5153 presbyterio
3309 5079 3478 5153 major

1897 5155 1983 5215 sit,
2017 5161 2186 5204 tamen
2215 5153 2268 5204 in
2300 5150 2475 5204 multis
2504 5147 2652 5204 rebus
2673 5147 2989 5222 Augustinus
3030 5147 3349 5222 Hieronymo
3377 5147 3475 5204 mi-

1896 5239 1993 5276 πον
2020 5230 2112 5274 est.

1976 5302 2007 5367 ¢_
2038 5289 2346 5367 Vide_uotas
2373 5289 2440 5367 ad
2467 5290 2835 5367 praefationem
2856 5291 3110 5367 librorum
3145 5290 3234 5367 de
3263 5289 3475 5367 Guber-

1901 5359 2272 5442 natioueDei2
2297 5369 2352 5415 et
2379 5355 2721 5417 Sirinondum
2771 5363 2824 5416 in
2862 5363 3005 5416 notis
3031 5359 3099 5413 ad
3144 5357 3329 5412 Sidon.
3378 5355 3472 5411 lib.

1899 5430 2325 5575 “'«iftiiits'iirﬁis
2353 5501 2533 5575 collat.
2556 5501 2625 5555 28
2653 5517 2772 5575 cap.
2804 5501 2829 5553 1
2865 5500 2939 5575 ait
2966 5506 3181 5575 omnem
3209 5493 3475 5575 dictorum

1904 5572 2153 5626 vacillare
2195 5572 2566 5626 auctoritatem
2623 5572 2667 5624 si
2698 5566 2922 5624 dicentis
2963 5566 3209 5618 meritum
3257 5566 3471 5623 subtra-

1898 5643 2108 5764 lmiui‘ia
2140 5711 2358 5768 omnino
2387 5709 2557 5762 codex
2586 5708 2781 5772 regius.
2817 5703 2921 5755 Pro
2949 5718 3056 5770 quo
3080 5701 3271 5765 Pithtni
3306 5708 3472 5764 editio

1904 5781 2093 5850 habuit
2124 5799 2145 5850 :7
2179 5778 2379 5850 Nomen
2420 5779 2485 5828 sit
2522 5777 2684 5850 magis
2730 5774 3226 5850 pmnitentitequam
3255 5780 3468 5850 fructm.

1905 5850 1996 5903 Sic
2026 5849 2272 5904 Ruricius
2320 5845 2663 5898 Lemovicum
2702 5844 2943 5900 meorum
2974 5844 3264 5916 cpiscopus
3298 5849 3373 5902 ait
3419 5851 3478 5902 in

3130 5938 3176 5996 6
