4088 6360
641 358 739 423 m
1563 322 1635 409 Vs.
1676 350 1989 409 SALViANl
2029 344 2489 409 MASSILIENSIS
2526 346 2951 406 pessuma!
3810 352 3919 410 «τε

639 496 763 536 men
809 477 882 534 sit
924 474 1107 545 magis
1131 470 1460 553 pmnitentia‘
1480 470 1596 542 ipsa
1625 487 1789 553 quam
1817 470 2019 526 fructus
2044 488 2058 522 :
2088 468 2214 539 quia
2243 468 2288 527 Α
2317 467 2441 523 licet
2465 484 2571 524 una
2601 470 2672 525 sit
2713 485 2875 526 causa
2923 467 3183 536 maxime;
3230 469 3410 525 multae
3436 475 3638 537 tamen,
3667 478 3733 526 nt
3759 485 3914 537 reor,

638 590 828 647 parum
855 576 988 638 sunt.
1006 581 1184 625 rerum
1210 565 1472 623 vocabula
1504 565 1649 635 ipsas
1689 579 1777 619 res
1807 579 1915 621 non
1940 560 2214 625 habentia,
2320 577 2439 618 esse
2485 568 2794 633 potuerunt.
2856 561 2932 617 Ac
2976 562 3146 631 prima
3193 561 3283 616 illa
3327 562 3616 624 veniensa
3645 563 3913 619 mandato

637 675 693 722 et
720 664 846 720 nihil
893 662 1149 734 virtutum
1189 658 1353 715 verba
1399 657 1516 713 sine
1544 656 1764 713 viribus.
1814 652 2036 711 Plurimi
2064 667 2215 709 nam-

636 742 741 827 que
767 770 829 811 ac
855 767 993 824 pene
1017 752 1215 819 cuncti,
1246 758 1303 807 et
1329 764 1508 807 rerum
1535 747 1901 810 abundantes,
1934 754 1989 802 et
2014 744 2215 803 conscii

634 848 914 905 criminum
940 860 1005 901 ac
1040 842 1366 914 ﬂagitiorum
1393 832 1612 901 suorum
1630 880 1646 907 ,
1680 856 1787 898 non
1815 838 1978 913 modo
2006 853 2070 897 ea
2097 850 2216 910 quae

636 937 986 1003 admiserunt,
1021 944 1046 973 ⁸
1069 933 1438 1003 exomologesi
1485 948 1549 991 ac
1594 929 1979 995 satisfactione;
2010 928 2105 985 sed
2147 942 2216 987 ne

631 1029 737 1086 hoc
781 1029 996 1098 quidem
1050 1010 1195 1097 quod
1242 1026 1551 1083 facillimum
1598 1032 1701 1091 est,
1752 1024 1906 1081 donis
1936 1024 2124 1079 saltem
2152 1035 2217 1077 ac

630 1120 1021 1178 misericordiis
1067 1119 1330 1175 redimere
1358 1118 1642 1187 dignantur
1670 1136 1681 1171 :
1714 1123 1876 1187 atque
1906 1131 2010 1171 non
2040 1113 2213 1170 solum

632 1215 690 1273 id
717 1215 770 1271 in
798 1214 1072 1285 prosperis
1118 1212 1393 1283 negligunt
1414 1253 1429 1278 ,
1481 1210 1576 1269 sed
1613 1210 1756 1281 quod
1786 1210 2011 1265 multum
2037 1206 2212 1267 irreli-

633 1308 873 1377 giosius,
925 1307 979 1360 in
1026 1305 1297 1372 adversis;
1350 1298 1457 1361 non
1502 1304 1675 1359 solum
1736 1301 2071 1366 incolumes,
2120 1297 2214 1354 sed

633 1400 795 1464 etiam
824 1398 1151 1453 deﬁcientes.
1195 1395 1366 1453 Tanta
1394 1393 1736 1450 incredulitas
1755 1400 1837 1448 est
1858 1390 2132 1449 hominum
2162 1395 2216 1442 et

633 1497 747 1547 tam
790 1490 968 1557 gravis
1013 1487 1307 1545 inﬁdelium
1353 1486 1577 1554 languor
1624 1486 1923 1541 animarum
1947 1523 1962 1548 ,
2004 1489 2064 1537 ιιι
2092 1496 2213 1536 cum

633 1581 788 1639 multi
817 1581 1075 1638 maximas
1104 1595 1234 1650 opes
1261 1578 1562 1635 hmredibus
1580 1617 1595 1644 ,
1626 1576 1892 1635 interdum
1923 1575 2086 1630 etiam
2115 1588 2212 1631 ex-

635 1673 836 1730 traneis
880 1672 1284 1743 derelinquant;
1335 1670 1439 1725 hoc
1466 1669 1639 1724 solum
1683 1683 1741 1723 se
1769 1674 1961 1738 putant
1987 1666 2213 1738 perdere

632 1763 778 1837 quod
824 1778 922 1834 pro
969 1778 1064 1833 spe
1109 1778 1205 1817 sua
1253 1760 1502 1827 dederint
1545 1776 1609 1815 ac
1634 1760 1840 1816 salute.
1900 1756 1969 1812 Et
1996 1754 2210 1839 quidem

2319 652 2454 719 Dei,
2500 668 2609 722 quo
2655 652 2992 723 pnecipimur
3035 651 3209 707 vitare
3248 653 3496 709 omnibus
3522 653 3700 710 modis
3729 662 3911 710 terre-

2318 743 2443 803 stris
2470 734 2655 814 gloria:
2697 743 3016 809 vanitatem;
3067 758 3134 798 ne
3161 743 3285 799 dum
3312 744 3561 800 humanae
3584 744 3766 802 laudis
3795 745 3913 800 ina.

2319 850 2442 891 nem
2473 832 2712 895 aurulam
2755 835 3061 907 quaerimus,
3111 836 3389 907 praemium
3436 834 3656 912 omleste
3705 839 3910 910 perda-

2318 942 2458 981 mus.
2500 922 2581 980 Ex
2620 941 2727 1001 quo
2774 926 2937 982 etiam
2975 924 3107 982 illud
3137 935 3219 983 est
3244 927 3389 998 quod
3414 936 3468 983 et
3493 927 3638 983 orari
3668 927 3821 985 Deus
3859 938 3911 985 et

2317 1018 2506 1075 donari
2552 1019 2729 1075 oculte
2768 1018 2993 1090 jubens,
3043 1020 3156 1076 vult
3184 1036 3281 1076 nos
3307 1020 3538 1077 fructum
3563 1022 3695 1077 boni
3726 1023 3909 1093 operis

2317 1113 2694 1170 commendare
2737 1122 2974 1182 secreto;
3005 1115 3132 1186 quia
3174 1114 3317 1170 nulla
3347 1117 3416 1172 sit
3442 1115 3616 1187 major
3654 1116 3787 1173 ﬁdei
3816 1118 3907 1174 de-

2316 1206 2464 1262 votio
2513 1222 2671 1277 quam
2699 1221 2821 1275 quae
2849 1206 3232 1262 conscientiam
3268 1208 3403 1262 vitat
3432 1208 3708 1264 hominum
3728 1249 3748 1275 ,
3797 1208 3907 1265 Deo

2320 1304 2458 1353 teste
2485 1305 2758 1352 contenta.
2803 1294 3194 1365 Nesciatenim,
3220 1299 3391 1368 inquit
3414 1298 3683 1365 Salvator,
3717 1318 3907 1357 manu

2320 1398 2406 1443 tua
2433 1389 2644 1443 sinistra
2665 1388 2789 1462 quid
2818 1390 2980 1461 faciat
3000 1387 3213 1444 dextera
3235 1400 3319 1445 tua
3342 1407 3359 1443 :
3381 1400 3432 1444 et
3458 1389 3621 1446 Pater
3649 1402 3792 1457 tuus,
3821 1395 3904 1466 qui

2317 1480 2534 1535 videtin
2576 1478 2846 1546 absconso,
2897 1479 3073 1535 reddet
3112 1479 3202 1533 tibi
3244 1478 3455 1552 (Matth.
3505 1498 3575 1548 vr,
3620 1474 3672 1549 3,
3715 1480 3797 1552 4).
3840 1481 3897 1537 Et

2318 1569 2440 1629 ideo
2486 1571 2734 1641 scriptori
2781 1571 2853 1624 illi
2901 1570 2967 1625 ad
3009 1562 3426 1627 subtrahendum
3455 1587 3487 1627 e
3514 1573 3673 1629 titulo
3703 1577 3900 1632 nbnwn

2317 1672 2473 1718 suum
2538 1669 2697 1732 atque
2746 1658 3027 1717 celandum
3070 1659 3316 1716 sufﬁcere
3358 1662 3475 1717 haec
3526 1664 3901 1721 tantummodo

2318 1768 2480 1813 causa
2527 1753 2726 1825 potuit;
2774 1760 2831 1807 ut
2859 1752 3002 1822 quod
3040 1753 3093 1807 in
3123 1753 3382 1810 honorem
3411 1753 3624 1811 Domini
3650 1758 3737 1813 sui
3764 1759 3900 1817 lece-

633 1856 777 1912 istnd
822 1854 947 1910 licet
995 1853 1049 1908 in
1098 1852 1348 1907 omnibus
1393 1850 1505 1906 fere
1544 1865 1707 1921 grave
1735 1850 1834 1914 sit,
1865 1848 2133 1919 prmcipue
2159 1848 2211 1902 in
2244 1851 2436 1911 Brat,
2493 1846 2683 1902 divina:
2732 1855 2936 1902 tantum
2980 1849 3323 1904 conscientiae
3352 1862 3683 1918 reservaret,
3732 1864 3790 1913 et
3818 1872 3900 1913 res

633 1948 718 2003 his
766 1954 943 2002 tamen
991 1960 1129 2015 quos
1175 1946 1227 1999 in
1291 1943 1553 2000 consimili
1617 1942 1840 1999 crimine
1887 1940 2214 1996 inﬁdelitatis

633 2038 793 2093 etiam
822 2035 851 2076 δ
882 2036 1143 2107 professio
1170 2034 1468 2091 sanctitatis
1493 2041 1727 2089 accusat.
1768 2031 1873 2088 Sed
1901 2031 2043 2087 idem
2071 2046 2214 2086 mor-

630 2128 732 2185 bus
776 2129 864 2183 bic
912 2142 1018 2181 non
1066 2125 1398 2182 saecularium
1450 2131 1659 2180 tantum
1706 2131 1829 2188 est,
1882 2122 1975 2178 sed
2026 2137 2213 2178 eorum

629 2218 792 2273 etiam
839 2218 929 2287 qui
959 2216 1059 2272 sibi
1105 2231 1301 2273 nomen
1347 2216 1621 2284 religionis
1662 2213 1967 2296 usurpant.)
1998 2213 2065 2268 Et
2092 2214 2212 2269 ideo

628 2309 815 2364 videns
860 2308 948 2363 ille
995 2309 1086 2376 qui
1131 2303 1385 2378 scripsit,
1415 2322 1700 2363 commune
1727 2322 1844 2363 esse
1877 2307 1983 2362 hoc
2011 2305 2211 2363 malum

629 2415 799 2469 prope
826 2399 1216 2463 universorum,
1248 2398 1532 2468 labemque
1558 2399 1700 2455 hanc
1726 2414 1832 2453 non
1873 2398 1938 2453 ad
1968 2397 2213 2453 mundia-

610 2490 711 2544 -les
740 2498 943 2543 tantum
974 2489 1254 2553 homines,
1293 2486 1389 2544 sed
1415 2489 1577 2547 etiam
1608 2489 1678 2545 ad
1707 2489 2028 2559 ptenitentes
2053 2497 2213 2557 atque

631 2595 952 2644 conversos,
985 2578 1053 2633 ad
1081 2578 1267 2635 viduas
1293 2592 1508 2648 quoque
1532 2579 1641 2648 jam
1670 2579 2054 2643 continentiam
2084 2594 2213 2650 pro-

628 2670 796 2733 fessas
823 2680 984 2740 atque
1013 2671 1080 2725 ad
1120 2671 1325 2741 puellas
1365 2671 1421 2729 in
1448 2672 1614 2727 sacris
1642 2671 1898 2729 altaribus
1926 2687 2210 2727 consecra-

626 2768 739 2828 tas;
771 2762 1039 2833 quodque,
1089 2771 1148 2818 ut
1195 2762 1270 2819 ita
1298 2761 1526 2817 dixerim
1547 2803 1562 2829 ,
1610 2776 1779 2831 prope
1804 2762 1944 2817 inter
1970 2768 2209 2817 monstra

624 2850 981 2929 reputandum
1009 2861 1113 2920 est,
1142 2852 1209 2908 ad
1237 2853 1428 2909 levitas
1452 2853 1615 2911 etiam
1644 2861 1804 2922 atque
1833 2854 2207 2925 presbyteros;

625 2944 852 3015 etquod
879 2945 961 3001 his
1012 2944 1230 3003 feralius
1274 2945 1443 3000 multo
1487 2952 1597 3012 est,
1642 2944 1802 3001 etiam
1834 2944 1901 3000 ad
1930 2945 2212 3016 episcopos

625 3034 973 3104 pervenisse,
1023 3048 1090 3089 ex
1127 3034 1321 3103 quibus
1365 3035 1518 3093 multi
1560 3051 1696 3106 quos
1735 3052 1894 3106 supra
1924 3036 2060 3102 dixi,
2093 3037 2209 3091 sine

628 3118 906 3185 aﬁ‘ectibus
934 3162 949 3189 ,
995 3123 1112 3181 sine
1157 3124 1418 3200 pignorea
1478 3140 1586 3183 non
1635 3124 1879 3194 familias,
1910 3126 2070 3201 ξοδ
2098 3142 2206 3182 non

2318 1938 2796 1995 commendabilior
2823 1938 2934 1994 Deo
2964 1937 3118 1996 ﬁeret
3144 1955 3265 2010 quae
3293 1941 3490 1999 famam
3519 1945 3787 2015 publicam
3816 1947 3898 2003 dc-

2319 2031 2557 2087 vitasset.
2618 2028 2722 2091 Sed
2768 2038 2943 2085 tamen
2967 2073 2981 2097 ,
3011 2032 3153 2104 quod
3182 2034 3545 2093 conﬁtendum
3576 2046 3678 2103 est,
3708 2041 3896 2110 prmi.

2316 2137 2481 2197 puum
2531 2120 2661 2176 illud
2708 2121 2837 2187 fuit,
2887 2123 3013 2192 quia
3043 2123 3273 2193 scriptor
3299 2125 3406 2191 ille,
3439 2136 3499 2182 ut
3524 2128 3768 2197 legimus,
3801 2131 3899 2187 hu-

2315 2211 2457 2267 milis
2504 2218 2586 2267 est
2611 2200 2771 2285 204
2797 2214 2851 2266 in
2880 2213 3048 2269 oculis
3092 2214 3201 2270 suis
3249 2231 3313 2271 ac
3350 2200 3470 2273 vilis
3495 2218 3613 2286 sibi,
3644 2221 3894 2290 exiguum

2316 2318 2375 2359 se
2401 2303 2615 2375 penitus
2644 2312 2804 2373 atque
2834 2303 3080 2360 ultimum
3110 2314 3336 2377 putans,
3367 2315 3423 2363 et
3446 2308 3574 2375 hoc,
3601 2311 3744 2380 quod
3777 2328 3897 2367 ma-

2310 2395 2400 2467 jus
2428 2404 2528 2464 est,
2563 2397 2699 2450 mira
2720 2394 2822 2450 ﬁde
2848 2415 2859 2451 :
2894 2412 3002 2451 non
3031 2396 3208 2454 ofﬁcio
3236 2399 3541 2457 humilitatis
3578 2413 3894 2472 assumpta,

2315 2487 2411 2543 sed
2432 2485 2621 2557 judicii
2660 2487 2918 2557 simplicis
2943 2490 3191 2547 veritate.
3236 2487 3389 2546 Unde
3414 2499 3492 2546 est
3516 2475 3656 2560 quod
3680 2492 3805 2561 jure
3834 2510 3900 2549 se

2315 2579 2477 2636 etiam
2524 2580 2591 2635 ab
2637 2579 2769 2634 aliis.
2802 2579 2960 2634 talem
2998 2580 3301 2636 habendum
3332 2588 3524 2654 putans
3548 2582 3722 2652 qualis
3750 2599 3783 2637 a
3812 2600 3897 2640 se—

2315 2672 2542 2740 metipso
2573 2670 2878 2737 haberetur,
2908 2679 3056 2729 recte
3084 2672 3276 2729 libellis
3302 2674 3412 2731 suis
3439 2673 3671 2731 alienum
3700 2690 3891 2730 nomen

2314 2760 2566 2827 inseruit;
2605 2762 2807 2817 scilicet
2844 2778 2911 2819 ne
2948 2763 3322 2823 auctoritatem
3357 2764 3658 2821 salubribus
3685 2766 3892 2837 scriptis

2314 2866 2556 2923 personae
2584 2867 2692 2907 suae
2719 2854 2953 2923 parvitas
2980 2851 3266 2923 derogaret
3289 2872 3300 2906 :
3323 2855 3515 2920 ,omnia
3564 2856 3708 2910 enim
3754 2871 3889 2910 arno-

2312 2938 2383 2996 do
2428 2940 2569 2997 dicta
2622 2942 2755 2997 tanti
2803 2942 3212 3011 existimantur,
3244 2953 3473 3014 quantus
3519 2954 3602 3001 est
3643 2946 3757 3017 ipse
3802 2948 3887 3017 qui

2313 3032 2465 3087 dixit.
2509 3032 2564 3088 Si
2606 3033 2822 3105 quidem
2868 3043 2979 3090 tam
3026 3036 3288 3091 imbecilla
3342 3044 3467 3092 sunt
3507 3037 3711 3109 judicia
3738 3039 3886 3109 hujus

2313 3126 2571 3197 temporis
2611 3141 2676 3182 ac
2714 3141 2854 3198 pene
2879 3133 2990 3182 tam
3019 3125 3164 3182 nulla
3184 3166 3200 3193 ,
3232 3135 3289 3182 ut
3315 3128 3408 3197 qui
3437 3126 3623 3197 legunt
3650 3145 3758 3186 non
3784 3138 3884 3185 tam

625 3213 764 3277 ﬁlios
790 3215 1077 3281 habentes,
1115 3230 1246 3289 opes
1285 3224 1340 3273 et
1367 3217 1692 3274 substantias
1719 3234 1843 3275 suas
1872 3236 1979 3274 non
2008 3235 2210 3290 paupe-
2235 3226 2283 3291 (ι
2312 3217 2653 3274 considerent
2688 3217 2817 3288 quid
2845 3218 3023 3288 legant
3050 3234 3212 3290 quam
3253 3218 3403 3290 cujus
3431 3219 3632 3289 legant,
3660 3237 3755 3277 nec
3784 3230 3885 3279 tam

624 3305 772 3365 ribus
798 3348 811 3371 ,
845 3322 952 3362 non
983 3306 1224 3364 ecclesiis
1248 3348 1263 3375 ,
1313 3323 1419 3365 non
1468 3309 1570 3400 sibi
1598 3310 1728 3380 ipsis
1751 3349 1767 3376 ,
1818 3325 1925 3366 non
1954 3310 2205 3381 denique,

623 3397 770 3468 quod
798 3397 879 3452 his
907 3399 1156 3471 omnibus
1201 3398 1374 3469 majus
1426 3408 1509 3455 est
1556 3397 1620 3456 ac
1666 3401 2041 3471 praestantius,
2073 3403 2205 3468 Deo,

553 3492 562 3506 ‘
623 3486 718 3542 sed
746 3488 1089 3544 saecularibus
1115 3488 1201 3544 vel
1229 3490 1460 3546 maxime
1490 3498 1545 3546 et
1571 3490 1825 3547 divitibus
1854 3501 1908 3548 et
1937 3496 2208 3550 extraneis

623 3577 971 3649 deputarent;
1005 3583 1170 3651 {actus
1199 3590 1275 3636 est
1299 3583 1356 3635 in
1384 3581 1538 3637 corde
1565 3582 1752 3653 ipsius,
1784 3584 1922 3640 sicut
1949 3587 2207 3657 scriptum

624 3675 727 3735 est,
774 3668 919 3724 zelus
963 3668 1173 3723 Domini
1218 3672 1363 3742 quasi
1399 3673 1536 3743 ignis
1588 3671 1776 3729 ardens
1826 3673 1960 3746 (Jer.
2005 3693 2093 3741 xx,
2127 3675 2200 3743 9).

621 3756 692 3827 Et
736 3760 861 3830 quia
884 3799 900 3828 ,
946 3761 1295 3817 aestuantibus
1343 3778 1496 3819 sacro
1544 3763 1738 3822 affectu
1783 3768 2030 3823 medullis
2074 3770 2202 3837 suis,

621 3849 766 3906 aliud
804 3851 858 3907 in
886 3849 980 3905 tali
1025 3859 1157 3907 testu
1188 3851 1367 3909 facere
1396 3869 1503 3909 non
1532 3856 1726 3927 potuit,
1757 3857 1810 3911 in
1840 3874 2024 3913 vocem
2055 3858 2206 3916 dolo-

618 3942 695 4000 ris
724 3943 915 4014 erupit.
958 3941 1076 3998 Vox
1116 3951 1295 3999 autem
1326 3945 1440 4016 ipsa
1467 3946 1555 4001 cui
1584 3946 1999 4018 impenderetur,
2031 3952 2205 4008 nullus

620 4034 790 4101 magis
816 4032 1042 4092 idoneus
1070 4036 1215 4090 visus
1244 4044 1326 4092 est
1352 4051 1515 4106 quam
1542 4034 1804 4106 Ecclesia,
1837 4040 1988 4111 cujus
2017 4043 2200 4113 utique

619 4139 745 4197 pars
773 4127 873 4195 ipsi
901 4135 1055 4183 erant
1099 4129 1190 4197 qui
1240 4129 1344 4183 ista
1391 4130 1675 4189 faciebant.
1737 4132 2017 4202 Superllue
2059 4137 2201 4191 enim

621 4218 714 4273 uni
740 4226 832 4271 aut
872 4219 1056 4288 paucis
1099 4221 1365 4284 scribitur,
1417 4222 1508 4276 ubi
1556 4230 1639 4279 est
1666 4238 1828 4279 causa
1861 4235 2196 4283 cunctorum.

620 4307 746 4365 Haec
771 4322 901 4377 ergo
932 4306 1070 4364 ratio
1098 4319 1151 4364 et
1178 4313 1443 4379 persuasit
1466 4320 1521 4367 et
1549 4316 1825 4384 compulit,
1858 4326 1915 4374 ut
1942 4319 2106 4376 libelli
2132 4322 2201 4377 de

620 4398 814 4469 quibus
862 4400 1130 4468 loquimur
1186 4400 1251 4461 ad
1295 4399 1590 4459 Ecclesiam
1630 4405 1989 4465 mitterentur.
2051 4410 2200 4466 Nunc

610 4490 751 4562 illud
792 4491 1018 4546 dicimus
1060 4491 1205 4559 quod
1252 4491 1548 4553 secundum
1594 4502 1696 4557 est,
1744 4497 1984 4563 scilicet,
2016 4518 2113 4559 cur
2140 4502 2192 4557 in

2311 3310 2561 3365 dictionis
2588 3310 2697 3365 vim
2734 3320 2896 3380 atque
2926 3311 3174 3366 virtutem
3218 3326 3379 3381 quam
3427 3312 3706 3367 dictatoris
3746 3314 3884 3383 cogi-

2308 3410 2424 3458 tent
2450 3401 2782 3472 dignitatem.
2822 3401 3026 3459 Idcirco
3065 3403 3225 3473 igitur
3262 3403 3493 3473 scriptor
3521 3404 3611 3459 ille
3638 3403 3883 3463 abscondi

2308 3503 2363 3550 et
2390 3494 2603 3550 latitare
2649 3495 2896 3551 omnibus
2943 3495 3116 3552 modis
3143 3494 3431 3562 voluit,.ne
3458 3497 3657 3569 scripta
3686 3513 3805 3568 qua:
3831 3498 3883 3552 in

2307 3602 2366 3643 se
2414 3586 2614 3641 habent
2660 3586 2948 3659 plurimum
2993 3586 3353 3654 salubritatis,
3408 3588 3618 3644 minora
3658 3587 3880 3643 forsitan

2308 3678 2499 3734 ﬁerent
2541 3693 2637 3751 per
2686 3693 2879 3733 nomen
2932 3678 3185 3734 auctoris.
3234 3676 3408 3735 Habet
3442 3679 3622 3751 itaque
3646 3679 3886 3751 quisquis

2306 3773 2397 3831 ille
2425 3777 2506 3829 est
2533 3772 2623 3842 qui
2652 3772 2914 3841 requirit,
2946 3786 3041 3827 cur
3068 3771 3298 3829 alienum
3334 3788 3527 3827 nomen
3555 3780 3885 3844 assumptum

2304 3866 2393 3935 sit.
2436 3862 2624 3919 Restat
2651 3862 2831 3920 dicere
2860 3878 2956 3920 cur
3001 3861 3287 3918 Timothei.
3346 3863 3498 3931 Quod
3535 3873 3590 3917 ut
3615 3861 3881 3929 dicamus,

2304 3955 2371 4010 ad
2419 3962 2695 4009 auctorem
2739 3952 2917 4008 denuo
2962 3954 3230 4009 reversuri
3267 3969 3466 4009 sumus.
3503 3950 3550 4008 ls
3578 3953 3722 4009 enim
3751 3970 3882 4013 cau-

2301 4031 2748 4102 sarum'omnium
2784 4058 2946 4099 causa
2987 4051 3105 4099 est:
3156 4045 3250 4115 qui
3273 4044 3409 4099 sicut
3436 4044 3718 4103 humilitati
3747 4062 3885 4116 pra-

2301 4139 2436 4195 stitit
2465 4145 2524 4193 ut
2550 4137 2782 4193 alienum
2800 4177 2816 4203 ,
2857 4136 2936 4194 sic
2964 4136 3143 4195 timori
3172 4147 3331 4207 atque
3359 4137 3582 4192 cautelae
3609 4146 3669 4191 ut
3695 4135 3881 4194 Timo-

2302 4232 2411 4286 thei
2459 4245 2654 4285 nomen
2699 4228 2975 4291 scriberet.
3014 4226 3244 4287 Pavidus
3284 4227 3483 4299 quippe
3510 4238 3592 4286 est
3619 4238 3673 4284 et
3700 4226 3883 4287 formi~

2299 4323 2536 4385 dolosas,
2569 4311 3042 4390 ac'nonnunquam
3070 4322 3230 4376 etiam
3259 4322 3452 4376 levium
3483 4320 3880 4379 mendaciorum

2300 4414 2478 4483 fugax,
2509 4422 2669 4483 atque
2694 4414 2749 4468 in
2776 4419 2981 4471 tantum
3011 4427 3234 4483 peccare
3260 4420 3505 4470 metuens
3530 4421 3588 4469 ut
3616 4413 3882 4472 interdum

2300 4513 2355 4559 et
2385 4520 2491 4561 non
2538 4502 2775 4559 timenda
2822 4498 3089 4563 formidet.
3159 4500 3293 4558 Cum
3336 4514 3467 4574 ergo
3503 4502 3825 4561 subtrahere
3851 4521 3884 4560 e

616 4580 777 4637 titulo
822 4580 1128 4636 libellorum
1171 4595 1282 4638 non
1309 4583 1380 4637 sit
1418 4597 1615 4639 nomen
1645 4588 1897 4643 auctoris.
1939 4589 2100 4660 Cujus
2125 4600 2201 4653 rei
2231 4596 2283 4655 D
2306 4598 2463 4653 titulo
2488 4610 2682 4649 nomen
2711 4608 2867 4650 suum
2894 4602 2952 4650 et
2998 4594 3237 4650 inserere
3279 4595 3444 4650 vellet
3472 4585 3781 4663 aliomm,’e
3812 4598 3884 4653 ti-

1791 4678 2123 4743 STEPHANI
2159 4690 2428 4755 BALUle
2466 4687 2693 4744 NOTIE.

614 4766 817 4863 libro
833 4769 989 4863 epist.
1023 4768 1091 4854 ιβ
1115 4787 1135 4853 .-
1162 4761 1498 4863 Pj'miteqtia,
1526 4773 1692 4863 frater
1719 4775 2047 4863 uerissime,
2079 4801 2185 4863 non

2308 4763 2681 4863 irequentatur;
2697 4779 3073 4863 exomoleguis
3102 4790 3198 4863 est,
3228 4776 3603 4863 quddelicttm

615 4840 818 4922 nomine
844 4849 919 4893 est
938 4841 1280 4922 susciprfnda,
1304 4840 1394 4896 sed
1420 4840 1608 4922 opere.“
1618 4843 1708 4922 Sic
1735 4849 1876 4922 enim
1905 4840 2183 4918 legendum
2215 4840 2259 4853 ”
2291 4840 2527 4915 negatum
2547 4840 2734 4922 conﬁte

615 4915 823 4989 gstpro
843 4924 909 4963 eo
936 4909 1083 4989 quod
1105 4909 1349 4989 Carysius
1370 4909 1535 4989 edidit
1564 4913 1845 4989 Patientia,
1876 4909 2058 4989 (pater,
2076 4909 2183 4981 etc.

612 4967 817 5059 Eadem
840 4967 1105 5059 medicina
1135 4967 1431 5059 adhibenda
1474 4967 1845 5059 esthorniliie"

614 5048 853 5129 episcopi
883 5047 1243 5129 Arelatensis,
1265 5053 1320 5109 in
1340 5069 1445 5129 qua
1474 5055 1873 5129 hodielegitur,
1897 5068 1954 5111 ut
1992 5047 2183 5119 cummi};

614 5121 687 5203 eis
709 5121 1173 5203 oc‘tttosipatientite
1192 5121 1466 5203 clauserit,
1484 5141 1604 5203 cum
1638 5121 2019 5203 legendumsit
2037 5173 2051 5195 ,
2081 5149 2186 5203 ρω-

615 5187 1023 5271 ιιὶτθηςὶω.,ῌιθιιι
1061 5189 1290 5271 homilize
1319 5187 1469 5271 Pauli
1493 5187 1716 5271 Diaconi
1743 5215 1753 5248 :
1791 5195 1969 5271 Omnis
2000 5187 2183 5271 pecori-

614 5267 710 5322 tor,
729 5259 775 5315 si
799 5259 1001 5335 vuitad
1020 5262 1218 5335 ueniam
1240 5265 1502 5335 attingere,
1527 5264 1724 5335 (Λήθοιο
1745 5270 1981 5325 uniuerso
2000 5259 2185 5327 'cordis

612 5337 806 5394 tumore
839 5328 984 5384 debet
1015 5333 1320 5386 omnimodis
1353 5328 1407 5387 ἔρ
1441 5328 1629 5388 terrain
1661 5345 1710 5389 et
1737 5340 1960 5394 cinerem
2006 5344 2187 5397 existi-

611 5415 783 5473 mare;
806 5409 860 5453 ut
878 5417 920 5452 α
940 5402 1061 5454 uera
1082 5401 1370 5473 humilitate
1400 5404 1665 5473 incipiens,
1696 5408 1862 5462 ualeat
1890 5409 1990 5464 sibi
2020 5430 2051 5465 α
2077 5412 2186 5467 Do-

611 5470 773 5589 rubet;
779 5472 1080 5550 patientiam
1107 5472 1400 5541 impetrare.
1429 5470 1731 5542 Legendum
1768 5486 1850 5533 est
1886 5480 2065 5548 itaque
2090 5499 2189 5552 pae-

774 5557 896 5589 tam.

689 5548 896 5593 entiam.

686 5614 709 5641 ·
749 5607 886 5684 infra
916 5610 1005 5684 lib.
1038 5628 1055 5665 ι
1085 5612 1336 5668 adversus
1374 5615 1683 5679 Avaritiam,
1734 5629 1853 5684 pag.
1887 5617 1983 5670 2‘2l
2024 5638 2036 5672 :
2081 5619 2187 5677 Sed

612 5677 864 5755 quomodo
895 5680 1336 5755 einegomologesis
1376 5677 1980 5755 diuturnaopi'tulubitur
2012 5691 2070 5743 in
2094 5707 2186 5746 ea:-

809 5748 953 5833 sito?
982 5748 1338 5833 Tertullianus
1364 5755 1418 5807 in
1450 5753 1588 5810 libro
1610 5748 2026 5833 de'menitentia
2057 5777 2174 5833 cap.

613 5805 651 5869 9
675 5827 687 5864 :
716 5805 771 5867 Is
798 5823 940 5869 actus
984 5820 1067 5890 qui
1098 5805 1265 5893 magis
1281 5805 2186 5897 *ἀνιέσᾶ

2665 4852 2875 4934 iteer
2903 4848 3008 4934 non
3033 4848 3664 4934 ignara,_sed
3689 4863 3881 4926 quate»-

2292 4945 2388 4982 uus
2420 4922 2713 5003 satisfactio
2748 4921 3072 5005 confessione
3093 4921 3749 5045 ρὰΨίαιικρριῖευὶοάε
3770 4940 3888 4993 ρῳ-

2292 4997 2509 5045 nitentia
2543 5000 2802 5045 nascitur.
2842 5000 3139 5045 utentth
3230 5007 3320 5045 eus
3360 5001 3644 5045 mutuatur.
3690 4990 3888 5045 [tm

2292 4997 2509 5052 nitentia
2543 4990 2802 5066 nascitur,
2841 4990 3161 5066 renitentia
3340 4990 3644 5066 pitigdtur.
3674 4990 3889 5066 Itaque

2293 5009 2509 5052 nitentia
2543 5009 2802 5058 nascitur,
2841 5009 3139 5061 pauitantia
3180 5009 3320 5048 usus
3360 5009 3644 5117 manu
3690 5009 3886 5066 ιιαᾳιι

2293 5064 2662 5148 eromoiogesis
2683 5063 3040 5144 prosterneudi
3067 5060 3391 5144 etliumiliﬁc
3471 5134 3483 5145 .
3507 5063 3517 5072 ’

2293 5138 2511 5191 mulina
2536 5144 2631 5191 est.
2660 5142 3094 5189 conversationem
3118 5147 3393 5191 tamen:
3412 5132 3785 5191 misericordis:

2289 5138 2511 5258 ἴρίμιέηα
2532 5132 2631 5223 est,
2660 5132 3094 5214 conversationem
3118 5133 3393 5213 injungeus
3808 5132 3882 5191 ει-

2314 5222 2458 5285 icem.
2502 5206 2573 5285 (ς
2592 5219 2702 5285 ipso
2723 5218 2920 5273 quoque
2948 5199 3125 5261 habitu
3142 5210 3293 5285 atque
3314 5208 3446 5285 metu
3467 5201 3700 5268 mandat,
3719 5219 3882 5285 sacro

2290 5283 2340 5329 et
2360 5276 2517 5330 cineri
2545 5267 2818 5338 incubare,
2835 5267 2940 5328 ’ταν
3009 5289 3035 5327 s
3064 5267 3301 5328 sordibus
3321 5267 3618 5339 obscurare,
3641 5272 3881 5329 oscinum

2294 5344 2596 5396 meroribus
2615 5343 2835 5396 deiicere
2850 5381 2865 5396 .
2894 5290 3113 5396 illium
3134 5340 3357 5396 uacauit
3387 5342 3523 5396 tristi
3544 5344 3881 5396 tractationi.

2294 5344 2596 5399 meroribus
2615 5343 2835 5413 dejicere
2850 5381 2865 5406 ,
2894 5341 2972 5396 illi
3001 5358 3113 5465 quae
3134 5341 3357 5412 peccauit
3387 5342 3523 5398 tristi
3544 5344 3881 5408 tractatione,

2294 5422 2400 5494 etc.
2423 5414 2556 5494 \[idc
2576 5413 2921 5494 'Cyp-rianm‘n
3042 5413 3169 5494 ibro.
3189 5411 3257 5494 de
3281 5408 3493 5494 lapsis,
3525 5412 3617 5468 ubi
3639 5410 3706 5469 de
3735 5410 3891 5470 Ana-

2292 5484 2403 5545 nia,
2436 5478 2656 5548 Azaria,’
2676 5478 3016 5551 Misaheleet
3041 5481 3260 5538 Daniele
3281 5478 3538 5551 loquitur.

2365 5553 2553 5623 bVide
2580 5569 2740 5623 supra
2771 5550 2977 5623 pag.6_.
3117 5621 3123 5623 Α
3356 5550 3365 5551 ί
3451 5618 3466 5623 _
3596 5621 3603 5623 ξ
3737 5619 3773 5623 _,
3856 5622 3859 5623 ν

2365 5636 2385 5661 ε’
2424 5622 2596 5678 Antea
2624 5618 2900 5690 legebatur
2932 5619 3203 5688 Timothei,
3247 5636 3359 5679 non
3387 5618 3563 5679 solum
3591 5621 3645 5677 in

2290 5695 2384 5750 sed
2432 5695 2593 5748 etiam
2646 5694 2698 5746 in
2739 5693 2926 5748 codice
2966 5692 3137 5763 regio.
3184 5690 3370 5763 Itaque
3414 5690 3889 5763 quiatconstahat

2291 5765 2540 5818 mendum
2570 5764 2657 5818 hic
2678 5776 2814 5835 esse,
2846 5769 2902 5817 et
2924 5758 3354 5835 substituendam
3372 5758 3749 5835 esse‘aliquam
3772 5778 3889 5820 vo-

2292 5849 2411 5890 cem
2438 5848 2556 5902 qute
2583 5822 2897 5890 conveniret
2923 5833 3129 5891 homini
3172 5830 3369 5904 pavide
3395 5838 3455 5887 et
