4088 6360
217 360 321 417 177

1340 358 1700 417 ADVERSUS
1737 359 2111 420 AVARITIAM
2153 364 2276 418 LIB.
2319 366 2358 419 l.

3379 377 3481 434 I78

216 484 430 550 putant,
452 477 544 548 qui
567 476 794 532 fortasse
822 491 1008 531 aurum
1035 491 1097 531 ac
1126 476 1406 531 facultates
1434 492 1557 554 suas
1582 476 1632 529 in
1661 483 1800 528 terra
1827 476 1876 535 Α
1906 476 2074 529 multo
2112 477 2374 531 malorum
2411 455 2653 536 continet
2679 497 2840 552 quam
2869 485 3157 554 bonorum,
3189 492 3484 550 secundum

217 586 330 624 non
361 569 600 636 habent,
641 577 695 624 et
723 578 898 624 tamen
935 569 1237 638 ubicunque
1266 569 1543 622 abstrusas
1578 568 1796 621 habent.

221 661 396 717 Nemo
425 677 483 716 se
511 661 748 716 ridiculis
777 662 1119 731 opinionibus
1156 660 1322 714 fallat.
1354 661 1666 728 Quicunque
1703 675 1800 712 au-

216 753 408 824 gendis
448 754 639 823 opibus
677 762 888 808 terrena
917 753 1210 823 cupiditate
1232 752 1581 816 famulantur,
1612 766 1801 804 aurum

219 854 381 901 terra:
427 861 640 915 semper
686 845 969 900 infodiunt.
1020 847 1182 918 209
1211 844 1324 900 Hoc
1364 852 1446 900 est
1486 845 1626 898 enim
1675 843 1802 898 illud

216 940 369 1008 quod
393 938 641 993 Salvator
662 939 712 992 in
737 938 1026 1007 Evangelia
1052 939 1209 992 docet
1233 939 1416 992 dicens
1449 956 1460 990 :
1489 936 1667 991 Nolite
1698 937 1804 990 the-

216 1033 492 1086 saurizare
523 1030 662 1085 vobis
697 1031 966 1086 thesauros
993 1033 1049 1084 iu
1081 1040 1215 1084 terra
1247 1030 1456 1101 (Matth.
1490 1048 1559 1094 vl,
1595 1030 1703 1101 i9).
1738 1028 1806 1084 Et

219 1123 418 1178 iterum
452 1141 463 1172 :
504 1122 871 1177 Thesaurizate
908 1133 1077 1176 autem
1117 1121 1255 1176 vobis
1297 1115 1562 1176 thesauros
1590 1123 1642 1174 in
1681 1121 1804 1176 caelo

221 1213 413 1283 (Ibid.,
444 1213 557 1283 20).
584 1213 809 1283 [ntelligi
829 1213 981 1283 juxta
1001 1213 1269 1269 carnalem
1299 1211 1536 1266 auditam
1566 1213 1666 1266 ista
1697 1229 1804 1267 non

220 1315 472 1379 possunt.
504 1305 752 1376 Nunquid
782 1308 921 1361 enim
949 1315 1041 1371 aut
1070 1321 1257 1360 omnes
1279 1306 1406 1359 mali
1437 1306 1490 1359 in
1520 1313 1659 1360 terra
1686 1321 1806 1360 cor-

219 1397 442 1469 porales
473 1398 751 1453 thesauros
775 1414 902 1454 suos
925 1438 938 1461 ,
971 1405 1062 1452 aut
1091 1413 1279 1452 omnes
1305 1398 1434 1452 boni
1472 1399 1526 1452 in
1562 1398 1700 1452 etelo
1727 1397 1806 1452 lo-

220 1491 387 1546 cant?
415 1490 529 1545 Non
559 1491 762 1560 utique.
796 1491 862 1545 Et
891 1492 1012 1546 ideo
1039 1490 1263 1546 effectus
1282 1491 1598 1561 spiritalium
1627 1507 1804 1546 rerum

221 1591 389 1650 atque
417 1581 644 1637 virtutes
666 1583 745 1636 vis
773 1598 940 1637 sacra:
966 1583 1250 1638 locutionis
1279 1583 1558 1653 expressit.
1593 1582 1809 1638 Scilicet

223 1683 282 1730 ut
313 1677 440 1745 quia
465 1676 743 1746 cupiditati
772 1685 827 1731 et
856 1677 1089 1730 avarititc
1119 1685 1330 1730 terrena
1361 1685 1522 1745 atque
1553 1684 1804 1741 tartarea,

222 1768 610 1824 misericordia:
642 1778 820 1824 autem
869 1785 932 1824 ac
962 1769 1192 1837 largitati
1237 1769 1474 1823 coalestia
1515 1784 1579 1824 ac
1606 1769 1804 1838 sempi-

223 1868 378 1915 terna
403 1859 695 1924 debentur;
727 1859 924 1915 idcirco
952 1860 1233 1914 diversitas
1266 1861 1464 1914 terreni
1492 1870 1546 1914 et
1573 1861 1807 1916 etelestis
1836 1848 1883 1908 Β
1909 1874 2047 1929 pene
2082 1873 2272 1912 omnes
2301 1857 2614 1928 parentibus
2641 1857 2751 1911 suis
2775 1857 2865 1911 filii
2897 1873 3006 1912 non
3036 1860 3202 1927 magis
3232 1859 3283 1912 in
3325 1860 3492 1929 patri-
3583 1863 3592 1872 ’
3689 1856 3698 1866 “

222 1953 464 2007 thesauri
495 1952 669 2022 posita
691 1960 774 2007 est
805 1971 817 2004 :
848 1961 906 2006 ut
933 1953 1024 2021 qui
1048 1952 1328 2022 cupiditati
1356 1960 1411 2006 et
1440 1952 1677 2007 avaritia:
1700 1954 1808 2007 the-

223 2045 574 2108 saurizarent,
608 2045 659 2098 in
691 2043 902 2100 inferno
923 2060 984 2099 se
1013 2061 1144 2114 opes
1180 2045 1360 2100 locare
1389 2055 1806 2114 cognoscerent;

1904 567 2032 621 illud
2068 568 2358 639 Scriptura:
2406 587 2570 625 sacra:
2605 592 2615 625 :
2656 574 2833 630 Radix
2857 580 3082 632 omnium
3111 582 3364 638 "talorum
3407 595 3484 639 est

1903 659 2154 728 cupiditas
2200 660 2242 730 (Ι
2277 659 2406 713 Tim.
2437 677 2487 714 vl
2515 702 2528 725 ,
2579 662 2684 732 l0).
2735 665 2919 735 Itaque
2956 669 3001 722 si
3030 669 3181 724 radix
3220 673 3481 727 malorum

1861 783 1866 788 -
1904 751 2142 805 omnium
2163 759 2247 807 est
2273 752 2556 821 cupiditas,
2589 762 2752 824 atque
2783 757 2894 811 haac
2920 759 3135 827 pietatis
3155 763 3375 818 matrice
3405 765 3484 832 gi-

1904 844 2084 911 gnitur
2112 853 2167 899 et
2206 845 2359 914 quasi
2395 846 2575 900 viroso
2615 847 2855 915 ejusdem
2888 851 3024 906 lacte
3068 853 3337 921 nutritur,
3378 874 3484 911 non

1907 945 2014 990 tam
2044 937 2308 1008 cupiditas
2331 940 2770 1008 reprehendenda
2793 957 2912 1010 qum
2939 960 3007 998 ex
3035 946 3236 1014 pietate
3265 959 3487 1018 parente

1908 1028 2160 1093 nascitur,
2193 1045 2352 1098 quam
2376 1029 2490 1102 ipsa
2519 1031 2691 1101 pietas
2722 1047 2789 1086 ex
2817 1048 2921 1101 qua
2953 1035 3074 1089 talis
3102 1036 3207 1092 filia
3235 1055 3486 1108 procrea-

1908 1132 2012 1178 tur.
2048 1123 2166 1188 Quo
2197 1123 2254 1176 fit
2282 1129 2341 1177 ut
2369 1124 2547 1178 si-tam
2574 1125 2830 1194 pestilens
2857 1135 2940 1180 est
2964 1128 3134 1196 pietas
3159 1145 3221 1184 ac
3252 1140 3358 1186 tam
3391 1150 3487 1188 no-

1891 1230 2052 1279 cens,
2099 1227 2198 1270 nec
2223 1230 2406 1270 amare
2433 1216 2684 1285 expediat
2711 1232 2810 1272 nec
2839 1219 3008 1272 amari
3051 1236 3065 1272 :
3107 1223 3232 1289 quia
3263 1239 3362 1277 nec
3389 1241 3486 1294 pa-

1907 1313 2089 1360 rentes
2129 1321 2370 1361 amorem
2413 1306 2611 1361 debent
2658 1315 2913 1377 appetere
2943 1309 3042 1364 sibi
3092 1311 3344 1376 noxium,
3390 1330 3489 1368 nec

1907 1397 2215 1452 desiderare
2254 1397 2344 1452 filii
2392 1399 2706 1468 parentibus
2751 1399 3080 1454 obfuturum.
3114 1401 3370 1468 Quamvis
3400 1406 3489 1460 ille

1911 1505 2017 1544 non
2065 1489 2376 1558 parentibus
2399 1498 2624 1554 tantum,
2669 1490 2763 1545 sed
2792 1491 2953 1545 etiam
2989 1490 3109 1548 filiis
3138 1495 3382 1549 morbum
3413 1495 3489 1550 fe-

1911 1589 1993 1634 rat
2025 1599 2036 1632 :
2069 1581 2198 1650 quia
2239 1588 2293 1635 et
2325 1582 2428 1635 illis
2454 1565 2743 1649 gravis'est
2779 1584 2870 1652 qui
2917 1576 3246 1654 perniciosas
3275 1588 3490 1657 pariunt

1865 1662 1873 1675 ’
1910 1672 2280 1735 ὶιωτθόίιίηεε,
2327 1681 2380 1726 et
2422 1673 2526 1726 illis
2552 1673 2644 1741 qui
2675 1673 2815 1727 inter
2853 1673 3305 1743 improbissimum
3335 1693 3487 1746 quie-

1907 1774 2050 1821 stum
2080 1764 2309 1835 improbi
2349 1764 2647 1820 educantur
2684 1765 2942 1820 hmredes.
2973 1765 3040 1818 Et
3077 1767 3200 1822 hinc
3225 1777 3308 1822 est
3345 1769 3490 1838 quod

1908 1950 2090 2004 monia
2119 1965 2281 2018 quam
2311 1949 2362 2002 in
2394 1949 2520 2002 vitia
2544 1947 2856 2012 succedunt,
2889 1965 2990 2003 nec
3017 1950 3186 2018 magis
3215 1949 3492 2005 facultates

1907 2050 2164 2110 paternas
2193 2047 2414 2094 sumunt
2442 2055 2603 2107 quam
2641 2040 2937 2108 pravitates
2967 2058 2980 2092 :
3010 2055 3073 2094 ac
3099 2041 3176 2094 sic
3207 2049 3492 2094 transeun-

223 2135 316 2204 qui
344 2152 475 2191 vero
506 2135 884 2190 misericordiae
905 2143 960 2188 et
983 2136 1320 2200 humanitati,
1343 2137 1588 2190 celestes
1616 2152 1674 2190 se
1695 2138 1814 2190 the-
1913 2142 1996 2188 tes
2034 2148 2249 2202 semper
2276 2133 2329 2185 in
2359 2146 2540 2185 mores
2565 2140 2777 2200 patrum
2801 2172 2815 2196 ,
2859 2140 2984 2185 ante
3013 2147 3199 2185 eorum
3238 2133 3496 2201 incipiunt

223 2242 413 2282 sauros
439 2241 746 2296 prteparare
775 2225 1089 2293 gauderent.
1135 2224 1279 2278 Loca
1309 2226 1486 2294 itaque
1529 2227 1812 2280 thesauro-

1892 2223 2210 2290 mequitiam
2239 2236 2398 2289 quam
2447 2221 2801 2275 substantiam
2831 2221 3125 2290 possidere.
3176 2221 3324 2276 Bona
3355 2224 3498 2278 enim

224 2333 341 2370 rum
371 2317 439 2371 de
469 2316 678 2370 meritis
705 2316 1187 2370 thesaurizantium
1219 2315 1532 2368 nominavit.
1565 2315 1643 2369 lbi
1673 2316 1815 2370 enim
1915 2320 2199 2382 parentum
2234 2311 2447 2366 nonnisi
2489 2311 2715 2365 mortuis
2743 2311 2824 2364 eis
2862 2311 3166 2380 possident;
3198 2312 3499 2368 viventibus

225 2404 479 2460 dicuntur
505 2420 626 2460 esse
661 2404 774 2473 jam
803 2404 1076 2468 thesauri,
1123 2403 1212 2458 ubi
1242 2413 1366 2457 sunt
1395 2404 1816 2462 thesaurizantes
1916 2412 2097 2458 autem
2139 2403 2316 2456 adhuc
2355 2411 2409 2455 et
2449 2401 2785 2465 valentibus,
2829 2416 3008 2456 mores
3056 2420 3067 2453 :

225 2492 414 2549 futuri.

302 2584 389 2638 lll.
433 2584 542 2639 Sed
584 2593 795 2640 austera
834 2585 1057 2640 forsitan
1096 2585 1342 2640 videatur
1382 2600 1500 2640 esse
1545 2589 1808 2643 sententia

231 2681 457 2730 cunctos
494 2676 773 2744 :equaliter
815 2676 882 2730 ad
927 2675 1310 2744 perfectionem
1356 2693 1555 2733 vocans
1603 2688 1658 2733 et
1704 2696 1808 2735 una

228 2780 421 2820 omnes
448 2765 564 2834 lege
591 2767 949 2837 compellans,
983 2783 1102 2822 cum
1135 2769 1318 2838 utique
1350 2786 1453 2824 non
1487 2772 1556 2824 sit
1595 2773 1807 2828 univcr-

223 2870 411 2909 sorum
442 2871 544 2910 una
581 2858 834 2914 conditio.
869 2859 1187 2915 Rectissime
1211 2861 1426 2930 quidem
1463 2863 1569 2918 dici
1598 2865 1665 2918 ad
1705 2866 1805 2921 ista

221 2955 475 3018 poterat,
521 2951 663 3020 quod
704 2967 823 3006 cum
873 2967 1060 3009 omnes
1086 2963 1349 3026 perpetuo
1380 2957 1548 3011 velint
1592 2960 1802 3024 vivere,

222 3053 411 3094 omnes
440 3039 490 3093 id
519 3054 680 3109 agere
707 3041 966 3098 deberent
994 3053 1052 3099 ut
1086 3046 1251 3100 vitam
1280 3056 1304 3083 α
1329 3049 1650 3118 participare
1686 3067 1808 3121 pos-

221 3129 331 3184 sint
379 3148 391 3182 :
423 3131 545 3200 quia
577 3133 1088 3190 inconsultissimum
1119 3138 1201 3192 ac‘
1223 3139 1592 3194 stultissimum
1620 3150 1702 3195 est
1730 3141 1802 3207 id,

221 3221 485 3289 quosdam
523 3238 682 3292 agere
710 3234 770 3279 ut
810 3227 956 3296 quod
995 3226 1190 3283 affectu
1226 3245 1290 3284 ac
1332 3237 1459 3284 voto
1495 3232 1708 3295 volunt,
1754 3235 1804 3288 id
1833 3213 1879 3276 (ἶ

221 3312 397 3382 ipsum
440 3329 501 3368 re
538 3324 699 3384 atque
728 3324 850 3370 actu
883 3318 1025 3372 nolle
1051 3318 1351 3374 videantur.
1388 3318 1494 3375 Sed
1525 3329 1702 3377 tamen
1725 3324 1806 3377 vi-

220 3402 448 3460 deamus
473 3421 590 3460 eam
618 3407 853 3461 maxime
881 3407 1335 3475 Christianorum,
1366 3410 1418 3465 id
1444 3418 1543 3476 est,
1578 3414 1806 3468 filiorum

219 3502 444 3550 tuorum
491 3505 698 3566 partem
727 3512 846 3568 quae
893 3499 1055 3554 certis
1102 3516 1280 3555 rerum
1323 3503 1714 3573 impedimentis
1754 3515 1809 3560 et

221 3587 724 3658 inexpugnabilibus
747 3631 761 3656 ,
803 3601 862 3646 ut
890 3600 1071 3662 putat,
1105 3596 1555 3651 necessitudinum
1583 3601 1807 3654 vinculis

219 3696 249 3734 a
304 3683 639 3752 perfectione
666 3694 966 3741 revocatur.
1019 3688 1093 3742 Ac
1124 3689 1350 3758 primum
1381 3691 1434 3744 in
1485 3692 1584 3746 hac
1613 3704 1764 3762 parte
1789 3734 1804 3758 ,

219 3775 322 3837 illi,
355 3776 562 3846 opinor,
597 3787 721 3832 sunt
764 3779 856 3846 qui
886 3779 952 3833 ad
981 3781 1298 3848 qumrendas
1339 3785 1593 3852 pecunias
1620 3795 1673 3839 et
1701 3803 1809 3840 am-

219 3865 469 3935 pliandas
511 3868 767 3922 latissime
796 3884 926 3938 opes
967 3872 1215 3940 compelli
1245 3887 1302 3925 se
1350 3873 1630 3941 pignorum
1679 3892 1806 3929 cura

218 3965 279 4011 et
308 3959 460 4025 quasi
506 3959 740 4013 violento
791 3960 1022 4014 filiorum
1067 3976 1251 4015 amore
1289 3972 1597 4019 causantur.
1650 3967 1811 4034 210

218 4047 394 4124 Quasi
423 4063 554 4102 vero
591 4052 898 4118 quicunque
935 4060 1117 4122 patres
1155 4062 1308 4118 sunt,
1343 4070 1677 4122 nequaquam
1721 4064 1813 4108 aut

219 4139 440 4208 possint
455 4147 544 4192 aut
562 4140 796 4194 debeant
813 4143 1033 4196 omnino
1054 4158 1173 4197 esse
1195 4145 1295 4197 nisi
1321 4145 1530 4209 divites,
1557 4155 1609 4200 et
1632 4161 1812 4201 amare
1852 4155 1860 4159 ‘

220 4226 371 4281 filios
401 4243 525 4282 suos
572 4230 688 4284 sine
735 4246 896 4300 opum
935 4233 1381 4302 multiplicatione
1428 4251 1532 4289 non
1564 4238 1806 4304 valeant;

220 4326 320 4374 aut
355 4313 486 4374 vero'
509 4321 677 4375 virtus
705 4338 768 4377 ac
797 4324 1045 4378 medullae
1073 4323 1355 4380 affectuum
1387 4329 1610 4381 avaritia
1641 4338 1693 4382 et
1723 4347 1808 4385 cu-

219 4411 478 4484 piditates
503 4413 610 4466 sint
643 4430 654 4464 :
687 4414 808 4481 quia
838 4414 1070 4488 scilicet,
1107 4426 1163 4469 ut
1191 4417 1266 4469 illi
1293 4425 1501 4486 putant,
1530 4419 1667 4472 sicut
1695 4436 1807 4474 cor-

220 4518 324 4575 pus
353 4504 468 4557 sine
499 4502 731 4557 medulla
751 4545 764 4568 ,
798 4504 876 4558 sic
904 4520 1057 4559 amor
1083 4507 1199 4560 sine
1229 4508 1522 4577 cupiditate
1551 4523 1667 4564 esse
1697 4527 1802 4564 non

220 4592 413 4664 possit.
448 4590 601 4658 Quod
641 4593 686 4646 si
716 4593 787 4647 ita
819 4602 918 4659 est,
952 4597 1126 4650 omnis
1179 4599 1378 4666 absque
1409 4599 1571 4654 dubio
1613 4603 1798 4670 pietas,
1835 4579 1881 4637 D

221 4685 350 4740 mali
381 4700 540 4739 causa
568 4694 679 4751 est;
704 4701 877 4754 neque
906 4688 956 4740 in
988 4704 1050 4742 ea
1075 4704 1265 4745 sensus
1293 4700 1415 4745 sunt
1437 4691 1703 4747 bonorum
1725 4696 1803 4748 af-

222 4775 498 4841 fectuum,
542 4777 637 4832 sed
684 4778 950 4833 incentiva
979 4781 1250 4835 vitiorum.
1304 4782 1368 4836 Et
1400 4784 1485 4838 ubi
1527 4785 1652 4840 illud
1701 4789 1802 4844 erit

222 4883 436 4924 sacrum
465 4870 656 4924 divina:
691 4871 1029 4927 auctoritatis
1057 4876 1331 4928 oraculum
1360 4894 1372 4928 :
1400 4876 1575 4932 Pietas
1599 4880 1667 4932 ad
1695 4898 1804 4934 om-

224 4963 312 5016 nia
338 4961 484 5015 utilis
513 4971 589 5016 est
619 4961 660 5032 (Ι
691 4962 819 5016 Tim.
851 4980 921 5028 tv,
954 4963 1045 5035 8)?
1076 4964 1188 5019 Hoc
1218 4967 1361 5020 enim
1393 4969 1552 5023 modo
1583 4987 1689 5025 non
1716 4988 1804 5026 so-

224 5051 334 5106 lum
373 5067 480 5106 non
503 5051 570 5105 ad
599 5053 776 5107 omnia
807 5054 982 5118 utilis,
1018 5055 1110 5108 sed
1137 5071 1273 5124 pene
1300 5058 1352 5111 in
1382 5061 1629 5114 omnibus
1659 5063 1801 5117 insa-

226 5144 413 5201 lubris.
443 5144 498 5200 Si
515 5146 655 5201 enim
683 5148 985 5216 generatrix
1011 5149 1364 5204 cuoiditatum
1385 5162 1484 5215 est,
1519 5153 1634 5222 plus
1663 5155 1715 5209 iu
1745 5172 1803 5211 se

3112 2405 3268 2474 su
3316 2419 3378 2457 ac
3420 2405 3498 2458 sic

1913 2495 2222 2564 priusquam
2254 2493 2307 2546 in
2337 2492 2576 2547 dominio
2615 2508 2712 2546 suo
2757 2492 2955 2546 habere
2997 2493 3254 2563 incipiant
3284 2510 3370 2548 res
3409 2512 3497 2565 pa-

1913 2592 2114 2649 ternas,
2159 2583 2360 2638 habent
2388 2583 2441 2637 in
2486 2583 2680 2636 animis
2711 2583 2857 2652 ipsos
2885 2592 3093 2654 patres;
3125 2591 3181 2638 et
3208 2593 3495 2655 antequam

1910 2675 2146 2730 habeant
2175 2676 2263 2729 illa
2305 2691 2423 2745 qua:
2467 2673 2602 2729 falso
2651 2674 2904 2729 dicuntur
2949 2675 3090 2729 bona
3115 2716 3130 2741 ,
3159 2675 3360 2730 habent
3408 2676 3495 2730 illa

1909 2784 2029 2838 qua:
2049 2784 2176 2823 vere
2197 2767 2495 2838 probantur
2513 2766 2676 2820 mala.

1977 2859 2064 2913 IV.
2097 2859 2235 2926 Quid
2264 2861 2431 2928 ergo?
2456 2874 2579 2913 cum
2609 2859 2723 2913 [nec
2751 2859 2826 2912 ita
2854 2860 2981 2921 sint,
3015 2859 3341 2914 interdicere
3384 2859 3497 2914 for-

1910 2968 2007 3008 san
2060 2953 2373 3022 parentibus
2423 2950 2654 3005 filiorum
2700 2950 2890 3006 videor
2944 2935 3494 3007 adeetum‘l-Minime.

1911 3044 2049 3110 Quid
2080 3045 2221 3099 enim
2272 3051 2382 3098 tam
2426 3042 2627 3109 ferum,
2662 3050 2769 3097 tam
2824 3043 3214 3109 inhumanum,
3241 3053 3349 3098 tam
3396 3044 3502 3113 legi

1909 3137 2178 3200 aemulum,
2212 3151 2372 3206 quam
2397 3136 2442 3189 si
2470 3152 2576 3190 non
2623 3134 2882 3190 amandos
2935 3135 3176 3191 dicamus
3205 3136 3340 3191 ﬁlios
3364 3179 3377 3201 ,
3407 3137 3498 3206 qui

1913 3229 2170 3283 amandos
2190 3228 2418 3282 fatemur
2439 3227 2721 3282 inimicos?
2750 3235 2843 3282 aut
2865 3228 2910 3282 si
2931 3226 3180 3283 affectum
3214 3243 3373 3297 quem
3403 3243 3499 3281 na--

1915 3331 2031 3377 tura
2061 3330 2280 3394 pra:th
2300 3322 2702 3392 prohibeamus,
2735 3321 2827 3390 qui
2855 3321 3018 3374 etiam
3049 3336 3171 3374 eum
3206 3335 3367 3388 quem
3398 3336 3495 3374 na-

1911 3415 2030 3471 tura
2060 3415 2310 3486 prohibet
2338 3414 2735 3484 impendimus?
2760 3420 2854 3467 aut
2877 3413 2922 3467 si
2955 3414 3273 3467 charitatem
3303 3413 3499 3466 mentis

1911 3518 2332 3577 extorqueamus
2354 3522 2517 3576 quam
2545 3505 2729 3568 habet,
2761 3505 2852 3572 qui
2881 3506 3044 3558 etiam
3076 3504 3221 3556 illam
3250 3504 3300 3557 ei
3332 3519 3497 3558 cona-

1911 3619 2030 3657 mur
2053 3603 2290 3656 inserere
2317 3615 2477 3668 quam
2509 3615 2616 3653 non
2646 3597 2845 3652 habet?
2874 3596 2991 3652 Non
3031 3597 3102 3651 ita
3137 3605 3234 3652 est.
3262 3595 3378 3650 Non
3405 3613 3498 3651 so-

1911 3693 2019 3748 lum
2078 3693 2220 3746 enim
2269 3690 2527 3745 amandos
2555 3689 2783 3744 dicimus
2813 3688 2972 3750 filios,
3003 3688 3095 3743 sed
3139 3688 3406 3758 praecipue
3435 3704 3500 3744 ac

1911 3789 2071 3854 sup‘br
2099 3783 2279 3836 omnia
2301 3779 2578 3844 amandos,
2603 3795 2702 3834 nec
2721 3778 3010 3848 quidquam
3043 3779 3126 3831 his
3155 3779 3375 3830 omnino
3403 3794 3501 3830 an-

1911 3873 2300 3945 teponendum,
2332 3873 2432 3925 nisi
2454 3873 2622 3925 Deum
2653 3872 2844 3924 solum.
2878 3869 3012 3922 Nam
3042 3877 3098 3922 ct
3126 3870 3228 3921 hoc
3254 3877 3335 3921 est
3363 3883 3499 3936 pra:-

1913 3967 2067 4034 cipue
2091 3979 2294 4026 amare,
2326 3962 2474 4015 illum
2503 3961 2626 4013 tiliis
2647 3968 2978 4027 anteponere
3006 3973 3167 4027 quem
3197 3973 3304 4012 non
3333 3973 3500 4028 expe-

1915 4055 2026 4108 diat
2055 4054 2276 4107 omnino
2303 4061 2646 4121 postponere.
2680 4048 2816 4114 Quid
2847 4056 2927 4102 est
2954 4062 3105 4117 ergo,
3148 4056 3241 4102 aut
3273 4065 3500 4119 quomo-

1915 4146 1985 4200 do
2014 4143 2273 4199 amandos
2300 4143 2523 4198 dicimus
2572 4141 2740 4195 ﬁlios?
2768 4139 2886 4207 Quo
2935 4141 3136 4211 absque
3166 4141 3349 4207 dubio,
3396 4142 3496 4196 nisi

1914 4252 2020 4306 quo
2051 4235 2194 4290 Deus
2234 4235 2348 4304 ipse
2377 4233 2691 4287 constituit?
2718 4232 2902 4300 Neque
2931 4234 3070 4287 enim
3101 4241 3184 4287 est
3214 4234 3352 4287 ullus
3382 4249 3496 4288 me—

1913 4330 2014 4384 lior
2040 4328 2268 4382 filiorum
2299 4341 2451 4380 amor
2483 4339 2641 4394 quam
2672 4339 2832 4392 quem
2882 4324 2970 4378 ille
2999 4323 3181 4378 docuit
3227 4325 3320 4394 qui
3350 4324 3495 4394 ipsos

1911 4423 2049 4476 filios
2098 4419 2266 4474 dedit.
2300 4417 2484 4486 Neque
2539 4422 2763 4487 possunt
2810 4416 3033 4485 pignora
3088 4415 3278 4470 melius
3326 4417 3495 4474 amari

1909 4529 2070 4583 quam
2115 4511 2160 4566 si
2189 4512 2241 4564 in
2281 4524 2347 4564 eo
2397 4509 2514 4578 ipso
2544 4524 2574 4561 a
2603 4522 2710 4577 quo
2740 4507 2864 4562 data
2894 4514 3017 4562 sunt
3044 4516 3310 4562 amentur.
3343 4507 3494 4573 Quo-

1909 4605 2069 4660 modo
2093 4604 2252 4673 igitur
2280 4601 2420 4683 Deus
2446 4600 2617 4654 amari
2649 4599 2785 4654 tilios
2809 4599 3054 4668 jusserit,
3083 4615 3190 4655 non
3219 4600 3340 4655 dico
3369 4615 3490 4668 ego.

1910 4699 2062 4753 Dicat
2090 4711 2269 4752 sermo
2295 4694 2410 4764 ipse
2430 4683 2661 4753 divinus,
2689 4691 2779 4760 qui
2820 4692 2885 4745 ad
2909 4699 3090 4761 patres
3116 4707 3302 4746 omnes
3332 4705 3496 4758 gene-
3561 4695 3574 4704 ’

1908 4789 2094 4843 raliter
2123 4787 2197 4841 ita
2226 4785 2465 4860 loquitur
2489 4801 2500 4834 :
2529 4780 2599 4836 Ut
2629 4781 2805 4835 tradat
2827 4781 3076 4834 mandata
3103 4780 3197 4833 Dei
3221 4779 3341 4835 filiis
3359 4783 3490 4848 suis,

1908 4890 1965 4933 ut
1994 4887 2192 4951 ponant
2219 4879 2275 4930 iu
2303 4875 2413 4928 Deo
2438 4891 2578 4944 spem
2600 4890 2768 4938 suam,
2798 4882 2846 4924 et
2869 4889 2968 4925 non
2991 4870 3355 4927 obliviscantur
3375 4893 3498 4944 ope-

1910 4988 2024 5023 rum
2077 4968 2177 5021 Dei
2220 4967 2333 5029 sui,
2383 4973 2432 5017 et
2477 4963 2729 5017 mandata
2775 4964 2885 5033 ejus
2940 4964 3212 5034 exquirant
3255 4964 3503 5036 (Psalm.'

1912 5081 2110 5128 1.xxvu,
2147 5063 2221 5130 7).
2249 5061 2387 5113 Alibi
2418 5072 2669 5128 quoque:
2704 5057 2773 5110 Et
2801 5074 2918 5123 vos,
2952 5057 3141 5126 inquit,
3173 5068 3364 5130 patres,
3397 5075 3495 5109 no-

1911 5158 1999 5210 lite
2028 5154 2054 5192 δ
2088 5153 2156 5205 ad
2184 5149 2510 5204 iracundiam
2537 5166 2820 5220 provocare
2847 5150 2986 5220 ﬁlios
3014 5158 3237 5218 vestros,
3261 5148 3353 5204 sed
3373 5147 3499 5200 edu-

1401 5261 1732 5318 STEPHANI
1771 5265 2039 5322 BALUle
2077 5260 2304 5317 NOTAE.

295 5382 322 5411 ιι
351 5372 440 5447 _lta
467 5374 630 5430 editio
677 5374 870 5433 Pithcei
917 5386 971 5434 et
1009 5378 1126 5433 libri
1175 5379 1537 5447 manuscripti.
1590 5379 1806 5437 Mache-

228 5445 473 5569 reptinus
500 5451 678 5500 tamen
704 5449 831 5516 legit
859 5458 1177 5519 perpetuare.
1203 5449 1332 5516 Qua:
1352 5445 1510 5505 lectio
1532 5451 1671 5504 mala
1700 5468 1806 5508 non

231 5528 286 5568 es
314 5555 327 5568 .

231 5528 327 5568 eat.

297 5585 325 5660 if
364 5583 552 5660 Locus
572 5596 652 5643 est
672 5604 738 5660 ex
760 5588 934 5660 capite
955 5599 1108 5660 sexto
1130 5590 1381 5660 Epistolre
1401 5592 1543 5646 beati
1571 5590 1718 5645 Pauli
1742 5594 1806 5646 ad

234 5653 508 5730 Ephesios,
542 5658 814 5730 interdum
828 5653 1099 5730 'laudatus
1137 5653 1480 5717 a'vctcribus.
1513 5662 1809 5730 Cyprianus

236 5726 285 5783 in
316 5727 450 5780 libro
481 5731 639 5782 tertio
684 5727 748 5780 ad
783 5727 1078 5793 Quirinum,
1110 5744 1227 5797 cap.
1261 5732 1319 5783 Ἠ
1359 5752 1370 5784 :
1405 5726 1808 5800 Patres—quoque

239 5812 442 5867 asperos
465 5800 603 5852 circa
630 5801 764 5868 ﬁlios
795 5815 901 5850 csse
923 5814 1022 5851 non
1045 5809 1291 5867 oportere.
1319 5802 1386 5854 Et
1415 5817 1520 5862 vos,
1553 5811 1804 5868 parentes.

1914 5381 2070 5435 nolite
2111 5379 2166 5431 in
2212 5377 2536 5448 iracundiam
2570 5385 2770 5431 mittere
2815 5379 2952 5448 filios
2982 5381 3190 5448 vestros.
3230 5369 3494 5448 Hierpny-

1914 5468 2032 5505 mus
2061 5449 2112 5502 in
2142 5449 2364 5522 epistola
2395 5449 2461 5522 ad
2490 5438 2838 5522 Theophilum
2858 5438 3498 5522 ‘Alexan'drinum‘adve'r-

1916 5538 2007 5577 sus
2035 5508 2246 5575 errores
2264 5517 2485 5573 Joannis
2517 5508 2985 5586 llierosolymitani
3013 5530 3024 5562 :
3057 5509 3126 5560 Et
3160 5511 3204 5562 si
3246 5508 3368 5586 ille,
3412 5511 3495 5586 in-

1916 5593 2049 5660 quit,
2083 5592 2245 5662 perire
2262 5591 2483 5662 cupitae
2502 5587 2688 5662 perditi
2707 5578 2936 5654 pereant,
2952 5586 3142 5662 quanto
3163 5581 3326 5662 magis
3348 5578 3492 5638 bonis

1917 5651 2212 5732 parentibus
2267 5651 2628 5732 providendum
2678 5651 2970 5732 est_ne.ad
3005 5651 3327 5732 iracundiam
3372 5671 3494 5722 pro-

1913 5717 2089 5800 bocent
2108 5732 2244 5800 ﬁlios
2263 5717 2408 5800 suos.
2425 5723 2854 5800 Thepphylactus
2876 5719 2929 5800 i‘n
2951 5717 3091 5800 hung:
3111 5717 3258 5800 Pauli
3280 5717 3490 5800 locum;

1917 5799 2039 5854 Non
2071 5788 2219 5864 dixit,
2252 5797 2482 5866 Diligite.
2508 5788 2623 5846 Hoc
2647 5788 2783 5844 enim
2806 5797 2996 5844 natura
3024 5788 3086 5839 ab
3113 5791 3236 5859 ipsis
3260 5793 3336 5845 eet
3363 5794 3497 5848 επιε-
