4088 6360
547 284 648 349 185

1487 284 1541 338 S.
1584 280 1896 338 SALVIANI
1931 280 2392 338 MASSILIENSIS
2429 281 2850 340 PRESBYTER]

3702 293 3800 347 184

545 414 736 456 sauros
761 397 1040 467 cupiditas,
1072 413 1166 468 per
1193 397 1507 452 novissimos
1528 398 1691 469 218
1708 397 1821 451 dies
1842 395 2122 449 infidelitas
2148 398 2198 456 Α
2223 395 2449 452 necdum
2477 397 2633 453 desiit
2659 400 2750 469 qui
2778 399 2951 456 adhuc
2982 401 3110 456 velit
3136 414 3360 472 peccare
3387 403 3432 459 si
3465 407 3650 474 possit.
3685 408 3801 466 Non

544 499 843 548 accusatur.
877 490 954 544 Ac
979 504 1075 559 per
1101 489 1204 544 hoc
1233 499 1258 525 ⁸
1297 489 1492 559 duplex
1541 496 1596 542 et
1635 489 1939 558 cupiditatis
1980 503 2118 542 noxa

546 592 630 639 est
649 591 704 639 et
724 581 1048 637 infidelitatis
1067 599 1079 632 :
1098 580 1222 650 quia
1252 580 1532 635 thesauros
1551 596 1688 650 quos
1711 581 1881 651 (juxta
1902 579 1953 634 id
1973 581 2118 649 quod

544 675 689 732 Deus
727 677 856 730 dicit
886 693 900 728 :
932 672 1055 728 Non
1084 676 1408 745 concupisces
1441 673 1647 744 (Exod.
1693 691 1778 739 xx,
1825 675 1922 739 i7;
1959 674 2112 728 Deut.

543 783 599 832 ν,
626 767 720 834 21;
751 766 900 820 Rom.
924 782 1012 832 vn,
1034 765 1086 831 7)
1109 766 1312 820 crimen
1341 766 1524 834 utique
1544 765 1642 820 fuit
1663 774 1718 819 et
1745 765 1850 820 alio
1880 774 2119 834 tempore

544 858 954 928 concupiscere,
993 857 1164 926 majus
1197 857 1397 926 absque
1429 857 1589 910 dubio
1621 872 1720 926 per
1742 855 2116 916 infidelitatem

543 937 715 1020 ipsam
743 950 946 1006 crimen
975 958 1058 1004 est
1085 949 1246 1002 etiam
1277 950 1332 1002 in
1361 949 1542 1003 mundi
1571 948 1675 1003 fine
1703 948 1994 1003 cumulare.

615 1040 744 1097 VIII.
787 1042 988 1096 Durum
1013 1042 1242 1096 fortasse
1269 1041 1459 1111 aliquis
1475 1056 1778 1096 sermonem
1795 1056 1970 1094 meum
1988 1041 2116 1096 hac-

539 1141 696 1202 tpnus
723 1133 999 1202 judicavit.
1031 1132 1097 1186 Et
1123 1149 1248 1189 vere
1279 1133 1443 1189 durus
1473 1143 1571 1199 est,
1614 1135 1657 1189 si
1687 1134 1883 1204 aliquid
1912 1151 2019 1190 non
2047 1152 2114 1191 ex

537 1225 970 1279 testimoniorum
997 1240 1270 1279 sacrorum
1286 1225 1606 1280 auctoritate
1633 1227 1982 1280 commonuit.
2008 1226 2114 1282 Du-

535 1333 628 1373 rus
657 1317 1011 1383 existimetur,
1035 1319 1078 1372 si
1109 1318 1305 1386 aliquid
1335 1319 1441 1373 tale
1468 1319 1653 1373 habuit
1680 1319 1839 1388 quale
1869 1320 1956 1374 hic
1970 1320 2113 1392 Apo-

534 1411 706 1466 stolus
732 1409 1058 1479 praedicavit.
1093 1407 1163 1463 Ut
1191 1425 1297 1465 non
1324 1409 1580 1465 addamus
1610 1411 1738 1465 illud
1778 1410 1986 1467 Domini
2011 1429 2111 1469 no-

533 1501 632 1556 stri
652 1501 870 1566 dictum,
896 1517 1002 1570 quo
1031 1517 1217 1556 omnes
1245 1503 1458 1572 penitus
1485 1503 1727 1572 indignos
1754 1520 1812 1560 se
1840 1520 1957 1560 esse
1981 1505 2114 1562 dixit

533 1592 625 1662 qui
654 1608 760 1646 non
781 1593 1176 1648 renuntiassent
1194 1595 1439 1650 omnibus
1464 1610 1583 1664 qua:
1609 1596 2105 1669 possederint(Luc.

530 1695 637 1743 xrv,
653 1681 763 1750 55).
779 1681 905 1748 Quae
920 1698 1038 1736 cum
1055 1684 1125 1736 ita
1144 1685 1268 1747 sint,
1295 1701 1490 1751 nonne,
1505 1702 1704 1757 quaeso,
1721 1688 2111 1757 indulgentissi-

2220 487 2375 542 bonis
2397 489 2575 558 itaque
2595 491 2790 560 spebus
2812 492 3054 546 innititur
3072 494 3164 562 qui
3185 493 3252 548 ad
3265 495 3367 552 hoc
3386 503 3592 552 tantum
3613 510 3807 569 peccat

2220 578 2273 631 in
2305 580 2412 633 vita
2441 589 2497 634 ut
2524 591 2867 650 peccatorum
2905 583 3099 640 molem
3141 585 3367 640 redimat
3410 588 3462 642 in
3501 598 3714 657 morte;
3747 603 3806 648 et

2219 667 2340 722 ideo
2381 685 2437 724 se
2487 685 2768 726 evasurum
2816 680 2990 742 putat,
3023 690 3128 729 non
3158 676 3280 744 quia
3329 677 3522 744 bonus,
3551 681 3644 734 sed
3671 685 3801 751 quia

2219 758 2365 813 dives
2390 760 2476 814 sit.
2504 760 2666 826 Quasi
2715 777 2842 817 vero
2882 763 3024 818 Deus
3063 780 3169 819 non
3198 765 3365 820 vitam
3394 777 3598 836 quaarat
3625 771 3803 826 homi-

2218 867 2363 916 num,
2407 851 2500 907 sed
2529 854 2829 924 pecuniam,
2862 861 3022 924 atque
3051 870 3082 908 a
3110 857 3316 912 cunctis
3362 859 3626 914 malorum
3653 863 3801 917 redi-

2217 943 2532 998 mendorum
2581 961 2675 1015 spe
2722 947 2864 1000 male
2911 947 3192 1015 agentibus
3234 949 3478 1018 accipere
3524 952 3671 1009 solos
3701 969 3802 1022 pro

2215 1038 2526 1092 criminibus
2581 1054 2826 1094 nummos
2866 1039 3013 1105 velit,
3059 1047 3115 1095 et
3158 1049 3534 1111 corruptorum
3557 1043 3802 1112 judicum

2214 1146 2366 1185 more
2395 1139 2672 1199 argentum
2693 1132 2872 1200 exigat
2889 1138 2949 1186 ut
2970 1139 3191 1203 peccata
3208 1132 3418 1187 vendat.
3441 1133 3566 1189 Non
3598 1135 3670 1189 ita
3692 1145 3796 1192 est.

2215 1220 2476 1277 Prodesse
2504 1223 2647 1277 enim
2668 1223 3004 1291 largitiOnem
3023 1223 3311 1293 plurimum
3339 1232 3546 1279 certum
3574 1234 3676 1292 est,
3701 1228 3799 1283 sed

2212 1329 2322 1370 non
2344 1315 2448 1371 illis
2465 1315 2556 1384 qui
2582 1316 2769 1370 ultima
2789 1315 2977 1370 futurze
3003 1316 3302 1384 largitionis
3323 1331 3418 1387 spe
3433 1319 3571 1374 male
3583 1320 3793 1385 vivunt,

2211 1407 2306 1476 qui
2351 1406 2541 1462 fiducia
2575 1407 2897 1463 redimendae
2943 1409 3290 1464 immunitatis
3314 1409 3515 1465 scelera
3544 1412 3796 1466 commit-

2213 1506 2360 1565 tunt;
2385 1498 2478 1553 sed
2506 1499 2610 1553 illis
2628 1498 2718 1568 qui
2747 1497 2956 1568 decepti
2994 1506 3087 1552 aut
3113 1498 3319 1554 lubrico
3345 1499 3538 1566 aetatis,
3571 1509 3664 1555 aut
3691 1518 3795 1556 nu-

2211 1591 2320 1646 bilo
2340 1591 2558 1656 erroris,
2590 1597 2681 1645 aut
2702 1591 2831 1645 vitio
2860 1591 3193 1660 ignorantiae,
3219 1599 3311 1645 aut
3341 1600 3616 1662 postremo
3637 1593 3792 1663 lapsu

2211 1684 2510 1753 fragilitatis
2552 1684 2816 1749 humanae,
2859 1685 3170 1754 resipiscere
3208 1685 3420 1754 tandem
3470 1687 3625 1757 quasi
3666 1696 3793 1758 post

528 1787 694 1840 mum,
720 1775 1166 1830 modestissimum
1180 1792 1244 1831 ac
1263 1777 1633 1836 mollissimum
1654 1780 1946 1834 existimari
1975 1797 2101 1836 con-
2132 1775 2182 1837 B
2206 1775 2231 1815 ἀ
2271 1787 2500 1832 mortem
2551 1777 2875 1846 gravissima:
2915 1777 3266 1843 inﬁrmitatis,
3323 1789 3416 1832 aut
3467 1780 3620 1848 quasi
3666 1788 3792 1849 post

526 1866 676 1919 venit
687 1866 828 1935 quod
841 1867 1002 1922 locuti
1028 1884 1238 1934 sumus;
1269 1869 1473 1924 scilicet
1487 1872 1577 1938 qui
1589 1871 1893 1927 hominibus
1911 1874 2103 1941 quibus

525 1956 815 2027 perfectam
832 1960 1250 2015 incolumitatem
1265 1961 1498 2016 tribuere
1513 1978 1620 2017 non
1635 1980 2102 2037 possumus,opem

525 2046 714 2102 saltem
742 2049 1037 2119 desperata:
1064 2051 1248 2106 salutis
1268 2053 1598 2124 inquirimus,
1619 2063 1672 2110 et
1691 2073 1918 2126 quorum
1937 2059 2099 2112 vitam

522 2153 715 2194 sanare
739 2156 846 2195 non
865 2141 1165 2212 possumus,
1189 2151 1418 2200 mortem
1448 2145 1630 2208 levare,
1646 2155 1929 2203 tentamus.
1963 2148 2100 2216 Quid

521 2239 604 2286 est
616 2232 759 2286 enim
786 2232 1021 2302 perfecta
1049 2235 1287 2290 sanitas?
1307 2235 1465 2302 Quid,
1498 2238 1601 2292 nisi
1639 2239 1692 2292 in
1712 2241 1819 2294 vita
1851 2242 1951 2296 hac
1963 2243 2099 2298 bene

522 2323 716 2389 agere?
745 2321 881 2389 Quid
922 2332 1195 2393 postrema
1223 2329 1463 2383 curatio?
1491 2329 1646 2397 Quid,
1681 2332 1780 2386 nisi
1811 2334 1893 2386 vel
1923 2333 1976 2387 in
2004 2349 2099 2388 ex-

521 2412 706 2465 tremis
732 2412 1214 2471 bonumviaticum
1251 2422 1600 2489 comparare?
1654 2422 1789 2488 Quid
1839 2434 1920 2478 est
1956 2428 2098 2482 enim

520 2502 762 2570 perfecta
788 2504 1020 2558 sanitas?
1049 2505 1206 2572 Quid,
1230 2508 1333 2562 nisi
1359 2511 1520 2566 rebus
1540 2528 1570 2566 a
1593 2513 1702 2569 Deo
1725 2515 1933 2570 traditis
1960 2519 2100 2574 bene

523 2589 636 2644 uti?
665 2589 818 2656 Quod
867 2592 1109 2662 ultimum
1153 2598 1483 2654 remedium?
1522 2601 1707 2668 Quod,
1754 2605 1855 2659 nisi
1912 2608 2100 2663 saltem

520 2688 708 2750 postea
735 2675 912 2738 facere
927 2685 1071 2753 quod
1091 2688 1350 2757 patniteat
1373 2698 1429 2746 te
1451 2708 1557 2746 non
1580 2702 1704 2748 ante
1719 2695 1941 2751 fecisse?
1957 2699 2097 2754 Dura

517 2770 746 2827 fortasse
775 2773 965 2844 aliquis
984 2785 1136 2847 putat
1154 2793 1272 2834 esse
1287 2796 1404 2850 qua:
1433 2782 1572 2839 dico.
1604 2784 1764 2852 Dura,
1789 2789 1946 2858 plane
1965 2789 2098 2846 dura

516 2862 905 2931 existimentur,
937 2868 1038 2923 nisi
1067 2869 1192 2924 talia
1220 2871 1327 2924 sint
1350 2880 1408 2927 ut
1435 2873 1489 2928 in
1527 2880 1930 2946 comparatione
1966 2896 2097 2950 apo-

514 2955 718 3008 stoliue
737 2959 1039 3014 severitatis
1066 2961 1246 3017 mollia
1277 2978 1340 3017 ac
1365 2966 1597 3021 remissa.
1614 2969 1912 3026 videantur.
1947 2973 2094 3043 Apo-

514 3045 684 3100 stolus
705 3048 847 3102 enim
876 3050 942 3104 ad
969 3051 1238 3120 planctum
1263 3055 1454 3111 divites
1477 3068 1666 3127 vocat,
1690 3078 1789 3116 nos
1827 3065 1893 3118 ad
1922 3064 2098 3120 reme!

2205 1870 2407 1925 luctum
2433 1871 2658 1924 turbatae
2697 1870 2890 1924 mentis
2917 1869 3195 1939 incipiunt,
3241 1878 3295 1924 et
3327 1870 3464 1926 sicut
3484 1871 3550 1926 ad
3571 1886 3789 1927 sensum

2204 1976 2356 2018 suum
2369 1961 2794 2017 insanihomines
2813 1971 2935 2032 post
2950 1963 3202 2025 furorem,
3223 1963 3301 2017 sic
3319 1963 3406 2018 isti
3423 1963 3649 2019 redeunt
3667 1973 3790 2036 post

2204 2069 2474 2118 errorem;
2507 2055 2558 2107 in
2603 2069 2709 2108 uno
2759 2053 3128 2108 tantummodo
3176 2056 3338 2126 220
3365 2070 3483 2115 ase
3521 2057 3783 2126 dispares,

2202 2145 2346 2215 quod
2377 2146 2450 2199 illi
2478 2144 2710 2214 gaudent
2747 2153 3029 2216 postquam
3077 2146 3346 2200 evaserint
3392 2148 3781 2215 aegritudinem,

2201 2237 2288 2291 isti
2313 2237 2570 2307 plangunt
2588 2245 2870 2307 postquam
2895 2237 3199 2306 acceperint
3220 2236 3521 2291 sanitatem.
3547 2236 3658 2293 Nec
3683 2240 3786 2293 im-

2199 2330 2412 2385 merito.
2438 2328 2517 2383 Illi
2548 2329 2690 2382 enim
2731 2335 2882 2383 tanto
2912 2328 3029 2397 plus
3057 2327 3408 2396 gratulantur,
3439 2335 3636 2396 quanto
3655 2329 3782 2397 plus

2201 2422 2581 2477 incolumitatis
2636 2421 2883 2490 indeptos
2930 2427 3048 2475 esse
3092 2436 3150 2474 se
3204 2420 3456 2484 sentiunt;
3504 2419 3586 2473 i5ti
3616 2427 3775 2475 tanto

2199 2512 2319 2581 plus
2364 2511 2798 2576 confunduntur,
2829 2517 3031 2581 quanto
3068 2509 3365 2564 evidentius
3401 2509 3641 2563 morbum
3685 2509 3776 2564 sui

2201 2604 2400 2658 erroris
2430 2611 2745 2670 agnoscunt.
2779 2602 2894 2668 Quo
2920 2601 3012 2655 ﬁat
3053 2615 3272 2656 necesse
3299 2609 3382 2656 est
3410 2608 3468 2654 ut
3494 2600 3566 2655 illi
3595 2601 3780 2656 exsul-

2202 2704 2316 2750 tent
2347 2704 2402 2749 et
2432 2696 2515 2749 isti
2540 2697 2754 2764 lugeant
2787 2713 2799 2746 :
2831 2695 2956 2764 quia
2987 2695 3061 2749 illi
3103 2695 3246 2763 quod
3291 2702 3634 2763 aegrotarunt,
3676 2695 3778 2749 im-

2199 2797 2390 2860 putant
2415 2788 2735 2854 valetudini;
2767 2788 2874 2854 isti,
2904 2787 3049 2858 quod
3071 2796 3402 2852 erraverunt,
3435 2788 3538 2843 sibi
3569 2806 3582 2841 :
3608 2804 3671 2843 ac
3697 2788 3776 2843 illi

2197 2880 2306 2934 laeti
2335 2889 2458 2936 sunt
2488 2881 2555 2936 de
2590 2879 2852 2945 remedio,
2885 2887 2940 2934 et
2969 2881 3052 2935 isti
3087 2880 3230 2932 anxii
3264 2879 3330 2933 de
3359 2888 3533 2935 reatu.

2269 2971 2358 3028 IX.
2393 2971 2543 3028 Unde
2570 2972 2833 3027 admoneo
2861 2988 2982 3027 cum
3011 2988 3218 3036 omnes,
3250 2979 3360 3026 tum
3390 2973 3659 3042 praecipue
3679 2988 3775 3028 eos

2197 3081 2334 3135 quos
2360 3065 2598 3134 gravium
2620 3062 2933 3118 delictorum
2958 3071 3130 3117 terror
3150 3063 3402 3132 exagitat,
3427 3071 3482 3117 et
3504 3063 3556 3117 in
3579 3065 3774 3132 quibus

512 3134 678 3189 dium.
705 3136 992 3206 Apostolus
1011 3140 1220 3197 divitias
1241 3144 1414 3212 ignem
1432 3149 1691 3215 nominat,
1713 3167 1811 3207 nos
1831 3152 2005 3210 facere
2026 3171 2093 3212 ex
2119 3149 2168 3213 Ο
2197 3134 2460 3211 infelicior
2483 3155 2810 3210 conscientia
2831 3155 3172 3224 peceatorum
3201 3154 3488 3224 prenalium
3518 3155 3772 3209 recorda-

510 3224 710 3280 divitiis
731 3243 895 3296 aquas
915 3223 1346 3302 cupimus‘ignem
1368 3241 1783 3308 exstinguentcs,
1802 3247 2091 3302 secundum

509 3316 684 3372 illud:
734 3319 882 3373 Sicut
926 3339 1062 3394 aqua
1105 3327 1385 3399 exstinguit
1429 3332 1615 3401 ignem,
1647 3335 1722 3386 sic
1769 3336 2091 3409 elemosyna

505 3411 788 3480 exstinguit
813 3423 1076 3482 peccatum
1108 3417 1294 3487 (Eccli.
1321 3437 1394 3486 III,
1429 3423 1538 3490 35).
1566 3424 1852 3492 Apostolus
1883 3429 1935 3481 in
1957 3430 2090 3484 divi-

506 3499 594 3553 tiis
641 3502 779 3556 male
829 3509 1160 3562 conservatis
1204 3509 1602 3567 damnationem
1650 3531 1766 3572 esse
1815 3526 2083 3589 testatur;

507 3591 670 3660 219
687 3605 786 3659 ego
816 3609 885 3648 ex
911 3596 995 3650 bis
1013 3612 1134 3665 quas
1155 3600 1285 3655 dicit
1322 3603 1410 3657 ille
1437 3613 1666 3660 mortem
1693 3619 1943 3665 aeternam
1972 3631 2087 3668 om-

505 3681 661 3734 nibus
689 3681 881 3747 facere,
913 3686 1077 3740 vitam
1101 3698 1229 3757 opto
1258 3702 1566 3761 perpetuam
1607 3713 1935 3769 comparare.
1969 3703 2084 3759 Non

503 3770 716 3838 quidem
745 3774 889 3840 quod
912 3775 1005 3829 ulli
1037 3778 1177 3833 vitiis
1197 3783 1499 3838 carnalibus
1520 3786 1814 3855 implicato,
1840 3793 2082 3849 suilicere

500 3861 566 3915 ad
589 3863 748 3918 vitam
777 3875 1034 3922 aeternam
1056 3879 1238 3940 putem
1261 3875 1324 3936 si,
1351 3892 1474 3930 cum
1495 3893 1662 3948 usque
1687 3883 1752 3936 ad
1778 3893 2004 3939 mortem
2027 3888 2080 3940 in

467 3971 472 3979 ·
499 3951 708 4022 flagitiis
735 3962 1097 4027 consenuerit,
1130 3963 1181 4016 in
1222 3965 1371 4021 obitu
1401 3968 1537 4024 bene
1577 3981 1764 4027 cuncta
1786 3975 2074 4045 dispenset,

498 4043 596 4098 nisi
619 4053 773 4100 antea
797 4057 852 4102 et
880 4052 1113 4118 peccatis
1132 4058 1536 4123 renuntiaverit,
1561 4069 1616 4116 et
1635 4043 1904 4120 sordidam
1934 4043 2076 4124 illam

495 4134 776 4189 criminum
795 4140 1027 4194 tunicam
1044 4131 1464 4216 lutulentamque
1479 4152 1782 4219 projecerit,
1806 4165 1860 4210 et
1883 4140 2076 4213 novam

496 4221 522 4260 δ
552 4227 916 4282 conversionis
944 4243 1009 4283 ac
1034 4232 1398 4290 sanctimonia:
1425 4248 1628 4294 vestem
1654 4243 1720 4296 de
1745 4260 1906 4299 manu
1935 4248 2078 4317 Apo-

494 4316 617 4370 stoli
644 4318 981 4386 pmdicantis
1007 4326 1291 4393 acceperit.
1323 4338 1344 4365 ο
1375 4329 1585 4400 Alioqui
1612 4351 1838 4403 peccare
1858 4355 1964 4394 non
1984 4316 2077 4395 de-

492 4405 618 4460 sinit
656 4422 816 4476 quem
846 4410 900 4466 in
929 4415 1188 4473 extremis
1228 4418 1387 4473 situm
1416 4424 1669 4480 recedere
1707 4443 1738 4480 a
1767 4429 2075 4488 criminibus

2196 3250 2342 3305 tione
2370 3251 2619 3319 suspirat,
2651 3248 2879 3318 primum
2910 3256 2966 3301 ut
3005 3247 3126 3301 licet
3164 3247 3295 3317 lapsi
3323 3247 3455 3310 sint,
3491 3263 3596 3301 non
3621 3263 3768 3302 com-

2192 3349 2470 3398 morentur
2488 3340 2540 3393 in
2571 3340 2739 3408 lapsu,
2774 3354 2872 3393 nec
2911 3339 2963 3392 in
2993 3337 3286 3392 volutabris
3307 3337 3415 3392 suis
3436 3338 3770 3393 sordentium

2191 3447 2346 3486 suum
2375 3447 2524 3485 more
2550 3438 2858 3494 versentur;
2881 3431 2970 3498 qui
2999 3446 3118 3486 cum
3138 3438 3423 3485 aestuantes
3445 3431 3595 3485 alvos
3615 3447 3770 3485 emno

2191 3523 2577 3585 immerserint,
2610 3536 2945 3590 nequaquam
2973 3521 3200 3576 sordidis
3221 3521 3767 3590 voluptatibus'satis-

2188 3614 2389 3669 faciunt
2410 3614 2509 3667 nisi
2531 3622 2640 3668 tota
2661 3614 2873 3684 penitus
2893 3601 3005 3667 luto
3026 3614 3261 3668 membra
3283 3615 3618 3668 convolvant.
3643 3615 3759 3668 Non

2189 3720 2316 3774 ergo
2346 3705 2537 3757 horum
2564 3704 2858 3756 naturalem
2887 3712 3177 3771 sequantur
3205 3703 3478 3767 inluviem,
3502 3720 3601 3759 nec
3621 3704 3762 3758 male

2187 3796 2393 3851 blandis
2431 3795 2666 3864 lapsibus
2694 3795 3064 3864 acquiescant,
3098 3805 3189 3849 aut
3219 3797 3271 3851 in
3306 3797 3557 3851 barathro
3583 3797 3767 3851 libidi-

2185 3903 2310 3940 num
2341 3894 2762 3950 commorantes,
2795 3887 2846 3940 in
2878 3887 3004 3956 ipsis
3032 3902 3089 3941 se
3126 3888 3386 3957 sepeliant
3425 3889 3583 3942 ruinis
3613 3890 3760 3956 suis;

2183 3977 2276 4032 sed
2307 3977 2448 4031 illico
2480 3977 2569 4031 ubi
2609 3977 2891 4031 concidere
2931 3987 3286 4046 consurgant,
3319 3985 3373 4032 et
3402 3978 3763 4034 elevationem

2181 4071 2426 4140 protinus
2450 4070 2773 4124 meditentur
2810 4070 2862 4122 in
2894 4071 3072 4139 lapsu;
3123 4086 3215 4132 ac,
3250 4070 3294 4124 si
3316 4069 3428 4125 fieri
3457 4071 3563 4124 ullo
3592 4070 3762 4126 modo

2181 4161 2494 4230 pernicitate
2536 4160 2878 4229 pmnitudinis
2919 4167 3127 4228 potest,
3161 4169 3269 4214 tam
3297 4161 3455 4215 velox
3481 4161 3549 4215 sit
3577 4177 3761 4217 reme-

2180 4250 2325 4304 dium
2364 4251 2704 4318 resurgentis,
2749 4259 2807 4303 ut
2847 4251 2934 4304 vix
2974 4252 3139 4320 possit
3180 4252 3454 4321 vestigium
3495 4268 3764 4324 apparere

2180 4342 2433 4410 conlapsi.
2468 4339 2604 4407 Ergo
2634 4341 2687 4393 in
2717 4340 3017 4409 hujusmodi
3047 4344 3221 4398 causis
3249 4344 3352 4398 hoc
3379 4345 3608 4414 primum
3638 4361 3756 4400 me-

2180 4431 2310 4485 dcla:
2339 4447 2472 4500 opus
2501 4438 2582 4485 est
2601 4472 2614 4495 ,
2648 4439 2706 4484 ut
2741 4433 2956 4487 morbos
2985 4449 3110 4490 suos
3135 4435 3447 4504 languentes
3475 4437 3755 4504 horreant,

489 4498 605 4597 sola
636 4507 839 4556 tantum
870 4502 995 4559 facit
1045 4507 1464 4582 impossibilitas,
1517 4532 1624 4571 non
1671 4520 1938 4576 voluntas.
1971 4525 2072 4590 Qui
2101 4514 2153 4574 D
2177 4498 2578 4592 curare—plagas
2607 4521 2856 4578 festinent
2884 4525 3080 4590 saucii,
3125 4533 3179 4581 et
3208 4498 3349 4581 illico
3377 4543 3408 4581 e
3436 4529 3758 4597 corporibus

490 4587 632 4675 enim
665 4605 696 4642 a
726 4592 879 4647 malis
899 4595 1105 4655 actibus
1140 4606 1346 4655 tantum
1379 4613 1548 4661 morte
1569 4607 1809 4675 discedit,
1836 4629 1944 4667 non
1982 4587 2068 4670 re-

489 4673 679 4776 linquit
717 4684 938 4750 scelera,
985 4689 1078 4743 sed
1107 4691 1424 4762 relinquitur
1469 4713 1500 4750 a
1533 4699 1853 4776 sceleribus,
1887 4721 1948 4760 ac
1977 4722 2072 4776 per

488 4765 590 4823 hoc
615 4776 932 4831 necessitate
960 4780 1209 4836 exclusus
1237 4790 1268 4836 'a
1296 4786 1470 4852 vitiis;
1503 4798 1557 4843 et
1587 4773 1731 4858 tunc,
1763 4765 1912 4863 puto,
1945 4765 2070 4868 pec-

486 4865 574 4912 cat
598 4863 810 4928 quando
857 4873 1186 4927 cessaverit:
1227 4876 1351 4944 quia
1393 4889 1652 4946 quantum
1702 4885 1766 4939 ad
1809 4863 2062 4958 anim—um,

2177 4615 2399 4682 sagittas
2427 4614 2636 4684 rapiant
2658 4615 2940 4668 vulnerati.
2969 4614 3178 4686 Optime
3207 4618 3348 4671 enim
3378 4619 3638 4688 malagma
3669 4621 3758 4677 vel

2175 4705 2334 4760 fibula
2359 4706 2544 4760 calidis
2567 4706 2739 4759 adhuc
2773 4707 3147 4762 vulneribus...
3179 4709 3486 4778 imponitur,
3517 4718 3572 4764 et
3591 4711 3755 4766 citius

2171 4797 2271 4850 sibi
2312 4797 2586 4866 plagarum
2613 4811 2738 4850 caro
2767 4797 3001 4851 sociatur
3023 4814 3141 4866 qua:
3169 4814 3275 4854 non
3302 4799 3392 4854 diu
3431 4801 3579 4856 hiare
3619 4817 3755 4871 per-

2170 4890 2415 4945 mittitur.
2463 4885 2620 4941 Ulcus
2656 4887 2853 4959 quippe
2895 4888 2948 4942 in
2986 4905 3213 4961 corpore
3253 4891 3300 4944 si
3338 4893 3749 4963 computruerit,

1642 5041 1974 5103 STEPHANI
2013 5051 2281 5108 BALUZII
2317 5049 2542 5105 NOTAE.

550 5154 1027 5243 :‘(lodices'regii‘zi
1051 5163 1123 5243 Λς
1151 5182 1244 5243 per
1262 5168 1355 5222 hoc
1384 5170 1573 5242 duplex
1593 5190 1732 5230 noxa
1759 5190 1853 5243 est,
1887 5193 1936 5235 et
1963 5202 2050 5237 cu-
2095 5229 2102 5232 .

744 5237 796 5314 et
819 5223 1167 5314 inﬁdelitatis:
1202 5235 1365 5293 Vetus
1399 5223 1731 5314 uinci-ipost
1748 5223 1934 5306 v'BZeiii

475 5293 710 5362 piditatis
731 5293 1090 5355 addit'vocem
1119 5322 1276 5360 noxa.

545 5362 574 5448 ξ
611 5364 848 5448 Uterque
874 5370 1046 5448 codex
1075 5375 1250 5448 regius
1276 5378 1440 5448 habet
1467 5381 1883 5444 conversationis.

504 5501 516 5511 _
551 5443 573 5471 ο
611 5434 849 5516 Imitatus
879 5434 1237 5516 esthocloco
1263 5434 2051 5516 Salvianus-sancturvn'Kmbro-

474 5511 943 5593 ξιὲιῐξιξὲἰβφρυηι
971 5511 1420 5593 Mediolancnsem
1439 5561 1454 5584 ,
1479 5525 1569 5593 qui
1598 5527 1648 5579 in
1675 5511 2052 5586 exhortatione

959 5590 1109 5668 totus
1138 5584 1190 5639 in
1219 5570 1330 5668 hoc

395 5718 398 5722 t
473 5641 885 5732 inAttnm‘dub‘itare
912 5650 979 5732 de
1005 5668 1192 5732 eorum
1219 5641 1525 5729 salute—qui
1562 5641 2047 5732 positi“iriwdltiiitla

471 5719 794 5768 necessitate
832 5721 1158 5784 aegritudinis
1203 5744 1312 5783 suae
1349 5719 1617 5801 accipiunt
1657 5719 2041 5803 ptenitentiainﬁ.

2161 5187 2237 5241 De
2269 5187 2352 5265 his
2382 5202 2508 5255 ergo
2538 5186 2648 5265 ait:
2677 5186 2738 5240 Si
2764 5197 2933 5265 autem
2965 5199 3082 5244 tunc
3109 5209 3262 5263 agere
3285 5196 3359 5247 vis
3392 5197 3559 5264 ipsam
3589 5199 3751 5265 pani-

2162 5259 2370 5334 tentiam
2392 5257 2595 5322 quando
2624 5263 2963 5334 peccarepjatn
3001 5278 3104 5334 non
3143 5257 3303 5332 poles,
3345 5257 3552 5334 peccata
3584 5257 3629 5318 te
3659 5267 3749 5321 di-

2089 5377 2096 5382 .
2158 5328 2437 5404 miserunt,
2458 5336 2643 5404 nontu
2672 5328 2783 5404 ilia.
2924 5331 3111 5385 iisdem
3144 5328 3263 5388 'hznc
3293 5328 3428 5388 sunt
3458 5335 3748 5404 Augustini

2157 5397 2320 5470 verba
2344 5397 2394 5448 in
2426 5397 2643 5470 humilia
2673 5397 2731 5448 41
2771 5417 2781 5449 :
2814 5400 2920 5470 Age
2949 5404 3296 5470 pwnilentiam
3325 5405 3446 5458 dum
3476 5397 3632 5459 sanus
3662 5425 3740 5462 es.

2158 5464 2218 5518 Si
2248 5467 2320 5537 sic
2361 5466 2491 5535 agis,
2527 5482 2731 5520 securus
2754 5486 2824 5521 es.
2859 5464 3033 5534 Quare
3059 5489 3263 5528 securus
3296 5475 3388 5528 es?
3422 5473 3555 5537 Quia
3585 5480 3744 5537 panic

2157 5534 2366 5613 tentiam
2390 5534 2535 5606 egisti
2555 5553 2614 5590 eo
2637 5548 2860 5613 tempore
2883 5558 2980 5611 quo
2999 5553 3050 5594 et
3069 5560 3280 5613 peccare
3304 5534 3532 5613 potuisti.
3557 5534 3619 5600 Si
3640 5563 3741 5599 au-

2157 5612 2254 5676 tem
2284 5607 2354 5658 vis
2384 5623 2534 5675 agere
2574 5607 2922 5686 prettitentiam
2971 5607 3088 5665 «me
3135 5607 3340 5686 quando
3387 5633 3598 5686 peccare
3628 5631 3741 5672 non

2149 5684 2323 5746 potes,
2345 5685 2551 5744 peccata
2572 5677 2873 5731 dimiserunt
2900 5690 2963 5746 te,
2989 5699 3091 5735 non
3115 5677 3166 5735 tu
3191 5685 3302 5738 illa.

2226 5743 2250 5780 ἀ
2276 5743 2703 5802 Macherentinus
2733 5747 2859 5816 legit
2883 5743 3131 5806 morbum.
