4088 6360
306 249 422 308 I85.

1421 251 1780 309 ADVERSUS
1817 253 2190 310 AVARITIAM
2231 257 2355 314 LIB.
2395 258 2436 316 l.

3457 259 3559 320 £86

298 368 580 435 dilatatur;
610 349 667 424 et
703 369 748 423 si
774 368 955 440 plagas
998 383 1280 424 cancroma
1320 369 1581 438 sequitur,
1624 384 1876 424 (ancrum
1904 372 1955 430 Α
1982 368 2182 424 delictis
2210 374 2310 426 tuis
2336 373 2511 445 (Dan.
2557 392 2629 442 iv,
2659 375 2780 448 24).
2830 374 2906 430 Ita
2948 388 3076 444 ergo
3102 381 3156 430 et
3185 375 3284 431 iste
3314 377 3470 433 faciat
3497 386 3556 434 ut

298 475 520 515 necesse
567 467 652 516 est
691 470 1044 530 consequatur
1083 476 1323 516 occasus.
1379 461 1649 529 Fugienda
1701 461 1876 532 itaque

296 553 531 623 primum
582 553 694 608 haec
740 553 1108 624 peccatoribus
1157 554 1295 608 mala
1332 561 1482 617 sunt;
1533 568 1631 608 nec
1672 553 1877 607 dandus

293 647 457 718 ’221
479 644 696 700 diabolo
717 645 883 712 locus,
907 653 966 700 ut
992 645 1083 716 qui
1104 653 1308 700 stantes
1331 645 1539 715 impulit
1567 645 1619 699 in
1645 645 1874 711 ruinam,

291 735 478 808 lapsos
503 737 799 808 praecipitet
844 739 896 792 in
928 746 1176 793 mortem.
1222 738 1376 805 Quod
1416 738 1461 792 si
1491 744 1583 791 aut
1611 745 1757 792 tanta
1795 737 1876 793 vis

294 830 472 885 morbi
497 837 588 884 aut
616 837 762 884 tanta
791 839 1111 900 aegrotorum
1150 829 1308 886 fuerit
1330 830 1552 893 incuria,
1583 838 1642 884 ut
1669 830 1876 884 valetu-

294 921 436 976 dinis
463 921 639 976 labem
667 936 836 991 usque
861 922 928 976 ad
949 921 1063 978 dies
1084 922 1301 977 ultimos
1325 921 1530 987 trahat;
1553 921 1680 991 quid
1700 920 1874 978 dicam

273 1014 507 1080 nescio,
538 1013 666 1083 quid
689 1015 997 1084 promittam
1024 1014 1237 1085 penitus
1265 1015 1470 1083 ignoro.
1511 1012 1785 1069 Revocare
1807 1014 1874 1068 ab

292 1103 643 1174 inquisitione
684 1104 855 1159 ultimi
902 1105 1125 1161 remedii
1171 1106 1552 1176 periclitantes,
1599 1105 1791 1160 durum
1819 1113 1876 1160 et

291 1194 545 1266 impium;
576 1196 842 1266 spondere
870 1205 1046 1253 autem
1071 1198 1267 1268 aliquid
1293 1197 1344 1252 in
1371 1206 1478 1252 tam
1499 1213 1618 1252 sera
1640 1197 1874 1253 curatio-

291 1301 392 1353 ne,
425 1287 788 1342 temerarium.
821 1286 926 1343 Sed
953 1289 1142 1344 melius
1174 1299 1349 1346 tamen
1378 1298 1460 1344 est
1487 1290 1688 1360 absque
1708 1290 1872 1345 dubio

289 1379 537 1448 quamvis
563 1379 812 1434 diuturna
841 1383 1072 1454 paralysi
1101 1384 1276 1438 aridas
1316 1399 1504 1439 manus
1546 1384 1724 1453 aliquo
1753 1392 1872 1438 tan-

286 1469 414 1526 dem
433 1470 554 1526 nisu
574 1471 640 1527 ad
667 1473 858 1528 malum
881 1474 1032 1542 erigi,
1054 1491 1212 1545 quam
1236 1475 1424 1529 lethali
1452 1475 1665 1545 penitus
1684 1475 1873 1546 despe-

285 1563 500 1618 ratione
527 1561 766 1620 dissolvi.
810 1563 997 1620 Melius
1026 1574 1109 1620 est
1156 1567 1284 1621 nihil
1330 1568 1664 1638 inexpertum
1707 1569 1872 1623 relin-

285 1667 455 1722 quere
481 1669 642 1724 quam
671 1655 988 1711 morientem
1021 1667 1044 1694 ⁸
1076 1658 1216 1712 nulla
1247 1674 1463 1724 curare;
1497 1660 1727 1714 maxime
1747 1661 1871 1730 quia

1979 459 2066 514 ille
2093 460 2243 515 dixit.
2279 460 2471 518 Utatur
2496 466 2885 523 medicamento
2907 465 2996 520 alii
3025 465 3203 522 oblato
3226 467 3291 522 ad
3317 483 3410 522 sua
3441 469 3554 523 vul-

1979 567 2134 619 nera;
2165 565 2414 609 vereatur
2451 560 2802 613 contumacia:
2831 558 3182 614 iuobedientis
3219 561 3551 631 exemplum;

1977 643 2173 710 cogitet
2199 644 2324 712 quid
2354 646 2468 715 ipse
2496 647 2565 701 sit
2592 663 2844 716 passurus
2885 650 2938 704 in
2979 659 3180 716 morte,
3212 667 3332 706 cum
3375 651 3554 706 videat

1978 733 2105 802 quid
2132 750 2227 790 rex
2257 735 2503 808 Assyrius
2531 740 2815 808 pertulerit
2860 741 2914 795 in
2943 742 3070 796 vita.
3115 742 3340 798 Evidens
3376 752 3458 799 est
3484 745 3554 801 de

1976 827 2224 896 superbia
2271 843 2334 883 ac
2360 830 2652 886 rebellione
2692 832 3090 888 documentum.
3132 834 3444 893 Consideret
3482 854 3550 894 an

1978 917 2109 988 ipse,
2127 919 2168 974 si
2192 935 2297 975 non
2320 921 2563 988 audierit,
2582 932 2825 978 mortuus
2838 939 3097 980 evasurus
3117 927 3212 994 sit;
3237 944 3356 983 cum
3376 929 3555 986 videat

1974 1012 2117 1081 quod
2147 1029 2241 1068 rex
2271 1015 2358 1068 ille
2387 1015 2478 1084 qui
2507 1032 2615 1071 non
2646 1016 2866 1083 audivit,
2898 1019 3132 1089 seipsum
3161 1022 3312 1077 vivus
3353 1024 3548 1078 amisit.

1974 1102 2175 1158 Oflerat
2197 1120 2327 1174 ergo
2349 1107 2434 1161 vel
2457 1107 2693 1162 moriens
2713 1108 2779 1164 ad
2802 1108 3129 1164 liberandam
3144 1110 3211 1166 de
3231 1115 3554 1182 perennibus

1973 1196 2146 1265 penis
2171 1197 2404 1251 animam
2431 1214 2601 1264 suam,
2624 1201 2748 1271 quia
2773 1199 2915 1254 aliud
2935 1200 3048 1269 jam
3079 1189 3185 1256 neu
3213 1211 3410 1273 potest,
3443 1205 3551 1258 sal-

1973 1295 2080 1340 tem
2107 1287 2456 1343 substantiam
2485 1305 2635 1344 suam
2655 1291 2794 1355 ;‘sed
2822 1289 3011 1345 offerat
3047 1298 3224 1347 tamen
3251 1298 3371 1348 cum
3400 1311 3550 1350 com-

1971 1378 2280 1448 punctione.
2311 1395 2433 1434 cum
2481 1380 2758 1452 lacrymis;
2789 1381 2978 1436 offerat
3015 1396 3136 1436 cum
3181 1381 3395 1450 dolore,
3428 1401 3551 1440 cum

1972 1468 2136 1523 luctu.
2197 1468 2365 1525 Aliter
2409 1471 2608 1542 quippe
2653 1472 2832 1527 oblata
2861 1489 2968 1528 non
2997 1480 3258 1544 prosunt:
3288 1474 3414 1544 quia
3442 1490 3551 1531 non

1974 1562 2166 1632 pretio,
2197 1563 2290 1617 sed
2319 1563 2537 1630 affectu,
2571 1566 2800 1635 placent.
2852 1566 2960 1620 Nec
2995 1568 3138 1621 enim
3179 1567 3388 1622 animus
3414 1566 3550 1622 dau-

1975 1656 2041 1710 tis
2069 1656 2226 1736 datis,
2257 1657 2351 1712 sed
2379 1659 2558 1712 animo
2598 1659 3039 1715 commendantur
3075 1659 3228 1726 data;
3259 1675 3359 1714 nec
3385 1675 3548 1729 pecu-

283 1743 468 1799 nescio
498 1759 565 1798 an
612 1745 663 1799 in
693 1748 946 1802 extremis
990 1748 1190 1816 aliquid
1239 1756 1445 1803 tentare
1475 1750 1736 1804 medicina
1765 1751 1865 1816 sit;
1900 1754 1944 1814 Β
1971 1751 2058 1806 nia
2091 1750 2246 1807 fidem
2297 1753 2556 1817 insinuat,
2599 1752 2690 1808 sed
2721 1754 3000 1823 pecuniam
3030 1752 3178 1809 fides.
3221 1752 3295 1809 Ac
3324 1769 3420 1824 per
3445 1753 3550 1809 hoc

280 1842 430 1892 certe
450 1836 581 1890 nihil
611 1844 837 1904 tentare,
867 1839 1115 1909 perditio.
1146 1839 1212 1894 Et
1240 1857 1400 1895 unum
1423 1843 1553 1907 scio,
1577 1844 1720 1914 quod
1745 1845 1868 1916 qui-

182 1918 194 1930 “
282 1941 494 1997 cunque
539 1929 591 1982 in
633 1930 772 1985 hanc
816 1931 1086 1986 miseriam
1132 1932 1275 2000 longi
1319 1933 1586 2001 languoris
1628 1944 1867 1989 extrema

280 2021 611 2092 perduxerit,
643 2022 907 2080 ineffabile
937 2025 1081 2080 dictu
1125 2036 1208 2080 est
1237 2036 1497 2096 quantum
1529 2028 1868 2084 lamentatio-

243 2115 246 2118 ’
281 2112 365 2168 nis
394 2114 666 2168 erroribus
692 2116 801 2169 suis
826 2116 1042 2183 debeat,
1074 2118 1200 2187 quia
1250 2134 1520 2187 nunquam
1569 2128 1747 2174 errata
1776 2135 1870 2174 eo-

281 2207 489 2274 gnovit.

351 2293 419 2350 X.
454 2295 521 2350 Et
548 2297 676 2366 quid
707 2297 844 2352 inter
865 2299 981 2353 haec
1004 2297 1130 2354 ﬁet?
1159 2299 1384 2366 Quando
1414 2301 1616 2369 lugebit
1644 2301 1734 2370 qui
1763 2301 1876 2357 dies

282 2386 499 2457 lugendi
529 2389 793 2458 perdidit?
821 2390 1041 2458 quando
1070 2391 1362 2446 satisfaciet
1381 2392 1471 2461 qui
1495 2401 1700 2463 tempus
1720 2394 1872 2449 satis-

284 2478 535 2533 factionis
556 2480 768 2534 amisit?
798 2481 878 2534 Ad
896 2481 1100 2551 jejunia
1123 2483 1369 2538 videlicet
1390 2484 1545 2553 longa
1567 2484 1871 2554 confugiet?

291 2569 382 2625 Est
411 2570 624 2639 quidem
670 2566 772 2628 hoc
817 2574 1034 2643 aliquid,
1077 2575 1120 2630 si
1165 2576 1515 2647 eleemosynis
1561 2576 1862 2644 misceatur,

289 2662 576 2717 secundum
606 2663 731 2719 illud
756 2683 768 2716 :
800 2664 997 2719 Bonum
1023 2674 1100 2719 est
1123 2667 1380 2738 jejunium
1409 2685 1522 2722 cum
1544 2669 1864 2741 elemosyna

289 2749 438 2822 (Tot.
458 2769 546 2817 xu,
571 2751 647 2823 8).
672 2751 775 2808 Sed
787 2754 1067 2823 quomodo
1089 2756 1137 2809 ei
1185 2758 1578 2826 exomologesis
1616 2759 1864 2814 diuturna

283 2843 630 2914 opitulabitur
658 2846 710 2900 in
739 2848 996 2902 extremis
1017 2849 1158 2904 sito?
1187 2849 1294 2905 Sed
1321 2851 1496 2907 cilicio
1523 2867 1712 2908 carnes
1734 2870 1866 2910 con-

282 2942 421 2991 teret
448 2952 510 2993 ae
556 2937 731 2993 favilla
777 2947 832 2994 et
876 2939 1056 2995 cinere
1101 2941 1430 2996 sordidabit?
1477 2951 1534 2997 ut
1584 2945 1864 3000 mollitiem

279 3028 528 3083 videlicet
550 3031 833 3100 prmterita:
847 3033 1137 3102 voluptatis
1157 3035 1497 3103 praesentium
1516 3037 1863 3105 aspcritatum

1970 1844 2060 1914 qui
2088 1843 2344 1914 prodesse
2373 1844 2471 1899 sibi
2517 1845 2626 1899 vult
2654 1861 2772 1916 qua:
2801 1845 2911 1900 Deo
2940 1843 3113 1909 offert,
3146 1846 3248 1900 hoc
3277 1845 3436 1900 modo
3464 1843 3548 1900 of-

1969 1936 2122 1991 ferat.
2177 1937 2358 2006 Neque
2396 1939 2539 1992 enim
2577 1940 2739 1993 homo
2768 1939 2878 1993 Deo
2906 1945 3125 2009 praestat
3152 1938 3466 1994 beneﬁcium
3494 1939 3550 1994 in

1970 2028 2054 2082 his
2081 2044 2199 2097 qua:
2228 2029 2433 2083 dederit
2457 2068 2472 2091 ,
2522 2029 2615 2083 sed
2662 2029 2803 2084 Deus
2831 2031 2884 2083 in
2915 2030 2997 2085 his
3025 2030 3225 2084 homini
3253 2044 3371 2099 qua:
3399 2044 3552 2084 acce-
3581 2041 3594 2052 '

1973 2119 2114 2188 perit
2142 2136 2155 2170 :
2189 2120 2315 2188 quia
2345 2119 2505 2172 etiam
2533 2119 2679 2187 quod
2707 2120 2869 2172 homo
2899 2119 3090 2184 habet,
3124 2120 3218 2174 Dei
3247 2135 3311 2174 ac
3339 2119 3552 2174 Domini

1974 2209 2059 2263 sui
2088 2224 2280 2263 munus
2308 2217 2406 2264 est.
2465 2211 2540 2264 Ac
2568 2225 2664 2279 per
2693 2210 2795 2264 hoc
2826 2210 2879 2263 in
2909 2210 2991 2264 his
3019 2225 3138 2279 qua:
3167 2208 3460 2265 offeruntur
3487 2209 3554 2265 ab

1974 2300 2209 2366 homine,
2245 2301 2404 2355 homo
2435 2317 2541 2355 non
2570 2316 2725 2355 suum
2755 2300 2958 2366 reddit,
2992 2300 3250 2356 Dominus
3277 2316 3432 2356 suum
3462 2314 3550 2356 re-

1973 2391 2120 2461 cipit.
2179 2390 2361 2460 Itaque
2420 2408 2540 2446 eum
2597 2391 2754 2446 offert
2800 2391 2910 2447 Deo
2957 2390 3222 2462 quispiam
3271 2391 3553 2447 facultates

1969 2496 2113 2542 suas.
2138 2481 2295 2552 223
2319 2497 2424 2534 non
2451 2479 2640 2535 offerat
2666 2481 2816 2550 quasi
2844 2482 3258 2553 praesumptione
3276 2481 3548 2558 donantis,

1967 2571 2061 2626 sed
2089 2572 2244 2640 quasi
2273 2572 2571 2626 humilitate
2591 2573 2880 2637 solventis;
2910 2589 3009 2630 nec
3037 2575 3315 2630 absolvere
3340 2590 3399 2630 se
3428 2591 3548 2646 pec-

1966 2670 2085 2716 cata
2130 2677 2225 2716 sua
2270 2661 2488 2728 credat,
2533 2663 2627 2717 sed
2675 2664 2942 2731 allevare;
2972 2680 3073 2720 nec
3111 2664 3301 2720 offerat
3322 2682 3443 2721 cum
3466 2681 3551 2723 re-

1965 2752 2288 2824 demptionis
2317 2752 2526 2820 fiducia,
2552 2753 2645 2808 sed
2671 2770 2790 2809 cum
2820 2766 2841 2794 ε
2876 2755 3191 2824 placationis
3215 2754 3422 2821 officio;
3453 2771 3552 2813 nec

1966 2844 2120 2915 quasi
2149 2852 2321 2898 totum
2356 2844 2595 2898 debitum
2625 2845 2872 2910 reddens,
2912 2845 3005 2899 sed
3035 2845 3188 2915 quasi
3211 2847 3295 2900 vel
3323 2861 3546 2916 parvum

1966 2937 2034 2991 de
2087 2950 2282 3004 magno
2325 2935 2550 2991 reddere
2596 2936 2852 3007 cupiens:
2902 2937 3027 3006 quia
3075 2937 3238 2991 etiam
3285 2937 3331 2991 si
3374 2937 3551 2994 tradat

1967 3027 2112 3095 quod
2141 3027 2305 3082 habet
2343 3044 2440 3098 pro
2469 3028 2631 3083 modo
2660 3044 2859 3094 rerum,
2892 3046 3000 3084 non
3029 3029 3200 3084 reddit
3220 3029 3362 3099 quod
3391 3029 3550 3086 debet

279 3119 413 3173 dura
460 3130 829 3191 compensent,
876 3130 932 3176 et
974 3131 1182 3178 reatum
1232 3124 1506 3192 longarum
1556 3125 1865 3180 deliciarum
1893 3128 1939 3193 C
1967 3135 2068 3189 pro
2096 3121 2460 3189 magnitudine
2496 3129 2857 3192 peccatorum.
2913 3121 2982 3176 Et
3009 3121 3148 3188 ideo,
3183 3123 3307 3178 licet
3335 3122 3545 3190 oﬂ'crat,

277 3211 457 3268 ollicio
479 3215 860 3284 patrocinantis
879 3216 1053 3270 solvat
1072 3215 1099 3253 δ
1128 3216 1362 3271 incuriae.
1388 3217 1492 3271 Sed
1514 3219 1728 3287 quando
1749 3220 1864 3274 tunc

277 3309 390 3356 tam
418 3304 637 3372 grandia
669 3304 860 3369 faciet,
893 3305 1064 3360 vicino
1090 3305 1200 3372 jam
1229 3307 1376 3360 exitu
1405 3308 1566 3361 etiam
1595 3324 1624 3361 a
1655 3310 1861 3365 medio-

274 3395 448 3449 crium
478 3397 690 3450 actione
718 3395 1016 3451 disclusus?
1062 3395 1322 3452 Crucibus
1365 3398 1594 3468 denique
1621 3399 1861 3454 diversa-

274 3504 397 3544 rum
447 3505 804 3543 aerumnarum
873 3505 1023 3544 reum
1070 3490 1123 3544 in
1166 3506 1262 3544 suo
1311 3506 1536 3561 corpore
1590 3493 1863 3547 hominem

273 3579 442 3652 iudex
470 3580 592 3635 fidei
621 3581 878 3636 severitas
912 3582 1231 3651 subjugabit,
1267 3589 1322 3636 ut
1349 3582 1729 3651 indulgentiam
1759 3585 1863 3638 sci-

275 3673 404 3730 licet
432 3674 782 3729 ahsolutionis
809 3683 1020 3728 aeterna:
1050 3675 1327 3744 praesentis
1354 3691 1527 3744 pmnlc
1572 3677 1864 3730 ambitione

275 3771 567 3818 mereatur.
591 3761 698 3818 Sed
719 3763 1119 3833 fatiscentejam
1143 3781 1388 3834 corpore,
1415 3765 1506 3818 ubi
1530 3768 1688 3836 222
1715 3780 1864 3819 exer-

276 3854 423 3910 cebit
447 3855 793 3909 districtionis
821 3854 1054 3909 ofﬁcium
1083 3869 1278 3909 censor
1307 3855 1549 3907 animus?
1587 3854 1672 3907 Uti
1720 3856 1864 3908 enim

277 3945 584 4000 severitatis
611 3945 833 3998 arbitrio
859 3944 1024 4012 judex
1069 3961 1177 4012 non
1225 3952 1434 4012 potest,
1484 3945 1697 4012 quando
1744 3960 1867 3998 reus

280 4036 510 4106 iamnon
527 4038 752 4090 sustinet
764 4036 1008 4104 judicari.
1043 4035 1220 4090 Unum
1245 4049 1372 4102 ergo
1395 4043 1478 4087 est
1499 4035 1639 4102 quod
1663 4036 1870 4088 amissis

284 4125 533 4181 omnibus
561 4126 880 4194 adjumentis
908 4135 1067 4194 atque
1095 4124 1345 4178 subsidiis
1380 4126 1589 4178 nutanti
1618 4141 1682 4180 ac
1707 4126 1870 4180 desti-

279 4226 404 4274 tuto
447 4219 701 4290 opitulari
745 4227 928 4288 queat,
959 4230 1016 4272 ut
1062 4217 1334 4287 confugiat
1380 4219 1581 4273 scilicet
1625 4219 1692 4272 ad
1740 4219 1868 4273 illud

275 4310 573 4367 beatissimi
597 4310 830 4364 Danielis
857 4325 1064 4364 sacrum
1088 4326 1159 4364 ac-
1189 4309 1400 4364 salubre
1427 4311 1706 4364 consilium
1732 4328 1745 4363 :
1775 4311 1865 4380 qui

273 4402 574 4475 Babylonio
601 4403 714 4470 regi
737 4401 936 4456 mederi
967 4402 1168 4466 volens,
1194 4402 1461 4457 ulceribus
1479 4402 1552 4456 de
1567 4401 1862 4457 offensione

1968 3220 2087 3267 oret
2116 3213 2279 3267 Deum
2311 3221 2367 3266 ut
2388 3229 2484 3267 sua
2514 3214 2722 3284 placeat
2752 3214 2973 3280 oblatio,
3007 3215 3264 3284 plangens
3295 3215 3346 3268 id
3376 3215 3547 3285 ipsum

1965 3304 2110 3374 quod
2158 3305 2306 3359 tarde
2351 3305 2506 3360 ollert
2529 3346 2542 3368 ,
2593 3306 2850 3375 plangens
2879 3321 2941 3359 ac
2978 3306 3242 3375 ptrnitens
3269 3304 3412 3373 quod
3441 3320 3547 3360 non

1965 3398 2143 3466 prius;
2195 3399 2376 3466 sicque
2420 3399 2522 3451 erit
2569 3406 2628 3450 ut
2665 3397 2816 3466 juxta
2865 3397 3181 3467 prophetam
3229 3396 3550 3466 propitietur

1964 3485 2184 3541 forsitan
2215 3487 2354 3541 Deus
2383 3485 2407 3523 ἀ
2440 3487 2648 3541 delictis
2676 3488 2804 3541 suis.
2878 3502 2890 3514 ·

2037 3579 2126 3632 XI.
2168 3579 2273 3634 Sed
2303 3580 2429 3633 dicit
2471 3579 2661 3648 aliquis
2692 3598 2703 3631 :
2748 3579 2941 3633 Totum
2971 3594 3098 3649 ergo
3129 3579 3238 3636 Deo
3269 3580 3546 3634 oblaturus
3612 3589 3622 3597 '

1964 3679 2046 3726 est
2088 3670 2233 3739 quod
2280 3671 2478 3725 habet?
2525 3670 2638 3725 Non
2688 3669 2877 3726 offerat
2920 3679 3093 3726 totum
3120 3671 3262 3740 quod
3292 3672 3472 3735 habet,
3500 3671 3546 3725 si

1967 3779 2072 3816 non
2103 3770 2254 3831 putat
2294 3777 2351 3815 se
2387 3762 2583 3816 debere
2625 3771 2796 3816 totum
2823 3763 2966 3830 quod
2996 3763 3176 3814 habet.
3218 3761 3333 3814 Non
3363 3777 3546 3829 qumro

1967 3854 2118 3921 Cujus
2146 3853 2214 3905 sit
2243 3852 2385 3920 quod
2417 3852 2656 3916 offertur,
2699 3853 2783 3906 vel
2825 3867 2854 3904 a
2885 3867 2992 3919 quo
3021 3854 3090 3904 sit
3119 3860 3395 3918 acceptum
3423 3861 3549 3907 ante

1968 3941 2113 4011 quod
2143 3941 2399 3994 redditur.
2469 3941 2583 3994 IIoc
2611 3941 2732 3992 dico
2773 3941 2945 3993 solum
2965 3982 2978 4004 ,
3025 3955 3130 3994 non
3159 3939 3348 3994 oﬂerat
3376 3948 3549 3996 totum

1970 4048 2069 4103 pro
2097 4031 2307 4095 debito,
2351 4033 2395 4084 si
2430 4031 2627 4084 debere
2654 4046 2712 4084 se
2741 4038 2910 4085 totum
2939 4046 3044 4084 nou
3073 4038 3226 4100 putat
3248 4045 3346 4100 pro
3374 4038 3546 4087 reatu.

1973 4122 2164 4177 Totum
2195 4136 2340 4190 ergo,
2369 4132 2391 4159 θ
2416 4123 2584 4190 inquit
2607 4122 2828 4191 aliquis,
2858 4130 3110 4192 peccator
3131 4123 3406 4178 oblaturus
3432 4125 3550 4180 est?

1968 4215 2136 4268 Immo
2157 4214 2317 4277 nihil,
2349 4214 2392 4268 si
2417 4230 2522 4268 non
2543 4228 2664 4268 cum
2686 4211 2815 4280 fide;
2840 4214 3002 4268 immo
3023 4214 3183 4281 nihil,
3214 4215 3260 4268 si
3289 4229 3395 4269 non
3424 4231 3546 4272 cum

1967 4308 2202 4374 ambitu;
2236 4308 2396 4362 immo
2425 4307 2589 4370 nihil,
2621 4307 2666 4361 si
2696 4323 2802 4362 non
2832 4323 2952 4362 cum
2978 4323 3164 4377 prece;
3197 4308 3360 4362 immo
3390 4309 3542 4377 nihil,

1966 4401 2009 4457 si
2038 4415 2145 4454 non
2186 4400 2290 4454 hoc
2337 4400 2516 4454 animo
2562 4407 2618 4452 ut
2657 4399 2761 4454 hoc
2787 4400 2960 4468 ipsum
2989 4399 3128 4454 inter
3153 4398 3418 4470 praecipua
3446 4399 3544 4456 Dei

273 4495 568 4552 contraetis
587 4494 852 4563 malagma
874 4492 941 4548 de
960 4493 1304 4549 miSeratione
1324 4496 1625 4566 composuit
1645 4494 1860 4550 dicens:
1890 4497 1941 4557 Ι)
1967 4492 2222 4548 beneficia
2272 4499 2483 4562 reputet
2527 4491 2668 4560 quod
2716 4491 2953 4546 animum
3001 4489 3256 4546 offerendi
3290 4490 3456 4559 dedit,
3487 4499 3545 4548 et

271 4585 502 4657 Propter
549 4585 704 4658 quod,
745 4600 858 4650 rex,
885 4585 1156 4639 comitium
1199 4602 1365 4639 meum
1407 4585 1608 4656 placeat
1647 4587 1771 4665 tibi,
1812 4597 1861 4640 et

271 4685 487 4749 peccata
510 4685 597 4729 tua
619 4677 671 4729 in
701 4675 1078 4729 misericordiis
1090 4675 1310 4741 redime,
1343 4685 1392 4729 et
1420 4678 1470 4730 in
1471 4678 1704 4748 justitias
1745 4686 1860 4731 tuas

272 4771 329 4823 in
359 4769 714 4823 miserationes
747 4784 1047 4839 pauperum.
1073 4765 1321 4822 Fortasse
1357 4771 1454 4822 erit
1493 4770 1690 4838 patiens
1719 4768 1860 4823 Deus

1966 4587 2086 4657 plus
2113 4586 2213 4640 sibi
2243 4585 2296 4639 in
2328 4585 2410 4667 his
2439 4600 2556 4654 qua:
2594 4583 2705 4638 Deo
2742 4584 2995 4654 relinquit
3022 4585 3263 4655 pr:estari
3289 4586 3538 4648 aestimet,

1965 4693 2125 4748 quam
2153 4677 2205 4729 in
2234 4676 2337 4730 illis
2387 4690 2506 4744 qua:
2544 4676 2688 4744 prius
2727 4675 2932 4729 habuit.
2985 4674 3118 4740 Quia
3146 4675 3252 4729 hoc
3276 4673 3421 4743 quod
3448 4674 3544 4729 ha-

1965 4771 2123 4825 betur
2150 4769 2218 4822 ab
2247 4767 2483 4829 homine,
2515 4767 2901 4836 temporarium
2920 4774 3032 4831 est;
3063 4765 3208 4834 quod
3226 4774 3403 4822 autem
3429 4766 3541 4826 Deo

1445 4881 1776 4938 STEPHANI
1814 4886 2082 4942 BALUZII
2118 4883 2345 4940 NOTAE.

359 5010 385 5038 ⁸
406 4999 574 5054 Vetus
601 4997 770 5053 codex
799 4997 978 5066 regius
1017 4997 1095 5052 sic
1121 4996 1248 5050 olim
1297 4995 1550 5050 habebat.
1582 4997 1779 5053 Verum
1807 5000 1860 5054 id

272 5069 623 5127 emendatum
650 5077 749 5133 est,
782 5076 963 5138 et‘pl‘o
990 5066 1454 5138 nullarepositum
1485 5076 1568 5122 est
1588 5069 1745 5122 nullo.

351 5141 380 5179 δ
424 5139 499 5193 Ita
530 5137 952 5194 correximus’ex
983 5137 1226 5206 ingenio,
1258 5152 1377 5190 cum
1408 5146 1563 5191 antea
1593 5138 1862 5206 legeretur

272 5213 506 5284 injuriaf.
537 5209 688 5284 Sicut
713 5210 854 5284 e_nim
886 5209 1164 5284 mollitiem
1196 5207 1742 5284 voluptatis‘opponii
1771 5225 1859 5284 as.

270 5277 614 5355 péritatibus,
641 5280 930 5355 sic__longas_
957 5279 1176 5355 delicias
1205 5277 1686 5355 incurim._Al_ioqy_i
1716 5280 1861 5355 e_nim

270 5347 384 5410 vox
412 5353 619 5423 injuria:
643 5347 854 5423 nullum
879 5351 966 5423 h_ic
986 5351 1187 5423 bonum
1213 5347 1593 5423 sensum__faeit.
1619 5348 1708 5404 Sic
1729 5348 1859 5423 Ter-

276 5419 530 5479 tullianus
562 5422 614 5476 in
643 5421 778 5475 libro
807 5421 875 5475 de
904 5419 1244 5484 Pcenitentia,
1277 5435 1394 5489 cap.
1422 5419 1473 5482 9,
1495 5420 1664 5475 docet
1693 5421 1856 5475 moris

274 5496 442 5550 fuisse
469 5492 596 5547 olim
628 5491 682 5544 in
710 5489 950 5545 Ecclesia
981 5499 1039 5543 ut
1063 5492 1108 5545 is
1135 5491 1226 5558 qui
1254 5491 1671 5558 exomologesim
1697 5490 1857 5545 facie—

277 5567 402 5628 bat,
453 5576 614 5618 sacco
642 5569 696 5615 et
723 5559 892 5613 cineri
921 5559 1227 5623 incubaret,
1258 5575 1557 5628 corpusque
1612 5560 1858 5614 sordibus

276 5636 610 5691 obscuraret.
644 5629 712 5684 Et
740 5629 792 5683 in
815 5628 1008 5697 pagina
1035 5629 1310 5697 superiore
1337 5628 1616 5682 Salvianus
1636 5629 1857 5682 damna-

275 5707 354 5764 vit
380 5710 707 5774 aegrotorum
729 5695 991 5755 incuriam
1016 5713 1028 5748 :
1055 5695 1201 5760 Quod
1221 5700 1264 5751 si
1290 5708 1378 5752 aut
1398 5708 1543 5752 tanta
1569 5700 1642 5751 vis
1671 5698 1853 5765 morbi,

1962 5008 2051 5053 aut
2080 5009 2223 5080 tanta
2245 5008 2564 5080 aegrotorum.
2591 4999 2745 5080 fuerit
2771 4995 2992 5080 incuria.

2038 5081 2059 5107 ο
2092 5069 2168 5122 Ita
2195 5066 2408 5141 codices
2437 5066 2599 5141 regii.
2618 5066 2959 5122 Colbertinus
2984 5080 3039 5125 et
3066 5072 3236 5141 prima
3263 5073 3426 5127 editio
3447 5070 3542 5124 ha-

1962 5140 2090 5194 bent
2117 5139 2527 5208 supplicationis.

1991 5236 2000 5246 ~
2036 5209 2060 5284 (ξ
2089 5209 2146 5284 In
2177 5209 2360 5284 codice
2387 5208 2701 5263 Colbertino
2739 5215 2994 5284 scriptum
3043 5214 3218 5284 primo
3247 5211 3344 5263 fuit
3375 5210 3496 5284 _tnis
3520 5225 3537 5259 .-

1955 5279 2056 5352 .sed
2101 5280 2591 5352 istud_ex_punetum
2621 5289 2721 5343 est,
2754 5293 2809 5337 et
2836 5279 2996 5352 supra
3045 5279 3238 5334 lineam
3286 5280 3547 5352 scripturn

1964 5351 2098 5431 ejus,
2120 5349 2263 5418 quod
2292 5347 2517 5405 obscure
2539 5355 2816 5407 annotavit
2838 5347 3078 5406 Piihaeus
3099 5352 3151 5403 in
3173 5348 3410 5415 margine
3432 5347 3541 5403 edi-

1967 5429 2278 5572 uf):
2306 5489 2543 5572 Colbert.
2572 5509 2583 5543 :
2618 5493 2783 5572 inquit
2819 5489 3044 5572 quamuis
3092 5495 3330 5572 peccator
3358 5489 3540 5572 aliquis

1969 5561 2233 5615 oblaturus
2263 5573 2357 5616 est.
2402 5562 2568 5616 Vetus
2619 5557 2786 5630 editio
2813 5557 3017 5630 {inquit
3069 5557 3541 5630 aliquistquamris

1968 5648 2272 5702 magnorum
2294 5633 2563 5685 criminum
2584 5647 2718 5693 reus,
2736 5629 3000 5681 oblaturus
3014 5633 3091 5677 est
3107 5635 3265 5684 totum
3289 5629 3542 5688 Domina?

1970 5699 2137 5756 Immo
2160 5703 2309 5766 nihil.
2340 5711 2442 5756 etc.
