4088 6360
538 334 640 392 187

1456 329 1514 389 S.
1555 323 1872 387 SALVlANl
1910 324 2369 383 MASSILIENSIS
2406 322 2835 381 PRESBYTER!

3676 314 3823 380 ’188

535 451 877 522 relinquitur,
927 446 1324 523 sempiternum.
1384 440 1580 500 Totum
1604 487 1619 513 ,
1681 443 1856 515 inquit
1900 441 2115 512 aliquis,
2145 447 2196 505 Α
2221 439 2349 513 quid
2378 456 2475 512 pro
2521 436 2820 495 maledictis
2869 447 3031 510 atque
3066 434 3343 511 periuriis,
3374 435 3503 515 quid
3529 451 3629 508 pro
3660 446 3684 475 ο
3715 453 3827 503 ne-

540 544 818 602 oblaturus
862 540 980 598 est?
1025 536 1094 597 At
1136 553 1236 611 ego
1280 536 1401 594 dico
1437 554 1555 593 esse
1581 526 1688 594 hoc
1708 544 1879 593 totum
1910 551 2115 607 parum.

541 635 682 705 Quid
709 634 849 690 enim
872 631 983 705 jam
1011 629 1110 686 scit
1135 624 1324 699 aliquis
1353 644 1421 683 an
1444 636 1789 703 peccatorum
1815 622 2121 682 mensuram

544 725 729 783 oblata
766 722 1150 795 compensent?
1194 718 1306 793 jam
1350 720 1450 777 scit
1496 717 1689 791 aliquis
1729 734 1796 773 an
1824 726 2026 772 tantum
2054 717 2125 772 sit

544 817 599 874 in
632 812 807 873 oﬂicio
851 812 1171 886 placationis
1197 820 1455 884 quantum
1499 819 1582 868 est
1608 811 1663 866 in
1691 808 1986 867 offensione
2011 804 2121 867 dis-

542 905 817 965 criminis?
857 902 916 961 Si
959 902 1109 960 novit
1142 900 1423 975 quisquam
1460 898 1753 975 hominum}
1780 910 2125 973 peccatorum

542 1007 743 1074 quanto
790 998 1057 1059 redimere
1102 992 1294 1054 delicta
1341 994 1530 1069 possit,
1582 1003 1763 1051 utatur
1806 996 2029 1051 scientia
2058 990 2125 1051 ad

542 1088 987 1165 redemptionem.
1027 1084 1088 1145 Si
1114 1103 1246 1143 vero
1272 1087 1470 1155 nescit,
1502 1102 1598 1144 cur
1626 1102 1732 1143 non
1762 1094 1968 1143 tantum
1997 1082 2129 1147 ode.

544 1188 629 1240 rat
654 1188 914 1256 quantum
1134 1180 1348 1252 potest?
1378 1187 1433 1235 ut
1462 1179 1507 1235 si
1527 1194 1877 1252 compensare
1904 1186 2127 1250 peccata

544 1289 655 1329 non
684 1273 829 1340 valet
854 1272 1013 1343 pretii
1055 1268 1419 1345 magnitudine
1442 1310 1456 1335 ,
1508 1270 1696 1350 saltem
1731 1268 1926 1338 mentis
1966 1266 2130 1325 devo-

548 1366 697 1422 tione
741 1372 1073 1437 compenset.
1137 1360 1435 1419 Perfectum
1483 1362 1625 1419 enim
1654 1362 1993 1418 conscientia:
2021 1358 2130 1416 fru-

549 1465 695 1513 ctum
742 1456 979 1525 exhibet,
1012 1457 1105 1539 qui
1152 1454 1305 1511 intra
1335 1455 1716 1510 conscientiam
1758 1454 1831 1510 nil
1856 1453 2127 1525 relinquit.

552 1546 695 1604 Dura
743 1546 983 1603 nonnulli
1030 1544 1144 1602 haec
1190 1545 1392 1615 absque
1431 1545 1593 1617 dubio
1641 1554 1696 1601 et
1749 1546 2131 1602 immensurata

553 1646 874 1706 causantur;
929 1639 1159 1695 maxime
1206 1640 1329 1711 quia
1383 1638 1645 1710 propheta
1690 1638 1736 1693 is
1763 1638 1832 1694 de
1859 1654 1966 1708 quo
1993 1637 2132 1693 dixi-

556 1747 700 1795 mus,
734 1729 1082 1803 Babylonium
1111 1744 1291 1799 regem
1315 1728 1418 1784 hoc
1447 1737 1654 1783 tantum
1683 1729 2026 1784 admonuisse
2056 1725 2133 1783 vi-

2223 531 2492 605 gligentiis
2519 530 2900 600 cogitationum
2919 570 2935 597 ,
2980 527 3107 601 quid
3142 543 3241 600 pro
3272 527 3577 601 impuritate
3604 543 3830 593 sermo-

2225 640 2374 692 num,
2398 622 2527 696 quid
2553 639 2650 695 pro
2679 621 2825 678 omni
2854 620 3085 692 denique
3106 620 3259 681 malae
3279 614 3572 677 voluntatis
3590 616 3825 689 adeo“.

2226 717 2378 776 Adde
2405 726 2680 791 postremo
2710 717 2871 773 etiam
2902 712 2943 771 si
2971 716 3150 789 aliqua
3177 715 3245 771 de
3263 712 3346 771 his
3365 714 3507 775 intra!
3526 712 3826 783 consciam-

2228 811 2359 869 tiam
2388 818 2536 866 tuam
2564 817 2689 865 sunt
2708 804 2775 864 de
2804 808 2999 879 quibus
3027 806 3315 879 Apostolus
3342 802 3491 873 dicit,
3522 802 3820 878 adulteria,

2227 898 2611 967 fornicationes
2633 940 2646 966 ,
2700 894 3075 969 impudicitiae,
3125 896 3443 965 ebrietates,
3474 894 3827 969 immunditia

2229 992 2341 1049 Deo
2381 1006 2545 1049 exosa
2593 986 2733 1063 (Gal.
2762 1006 2815 1059 ν,
2850 986 2935 1055 i9,
2965 986 3055 1061 20)
3076 1030 3089 1055 ,
3138 987 3361 1047 avaritia
3390 984 3410 1027 ί
3443 986 3712 1044 idolatr’ue
3742 984 3831 1044 fa-

2231 1082 2394 1148 mula,
2424 1094 2479 1136 et
2505 1088 2627 1151 post
2657 1079 2772 1135 hmo
2798 1079 2976 1150 aliqua
3003 1077 3142 1133 forte
3170 1077 3393 1139 crimina
3423 1076 3586 1133 etiam
3615 1078 3683 1135 de
3712 1078 3828 1145 hu-

2231 1174 2377 1230 mani
2402 1172 2674 1243 sanguinis
2700 1170 2959 1229 eﬂ'usione
2979 1178 3273 1227 contracta.
3307 1166 3547 1245 Cumque
3576 1172 3829 1231 omnium

2231 1265 2607 1338 supputat-eris
2647 1277 2927 1321 numerum
2945 1304 2959 1330 ,
2989 1258 3233 1335 expende
3258 1262 3431 1335 pretia
3461 1258 3824 1337 singulorum.

2233 1356 2300 1412 Et
2330 1364 2452 1430 post
2481 1356 2594 1413 haec
2636 1372 2745 1411 non
2772 1370 2954 1427 quaero
3002 1362 3062 1410 ut
3106 1370 3204 1427 pro
3250 1355 3485 1426 peccatis
3512 1354 3619 1411 tuis
3646 1363 3830 1421 totum

2235 1451 2346 1507 Deo
2374 1449 2552 1506 tradas
2577 1446 2722 1521 quod
2749 1448 2947 1516 habes;
3008 1449 3115 1504 hoc
3151 1444 3325 1505 solum
3360 1447 3524 1506 redde
3549 1449 3694 1527 quod
3728 1450 3831 1511 de-

2234 1540 2349 1606 bes,
2381 1549 2406 1587 κ
2442 1540 2486 1596 si
2538 1546 2693 1613 potes
2730 1537 2997 1595 testimare
3027 1538 3173 1613 quod
3202 1537 3418 1595 debeas.
3459 1536 3614 1603 Addo
3643 1549 3831 1601 autem

2236 1638 2357 1707 post
2383 1631 2483 1687 ista
2532 1630 2710 1686 omnia
2736 1671 2750 1698 ,
2806 1628 2950 1703 quod
3002 1645 3124 1684 cum
3172 1630 3483 1689 tractaveris
3510 1632 3707 1695 delicta
3739 1643 3830 1695 tua

2237 1730 2397 1794 atque
2424 1721 2693 1784 taxaveris
2714 1762 2729 1788 ,
2784 1727 2934 1777 tanto
2981 1720 3102 1793 plus
3129 1737 3230 1791 pro
3275 1723 3433 1779 malis
3473 1724 3579 1779 tuis
3606 1724 3833 1786 debebis

556 1816 746 1883 deatur
772 1830 832 1877 ut
871 1822 1035 1887 multa
1065 1822 1319 1885 donaret,
1352 1836 1458 1875 non
1486 1828 1544 1881 ut
1576 1821 1827 1876 universa
1867 1820 2132 1875 distrahc-
2163 1825 2212 1886 B
2237 1820 2438 1885 quanto
2484 1822 2703 1887 peccata
2754 1823 2842 1867 tua
2890 1809 3049 1867 Vilius
3085 1810 3383 1877 ωεῑὶηιεινίεο
3425 1810 3455 1851 ¹¹
3500 1813 3834 1883 Quomodo?

557 1922 659 1973 ret.
701 1914 817 1977 Non
847 1913 1061 1991 profero
1106 1913 1317 1969 interim
1361 1912 1665 1967 testimonia
1705 1909 2006 1981 Evangelii,
2040 1926 2139 1973 nec

557 2004 806 2075 confugio
833 2006 897 2061 ad
930 2018 1117 2065 vocem
1145 2002 1413 2074 loquentis
1449 2000 1544 2057 Dei
1586 2000 1639 2055 in
1664 2003 1830 2057 sacris
1852 2001 2138 2056 volumini-

449 2169 459 2180 .
560 2094 681 2159 bus.
723 2096 839 2155 Non
888 2094 1010 2159 dico
1057 2094 1199 2150 aliud
1226 2080 1456 2160 vetere,
1506 2091 1647 2147 aliud
1687 2093 1971 2165 novaplege
1997 2106 2139 2164 pra:-

558 2195 795 2258 ccptum.
840 2184 992 2245 Unde
1021 2186 1183 2242 etiam
1210 2185 1502 2263 Apostolus
1529 2204 1541 2238 :
1571 2180 1725 2254 Ecce,
1758 2185 1948 2259 inquit,
1973 2196 2141 2241 vetera

558 2280 870 2335 transierunt
904 2298 921 2333 :
954 2266 1094 2354 facta
1138 2286 1259 2334 sunt
1295 2282 1471 2335 omnia
1512 2293 1663 2333 nova.
1698 2286 1724 2316 ³
1753 2276 1941 2335 Omnia
1970 2290 2142 2339 autem

561 2389 624 2428 ea:
644 2372 756 2433 Deo
784 2371 848 2448 (ll
869 2371 989 2429 Cor.
1025 2390 1074 2438 v,
1108 2372 1193 2439 l'i,
1229 2371 1339 2444 l8).
1380 2370 1580 2439 Quibus
1602 2372 1785 2441 utique
1807 2371 1963 2427 dictis
1986 2371 2144 2427 docet

562 2480 671 2523 non
698 2471 880 2520 vetera
922 2460 1213 2521 secundum
1252 2461 1519 2530 litteram,
1559 2463 1652 2519 sed
1678 2479 1816 2519 nova
1852 2464 2145 2521 secundum

564 2554 732 2611 Deum
757 2572 873 2611 esse
901 2552 1160 2610 facienda.
1192 2551 1309 2611 Hoc
1335 2552 1450 2609 solo
1477 2553 1692 2610 interim
1716 2561 1999 2611 contentus
2027 2571 2147 2610 sum

567 2648 711 2727 quod
738 2646 1001 2723 propheta
1040 2646 1191 2702 dixit.
1234 2646 1425 2702 Sermo
1454 2646 1595 2702 enim
1623 2645 1674 2707 ei
1709 2663 1831 2715 cum
1860 2662 1984 2717 rege
2010 2657 2146 2717 erat,

567 2748 622 2796 et
665 2732 881 2814 quidem
929 2756 1052 2796 cum
1094 2752 1221 2811 rege
1267 2755 1375 2795 non
1425 2738 1580 2795 unius
1607 2739 1785 2806 urbis.
1815 2740 1909 2801 sed
1937 2750 1994 2801 ut
2023 2750 2150 2801 tunc

568 2829 849 2887 videbatur
879 2831 1044 2887 totius
1073 2830 1247 2899 orbis;
1280 2830 1307 2869 δ
1337 2821 1427 2901 qui
1457 2831 1643 2907 utique
1670 2847 1779 2889 non
1818 2840 2032 2904 poterat
2058 2848 2150 2905 po-

566 2923 725 2995 pulos
753 2936 890 2994 quos
918 2922 1139 2994 regebat
1166 2938 1265 2997 per
1296 2929 1671 2978 testamentum
1705 2923 1887 2995 egenis
1919 2920 2147 2995 tradere,

571 3023 626 3069 et
674 3015 921 3071 nationes
966 3013 1226 3070 barbaras
1281 3013 1639 3085 indigentibus
1691 3015 1843 3088 quasi
1904 3031 2152 3075 nummos

573 3106 701 3161 dare
724 3148 740 3177 ,
772 3112 865 3160 aut
911 3105 966 3163 in
1013 3121 1307 3179 pauperum
1354 3105 1520 3178 stipes
1546 3102 1736 3163 diﬂusa
1766 3107 1925 3177 longe
1953 3124 2017 3164 ac
2044 3108 2152 3167 late

2242 1902 2504 1971 Quoniam
2526 1903 2611 1976 qui
2639 1920 2711 1969 se,
2745 1901 2919 1973 inquit
2944 1900 3264 1974 Apostolus,
3308 1904 3573 1967 existimat
3595 1925 3705 1969 esse
3733 1910 3834 1967 ali-

2241 1996 2364 2069 quid
2388 2012 2501 2050 cum
2522 1995 2653 2050 nihil
2681 1997 2769 2062 sit,
2789 1996 3011 2067 seipsum
3030 1995 3226 2051 seducit
3251 1994 3390 2068 (Gal.
3414 2015 3487 2065 vt,
3519 1999 3596 2071 '5).
3630 1998 3700 2055 Ut
3726 2018 3832 2063 non

2242 2084 2419 2142 dicam
2444 2086 2536 2141 tibi
2587 2084 2730 2156 quod
2776 2086 2889 2159 regi
2918 2087 2993 2141 illi
3026 2086 3234 2144 victuro
3274 2084 3467 2158 adhuc,
3500 2100 3557 2145 et
3584 2088 3721 2149 forte
3745 2093 3833 2169 ju-

2242 2178 2385 2242 veni,
2418 2185 2476 2232 ut
2512 2174 2789 2233 festinaret
2819 2184 2995 2234 tamen
3026 2188 3246 2250 peccata
3275 2197 3383 2236 suae
3401 2181 3668 2247 redimere
3693 2202 3833 2258 pra:-

2243 2281 2458 2344 ceptum
2486 2281 2589 2329 est.
2632 2272 2712 2329 Tu
2742 2281 2921 2328 autem
2952 2281 3100 2330 tanto
3127 2275 3247 2348 plus
3272 2291 3372 2355 pro
3400 2285 3455 2334 te
3480 2277 3662 2343 debes,
3685 2279 3835 2357 quod

2243 2362 2360 2420 btec
2406 2364 2489 2420 vel
2535 2363 2771 2420 moriens
2815 2362 2943 2422 facis
2990 2364 3074 2421 vel
3115 2364 3227 2436 jam
3269 2365 3486 2441 jamque
3510 2370 3825 2429 moriturus.

2246 2454 2474 2511 Grandis
2500 2450 2662 2511 enim
2720 2452 3089 2515 muniﬁcentia
3129 2472 3194 2513 ac
3239 2456 3449 2519 devotio
3497 2457 3672 2527 futura
3718 2472 3827 2531 est,

2248 2563 2365 2619 quae
2394 2549 2562 2621 possit
2608 2548 2664 2604 id
2711 2565 3089 2622 compensare,
3139 2548 3284 2622 quod
3329 2553 3444 2611 haec
3477 2561 3586 2615 tum
3613 2540 3833 2615 demum

2248 2639 2478 2695 Domino
2507 2646 2599 2695 tuo
2627 2638 2816 2713 :reddis
2853 2640 3071 2713 quando
3100 2640 3299 2700 habere
3328 2644 3443 2715 ipse
3460 2645 3574 2715 jam
3601 2663 3712 2707 non
3738 2663 3837 2719 po-

2252 2740 2358 2799 tes;
2389 2731 2683 2803 puesertim
2709 2747 2829 2787 cum
2854 2731 3083 2787 addatur
3112 2730 3179 2787 ad
3210 2733 3310 2789 ista
3341 2735 3521 2794 omnia
3548 2739 3693 2808 quod
3713 2755 3837 2811 pro—

2249 2826 2410 2898 pheta
2440 2824 2553 2896 ipse
2580 2824 2674 2894 qui
2710 2839 2892 2894 regem
2932 2823 3081 2880 illum
3110 2825 3177 2881 ad
3205 2818 3636 2900 redemptionem
3667 2831 3837 2893 crimi-

2251 2935 2381 2977 num
2407 2924 2586 2986 vocat,
2619 2932 2717 2990 per
2744 2917 2859 2972 haec
2887 2918 3006 2991 ipsa
3034 2932 3154 2990 qum
3180 2916 3309 2977 dicit
3336 2919 3536 2983 debere
3563 2919 3701 2989 ﬁeri,
3733 2939 3836 2985 non

2252 3019 2361 3066 tam
2390 3010 2440 3067 ei
2468 3010 2638 3065 venite
2685 3009 2848 3087 226
2900 3011 3241 3073 securitatem
3282 3028 3445 3087 quam
3482 3014 3628 3073 viam
3675 3016 3837 3087 inqui

2252 3104 2434 3161 renda:
2460 3102 2652 3163 salutis
2679 3102 2931 3159 ostendit.
2973 3103 3167 3160 Dicens
3196 3106 3339 3167 enim
3363 3123 3378 3161 :
3411 3105 3637 3165 Peccata
3674 3119 3759 3165 tua
3783 3110 3834 3163 in

572 3210 739 3267 regna
768 3203 1082 3260 convertere
1108 3214 1121 3249 :
1152 3203 1207 3253 et
1234 3193 1354 3252 ideo
1377 3197 1658 3269 propheta,
1690 3195 1932 3266 Peccata,
1959 3197 2148 3269 inquit,
2180 3192 2225 3261 C
2255 3196 2620 3253 misericordiis
2666 3194 2859 3251 redime
2878 3238 2892 3265 ,
2935 3204 2985 3250 et
3030 3198 3252 3268 forsitan
3297 3199 3662 3269 propitiabitur
3706 3199 3839 3255 Dm

577 3299 662 3343 tua
684 3291 739 3344 in
768 3288 1131 3345 misericordiis
1171 3287 1367 3344 redime
1408 3287 1571 3360 (Dan.
1624 3306 1695 3356 Iv,
1728 3287 1819 3361 24)
1848 3308 1861 3342 ;
1892 3289 1995 3349 hoc
2023 3298 2106 3353 est
2138 3308 2149 3342 :

575 3396 761 3443 aurum
809 3376 876 3435 da
924 3379 1322 3451 indigentibus,
1390 3380 1514 3452 quia
1572 3396 1680 3436 non
1729 3390 1884 3453 potes
1934 3397 2155 3451 regnum

578 3470 742 3526 dare:
776 3483 799 3511 ο
832 3471 1140 3527 facultatem
1187 3470 1445 3547 distribue
1467 3511 1481 3538 ,
1534 3471 1659 3545 quia
1699 3479 2019 3543 potestatem
2050 3470 2158 3529 non

485 3618 500 3631 ,
580 3562 725 3616 vales
754 3559 779 3598 δ
808 3577 1102 3635 prorogare
1146 3582 1158 3616 :
1193 3578 1257 3618 ac
1304 3577 1401 3635 per
1445 3561 1549 3617 hoc
1594 3561 1807 3618 videtur
1842 3562 2067 3633 iussisse
2103 3572 2162 3618 ut

582 3662 756 3710 totum
783 3651 955 3723 daret,
986 3668 1145 3722 quem
1173 3653 1280 3711 hoc
1308 3654 1482 3710 solum
1511 3669 1619 3710 non
1643 3653 1803 3722 jussit
1842 3653 2163 3712 distribuere

584 3743 727 3817 quod
755 3760 862 3799 non
892 3749 1105 3814 poterat
1132 3758 1376 3814 erogare.

654 3834 768 3890 ΧΠ.
809 3833 1207 3913 Exaggeramus
1245 3832 1382 3897 forte
1411 3850 1524 3890 rem
1548 3835 1758 3903 verbis,
1792 3844 1846 3890 et
1875 3836 1980 3891 alte
2009 3839 2166 3903 nimis

584 3926 895 3983 attollimus.
950 3922 1240 3980 Videamus
1268 3939 1396 3994 ergo
1442 3925 1495 3980 id
1525 3924 1699 4000 ipsum
1726 3925 1886 3998 quale
1914 3928 2001 3983 sit.
2037 3927 2168 3984 Pec-

585 4024 736 4083 cata,
769 4014 976 4087 inquit,
1024 4024 1110 4087 tua
1154 4017 1208 4069 in
1248 4016 1609 4071 misericordiis
1655 4017 1863 4073 redime.
1907 4017 2043 4086 Quid
2087 4030 2170 4077 cst

587 4106 764 4173 aliqua
804 4104 1103 4159 redimere?
1161 4102 1381 4179 Opinor,
1409 4106 1637 4179 pretium
1679 4123 1857 4162 rerum
1886 4125 2002 4180 quae
2028 4110 2169 4171 redi-

589 4202 803 4249 muntur
846 4192 994 4251 dare.
1034 4188 1151 4248 Non
1198 4210 1379 4269 quaero
1426 4212 1546 4268 qua:
1589 4197 1729 4252 illius
1776 4200 1917 4268 regis
1951 4208 2171 4273 peccata

590 4283 807 4341 fuerint.
847 4284 967 4355 Ipse
994 4284 1129 4339 sciat
1155 4286 1341 4354 quanti
1377 4283 1622 4349 debuerit
1652 4287 1917 4345 redimere
1944 4306 2063 4363 quae
2095 4290 2173 4347 fe-

593 4377 683 4439 cit.
727 4375 804 4432 Te
852 4374 1098 4447 alloquor
1138 4375 1288 4447 cujus
1316 4376 1475 4459 225
1502 4393 1664 4434 causa
1711 4387 1819 4448 est;
1867 4391 1918 4436 te
1964 4382 2174 4454 appello

594 4468 745 4537 cujus
788 4467 1075 4531 discrimen
1121 4467 1317 4545 agitur.
1376 4465 1491 4525 Hoc
1539 4466 1700 4526 facito
1741 4473 1886 4543 quod
1913 4475 2175 4545 propheta

2260 3289 2457 3344 delictis
2488 3288 2617 3355 tuis;
2646 3287 2751 3343 hoc
2779 3287 2956 3359 ipsum
2983 3288 3129 3363 quod
3156 3288 3287 3345 dicit
3314 3291 3558 3362 forsitan,
3592 3306 3741 3363 spem
3769 3292 3842 3347 iu-

2259 3379 2423 3444 dicat,
2454 3394 2563 3433 non
2594 3375 2843 3432 ﬁduciam
2894 3377 3195 3451 pollicetur.
3246 3378 3325 3435 Ex
3348 3396 3457 3452 quo
3499 3383 3723 3454 intelligi
3750 3399 3842 3461 po-

2262 3480 2369 3535 test
2394 3486 2551 3542 quam
2574 3467 2790 3525 diﬂieile
2813 3469 2925 3540 jam
2956 3470 3008 3525 in
3050 3472 3313 3544 supremis
3351 3474 3516 3544 positi
3541 3483 3844 3547 peccatores

2263 3559 2503 3631 qualibet
2564 3559 2928 3633 muniﬁcentia
2997 3562 3064 3617 ad
3130 3563 3421 3633 perfectam
3468 3565 3839 3636 indulgentiam

2266 3650 2552 3723 pervenire
2580 3650 2828 3722 possint,
2867 3649 3080 3723 quando
3108 3651 3373 3725 propheta
3402 3652 3520 3724 ipse
3547 3655 3633 3711 cui
3658 3653 3845 3719 suadet

2266 3740 2705 3815 propitiationem
2752 3741 2847 3795 Dei
2892 3740 3263 3812 inquirendam
3287 3786 3301 3812 ,
3332 3746 3650 3817 promittere
3672 3755 3849 3809 tamen

2267 3848 2377 3889 non
2404 3847 2565 3888 ausus
2594 3839 2677 3887 est
2702 3831 3135 3905 promerendam.
3176 3833 3278 3893 Dat
3302 3837 3582 3896 consilium
3609 3839 3676 3894 de
3705 3847 3851 3906 actu,

2270 3934 2324 3981 et
2354 3935 2532 3980 tamen
2571 3924 2780 3979 dubitat
2816 3925 2883 3980 de
2911 3925 3124 3982 eil'ectu.
3166 3926 3507 3995 Hortatorem
3544 3945 3603 3986 se
3631 3931 3852 4001 agendi,

2272 4035 2394 4091 non.
2427 4015 2747 4089 impetrandi
2793 4027 3067 4074 auctorem
3115 4016 3261 4074 facit.
3325 4019 3500 4087 Quare
3542 4020 3655 4076 ita?
3720 4021 3857 4091 Quia

2272 4124 2459 4167 omnes
2487 4107 2691 4164 scilicet
2726 4114 3035 4180 peccatores
3078 4107 3275 4165 debent
3317 4125 3416 4182 pro
3443 4127 3504 4167 se
3531 4111 3616 4166 vel
3668 4113 3723 4168 in
3772 4130 3857 4181 su-

2274 4205 2473 4276 premis
2492 4211 2693 4259 ‘cuncta
2724 4210 2931 4258 tentare
2951 4244 2965 4270 ,
2998 4202 3099 4257 etsi
3130 4218 3237 4258 non
3266 4211 3493 4281 possunt
3521 4205 3629 4271 ulla
3654 4222 3855 4278 prasa-

2276 4310 2441 4350 mere.
2484 4294 2542 4351 Si
2587 4296 2730 4349 enim
2780 4295 2892 4365 regi
2937 4296 3202 4369 propheta
3249 4296 3341 4365 ille
3367 4314 3466 4373 per
3491 4299 3664 4355 solam
3692 4301 3859 4365 bono-

2277 4401 2396 4441 rum
2427 4400 2653 4455 operum
2676 4384 2978 4457 largitatem
3008 4388 3308 4445 absolutam
3340 4388 3727 4465 indulgentiam
3752 4408 3862 4449 non

2278 4477 2560 4551 promittit,
2592 4477 2890 4549 intelligere
2918 4488 3173 4553 peccator
3200 4496 3309 4536 non
3337 4490 3452 4537 acta
3474 4497 3720 4543 errorum
3744 4498 3862 4556 pq:-

594 4556 728 4615 dixit
752 4578 763 4613 :
793 4558 1019 4613 Peccata
1050 4568 1136 4612 tua
1172 4560 1225 4612 in
1255 4560 1620 4616 misericordiis
1650 4561 1859 4617 redime.
1901 4562 2021 4621 Noli
2052 4572 2173 4623 tan-
2203 4580 2254 4641 Ῑ)
2279 4569 2506 4625 nitentia
2533 4576 2733 4643 potest,
2765 4578 2967 4643 quanta
2995 4571 3047 4637 ei
3074 4578 3129 4626 et
3158 4587 3320 4649 quam
3340 4572 3486 4643 larga
3514 4573 3567 4628 in
3598 4558 3864 4646 supremis

593 4659 708 4713 tum
736 4649 850 4706 Deo
889 4649 1193 4729 relinquere
1223 4658 1480 4720 quantum
1516 4651 1714 4719 babes,
1742 4652 1787 4709 si
1815 4669 1913 4725 pro
1941 4659 2177 4733 peccatis
2281 4661 2644 4717 muniﬁcentia
2691 4677 2829 4737 opus
2874 4669 2957 4718 est
2999 4663 3095 4737 qui
3139 4663 3253 4725 vult
3298 4664 3543 4722 obtinere
3574 4680 3607 4727 a
3635 4666 3866 4731 Domino

596 4743 699 4839 tuis
729 4741 1227 4839 necessariumhon
1254 4748 1413 4822 putas
1437 4750 1699 4839 quantum
1725 4745 1910 4839 babes.
1944 4746 2176 4809 Estima
2253 4821 2260 4827 1
2280 4772 2379 4829 per
2423 4771 2599 4815 seram
2645 4753 2990 4813 devotionem
3034 4755 3180 4828 quod
3222 4772 3330 4815 non
3374 4767 3555 4829 potest
3598 4775 3866 4839 usurpare

597 4826 1000 4907 diligentissime
1026 4832 1213 4927 culpas
1240 4847 1375 4903 quas
1402 4828 1898 4903 admisisti,.'estima
1925 4852 2178 4912 peccato-
2254 4826 2380 4927 per
2406 4846 2596 4919 legem.

598 4942 716 5023 rum
743 4926 1095 4983 diversitates.
1157 4926 1292 4984 Vide
1329 4927 1459 4998 quid
1495 4944 1595 4999 pro
1637 4931 1928 4989 mendaciis
1951 4932 2171 5004 debeas,

1697 5017 2093 5102 grumam
2128 5028 2403 5089 BALUle
2438 5029 2669 5086 nom.

672 5098 698 5177 ς
1616 5093 1840 5177 σερε..
1883 5166 1921 5177 ﬁ
2002 5169 2033 5177 η
2165 5172 2174 5177 _
2279 5087 2340 5158 in
2365 5102 2883 5177 reor,_manii'_estun\
2899 5113 3001 5173 est,
3030 5113 3088 5177 at
3110 5110 3261 5177 patet
3277 5107 3445 5160 etiam
3462 5120 3533 5161 ex
3558 5106 3782 5161 humilia
3809 5107 3882 5162 ss

607 5232 639 5247 ,Δ
668 5159 697 5198 δ
726 5159 1195 5247 Haqpllectionem‘
1233 5162 1451 5247 praefert
1490 5163 1631 5221 idem
1655 5165 1849 5241 codex.
1881 5166 2055 5237 Regii,
2086 5172 2176 5242 qui
2279 5175 2455 5247 educti
2476 5159 2720 5247 Caesar-ii
3034 5159 3779 5247 Art-Elatensisiet‘
3817 5159 3877 5233 wa.

598 5232 791 5317 me...
818 5228 1115 5317 summa,
1144 5228 1285 5317 9.3.
1776 5235 1781 5241 ι
1865 5308 1879 5317 _
1935 5228 1993 5317 ,ν
2042 5228 2120 5317 ’ί
2280 5228 2622 5300 comam.
2652 5228 3558 5317 eaedemeaedem
3575 5228 3882 5304 esset;

564 5359 579 5374 ,
673 5298 699 5341 ε
724 5300 805 5357 ita
824 5316 1013 5357 omnes
1037 5298 1160 5357 libri
1178 5298 1411 5360 veteres;
1441 5303 1547 5361 Sed
1573 5306 1836 5385 editiones
1865 5308 2065 5364 habent
2093 5312 2178 5382 {a-
2282 5298 2504 5384 peccata
2530 5298 3881 5387 aperit*éi‘ﬁtﬁﬁeﬁ'caééﬁhmhéﬁaiiSi

600 5371 831 5427 cellares.
931 5424 936 5427 Α
2359 5381 2381 5421 1
2415 5383 2491 5427 Im
2538 5398 2729 5427 omnm
2760 5388 2876 5427 ιίιιιιί
2903 5395 3116 5427 νων...
3135 5388 3296 5427 cabin
3323 5396 3374 5427 οι
3397 5403 3557 5427 ειη...
3610 5384 3730 5427 nm
3749 5389 3881 5427 In...

661 5440 699 5523 fi
717 5441 796 5525 ita
827 5442 1021 5525 primm
1046 5444 1304 5525 scriptlun
1333 5444 1431 5525 fuit
1476 5446 1529 5525 in
1578 5448 1759 5511 veteri,
1776 5450 2069 5525 exemplari
2096 5451 2180 5504 Βί-
2288 5440 2687 5525 observandum
2711 5440 3419 5515 giﬁadbi’ébaiees'réré
3668 5440 3889 5515 Line};

603 5510 883 5596 bliotheeae
904 5510 1261 5596 (ξριιδθηεήως
1290 5514 1388 5596 sed
1406 5522 1593 5596 postea
1616 5510 1883 5596 exp-uncta
1902 5510 2184 5596 ei_t_li_ttera
2289 5521 2541 5596 idolatria
2554 5567 2569 5593 ,
2600 5510 3083 5585 ram'TedStBtH-ia.
3098 5510 3237 5584 inde
3250 5510 3764 5584 Μινῑὶῖἦὲὲιᾶὲζ

605 5582 1124 5671 ξὲἒξιρςα-ψω
1152 5582 1602 5655 ψροεὶιδἮιιθη
1630 5582 1788 5641 ε.Ἐι
1812 5602 1921 5655 quo
1944 5585 2186 5646 Pitbmus
2288 5664 2331 5671 __
2357 5603 2385 5671 ξ
2414 5582 2759 5654 “madescunt
2787 5582 2851 5671 in
2868 5582 3143 5671 etiam;
3175 5582 3433 5671 antiquis

609 5647 1122 5740 edecitprgroqare.
1187 5647 1241 5715 ’Ϊ
1298 5673 1362 5740 ’1
1421 5724 1435 5740 ι
1534 5724 1544 5736 ,
2118 5731 2131 5740 .

2288 5647 2565 5740 Habentur
2789 5647 2851 5722 ii.
2870 5647 3617 5740 piﬁEEm'dHé‘éiin'EuE

725 5710 1786 5811 Ηεὲξὶῖξεξειῖϋειηιω.Ῡιξεθιξμιοέίβηίίίωί
1814 5727 2019 5811 rem
2038 5731 2187 5811 cale
2290 5710 2558 5811 ’ῗῖῑὲιῖᾱ
2576 5710 3621 5811 «mihi
3647 5738 3892 5800 ϐοιδα-

611 5795 965 5860 νῖίίίνθθοθίδν
994 5808 1113 5862 quae
1141 5809 1242 5850 n06
1272 5795 1430 5852 hodie
1464 5795 1690 5854 dicimus
1716 5798 1977 5868 veniam,
2019 5802 2184 5869 satis,
2295 5808 2427 5865 uno.
3393 5795 3459 5874 7-,

2359 5381 2381 5421 π
2413 5383 2493 5437 lta
2538 5381 2729 5459 omnes
2903 5388 3379 5459 veteresethicget
3397 5403 3578 5459 supra.
3610 5384 3886 5459 Quoloeo
3980 5387 3989 5396 ’
