4088 6360
407 361 514 426 193

1505 367 1867 427 ADVERSUS
1901 365 2278 425 AVARITIAM
2317 367 2444 426 LIB.
2485 361 2549 426 II.

3549 367 3653 432 104

404 496 525 543 erat
556 486 643 542 vel
684 486 938 542 habendas
963 485 1049 540 vel
1089 486 1251 542 etiam
1290 487 1662 544 consectandm
1709 485 1975 542 facultatis
2001 486 2055 546 Α
2076 499 2293 570 tutores,
2336 486 2409 537 ita
2429 486 2534 539 sint
2564 501 2625 537 ac
2652 487 2697 540 si
2725 502 2829 540 non
2871 483 3092 541 habeant
3120 503 3137 542 :
3164 496 3214 541 et
3249 489 3333 560 qui
3377 488 3503 558 ﬂent
3541 500 3653 545 tan-

404 579 684 635 arbitrium
718 597 730 631 :
762 578 885 648 quia
909 578 1113 633 scilicet
1138 577 1314 634 adhuc
1339 586 1465 634 tunc
1491 580 1638 648 virga
1662 578 1976 633 interdicto-

403 687 522 726 rnm
549 671 844 726 cmlestium
874 686 981 725 non
1027 672 1408 740 castigabatur.
1463 671 1560 726 Ubi
1603 673 1758 739 enim,
1804 671 1978 741 inquit

400 763 711 834 Apostolus,
752 779 855 816 non
902 769 980 816 est
1019 762 1122 828 lex,
1168 779 1260 816 nec
1284 765 1640 833 prwuaricatio
1670 762 1858 832 (Rom.
1902 779 1973 828 IV,

399 854 514 924 15).
544 855 653 910 Lex
701 869 830 923 ergo
857 854 984 910 fecit
1011 855 1213 925 aliquid
1259 872 1364 910 non
1416 855 1598 920 licere,
1630 863 1656 892 ἰ
1685 854 1975 910 secundum

398 946 529 1000 illud
563 965 575 999 :
621 943 762 1000 Nam
805 948 1289 1016 concupiscentiam,
1338 947 1507 1016 inquit
1534 947 1839 1016 Apostolus,
1883 963 1976 1000 ne-

397 1037 656 1103 sciebam,
700 1040 800 1094 nisi
847 1039 930 1093 lex
970 1040 1160 1094 diceret
1203 1057 1222 1094 :
1273 1038 1394 1094 Non
1440 1041 1762 1110 concupisces
1795 1037 1970 1110 (Rom.

398 1146 492 1197 vn,
524 1131 598 1202 7).
641 1129 708 1184 Et
732 1131 853 1185 ideo
893 1147 1023 1200 opes
1049 1146 1182 1200 quas
1209 1138 1333 1185 ante
1373 1131 1541 1197 legem
1570 1130 1710 1184 Deus
1749 1145 1855 1183 non
1887 1143 1974 1182 re-

397 1219 777 1292 prehenderat,
803 1221 964 1275 homo
992 1221 1156 1274 libere
1181 1221 1503 1290 possidebat.
1531 1219 1589 1273 In
1618 1219 1734 1286 lege
1761 1232 1976 1288 quoque

399 1312 748 1368 nihilominus
775 1328 942 1382 prope
971 1311 1109 1366 idem
1149 1311 1285 1380 juris
1331 1311 1578 1365 omnibus
1606 1311 1926 1380 suppetebat
1958 1327 1969 1361 :

398 1403 525 1473 quia
570 1403 658 1457 lex
704 1403 994 1468 hominem,
1046 1401 1333 1456 dummodo
1369 1401 1539 1470 juste,
1588 1401 1787 1457 habere
1830 1399 1974 1470 quod

397 1495 562 1550 vellet
601 1496 814 1565 penitus
839 1512 947 1550 non
966 1495 1202 1550 vetabat.
1236 1494 1420 1564 Itaque
1472 1503 1598 1550 tunc
1633 1510 1821 1550 omnes
1859 1510 1974 1548 om-

398 1587 528 1642 nino
555 1589 727 1643 sancti
770 1589 978 1645 cunctis
1021 1587 1360 1643 facultatibus
1403 1589 1514 1643 suis
1549 1587 1701 1657 juxta
1731 1589 1972 1657 prmscri-

395 1687 520 1750 ptos
556 1680 687 1750 legis
731 1681 990 1735 terminos
1019 1680 1322 1745 utebantur,
1355 1681 1694 1746 ambulantes,
1721 1681 1878 1752 232
1915 1689 1972 1735 ut

394 1767 641 1838 legimus,
664 1771 720 1840 in
748 1769 979 1825 omnibus
1008 1771 1268 1824 mandatis
1306 1780 1356 1825 et
1386 1772 1844 1842 justiﬁcationibus
1870 1770 1970 1825 Dei

2077 592 2229 648 quam
2268 592 2370 630 non
2404 577 2584 646 ﬂentes
2609 595 2625 630 :
2649 587 2699 631 et
2738 582 2823 650 qui
2871 580 3094 650 gaudent
3122 589 3359 653 tanquam
3383 597 3486 635 non
3529 600 3651 654 gau-

2079 668 2252 722 dentes
2284 678 2370 722 :-et
2397 671 2482 740 qui
2507 678 2682 722 emunt
2703 680 2946 742 tanquam
2983 689 3086 726 non
3113 672 3426 744 possidentes
3449 688 3467 727 :
3487 681 3537 727 et
3563 675 3650 746 qui

2076 769 2291 813 utuntur
2329 759 2422 813 hoc
2458 759 2650 814 mundo
2692 769 2936 831 tanquam
2983 779 3086 816 non
3120 771 3334 816 utantur
3373 779 3390 816 :
3425 764 3650 833 praeterit

2077 853 2214 905 enim
2237 852 2405 922 ﬁgura
2433 851 2585 922 hujus
2626 852 2805 906 mundi
2835 851 2855 922 (
2872 850 2892 905 I
2921 851 3040 907 Cor.
3086 870 3189 920 vn,
3219 853 3430 925 29-5l).
3464 854 3652 910 Videte

2077 955 2236 1010 quam
2265 941 2499 996 breviter
2525 941 2717 997 missus
2749 957 2780 995 a
2810 941 2920 996 Deo
2941 941 3142 997 doctor
3169 953 3362 998 cuncta
3409 944 3652 999 modera-

2078 1039 2164 1085 tus
2192 1023 2342 1085 sit'et
2370 1032 2509 1085 intra
2536 1047 2696 1101 quam
2726 1031 3108 1102 perfectionem
3138 1034 3384 1087 universa
3435 1035 3651 1090 conclu-

2075 1122 2224 1183 serit,
2251 1138 2356 1177 non
2380 1122 2579 1177 inlicita
2602 1123 2774 1177 solum
2801 1107 3182 1188 ﬁttercidendo,
3205 1123 3296 1178 sed
3319 1124 3480 1179 etiam
3505 1125 3646 1181 licita

2076 1213 2417 1281 coarctando,
2449 1215 2834 1270 circumcidens
2860 1215 3082 1281 scilicet,
3113 1224 3167 1270 et
3198 1231 3351 1270 usum
3386 1217 3652 1286 conjugio-

2075 1323 2192 1362 rum
2217 1346 2231 1370 ,
2273 1318 2328 1362 et
2356 1307 2720 1364 inﬁdelitatem
2783 1307 3001 1364 ﬂetuum
3025 1351 3040 1376 ,
3089 1318 3146 1365 et
3186 1311 3650 1382 intemperantiam

2073 1401 2407 1473 gaudiorum,
2441 1409 2497 1456 et
2524 1402 2752 1457 habendi
2777 1403 3049 1458 libidinem
3075 1445 3089 1470 ,
3119 1411 3173 1458 et
3203 1405 3414 1459 emendi
3443 1406 3619 1476 cupidi
3637 1439 3649 1449 -

2074 1501 2260 1560 tatem,
2294 1503 2348 1549 et
2369 1495 2540 1565 ipsam
2586 1495 2815 1565 denique
2844 1497 3026 1551 mundi
3054 1497 3210 1566 hujus
3248 1497 3464 1553 brevem
3492 1509 3651 1568 atque

2074 1585 2415 1641 umbratilem
2445 1587 2796 1657 voluptatem.
2826 1588 2889 1642 Et
2912 1589 3023 1644 lucc
3045 1590 3223 1644 omnia
3247 1591 3380 1645 cur?
3407 1589 3517 1646 Cur
3542 1593 3648 1647 nti-

2071 1693 2177 1746 que
2224 1677 2346 1742 nisi,
2389 1686 2444 1731 ut
2466 1678 2580 1748 ipse
2614 1678 2788 1744 dixit,
2826 1679 2950 1749 quia
2998 1681 3233 1750 praeterit
3277 1680 3443 1749 ﬁgura
3492 1680 3648 1749 hujus

2071 1766 2290 1821 mundi?
2318 1766 2488 1834 Quam
2518 1768 2676 1838 longe
2707 1778 2831 1823 sunt
2859 1784 2986 1838 ergo
3017 1785 3046 1823 a
3087 1771 3340 1825 mandato
3371 1771 3463 1826 Dei
3509 1786 3646 1841 quos

392 1863 506 1916 sine
526 1864 731 1935 querela
753 1861 909 1934 (Luc.
933 1880 969 1929 ι,
993 1863 1072 1935 6).
1104 1862 1255 1920 Sicut
1280 1864 1462 1932 utique
1485 1864 1558 1918 illi
1599 1865 1700 1933 ipsi
1735 1864 1968 1919 ambula-
1996 1855 2045 1916 Β
2069 1873 2191 1912 cum
2220 1858 2364 1927 ipsos
2386 1857 2605 1926 jusserit
2647 1859 2788 1914 Deus
2815 1860 3055 1915 viventes
3081 1862 3271 1930 opibus
3318 1862 3642 1929 renuntiare,

392 1963 585 2010 verunt
612 1955 680 2010 de
705 1957 898 2024 quibus
944 1956 1046 2010 ista
1085 1964 1469 2022 memorantur,
1500 1957 1636 2011 sicut
1679 1957 1966 2026 prophetes

390 2045 547 2102 Anna
575 2047 628 2101 in
666 2046 882 2115 jejuniis
909 2056 1072 2117 atque
1097 2048 1428 2103 orationibus
1456 2049 1671 2112 vivens;
1702 2047 1837 2100 sicut
1863 2046 1968 2100 Na-

389 2139 605 2193 thanael
633 2139 742 2202 ille,
773 2153 932 2207 quem
971 2139 1214 2206 legimus,
1243 2139 1356 2192 veri
1395 2137 1649 2192 Israelitae
1675 2137 1833 2190 laude
1881 2152 1971 2206 su-

387 2228 587 2296 blimis,
629 2239 686 2284 et
713 2231 830 2300 ipso
850 2229 1080 2284 Domino
1108 2245 1170 2284 ac
1197 2230 1309 2284 Deo
1354 2237 1490 2284 teste
1518 2229 1803 2292 mirabilis;
1835 2230 1973 2283 sicut

393 2319 423 2361 δ
453 2321 671 2386 Tobias,
714 2319 1155 2388 magnanimitate
1193 2319 1494 2374 devotionis
1535 2328 1799 2389 praecepta
1842 2320 1974 2388 legis

389 2411 683 2477 excedens,
703 2411 994 2480 sepulturis
1014 2410 1289 2464 hominum
1313 2418 1645 2464 mortuorum
1666 2411 1827 2464 etiam
1849 2424 1968 2464 cum

393 2503 588 2557 mortis
612 2502 852 2571 periculo
891 2503 1176 2568 serviebat,
1208 2510 1263 2558 et
1301 2503 1663 2570 indigentibus
1693 2517 1859 2572 usque
1900 2502 1967 2555 ad

396 2592 744 2662 indigentiam
772 2608 919 2647 suam
949 2593 1247 2656 consulens,
1273 2593 1327 2646 in
1355 2600 1557 2645 tantum
1597 2591 1855 2660 largitatis
1884 2590 1963 2644 af-

392 2680 591 2736 lectum
620 2690 855 2747 venerat,
880 2690 936 2736 ut
965 2681 1296 2740 mercenario
1324 2697 1424 2737 suo
1441 2688 1660 2751 partem
1697 2682 1961 2736 bonorum

389 2773 628 2826 omnium
656 2772 965 2842 deputaret;
995 2780 1051 2827 et
1078 2773 1196 2839 hoc,
1225 2788 1332 2842 quo
1369 2773 1538 2841 magis
1573 2773 1743 2842 possit
1770 2774 1960 2827 mimm

389 2877 529 2930 esse,
567 2860 680 2933 jani
706 2863 885 2931 dives;
914 2873 989 2930 et,
1020 2880 1127 2934 quo
1165 2865 1492 2930 mirabilius,
1525 2865 1676 2920 dives
1715 2881 1780 2921 ex
1825 2883 1961 2937 pau-

385 2973 544 3030 pere,
567 2961 692 3030 quia
735 2960 994 3030 majorem
1021 2959 1187 3016 ferme
1227 2961 1465 3017 excitant
1494 2961 1725 3016 habendi
1759 2962 1963 3032 cupidi-

387 3056 552 3104 tatem
576 3066 706 3121 opes
734 3060 854 3122 post
867 3051 1252 3120 indigentiam.

456 3139 522 3195 ν.
564 3140 721 3197 Tales
746 3156 874 3210 ergo
906 3152 1031 3196 tunc
1057 3143 1226 3198 sancti
1252 3147 1428 3210 erant,
1471 3143 1762 3198 secundum
1791 3143 1962 3212 legem

2069 1949 2144 2002 illi
2177 1965 2269 2002 eas
2303 1951 2524 2020 cupiunt
2552 1952 2713 2005 etiam
2755 1951 2807 2004 in
2833 1953 3074 2021 cognatis
3113 1952 3224 2006 suis
3252 1953 3446 2006 mortui
3475 1954 3646 2024 possi-

2069 2039 2219 2092 dere.
2264 2039 2368 2092 Aut
2397 2056 2555 2109 quam
2597 2041 2755 2108 longe
2784 2041 2850 2095 ab
2878 2057 2942 2097 ea
2973 2043 3261 2098 devotione
3300 2053 3424 2098 sunt
3463 2053 3520 2098 ut
3548 2060 3645 2099 ex-

2070 2111 2345 2181 haeredent
2390 2129 2595 2197 seipsos
2640 2138 2861 2198 propter
2915 2131 3121 2195 Deum,
3173 2133 3265 2200 qui
3305 2134 3646 2188 exhaaredare

2073 2216 2264 2270 nolunt
2291 2217 2479 2270 saltem
2501 2226 2789 2273 extraneos
2817 2227 3037 2289 propter
3061 2221 3150 2275 se!
3184 2220 3390 2286 Quibus
3418 2221 3647 2276 libenter

2073 2307 2242 2362 libere
2260 2308 2492 2364 dicerem
2547 2329 2557 2364 :
2608 2309 2737 2377 Qua:
2786 2311 2990 2366 insania
3020 2321 3119 2378 est,
3153 2329 3187 2368 ο
3228 2313 3544 2369 miserrimi!
3581 2313 3647 2370 Ut

2071 2398 2308 2454 ἥξει-θόρε
2354 2400 2487 2454 alios
2533 2416 2879 2471 quoscunque
2922 2401 3148 2468 faciatis,
3179 2417 3276 2457 vos
3323 2403 3473 2473 ipsos
3518 2420 3645 2460 vero

2069 2491 2448 2557 exhzcredatis;
2497 2503 2554 2548 ut
2583 2495 2716 2550 alios
2756 2495 3072 2565 relinquatis
3102 2496 3184 2550 vel
3222 2497 3371 2552 brevi
3426 2497 3639 2566 divites,

2069 2600 2166 2639 vos
2196 2586 2340 2655 ipsos
2368 2595 2568 2641 (eterna
2599 2587 2942 2644 mendicitate
2970 2588 3251 2645 damnatis.

2139 2678 2222 2732 VI.
2250 2678 2354 2734 Sed
2383 2682 2573 2750 quzerit
2599 2681 2825 2737 fortasse
2854 2683 3064 2753 aliquis,
3095 2682 3221 2752 quid
3243 2685 3312 2738 sit
3337 2685 3478 2740 istud
3499 2686 3642 2754 quod

2065 2785 2208 2824 nunc
2236 2770 2354 2839 plus
2384 2772 2562 2839 exigat
2593 2773 2732 2826 Deus
2759 2788 2788 2826 a
2819 2773 3138 2828 Christianis
3174 2791 3271 2845 per
3290 2772 3638 2844 Evangelium

2066 2876 2226 2930 quam
2256 2877 2285 2914 a
2313 2861 2509 2916 Judmis
2556 2873 2681 2917 ante
2721 2879 2818 2933 per
2858 2863 3071 2932 legem?
3104 2875 3127 2901 ε’
3167 2865 3328 2920 Certa
3375 2866 3528 2920 istius
3564 2868 3643 2922 rei

2067 2952 2205 3006 ratio
2246 2960 2346 3006 est.
2393 2953 2516 3008 Ideo
2564 2955 2707 3008 enim
2748 2955 2955 3023 majora
3003 2971 3145 3010 nunc
3184 2955 3410 3011 Domino
3455 2965 3640 3012 nostro

2068 3045 2361 3112 solvimus,
2409 3047 2533 3118 quia
2578 3047 2782 3117 majora
2810 3047 3084 3103 debemus.
3118 3047 3284 3104 Judzei
3325 3051 3521 3122 quippe
3548 3052 3641 3106 ha-

2068 3139 2265 3194 bebant
2310 3141 2580 3209 quondam
2629 3143 2871 3198 umbram
2928 3160 3105 3199 rerum
3131 3184 3146 3209 ,
3188 3161 3285 3200 nos
3328 3148 3638 3212 veritatem;

383 3232 565 3287 omnia
592 3232 870 3300 habentes,
901 3244 922 3273 ε
952 3235 1245 3289 secundum
1265 3235 1442 3304 legem
1469 3237 1647 3291 omnia
1668 3237 1962 3306 relinquen-

2066 3226 2234 3283 Judaei
2265 3229 2477 3285 fuerunt
2517 3233 2676 3298 servi,
2728 3249 2826 3288 nos
2855 3233 3127 3304 adoptivi;
3159 3236 3322 3308 235
3359 3235 3527 3291 Judaei
3558 3251 3640 3291 ac-

383 3331 485 3379 tes.
535 3323 610 3379 Ac
656 3325 733 3380 sic
759 3325 1028 3396 perfectus
1055 3326 1154 3380 fuit
1194 3328 1369 3383 omnis
1397 3329 1488 3398 qui
1514 3329 1617 3397 legi
1647 3331 1859 3399 paruit,
1907 3339 1962 3384 et

380 3423 493 3469 tam
522 3414 749 3471 devotus
794 3417 884 3484 qui
929 3416 1025 3472 sub
1068 3418 1184 3487 lege
1213 3427 1338 3474 tunc
1382 3420 1560 3475 minus
1588 3420 1749 3486 fecit,
1795 3436 1956 3490 quam

382 3519 524 3562 nunc
552 3507 604 3561 in
643 3506 936 3577 Evangelio
964 3511 1054 3578 qui
1083 3510 1203 3580 plus
1249 3511 1392 3566 facit.
1446 3511 1596 3568 Tunc
1639 3513 1780 3568 enim
1805 3514 1959 3583 quasi

380 3597 730 3667 Evangelium
759 3600 847 3654 lex
875 3599 990 3654 fuit.
1041 3601 1159 3668 Quo
1204 3601 1262 3657 ﬁt
1289 3603 1432 3672 quod
1471 3604 1563 3672 qui
1593 3620 1652 3659 se
1680 3595 1956 3676 obtempel

279 3741 291 3751 ,
378 3700 588 3746 rantem
619 3699 744 3747 tunc
771 3692 874 3761 legi
901 3693 1145 3762 praebuit,
1177 3696 1330 3764 quasi
1359 3693 1387 3732 ά
1419 3694 1768 3765 Evangelium
1810 3713 1958 3752 com-

378 3780 565 3852 plevit.
607 3781 722 3837 Non
753 3791 837 3837 est
865 3798 992 3852 ergo
1021 3785 1166 3854 quod
1207 3784 1621 3854 confugiendum
1669 3789 1768 3842 sibi
1816 3804 1956 3843 nunc

378 3872 664 3941 quisquam
687 3873 756 3926 ad
783 3873 954 3942 legem
983 3883 1156 3944 putet.
1200 3875 1384 3928 Vetera
1414 3879 1582 3940 enim,
1615 3886 1676 3931 ut
1699 3879 1774 3932 ait
1813 3880 1958 3948 Apo-

378 3960 582 4026 stolus,
621 3965 935 4027 transierunt
976 3981 993 4018 :
1035 3966 1175 4036 facta
1203 3975 1322 4018 sunt
1349 3969 1523 4020 omnia
1555 3984 1687 4021 nova
1726 3968 1807 4037 (II
1837 3968 1953 4022 Cor.

336 4053 349 4061 '
381 4063 435 4113 v,
470 4048 538 4100 l7
561 4050 597 4119 ).
635 4048 762 4104 Plus
780 4058 910 4106 tunc
937 4052 1282 4119 indulgentia:
1305 4043 1441 4107 erat
1465 4062 1519 4108 et
1566 4056 1684 4124 plus
1711 4056 1952 4111 licentiae.

382 4129 534 4195 Tunc
562 4143 950 4196 esus'carnium
979 4142 1368 4213 praedicabatur
1389 4185 1404 4208 ,
1446 4162 1587 4202 nunc
1613 4148 1952 4203 abstinentia.

379 4230 532 4288 Tunc
559 4235 613 4288 in
641 4235 788 4289 omni
808 4236 916 4289 vita
936 4236 1264 4305 jejuniorum
1283 4239 1588 4306 paucissimi
1616 4239 1730 4295 dies
1753 4280 1768 4305 ,
1813 4256 1955 4296 nunc

2064 3329 2324 3389 ceperunt
2355 3321 2560 3391 jugum,
2611 3340 2710 3379 nos
2758 3324 3092 3392 libertatem;
3129 3324 3295 3380 Judaei
3337 3327 3637 3394 maledicta,

2063 3427 2161 3466 nos
2188 3413 2443 3480 gratiam;
2473 3399 2643 3468 Judaai
2673 3415 2905 3470 litteram
2933 3415 3363 3482 interﬁcientem,
3396 3434 3495 3472 nos
3533 3419 3639 3488 spi-

2063 3504 2227 3558 ritum
2259 3506 2652 3572 viviticantem;
2693 3505 2890 3561 Judzcis
2937 3524 3124 3563 servus
3161 3510 3416 3578 magister
3448 3511 3639 3566 missus

2061 3605 2142 3651 est
2161 3637 2176 3662 ,
2210 3597 2363 3651 nobis
2390 3596 2560 3663 ﬁlius;
2591 3596 2757 3653 Judaei
2783 3614 2881 3670 per
2899 3615 3048 3656 mare
3069 3601 3396 3656 transierunt
3423 3602 3491 3658 ad
3519 3618 3638 3658 ere-

2059 3704 2224 3756 mum,
2252 3706 2351 3744 nos
2372 3706 2469 3760 per
2496 3692 2759 3762 baptisma
2786 3693 3071 3750 introimus
3100 3695 3152 3749 in
3182 3710 3432 3764 regnum;
3469 3693 3636 3751 Judaai

2057 3794 2251 3834 manna
2273 3781 2749 3848 manducaverunt,
2783 3800 2882 3838 nos
2909 3783 3212 3849 Christum;
3239 3783 3406 3838 Judaei
3448 3800 3637 3840 carnes

2059 3874 2258 3938 avium,
2288 3889 2388 3927 nos
2428 3889 2626 3943 corpus
2656 3875 2778 3940 Dei;
2825 3874 2995 3928 Judaei
3041 3875 3288 3942 pruinam
3328 3874 3488 3938 caeli,
3540 3891 3638 3929 nos

2060 3960 2226 4015 Deum
2255 3963 2377 4016 οωιί
2413 3981 2426 4014 :
2457 3965 2540 4032 qui
2571 3980 2704 4027 cum,
2737 3971 2796 4017 nt
2824 3963 3113 4032 Apostolus
3135 3964 3229 4028 ait,
3255 3964 3309 4016 in
3333 3964 3500 4034 forma
3535 3963 3636 4018 Dei

2059 4061 2210 4116 esset,
2240 4053 2528 4106 lmmiliavit
2547 4055 2871 4124 semetipsum
2895 4069 3051 4126 usque
3071 4052 3140 4107 ad
3165 4063 3395 4117 mortem,
3423 4063 3636 4108 mortem

2059 4155 2225 4198 autem
2255 4146 2418 4199 crucis
2455 4142 2672 4215 (Philip.
2698 4161 2754 4207 ιι,
2780 4144 2938 4215 6,8);
2983 4159 3088 4199 non
3118 4152 3403 4199 contentus
3430 4144 3634 4199 scilicet

2056 4236 2350 4306 simplicem
2379 4252 2477 4306 pro
2507 4237 2661 4291 nobis
2698 4237 2876 4291 subire
2920 4243 3166 4304 mortem,
3205 4235 3305 4290 nisi
3338 4236 3505 4305 ipsam
3535 4251 3633 4290 vo—

373 4326 528 4394 quasi
560 4342 724 4380 unum
767 4326 1029 4396 jejunium
1060 4330 1168 4383 vita
1216 4331 1407 4384 omnis.
1443 4330 1591 4386 Tunc
1639 4332 1776 4387 lzesis
1821 4333 1952 4388 ultio
2053 4327 2295 4382 luntaria:
2335 4328 2483 4383 necis
2531 4328 2930 4398 susceptionem
2973 4341 3303 4382 summorum
3332 4326 3630 4396 supplicio-

371 4417 714 4488 suppctebat,
763 4432 904 4471 nunc
950 4418 1227 4486 patientia.
1275 4418 1424 4474 Tunc
1470 4421 1821 4478 irascentibus
1863 4424 1948 4478 lex
2050 4436 2167 4474 rum
2197 4421 2542 4490 perpessione
2564 4421 2903 4475 cumulasset.
2937 4417 3041 4474 Pro
3064 4420 3166 4475 hoc
3195 4434 3323 4487 ergo
3352 4419 3469 4473 solo
3498 4418 3627 4487 quid

371 4507 616 4562 ministra
645 4516 782 4573 erat,
811 4523 954 4563 nunc
982 4509 1304 4566 adversaria.
1339 4510 1487 4566 Tunc
1524 4516 1822 4568 accusatori
1841 4515 1948 4583 gla-
2049 4512 2256 4567 solvere
2288 4513 2448 4566 homo
2478 4513 2704 4583 poterit,
2741 4513 2826 4566 cui
2861 4528 2919 4565 se
2949 4527 3045 4580 per
3073 4511 3310 4565 ultimam
3349 4492 3662 4579 pugnarum.

370 4596 518 4651 dium
547 4599 875 4667 porrigebat,
907 4615 1051 4654 nunc
1077 4601 1412 4656 charitatem.
1449 4602 1600 4659 Tunc
1629 4606 1790 4660 etiam
1837 4622 1952 4661 car-
1978 4606 2032 4666 D
2057 4603 2406 4658 acerbitatem
2433 4602 2676 4656 Christus
2705 4601 3001 4672 impendit?
3031 4601 3136 4657 Aut
3163 4602 3289 4671 quid
3333 4616 3432 4670 pro
3461 4615 3520 4654 se
3547 4599 3628 4653 di-

369 4687 481 4742 nali
511 4688 772 4743 illecebrae
801 4689 887 4743 lex
914 4689 1238 4759 indulgebat,
1289 4708 1431 4748 nunc
1461 4692 1808 4764 Evangelium
1851 4713 1951 4753 nec

368 4779 630 4848 aspectui.
665 4779 815 4836 Tunc
842 4795 1114 4850 corporea:
1139 4783 1440 4854 voluptates
1467 4786 1736 4843 habebant
1755 4805 1944 4860 quam-

346 4860 495 4924 ‘dam
524 4871 814 4938 licentiam,
849 4889 988 4928 nunc
1013 4874 1264 4944 jubentur
1291 4878 1454 4932 etiam
1496 4865 1638 4934 oculi
1676 4882 1945 4938 custodire

365 4975 671 5018 censuram.
705 4964 862 5035 233
885 4964 1035 5021 Tunc
1061 4966 1128 5021 ad
1167 4968 1361 5024 multas
1389 4985 1585 5026 uxores
1613 4974 1946 5043 recipiendas

367 5053 529 5107 unius
569 5055 747 5108 mariti
795 5062 970 5110 torum
1014 5057 1101 5110 lex
1154 5057 1432 5126 dilatabat,
1480 5078 1624 5117 nunc
1671 5065 1831 5118 etiam
1879 5066 1945 5119 ad

366 5159 527 5198 unam
558 5144 941 5200 excludendam
970 5146 1103 5201 casti
1129 5146 1348 5203 allectus
1374 5149 1660 5206 devotione
1688 5155 1948 5209 constrin-

364 5235 462 5302 git.
489 5233 734 5305 Superest
757 5236 919 5303 enim,
951 5237 1123 5306 inquit
1143 5238 1450 5308 Apostolus,
1480 5251 1536 5295 ut
1563 5252 1612 5296 et
1643 5246 1726 5315 qui
1755 5245 1944 5299 habent

2055 4709 2216 4762 gnum
2252 4695 2476 4748 Domino
2506 4694 2836 4764 repensabit,
2876 4694 2966 4762 qui
2992 4695 3163 4762 ipsum
3203 4709 3232 4745 a
3274 4707 3382 4761 quo
3423 4690 3628 4744 redem-

2052 4795 2172 4856 ptns
2201 4794 2282 4840 est
2311 4786 2479 4840 Deum
2509 4777 2704 4840 debet?
2736 4783 2860 4838 Hmc
2898 4797 3026 4851 ergo
3075 4797 3233 4836 causa
3264 4790 3345 4834 est
3373 4795 3477 4850 qua
3531 4779 3625 4836 de-

2049 4879 2284 4933 votiores
2312 4892 2430 4932 esse
2461 4892 2558 4930 nos
2585 4875 2846 4929 Dominus
2895 4873 2997 4927 sibi
3026 4872 3172 4935 velit,
3204 4871 3328 4941 quia
3377 4879 3485 4924 tam
3514 4885 3625 4923 ma-

2049 4985 2153 5039 gno
2186 4969 2524 5022 devotionem
2558 4975 2796 5020 nostram
2825 4964 2999 5034 pretio
3026 4963 3372 5034 comparavit.
3404 4961 3471 5016 Et
3499 4961 3622 5015 ideo

2048 5061 2384 5114 beatissimus
2406 5056 2603 5111 Paulus
2635 5075 2647 5109 :
2675 5054 2802 5121 Quis
2830 5073 2968 5128 ergo,
3013 5056 3203 5127 inquit,
3237 5071 3332 5109 nos
3360 5050 3623 5123 separabit

2051 5169 2084 5205 a
2106 5152 2354 5204 charitate
2375 5148 2599 5204 Christi?
2622 5149 2902 5204 Tribulatio
2917 5190 2934 5216 ,
2957 5165 3023 5201 an
3052 5148 3312 5221 angustia,
3345 5160 3412 5196 an
3446 5156 3620 5211 perse-

2054 5247 2208 5311 cutio,
2232 5262 2308 5300 .an
2340 5246 2520 5315 fames,
2541 5260 2606 5297 an
2636 5244 2864 5308 nuditas,
2889 5259 2957 5296 an
2979 5241 3259 5312 periculum
3277 5277 3293 5302 ,
3324 5251 3390 5288 an
3414 5232 3620 5303 gladius

1549 5355 1884 5411 STEPHANI
1921 5355 2192 5413 BALUZII
2230 5357 2456 5413 ΝΟΤᾹΞ.

439 5475 465 5503 ι
500 5463 622 5542 Ista
635 5482 744 5542 non
772 5475 984 5542 exstant
1009 5468 1062 5523 in
1091 5471 1377 5526 recentiori
1422 5471 1606 5526 codice
1636 5475 1781 5542 regio
1799 5513 1813 5538 ,
1849 5489 1942 5530 ne-

362 5550 470 5606 que
499 5537 551 5606 in
582 5533 916 5606 Cnlbertino.
1258 5553 1277 5564 ·

440 5605 467 5644 ι’
506 5605 743 5660 Annotat
774 5603 1010 5658 Pithteus
1037 5608 1090 5659 in
1120 5617 1328 5663 vetusto
1357 5611 1540 5664 codice
1568 5627 1665 5664 suo
1690 5614 1944 5670 scriptum

363 5676 528 5746 fuisse
555 5674 707 5729 Tobis
725 5713 738 5738 ,
769 5682 825 5727 et
851 5673 1139 5746 editionem
1166 5677 1514 5746 Septuaginta
1543 5682 1740 5734 habere
1773 5673 1939 5739 Tobit.

365 5745 536 5801 Porro
560 5752 783 5814 uterque
804 5743 975 5814 codex
1003 5745 1179 5811 regius
1201 5743 1360 5801 habet
1375 5743 1560 5802 'Tobis.

441 5825 464 5856 s
502 5813 1068 5872 Primoedideramus
1111 5815 1386 5869 secundum
1413 5816 1778 5886 Evangelium,
1807 5831 1939 5887 (εις.⁸

2045 5476 2213 5529 secuti
2230 5482 2380 5528 vetus
2395 5474 2667 5544 exemplar
2678 5470 3012 5544 bibliothqu
3031 5465 3210 5544 regiae.
3235 5461 3339 5518 Sed
3355 5476 3473 5544 cum
3490 5462 3617 5544 reli-

2047 5560 2152 5615 qua
2181 5553 2236 5599 ct
2264 5556 2471 5599 veteres
2493 5531 2754 5615 editiones
2776 5537 3060 5609 praeferant
3075 5531 3254 5614 legem,
3272 5546 3443 5615 eaque
3458 5531 3618 5615 lectio

2047 5603 2291 5671 videatur
2320 5630 2438 5669 esse
2467 5614 2672 5676 melior,
2705 5603 2822 5664 eam
2857 5603 3246 5676 revocavimus.
3288 5603 3618 5676 Isthicienim

2047 5670 2156 5740 non
2169 5688 2341 5753 agitur
2355 5685 2421 5736 de
2437 5670 2676 5753 tempore
2695 5670 2991 5753 Evangelii:
3007 5673 3098 5753 sed
3114 5673 3180 5753 de
3196 5683 3437 5753 tempore
3461 5675 3616 5753 legis.

2115 5738 2148 5792 ἀγ
2182 5738 2469 5806 Ιῖθοειιιὶυι·
2497 5738 2662 5802 εόιιθχ
2687 5738 2863 5813 regius
2883 5747 2939 5793 et
2953 5738 3216 5813 Colbert.,
3243 5738 3545 5801 Euanaelia'.

2119 5835 2140 5860 ε
2181 5826 2375 5874 Omnes
2404 5819 2523 5873 libri
2550 5808 2987 5882 veteres'legunl,
3018 5808 3168 5868 Certa
3194 5808 3365 5870 istius.
