4108 6348
561 263 665 327 199

1538 263 1594 318 S.
1637 261 1948 318 SALVIANI
1988 250 2447 315 MASSILIENSIS
2485 255 2908 314 PRESBYTER!

3714 251 3840 315 900

558 381 918 451 fungentibus,
949 377 993 435 si
1023 373 1120 449 ipsi
1149 382 1353 431 tantum
1383 375 1573 430 divites
1601 374 1815 440 fuerint,
1847 374 1952 428 nisi
1972 373 2134 428 etiam
2161 377 2217 436 Α
2241 371 2595 442 appetivimus
2623 369 2938 440 quamquod
2961 366 3117 425 nobis
3142 364 3195 424 id
3223 367 3548 425 conveniens
3575 371 3840 430 arbitrati

560 474 803 530 haeredes
817 473 1005 528 divites
1017 469 1334 539 relinquant.
1351 467 1764 543 Erubescamus,
1777 482 1980 538 quaeso,
1997 467 2138 522 hanc

562 563 954 621 infidelitatem.
969 559 1208 616 Sufﬁciat
1217 560 1374 615 nobis
1385 559 1532 629 quod
1544 559 1788 614 videmur
1797 573 1964 627 usque
1978 557 2046 612 ad
2059 558 2138 610 vi-

562 665 632 711 tae
662 656 916 711 terminos
942 652 1109 707 Deum
1149 665 1425 721 spernere.
1447 649 1555 704 Cur
1579 648 1633 703 id
1659 650 1864 718 agimus
1888 648 2051 722 240
2078 657 2138 703 ιιι

560 753 924 815 contemptum
953 744 1122 815 ipsius
1150 745 1315 798 etiam
1335 748 1460 813 post
1484 750 1713 798 mortem
1751 737 2137 796 extendamus?

559 839 796 893 Diximus
819 837 884 892 de
905 837 1150 907 personis
1172 843 1332 905 atque
1345 834 1534 891 ofliciis
1554 835 1903 904 singulorum.
1937 833 2003 888 Et
2022 833 2137 888 llth

563 929 743 983 omnia
767 929 886 984 ideo
906 929 1052 998 quia,
1076 936 1306 998 utsupra
1318 918 1564 992 diximus,
1590 926 1804 994 quidam
1825 925 2136 993 religionem

556 1018 782 1090 professi
816 1026 908 1073 aut
938 1034 1047 1074 non
1077 1018 1276 1073 debere
1331 1033 1390 1072 se
1417 1019 1554 1073 sicut
1593 1024 1818 1073 caeteros
1845 1016 2138 1070 mundiales

558 1109 909 1164 substantiam
938 1123 1088 1163 suam
1126 1108 1372 1174 Domino,
1401 1116 1493 1162 aut
1543 1116 1691 1165 certe
1731 1108 1907 1162 minus
1941 1105 2138 1161 debere

561 1200 932 1265 arbitrantur;
983 1214 1104 1253 cum
1149 1198 1335 1268 utique
1379 1200 1485 1255 hoc
1529 1200 1700 1268 magis
1729 1199 1982 1264 debeant,
2012 1196 2136 1268 quia

558 1304 749 1344 servus
777 1289 870 1359 qui
916 1289 1016 1344 scit
1053 1289 1387 1346 voluntatem
1424 1290 1625 1345 domini
1656 1289 1764 1353 sui,
1797 1297 1852 1344 et
1880 1304 1986 1343 non
2011 1287 2139 1343 facit

561 1395 700 1446 eam,
731 1379 949 1450 vapulet
990 1380 1204 1447 multis;
1227 1380 1317 1450 qui
1338 1389 1517 1436 autem
1546 1381 1736 1444 nescit,
1768 1371 1986 1449 vapulet
2006 1394 2138 1449 pau-

559 1475 639 1529 cis
671 1473 818 1544 (Luc.
852 1490 944 1541 xu,
994 1473 1081 1541 47,
1132 1474 1243 1543 48).
1302 1473 1509 1542 Religio
1557 1481 1737 1527 autem
1781 1471 2002 1527 scientia
2057 1479 2138 1526 est

559 1563 658 1619 Dei
682 1581 696 1630 ;
729 1580 792 1620 ac
812 1580 910 1635 per
933 1566 1037 1620 hoc
1064 1564 1237 1619 omnis
1264 1563 1567 1632 religiosus,
1608 1564 1712 1618 hoc
1736 1563 1854 1633 ipso
1882 1561 2027 1631 quod
2048 1575 2134 1614 re-

560 1642 813 1726 ligienem
841 1659 1096 1728 sequitur,
1128 1656 1224 1711 Dei
1253 1671 1312 1710 se
1340 1656 1675 1712 voluntatem
1705 1670 1863 1710 nosse
1888 1662 2132 1708 testatur.

2240 477 2443 528 sumus,
2475 462 2774 530 cogitantes
2801 461 3007 516 scilicet
3035 469 3092 516 et
3109 461 3452 531 praesentium
3481 476 3661 516 rerum
3698 463 3842 519 bre-

2237 551 2480 617 vitatem,
2528 560 2584 606 et
2633 551 2929 606 futurarum
2968 551 3342 615 aeternitatem,
3393 566 3556 620 quam
3595 568 3840 622 parvum

2237 641 2396 708 istud,
2425 658 2586 712 quam
2613 642 2814 711 grande
2841 641 2996 709 illud;
3025 643 3324 712 cogitantes
3350 657 3564 712 quoque
3583 643 3838 700 futurum

2233 730 2472 801 judicem
2496 740 2551 786 et
2571 729 2833 786 tremendi
2857 731 3043 800 judicii
3072 746 3264 801 graves
3292 731 3471 787 exitus
3492 773 3507 798 ,
3539 733 3836 791 ardentem

2240 822 2295 877 in
2324 822 2501 878 medio
2531 824 2852 893 populorum
2881 825 3338 882 circumstantium
3387 827 3581 881 vallem
3621 844 3834 898 peren—

2239 913 2384 966 nium
2424 913 2814 984 lacrymarum;
2863 930 3023 984 quam
3061 916 3389 971 nonsolum
3419 917 3632 972 introiri
3658 926 3836 987 atque

2239 1004 2460 1058 tolerari
2493 1005 2860 1060 inaestimabile
2909 1022 2972 1062 ac
2999 1023 3262 1062 summum
3291 1008 3512 1075 malum,
3539 1009 3634 1065 sed
3656 1011 3834 1066 etiam

2237 1097 2408 1152 videri
2457 1114 2521 1153 ac
2576 1099 2752 1154 timeri
2791 1115 2918 1169 pars
2963 1100 3088 1154 mali
3129 1101 3322 1155 summi
3363 1102 3470 1167 sit;
3519 1104 3834 1170 cogitantes

2239 1207 2473 1261 quoque,
2507 1193 2646 1247 inter
2663 1193 2776 1247 haec
2803 1192 3070 1248 horrenda
3099 1202 3153 1249 et
3172 1195 3551 1264 pceualissima,
3582 1196 3687 1250 alia
3706 1197 3834 1253 hac

2238 1283 2496 1352 prasclara
2521 1299 2583 1338 ac
2610 1283 2918 1340 beatissima
2943 1301 2954 1336 :
2989 1300 3159 1340 novos
3199 1285 3407 1341 scilicet
3445 1286 3613 1342 caelos
3639 1293 3694 1341 et
3722 1303 3834 1342 no-

2238 1393 2360 1432 vam
2409 1387 2629 1443 terram,
2677 1378 2882 1433 vultum
2924 1393 3103 1433 rerum
3150 1379 3389 1433 omnium
3433 1378 3829 1449 pulchriorem,

2237 1477 2497 1523 aeternum
2564 1469 2782 1538 justitia:
2838 1470 3229 1537 habitaculum,
3285 1485 3474 1526 recens
3537 1471 3830 1527 aedificium

2238 1570 2624 1626 creaturarum,
2676 1578 2865 1617 aureas
2909 1578 3070 1633 super
3119 1563 3279 1619 rudes
3312 1564 3824 1620 ctelos‘sanctorum

2240 1654 2477 1708 omnium
2503 1654 2713 1718 domos,
2747 1654 2896 1708 aulas
2922 1655 3147 1723 gemmis
3175 1656 3642 1712 intermicantibus
3662 1671 3832 1727 expo-

561 1747 836 1805 Profcssio
859 1751 1039 1818 itaque
1085 1748 1360 1816 religionis
1402 1764 1510 1803 non
1541 1746 1714 1802 aufert
1742 1747 2012 1810 debitum,
2045 1745 2138 1799 sed
2168 1738 2215 1798 Β
2241 1743 2381 1809 litaS,
2415 1752 2470 1798 et
2502 1744 2884 1799 immortalium
2934 1746 3275 1802 metallorum
3305 1747 3511 1816 fulgore
3531 1750 3822 1818 pretiosas,

561 1848 720 1909 auget
753 1859 765 1893 :
797 1840 919 1909 quia
948 1840 1241 1909 assumptio
1270 1838 1507 1907 religiosi
1549 1837 1782 1891 nominis
1811 1835 2032 1905 sponsio
2057 1842 2140 1889 est

560 1931 892 1998 devotionis;
916 1947 979 1986 ac
997 1947 1094 2002 per
1113 1931 1234 1996 hoc,
1257 1938 1406 1985 tanto
1425 1930 1545 1999 plus
1564 1929 1826 1999 quispiam
1846 1927 2004 1984 debet
2019 1943 2143 1999 ope-

558 2038 640 2088 re,
673 2033 871 2093 quanto
899 2023 1018 2094 plus
1045 2023 1353 2094 promiserit
1376 2020 1730 2092 professione,
1753 2021 2046 2077 secundum
2071 2021 2138 2074 il-

557 2112 648 2169 lud
675 2113 892 2169 :Melius
919 2123 995 2169 est
1021 2131 1345 2181 non-vovere,
1377 2131 1529 2186 quam
1558 2122 1674 2185 post
1694 2122 1862 2169 votum
1883 2114 2138 2184 promissa

557 2223 664 2261 non
692 2206 904 2261 reddere
926 2204 1122 2278 (Eccle.
1151 2222 1204 2272 v,
1233 2204 1310 2276 4).

629 2295 699 2351 Χ.
730 2296 834 2352 Sed
865 2295 1087 2352 forsitan
1115 2296 1245 2352 dicit
1269 2297 1460 2365 aliquis
1493 2314 1505 2349 :
1533 2295 1590 2351 Si
1622 2295 1736 2350 haec
1755 2295 1830 2350 ita
1867 2302 2019 2360 sunt,
2051 2302 2138 2348 tu-

557 2389 666 2442 tior
711 2402 838 2456 ergo
878 2395 961 2443 est
1008 2387 1387 2456 inreligiositas
1435 2403 1594 2457 quam
1647 2387 1855 2455 religio.
1901 2386 2134 2440 Minime.

559 2476 865 2546 Religiosus
893 2478 1036 2532 enim
1067 2492 1164 2548 per
1190 2479 1294 2533 hoc
1341 2485 1422 2533 est
1449 2477 1661 2532 debitor
1688 2478 1832 2547 quod
1858 2477 2140 2546 profitetur

567 2567 909 2636 religiosum;
941 2568 1281 2638 inreligiosus
1301 2575 1478 2622 autem
1505 2582 1598 2636 per
1621 2566 1672 2621 id
1699 2567 1845 2636 quod
1885 2567 2137 2634 neglexe-

562 2657 633 2713 rit
655 2659 1003 2728 religionem;
1046 2676 1109 2715 ac
1134 2665 1232 2729 per
1255 2661 1357 2715 hoc
1386 2659 1545 2714 ambo
1567 2659 1766 2714 habent
1791 2676 1889 2730 pro
1917 2659 2140 2715 diversi-

570 2756 680 2805 tate
733 2750 1055 2806 conditionis
1115 2751 1352 2806 debitum
1405 2766 1577 2806 suum.
1635 2749 1935 2817 Religiosus
1981 2749 2142 2804 debet

561 2838 816 2910 quidquid
836 2855 894 2896 se
909 2839 1179 2912 professus
1203 2849 1286 2896 est
1315 2841 1622 2910 agnovisse;
1651 2839 1985 2909 inreligiosus
2012 2855 2140 2895 vero

561 2933 724 2988 etiam
765 2933 909 3004 quod
939 2950 1045 2989 non
1075 2935 1322 3002 dignatur
1346 2948 1664 3003 agnoscere,
1697 2932 1990 2988 secundum
2011 2933 2139 2988 illud

562 3023 708 3091 quod
734 3024 1035 3094 specialiter
1058 3039 1236 3080 sermo
1289 3026 1499 3080 divinus
1535 3025 1601 3080 de
1646 3041 1711 3080 eo
1749 3025 1877 3080 dicit
1910 3043 1922 3078 ε
1961 3022 2142 3080 Noluit

2241 1834 2414 1890 lucem
2457 1836 2563 1890 illic
2607 1837 2853 1907 septuplo
2900 1837 3271 1904 illustriorem,
3321 1841 3550 1909 puniceo
3605 1857 3827 1913 semper

2240 1925 2526 1995 splendore
2553 1927 2849 1981 radiantem
2866 1966 2881 1992 ,
2911 1928 3296 1984 beatitudinem
3338 1930 3702 1988 inefl‘abilibus
3721 1933 3823 1989 bo-

2240 2016 2324 2070 nis
2363 2016 2599 2082 divitem,
2633 2016 2807 2072 lzetam
2859 2036 2981 2074 cum
3024 2021 3214 2076 incolis
3250 2023 3360 2076 suis
3405 2024 3821 2091 perennitatem,

2239 2109 2662 2178 patriarcharum
2689 2113 3036 2176 consortium,
3069 2113 3452 2183 prophetarum
3481 2117 3815 2183 societatem,

2239 2201 2605 2268 apostolorum
2665 2201 3093 2268 germanitatem,
3147 2212 3438 2274 martyrum
3483 2205 3817 2274 dignitatem,

2239 2298 2294 2344 et
2315 2291 2366 2344 in
2389 2292 2637 2347 omnibus
2657 2293 2856 2347 sanctis
2883 2295 3191 2362 angelorum
3213 2295 3626 2360 similitudinem,
3651 2313 3818 2367 opum

2240 2387 2536 2442 cmlestium
2557 2388 2788 2458 copiam,
2819 2387 2976 2459 242
3004 2387 3312 2442 deliciarum
3343 2387 3706 2442 immortalium
3730 2389 3814 2442 af-

2241 2477 2535 2544 fluentiam,
2581 2493 2920 2559 communem
2942 2494 3062 2533 cum
3104 2479 3214 2532 Deo
3257 2479 3442 2533 vitam.
3465 2477 3587 2534 Haec
3629 2479 3815 2547 itaque

2241 2572 2538 2640 cogitantes
2560 2611 2576 2638 ,
2617 2572 2733 2627 haec
2753 2572 3194 2642 contemplantes,
3220 2571 3288 2626 ad
3312 2573 3511 2628 cultum
3544 2573 3821 2642 religionis

2241 2673 2407 2716 sacrae
2425 2660 2766 2730 ofﬁciumque
2787 2661 3120 2730 confugimus
3143 2704 3157 2729 ,
3185 2678 3411 2733 eamque
3444 2663 3601 2718 nobis
3631 2664 3696 2718 ad
3719 2665 3817 2720 ob-

2243 2750 2458 2805 tinenda
2486 2751 2602 2805 haec
2628 2751 2768 2806 bona
2791 2751 3195 2820 suffragatorem
3239 2753 3634 2821 quodammodo
3657 2761 3713 2809 et
3731 2754 3820 2809 ad-

2242 2848 2494 2896 vocatum
2541 2839 2922 2897 efﬁcacissimae
2964 2843 3361 2898 intercessionis
3416 2846 3817 2915 assumpsimus,

2245 2940 2406 3002 atque
2443 2934 2496 2988 in
2525 2934 2604 2988 eis
2631 2950 2732 2989 nos
2759 2934 3150 3004 protectionem
3179 2950 3242 2988 ac
3268 2935 3629 3004 patrocinium
3663 2936 3820 2992 ambi-

2244 3025 2381 3080 tiosa
2417 3025 2718 3079 humilitate
2739 3025 3081 3080 contulimus.

562 3114 848 3185 intelligere
892 3123 950 3168 ut
992 3113 1120 3169 bene
1172 3125 1346 3187 ageret
1385 3115 1605 3185 (Psatm.
1641 3132 1799 3182 xxxv,
1824 3116 1901 3188 4).
1933 3116 2038 3171 Sed
2061 3124 2138 3171 ta-
2167 3116 2212 3179 C
2313 3115 2403 3171 XI.
2447 3115 2598 3172 Unde
2650 3132 2772 3173 cum
2827 3117 3129 3182 hmc‘tanta
3159 3125 3214 3172 et
3239 3117 3652 3186 cogitaverimus
3677 3119 3818 3189 pari-

564 3220 690 3260 men
738 3206 828 3275 qui
869 3221 1122 3262 onerasse
1157 3207 1437 3275 religiosos
1483 3208 1585 3262 hac
1630 3224 1689 3262 re
1722 3208 1984 3273 videmur,
2016 3210 2139 3278 quia

563 3293 954 3366 professionem
981 3297 1215 3352 nominis
1235 3298 1578 3367 sponsionem
1619 3313 1738 3353 esse
1767 3297 1997 3352 diximus
2017 3299 2142 3354 reli-

564 3387 768 3456 gionis;
792 3401 1166 3443 removeamus
1191 3388 1328 3444 hanc
1347 3389 1634 3455 sarcinam,
1656 3396 1908 3459 putemus
1935 3404 2041 3444 non
2069 3389 2143 3443 ita

563 3491 682 3531 esse
705 3490 825 3546 qua).
851 3475 982 3532 dixi.
1022 3475 1432 3534 Consideremus
1474 3477 1706 3549 denique
1735 3494 1841 3532 non
1864 3478 1990 3547 quid
2020 3494 2144 3549 pro-

563 3562 816 3630 fessione;
845 3566 940 3620 sed
968 3566 1098 3636 quid
1123 3567 1364 3633 ratione;
1396 3583 1504 3623 non
1547 3568 1675 3637 quid
1701 3578 1830 3625 voto
1847 3609 1861 3633 ,
1893 3569 1988 3624 sed
2016 3569 2144 3638 quid

565 3654 879 3711 salubritate
899 3657 1013 3727 ipsa
1034 3656 1210 3713 facere
1239 3658 1547 3714 debeamus.
1573 3659 1743 3714 Dicite
1764 3660 1911 3725 mihi,
1935 3675 2138 3728 (ιωιξεο,

565 3759 754 3801 omnes
776 3746 1029 3818 religiosi,
1060 3749 1297 3817 nunquid
1317 3757 1401 3804 est
1429 3746 1566 3804 ullus
1594 3749 1870 3804 hominum
1910 3751 2002 3818 qui
2030 3767 2140 3806 non

569 3836 750 3892 omnia
776 3852 895 3907 quas
939 3839 1085 3904 facit,
1116 3838 1202 3893 vel
1230 3839 1414 3893 salutis
1443 3853 1550 3893 sua:
1599 3838 1685 3893 vel
1730 3847 1876 3894 certe
1903 3839 2147 3895 utilitatis

565 3933 737 4000 gratia
783 3930 976 3988 faciat?
1005 3931 1160 4004 241
1200 3931 1388 3999 Nemo,
1423 3931 1635 4002 opinor.
1667 3930 1862 3986 Omnes
1909 3932 2049 3986 enim
2079 3931 2147 3986 ad

566 4021 814 4078 affectum
844 4031 1004 4092 atque
1032 4023 1326 4092 appetitum
1349 4023 1593 4079 utilitatis
1618 4037 1728 4078 sua:
1750 4032 1953 4078 natura:
1980 4023 2146 4094 ipsius

573 4113 882 4180 magisterio
935 4123 1097 4180 atque
1152 4114 1470 4183 impulsione
1519 4114 1802 4169 ducuntur.
1832 4115 2065 4183 Ideoque
2093 4122 2148 4169 et

567 4203 661 4272 qui
681 4205 930 4269 militant,
961 4204 1015 4257 id
1043 4204 1141 4258 sibi
1168 4205 1482 4273 pulchrum;
1514 4214 1568 4260 et
1588 4206 1679 4274 qui
1701 4205 2062 4273 negotiantur,
2095 4205 2148 4259 id

575 4293 678 4349 sibi
704 4294 856 4358 utile;
881 4303 936 4348 et
953 4294 1046 4362 qui
1069 4294 1446 4362 agricolantur,
1466 4295 1520 4348 id
1549 4294 1649 4349 sibi
1669 4294 2000 4349 fructuosum
2031 4311 2149 4350 esse

569 4385 895 4440 existimant.
909 4383 975 4439 Et
986 4385 1113 4454 quid
1124 4385 1302 4454 plura?
1313 4384 1479 4439 Fures
1489 4400 1704 4454 quoque
1716 4385 1814 4454 ipsi
1827 4393 1881 4438 et
1893 4385 2146 4451 latrones,

2246 3216 2328 3263 ter
2373 3217 2427 3262 et
2475 3209 2807 3278 petierimus,
2846 3207 3125 3263 videamus
3161 3224 3302 3264 nunc
3357 3218 3414 3264 et
3457 3209 3819 3280 expendamus

2243 3298 2643 3366 diligentissime
2669 3340 2683 3364 ,
2720 3299 2765 3353 si
2806 3308 2888 3353 est
2934 3299 3018 3353 vel
3061 3299 3116 3353 in
3153 3299 3356 3354 actibus
3402 3301 3602 3355 nostris
3645 3300 3728 3356 vel
3766 3301 3818 3354 in

2243 3389 2554 3444 substantiis
2573 3390 2713 3445 unde
2737 3389 2863 3442 talia
2891 3405 2953 3443 ac
2974 3397 3122 3443 tanta
3144 3405 3174 3444 a
3200 3390 3313 3444 Deo
3333 3404 3514 3444 emere
3533 3390 3817 3459 possimus.

2245 3478 2399 3545 Quod
2426 3479 2598 3534 sinon
2625 3489 2725 3546 est,
2749 3496 2861 3545 cur,
2886 3495 3039 3548 rogo,
3063 3496 3170 3536 non
3188 3479 3554 3550 unusquisque
3582 3488 3821 3536 nostrum

2246 3576 2417 3625 totum
2462 3586 2561 3640 pro
2602 3586 2661 3626 se
2712 3569 2904 3626 offerat
2951 3571 3096 3641 quod
3138 3571 3334 3634 habet,
3365 3571 3491 3640 quia
3513 3586 3619 3626 non
3645 3578 3816 3641 potest

2247 3666 2420 3714 totum
2447 3658 2642 3715 ofl‘erre
2661 3653 2806 3730 quod
2832 3660 3030 3715 debet?
3050 3660 3281 3714 maxime
3301 3675 3422 3716 cum
3443 3659 3688 3717 Salvator
3706 3661 3820 3732 ipse

2248 3763 2310 3804 ac
2357 3750 2498 3805 Deus
2543 3759 2725 3805 noster
2778 3751 2907 3804 nihil
2939 3750 3102 3804 tutius
3136 3766 3198 3804 ac
3237 3750 3502 3806 salubrius
3539 3753 3686 3807 omni
3725 3751 3823 3806 ho-

2249 3840 2380 3894 mini
2408 3855 2526 3896 esse
2553 3841 2748 3895 dixerit
2777 3856 2937 3909 quam
2965 3856 3080 3895 rem
3111 3857 3261 3896 suam
3293 3850 3453 3912 atque
3473 3843 3826 3897 substantiam

2247 3931 2304 3986 in
2332 3947 2431 3986 usu
2459 3931 2837 3987 misericordiae
2881 3931 3196 3998 conlocare;
3225 3932 3382 4002 idque
3413 3933 3673 4004 praecipue
3689 3941 3748 3988 et
3770 3934 3827 3987 in

2247 4031 2451 4087 vetere,
2476 4030 2532 4076 et
2561 4022 2612 4076 in
2637 4037 2782 4077 nova
2806 4021 2922 4090 lege
2969 4020 3304 4077 mandaverit
3335 4023 3513 4077 dicens
3538 4021 3704 4090 quod,
3733 4022 3828 4092 qui

2247 4114 2488 4170 dividant
2518 4115 2757 4182 propria,
2789 4112 3013 4167 ditiores
3030 4111 3177 4178 fiant,
3205 4120 3259 4167 et
3287 4113 3432 4181 quod
3460 4113 3828 4168 misericordia

2250 4221 2280 4258 a
2310 4214 2483 4259 morte
2505 4205 2696 4257 liberet
2717 4203 2867 4273 (Tob.
2893 4220 2985 4267 xu,
3016 4201 3091 4273 9),
3126 4202 3190 4256 Et
3213 4203 3340 4256 alibi
3369 4203 3434 4257 de
3455 4211 3642 4257 sancto
3666 4204 3784 4258 viro
3809 4221 3824 4258 :

2250 4296 2526 4366 Dispersit,
2576 4294 2714 4347 dedit
2759 4293 3088 4365 pauperibus,
3143 4296 3347 4365 justitia
3390 4297 3500 4365 ejus
3553 4306 3728 4348 manet
3773 4298 3826 4350 in

2252 4396 2495 4442 mternum
2526 4383 2747 4456 (Psalm.
2780 4401 2886 4448 cxx,
2919 4384 2994 4455 9).
3029 4383 3086 4437 In
3117 4383 3406 4452 Evangelio
3425 4399 3640 4454 quoque
3673 4405 3684 4438 :
3712 4384 3828 4440 No-

569 4475 949 4543 etvenefici,et
973 4477 1168 4543 sicarii,
1194 4483 1247 4531 et
1269 4491 1429 4531 omne
1450 4475 2144 4545 improbzeconversationis
2174 4479 2368 4548 Dlite,
2419 4477 2620 4546 inquit,
2676 4477 3026 4530 thesaurizare
3083 4475 3222 4530 t'obis
3287 4476 3548 4529 thesauros
3589 4477 3640 4528 in
3677 4485 3832 4548 μνη-α

569 4582 756 4638 genus,
787 4567 839 4622 id
866 4568 966 4622 sibi
993 4567 1134 4637 quod
1163 4568 1273 4636 agit
1300 4581 1596 4635 congruum
1647 4575 1828 4636 putat,
1859 4581 1966 4620 non
2001 4567 2145 4634 quod

568 4661 662 4717 ulli
687 4675 847 4732 prava
869 4660 1211 4726 conveniant,
1239 4659 1333 4714 sed
1361 4660 1506 4728 quod
1527 4659 1617 4713 ille
1635 4659 1727 4728 qui
1757 4659 1934 4729 pravis
1957 4660 2140 4725 utitur,

568 4755 672 4811 hoc
697 4755 797 4810 sibi
825 4753 1009 4810 credat
1029 4766 1323 4821 congruum
1346 4767 1464 4808 esse
1484 4752 1627 4821 quod
1655 4768 1897 4822 pravum.
1930 4751 2071 4820 Ergo
2093 4759 2148 4806 et

570 4861 675 4902 nos
711 4863 817 4902 non
870 4847 974 4901 alia
1028 4847 1220 4918 opinor
1267 4861 1428 4924 causa
1457 4846 1732 4918 religionis
1747 4829 2143 4917 philosophiam

2258 4558 2470 4640 (Matth.
2496 4585 2564 4632 γι,
2590 4568 2696 4638 l9).
2723 4567 2786 4621 Et
2815 4569 3007 4622 iterum
3043 4585 3054 4619 :
3091 4565 3212 4621 Non
3243 4568 3452 4636 potestis
3494 4565 3602 4620 Deo
3641 4569 3834 4638 servire

2247 4668 2296 4713 et
2315 4675 2620 4711 mammonw
2644 4657 2955 4727 (Ibid.,21i).
2979 4655 3047 4710 Et
3075 4657 3266 4710 iterum
3294 4673 3305 4706 :
3343 4655 3430 4708 Va:
3451 4653 3606 4721 vobis,
3627 4657 3830 4720 divites,

2249 4753 2333 4822 qui
2365 4749 2558 4804 habetis
2601 4750 2976 4804 consolationes
3014 4759 3206 4804 uestras
3237 4747 3385 4819 (Luc.
3411 4764 3481 4812 γι,
3504 4745 3617 4816 24).
3641 4748 3836 4803 Avaris

2246 4858 2461 4912 quoque
2489 4850 2545 4897 et
2567 4841 2966 4896 inhumanitatis
2986 4841 3208 4896 crimine
3236 4839 3342 4895 reis
3377 4858 3389 4892 :
3421 4838 3522 4904 Ite,
3553 4839 3746 4908 inquit,
3773 4840 3837 4894 in

1750 4937 2081 4994 STEPHANI
2118 4936 2386 4994 BALUZII
2425 4934 2650 4989 NOTAE.

569 5033 712 5087 tibus
739 5029 1005 5086 invehitur
1024 5032 1077 5085 in
1093 5029 1400 5100 religiosos,
1432 5031 1484 5085 in
1506 5045 1733 5100 quorum
1761 5044 2037 5084 numerum
2058 5045 2149 5084 ve-

567 5103 723 5158 niunt
749 5108 804 5155 et
830 5101 1106 5172 episcopi,
1129 5097 1273 5172 quod
1299 5116 1419 5172 cum
1473 5097 1548 5154 illi
1604 5097 1862 5172 ﬁliosaut
1889 5107 2147 5168 cognatos

567 5186 677 5227 non
707 5170 966 5226 haberent
1001 5170 1193 5240 quibus
1219 5170 1495 5240 facultates
1522 5185 1646 5227 suas
1680 5171 1998 5240 tribuerent,
2029 5185 2144 5240 ma-

566 5242 750 5297 lebant
776 5257 866 5296 eas
893 5239 1197 5310 relinquere
1224 5239 1816 5310 extganeishzeredibus
1842 5254 2002 5310 quam
2039 5239 2144 5310 Ec-

567 5313 762 5368 clesiis.
796 5309 978 5367 Codex
1020 5308 1284 5366 canonum
1312 5308 1562 5364 Ecclesiae
1590 5308 1992 5380 Africanaz'cap.
2029 5308 2090 5362 81
2131 5325 2143 5360 :

569 5381 702 5436 Item
722 5383 1050 5436 constitutum
1069 5389 1145 5435 est
1162 5388 1219 5434 ut
1238 5382 1282 5434 si
1302 5381 1412 5452 quis
1443 5382 1704 5452 episcopus
1727 5380 1951 5452 hwredes
1971 5389 2147 5432 extra-

567 5467 692 5507 neos
720 5470 752 5525 a
779 5453 1228 5525 consanguinitate
1254 5450 1386 5525 sua,
1429 5450 1504 5525 vel
1531 5452 1802 5525 htereticos
1831 5451 1985 5525 etiam
2025 5463 2148 5525 con-

569 5524 893 5592 sanguineos,
925 5518 1015 5577 aut
1042 5527 1309 5594 paganos,
1341 5520 1585 5594 Ecclesia:
1613 5521 1921 5594 prwtulerit,
1965 5518 2146 5569 saltem

571 5590 686 5670 post
713 5602 922 5670 inputem
951 5590 1313 5670 anathema_ei
1361 5592 1596 5670 dicatur,
1615 5590 1930 5670 Vatquenejus
1962 5602 2144 5670 nomen

571 5653 706 5736 inter
733 5659 1139 5736 Dei_sacerd_ot_es
1161 5662 1303 5736 nullo
1323 5653 1763 5736 mo_do_recitetu:r.
1785 5653 2146 5736 Hujus_calio--

572 5729 1006 5802 nismentionem
1031 5733 1213 5800 injecit
1241 5734 1293 5786 in
1315 5732 1603 5802 collatione
1622 5729 1806 5802 quinta
1826 5729 1993 5792 quinti
2021 5739 2151 5802 cpn-

574 5797 680 5860 cilii
711 5797 1031 5855 Sextilianus
1050 5793 1332 5871 episconns
1353 5793 1830 5856 Tunie'nsis—vicem
1856 5809 2018 5868 agens
2038 5793 2151 5852 Pri-

940 5915 969 5930 ~

2253 5026 2388 5081 mosi
2417 5023 2654 5092 episcopi
2675 5021 3106 5089 Carthaginensis
3126 5041 3137 5074 :
3161 5021 3332 5092 Doceo
3353 5030 3586 5074 sanctum
3609 5029 3838 5075 uestrum

2249 5089 2520 5151 concilium
2547 5089 2685 5164 quod
2711 5093 3049 5164 anterioribus
3085 5089 3388 5161 temporibus
3416 5093 3470 5164 in
3498 5099 3836 5164 nostra‘pro-

2249 5168 2414 5221 vincia
2441 5159 2585 5218 multi
2613 5162 2834 5233 episcopi
2864 5159 3254 5232 congregati,”
3291 5162 3526 5231 quaedam
3660 5159 3840 5233 diver-

2248 5238 2320 5291 sis
2353 5236 2524 5288 causis
2554 5234 2622 5285 ad
2642 5230 3064 5286 ecclesiasticum
3095 5241 3284 5283 statum
3305 5230 3683 5296 pertinentibus
3714 5230 3836 5283 dis-

2247 5315 2488 5376 ponentes
2509 5343 2521 5365 ,
2553 5310 2836 5376 statuerunt
2866 5301 2928 5376 de
2971 5303 3219 5376 episcopis
3249 5302 3502 5371 defunctis
3543 5301 3629 5370 qui
3657 5300 3841 5353 haeret:

2251 5372 2364 5428 ticis
2393 5389 2511 5425 suas
2543 5373 2809 5441 facultates
2833 5373 3140 5440 relinquunt,
3165 5372 3239 5423 ita
3259 5380 3316 5422 ut
3334 5381 3448 5440 post
3467 5379 3675 5441 mortem
3697 5384 3842 5441 ana:

2253 5444 2462 5497 themati
2491 5439 2848 5512 subjiciuntur.
2884 5439 3139 5512 ReSpexit
3167 5441 3511 5512 nihilominus
3549 5440 3710 5512 etiam
3757 5439 3839 5512 ad

2251 5527 2511 5567 canonem
2557 5507 2625 5563 ’ἐξ
2670 5512 2906 5579 ejusdem
2935 5507 3266 5579 collectionis
3305 5508 3583 5572 Africanae,
3613 5507 3703 5576 qui
3747 5507 3840 5563 sic

2251 5583 2413 5638 habet
2446 5601 2457 5634 :
2492 5580 2560 5634 Et
2580 5590 2636 5634 ut
2662 5578 2716 5634 in
2746 5598 2829 5635 eos
2858 5582 2942 5651 qui
2972 5581 3206 5632 catholici
3229 5578 3508 5651 Christiani
3552 5594 3656 5631 non
3682 5587 3838 5644 sunt,

2250 5654 2452 5707 etiamsi
2481 5653 2844 5720 consanguinei
2871 5649 2877 5651 ⁷
2900 5651 3125 5720 fuerint,
3175 5666 3264 5718 per
3310 5649 3635 5720 donationes
3656 5663 3838 5701 rerum

2251 5740 2455 5777 suarum
2482 5715 2704 5791 episcopi
2728 5715 3003 5791 pel‘clérici
3045 5715 3182 5791 nihil
3204 5720 3492 5791 conferant.
3540 5715 3672 5772 Vide
3699 5732 3840 5772 rur-

2251 5809 2366 5850 sum
2394 5788 2662 5849 candnem’
2685 5789 2754 5844 3‘2
2779 5788 3015 5860 ejusdem
3043 5788 3401 5846 collectionis.
