4108 6348
1405 374 1761 433 ADVERSUS
1797 377 2174 434 AVARITIAM
2214 381 2335 434 .JB.
2380 381 2441 436 II.

3468 385 3573 442 sos

312 490 488 562 ignem
516 497 780 554 retentum,
833 507 978 563 quem
1023 493 1225 563 paravit
1265 491 1428 547 Pater
1454 510 1595 548 meus
1616 493 1820 550 diabolo
1847 503 1896 548 et
1921 495 1975 555 Α
1999 505 2233 550 mentem
2274 497 2585 553 melioribus
2621 497 2962 570 applicarem.
3013 499 3120 556 Sed
3162 501 3287 571 quid
3328 503 3570 570 agimus?

313 584 515 654 angelis
561 586 672 655 ejus
723 583 935 654 (Matth.
991 602 1115 652 xxv,
1157 585 1271 655 41).
1303 585 1540 653 Quorum
1580 603 1699 656 quae
1735 604 1892 658 pcena

311 690 530 744 semper
551 674 726 730 futura
755 677 842 742 sit,
874 675 1029 732 facile
1051 677 1387 746 intelligitur,
1413 679 1606 746 quibus
1631 694 1749 733 sors
1772 695 1893 734 cum

311 767 532 822 diabolo
552 767 874 836 deputatur:
899 783 997 838 per
1015 784 1132 838 qua:
1155 777 1329 823 tamen
1353 778 1618 824 tormenta
1639 772 1890 836 maxima,

311 875 421 913 non
453 859 785 913 atrocissima
809 860 896 913 illa
921 861 972 913 in
1004 861 1081 914 eis
1125 859 1535 915 fornicationum
1559 870 1650 915 aut
1670 862 1895 918 homici-

311 951 526 1005 diorum
575 960 666 1005 aut
719 952 1121 1029 sacrilegiorum
1168 953 1390 1007 crimina
1431 936 1743 1023 puniuntur,
1800 954 1894 1009 sed

310 1045 426 1098 sola
457 1045 828 1100 tantummodo
857 1045 1079 1099 avaritia
1103 1053 1158 1098 et
1191 1045 1484 1100 abdicatrix
1516 1046 1894 1102 misericordire

313 1133 700 1190 inhumanitas.
767 1132 920 1190 Unde
985 1136 1281 1202 intelligere
1334 1152 1431 1206 nos
1475 1138 1728 1192 convenit
1765 1135 1894 1206 quid

308 1227 524 1296 passuri
548 1227 656 1280 sint
684 1226 842 1298 243
871 1243 1034 1298 quos,
1069 1237 1261 1297 przeter
1289 1227 1390 1282 alia
1435 1237 1682 1298 peccata,
1731 1229 1890 1284 etiam

312 1319 539 1372 avaritia
562 1333 685 1373 reos
714 1316 933 1384 fecerit;
965 1334 1084 1372 cum
1106 1335 1313 1373 summo
1340 1319 1602 1390 supplicio
1627 1317 1892 1375 afﬂeiendi

310 1411 420 1465 sint
440 1425 596 1478 quos,
621 1418 869 1482 expertes
890 1413 1127 1466 omnium
1169 1419 1534 1482 peccatorum,
1559 1412 1732 1466 solum
1765 1428 1892 1468 ava-

310 1501 447 1555 ritia:
491 1502 693 1556 crimen
727 1512 900 1558 morte
939 1503 1220 1557 damnarit.
1261 1503 1390 1569 Qua:
1436 1503 1621 1573 utique
1649 1503 1693 1557 si
1713 1502 1892 1558 futura

311 1593 493 1646 omnia
537 1592 818 1660 credimus,
853 1595 1052 1663 absque
1087 1594 1248 1648 dubio
1283 1595 1485 1649 evitare
1518 1595 1792 1674 debemus.
1836 1594 1892 1649 Si

310 1693 492 1739 autem
524 1703 628 1741 non
651 1687 964 1754 devitamus,
998 1688 1242 1758 profecto
1262 1705 1370 1745 non
1391 1689 1675 1744 credimus.
1707 1691 1763 1744 Si
1794 1706 1890 1744 au-

311 1785 420 1830 tem
475 1793 581 1832 non
639 1779 922 1843 credimus,
978 1779 1265 1834 Christiani
1309 1796 1644 1850 nequaquam
1685 1799 1885 1837 sumus.

1995 586 2111 641 Non
2158 586 2332 642 dubiis
2373 589 2534 643 rebus
2559 590 2839 654 vincimur,
2871 599 2927 646 et
2958 592 3288 647 evidentibus
3327 603 3570 648 coarcta-

1995 692 2133 731 mur.
2163 676 2294 743 Quis
2315 677 2456 732 enim
2498 679 2728 734 Domino
2771 689 2955 736 mente
2994 662 3183 749 credit,
3214 691 3268 737 et
3319 683 3570 739 facultate

1995 785 2103 824 non
2153 770 2354 824 credit?
2393 771 2514 839 quis
2561 771 2671 826 Deo
2719 771 2951 826 animam
2993 789 3144 828 suam
3189 775 3484 845 mancipat,
3516 783 3572 829 et

1995 860 2275 930 pecuniam
2325 863 2516 928 negat?
2561 862 2681 931 quis
2726 863 3005 932 promissis
3059 865 3363 919 cmlestibus
3413 864 3570 918 fidem

1996 951 2319 1016 commodat,
2344 961 2398 1006 et
2429 969 2533 1006 non
2561 953 2669 1021 agit
2697 960 2752 1005 ut
2799 968 2919 1008 esse
2948 955 3118 1023 possit
3145 957 3413 1026 particeps
3441 971 3569 1026 pro-

1996 1041 2349 1096 missionum?
2371 1040 2438 1096 Et
2459 1043 2580 1109 ideo
2609 1059 2731 1096 cum
2760 1043 3034 1098 videamus
3054 1045 3302 1100 homines
3326 1046 3441 1101 hmc
3465 1062 3571 1099 non

1997 1147 2176 1202 agere,
2217 1133 2457 1202 cogimur
2506 1149 2614 1187 non
2659 1134 2943 1189 credentes
2983 1136 3159 1204 palam
3201 1145 3257 1190 et
3295 1137 3572 1192 evidenter

1996 1237 2304 1292 agnoscere.
2330 1223 2446 1277 Non
2488 1223 2611 1277 licet
2634 1232 2692 1278 ut
2731 1239 2825 1279 eos
2853 1240 2951 1278 nos
2982 1225 3092 1280 Deo
3121 1225 3279 1281 fidem
3318 1235 3568 1296 putemus

1996 1315 2272 1379 adhibere,
2302 1332 2422 1371 cum
2447 1317 2520 1370 illi
2549 1332 2607 1371 se
2635 1317 2796 1371 rebus
2843 1317 3076 1371 clament
3105 1332 3320 1387 negare.
3365 1318 3423 1372 In
3462 1334 3571 1388 quo

1996 1421 2216 1461 necesse
2267 1415 2349 1462 est
2405 1407 2770 1462 infidelitatem
2818 1423 2958 1478 pene
3003 1409 3242 1463 omnium
3294 1409 3570 1464 hominum

1995 1495 2174 1566 plangi
2197 1505 2356 1566 atque
2376 1497 2564 1566 lugeri.
2589 1496 2634 1551 Ο
2653 1498 2900 1552 miseria!
2928 1514 2961 1553 ο
2981 1499 3333 1568 perversitas!
3356 1497 3572 1554 Homini

1998 1587 2065 1641 ab
2085 1587 2301 1642 homine
2341 1587 2611 1653 creditur,
2640 1598 2694 1642 et
2731 1605 2840 1644 non
2883 1589 3117 1645 creditur
3151 1590 3281 1645 Deo.
3313 1589 3572 1645 Humanis

1995 1681 2442 1750 promissionibus
2465 1698 2588 1752 spes
2608 1682 2997 1750 commodatur,
3031 1683 3142 1738 Deo
3172 1692 3413 1753 negatur.
3445 1681 3572 1740 0m-

1995 1772 2084 1825 nia
2105 1772 2336 1843 denique
2366 1774 2417 1827 in
2455 1774 2613 1828 rebus
2640 1775 2886 1834 humanis
2913 1791 3036 1845 spes
3063 1775 3362 1831 futurorum
3385 1786 3566 1846 agunt.

310 1864 495 1936 Neque
550 1870 690 1923 enim
741 1885 1027 1940 possumus
1065 1887 1394 1942 quemquam
1426 1873 1606 1928 dicere
1639 1873 1894 1929 Christia-

2003 1859 2118 1915 Vita
2139 1879 2352 1933 quoque
2375 1864 2488 1933 ipsa
2512 1865 2624 1918 hrec
2655 1867 2980 1936 temporaria
3010 1883 3118 1921 non
3160 1868 3262 1922 nisi
3284 1884 3382 1938 spe
3409 1868 3571 1923 alitur

309 1973 460 2025 num,
499 1962 590 2030 qui
621 1977 728 2016 non
757 1970 912 2032 putat
937 1961 1154 2018 Christo
1178 1979 1296 2018 esse
1333 1965 1674 2019 credendum.

383 2049 494 2106 XII.
536 2052 643 2108 Sed
677 2062 814 2120 esto,
836 2055 953 2111 illas
979 2070 1115 2124 quas
1139 2072 1300 2128 supra
1329 2057 1557 2112 diximus
1578 2074 1766 2127 ptenas
1785 2073 1895 2112 non

311 2143 597 2200 timeamus
625 2146 732 2210 rei;
766 2145 1004 2215 nunquid
1028 2147 1188 2200 etiam
1219 2152 1498 2217 praemium
1524 2164 1742 2217 sperare
1769 2164 1896 2218 pos-

311 2251 502 2291 sumus
531 2251 639 2290 non
670 2237 974 2291 merentes?
999 2235 1067 2289 Et
1088 2236 1209 2290 ideo
1237 2239 1282 2291 si
1325 2253 1457 2306 Opes
1476 2254 1584 2292 non
1613 2238 1801 2292 damus
1829 2238 1898 2292 ob

311 2333 662 2396 peccatorum
689 2326 1140 2396 redemptionem,
1172 2327 1361 2382 demus
1405 2327 1593 2382 saltem
1624 2328 1688 2383 ad
1719 2344 1901 2384 emen-

312 2417 439 2472 dam
474 2418 891 2483 beatitudinem;
923 2419 970 2472 si
991 2435 1098 2473 non
1125 2419 1313 2475 damus
1340 2435 1408 2474 ne
1443 2419 1774 2488 damnemur,
1806 2421 1899 2477 de-

316 2522 442 2562 mus
463 2510 657 2563 saltem
685 2517 746 2563 ut
777 2525 1158 2564 muneremur:
1193 2511 1314 2580 quia
1357 2509 1515 2564 etiam
1549 2512 1592 2566 si
1628 2513 1894 2580 przeterita

318 2599 462 2656 mala
504 2616 610 2656 non
649 2602 758 2656 sint
773 2617 890 2671 quae
919 2609 1165 2672 oporteat
1207 2613 1420 2658 sanctos
1448 2603 1730 2670 redimere,
1773 2613 1897 2660 sunt

321 2697 502 2745 tamen
542 2692 796 2761 perennia
839 2692 978 2745 bona
1017 2707 1136 2760 qua:
1169 2706 1363 2762 magno
1411 2692 1641 2748 debeant
1673 2709 1892 2764 compa-

316 2795 470 2846 rare;
502 2781 711 2836 etiamsi
734 2798 891 2853 ptena
921 2777 1026 2837 non
1057 2783 1126 2837 sit
1153 2798 1271 2853 qua:
1293 2785 1562 2850 timeatur,
1605 2793 1689 2839 est
1717 2793 1894 2840 tamen

313 2885 540 2941 regnum
589 2871 732 2942 quod
778 2874 1070 2940 ambiatur;
1115 2890 1178 2929 ac
1220 2891 1319 2945 per
1346 2874 1477 2942 hoc,
1530 2876 1738 2930 etiamsi
1788 2893 1896 2930 non

313 2957 518 3018 habent
563 2965 735 3019 sancti
781 2979 900 3034 qum
947 2966 1250 3031 redimant,
1314 2967 1514 3021 habent
1561 2976 1740 3021 tamen
1781 2982 1898 3036 qum

315 3062 516 3109 emant.
540 3055 648 3110 Nisi
678 3057 814 3112 forte
837 3057 1029 3126 aliquis
1057 3058 1309 3112 damnum
1340 3060 1392 3113 in
1423 3061 1695 3129 emptione
1718 3076 1901 3114 verea-

313 3155 424 3212 tur,
453 3149 700 3211 videlicet
729 3164 796 3204 ne
826 3150 945 3220 plus
983 3151 1290 3206 commodet
1338 3167 1497 3220 quam
1542 3153 1786 3223 recipiat,
1832 3169 1900 3206 ne

1997 1971 2061 2010 ac
2087 1958 2399 2010 sustinetur.
2434 1957 2560 2011 Ideo
2599 1961 2740 2012 enim
2773 1961 2930 2014 terris
2981 1960 3243 2015 frumenta
3282 1961 3570 2028 credimus,

1998 2055 2057 2099 ut
2085 2062 2203 2100 cum
2226 2049 2400 2100 usuris
2422 2049 2622 2101 credita
2645 2051 2983 2117 recipiamus.
3007 2051 3131 2104 Ideo
3153 2053 3205 2104 in
3233 2053 3404 2106 vineis
3421 2053 3576 2107 labor

2000 2138 2264 2191 maximus
2293 2140 2527 2207 ponitur,
2561 2141 2682 2208 quia
2713 2142 2956 2195 homines
2981 2158 3104 2211 spes
3122 2143 3404 2197 vindemiae.
3442 2160 3573 2200 con-

2002 2229 2224 2284 solatur.
2250 2230 2376 2284 Ideo
2396 2233 2759 2299 negotiatores
2781 2234 3057 2288 thesauros
3077 2250 3203 2292 suos
3222 2236 3579 2305 emptionibus

2003 2330 2263 2384 vacuant,
2303 2321 2430 2375 dum
2470 2322 2867 2378 venditionibus
2905 2336 3124 2394 sperant
3152 2342 3270 2381 esse
3297 2326 3576 2382 cumulan-

2001 2409 2117 2465 dos.
2147 2411 2450 2482 2451ιιθο
2472 2415 2780 2481 navigantes
2802 2416 2965 2471 vitam
2991 2419 3165 2472 ventis
3193 2433 3256 2472 ac
3285 2426 3575 2488 tempesta-

2001 2505 2142 2560 tibus
2171 2505 2421 2570 credunt;
2457 2516 2513 2560 ut
2535 2509 2729 2577 spebus
2759 2511 3001 2581 votisque
3030 2513 3322 2582 potiantur.
3355 2511 3422 2567 Et
3449 2513 3576 2582 quid

1997 2597 2184 2668 plura?
2213 2596 2323 2652 Pax
2373 2615 2587 2668 quoque
2633 2601 2772 2655 inter
2817 2601 2958 2656 feras
2999 2618 3063 2657 ac
3098 2604 3355 2658 barbaras
3393 2613 3578 2672 gentes

1997 2703 2092 2758 spe
2121 2689 2385 2754 innititur,
2418 2699 2473 2743 et
2516 2689 2617 2744 ﬁde
2657 2692 2982 2761 astipulante
3023 2694 3285 2749 firmatur.
3320 2695 3580 2749 Latrones

1997 2782 2333 2852 quoqueipsi
2363 2790 2416 2834 et
2439 2783 2770 2848 sanguinarii
2799 2783 2955 2838 fidem
2985 2784 3084 2838 sibi
3109 2786 3336 2840 invicem
3359 2801 3466 2839 non
3492 2801 3579 2839 ne-

1999 2882 2128 2942 gant
2155 2913 2169 2937 ,
2218 2882 2272 2926 et
2314 2888 2432 2941 quae
2480 2873 2860 2942 promiserint,
2885 2883 3073 2929 mutuo
3114 2883 3423 2929 servaturos
3461 2891 3579 2931 esse

1999 2963 2292 3020 conﬁdunt.
2345 2962 2537 3018 Totum
2578 2964 2840 3032 denique,
2875 2974 2932 3020 ut
2969 2965 3116 3033 dixi,
3159 2966 3302 3022 inter
3335 2966 3581 3021 homines

2001 3054 2198 3124 spebus
2237 3055 2428 3122 agitur.
2461 3055 2621 3110 Solus
2668 3056 2810 3112 Deus
2854 3065 2936 3112 est
2977 3057 3044 3112 de
3085 3073 3193 3127 quo
3241 3057 3575 3128 desperatur.

2002 3144 2245 3216 Cumque
2268 3146 2292 3184 ι’
2322 3148 2586 3201 elementa
2618 3148 2729 3217 ipsa
2750 3156 2808 3202 et
2827 3158 3076 3204 naturam
3114 3150 3297 3206 mundi
3327 3151 3581 3206 Dominus

315 3240 540 3310 grandia
580 3241 844 3296 feneranti
894 3258 1058 3313 parva
1103 3243 1417 3309 reddantur,
1451 3260 1517 3299 ne
1562 3245 1902 3313 largitionem
1928 3231 1974 3294 C
2007 3246 2192 3292 noster
2220 3237 2428 3292 ﬁdelem
2459 3239 2676 3304 fecerit,
2702 3240 2776 3294 illi
2806 3248 3012 3295 tantum
3042 3258 3211 3312 prope
3239 3243 3305 3297 ab
3335 3244 3582 3298 omnibus

316 3331 606 3388 redhibitio
635 3349 743 3389 non
773 3344 1043 3405 repenset,
1077 3343 1133 3390 et
1160 3337 1282 3390 data
1306 3337 1470 3391 semel
1499 3337 1655 3407 pretii
1695 3339 1900 3407 magni-

315 3422 505 3478 tudine
529 3425 757 3494 pecunia
779 3425 1112 3494 periclitetur
1140 3427 1431 3497 emptoris;
1464 3444 1528 3482 ac
1555 3429 1598 3483 si
1645 3444 1897 3497 magnum

316 3513 444 3584 quid
472 3515 701 3572 Domino
722 3511 1113 3572 commendarit
1135 3519 1187 3573 in
1214 3527 1374 3585 terra,
1401 3537 1505 3575 non
1529 3521 1725 3575 habeat
1753 3519 1900 3576 Chri-

317 3612 435 3660 stus
455 3604 677 3661 forsitan
701 3608 844 3663 unde
873 3609 922 3664 ei
946 3609 1120 3664 solvat
1149 3611 1200 3664 in
1228 3610 1385 3666 ctelo.
1420 3609 1583 3666 Plane
1605 3613 1648 3665 si
1671 3613 1771 3666 ista
1802 3613 1899 3666 du-

317 3694 509 3752 bitatio
547 3705 646 3762 est,
681 3698 794 3753 ﬁeri
821 3701 952 3755 nihil
973 3700 1173 3756 suadeo
1199 3720 1210 3754 :
1235 3703 1359 3771 quia
1391 3718 1489 3756 nec
1527 3711 1751 3772 prosunt
1781 3721 1898 3757 om-

318 3783 450 3838 nino
473 3785 580 3840 ulla
623 3787 907 3843 dubitanti.
939 3789 1102 3845 Cassa
1133 3792 1331 3860 quippe
1361 3799 1444 3844 est
1473 3794 1736 3859 operatio,
1763 3794 1806 3847 si
1849 3791 1902 3844 fi-

319 3875 419 3932 des
448 3887 594 3932 certa
625 3895 731 3934 non
757 3879 944 3948 fuerit;
977 3890 1029 3936 et
1055 3882 1251 3936 frustra
1281 3882 1488 3936 fenerat
1531 3885 1619 3951 qui
1650 3883 1716 3938 de
1755 3900 1903 3938 rece-

320 3967 509 4038 ptione
530 3954 795 4037 desperat.
816 3968 1060 4025 Christus
1081 3972 1244 4034 enim,
1262 3979 1321 4024 ut
1341 3971 1625 4036 credimus,
1643 3971 1905 4026 factorum

324 4059 566 4111 omnium
599 4061 890 4114 retributor
914 4070 1015 4116 est.
1039 4061 1096 4115 Si
1127 4076 1255 4129 ergo
1284 4071 1375 4114 aut
1411 4063 1624 4130 inopem
1655 4078 1774 4116 eum
1815 4064 1907 4132 qui

326 4147 628 4201 retribuere
658 4164 765 4202 non
807 4151 994 4219 possit,
1028 4158 1121 4204 aut
1151 4150 1419 4204 infidelem
1462 4157 1618 4221 putas
1663 4168 1778 4207 esse
1816 4154 1908 4222 qui

326 4235 496 4301 nolit;
546 4238 817 4306 quomodo
847 4240 915 4294 ab
949 4255 1014 4295 eo
1043 4225 1450 4296 retributionem
1491 4258 1708 4312 sperare
1750 4244 1908 4316 244

322 4327 550 4397 poteris,
582 4343 742 4396 quem
764 4338 818 4382 et
846 4329 1292 4400 impossibilitatis
1321 4339 1376 4385 et
1420 4330 1744 4388 infidelitatis
1792 4335 1906 4404 ipse

325 4413 698 4471 damnaveris?
723 4417 875 4484 Quod
914 4420 959 4474 si
988 4437 1097 4474 non
1141 4421 1212 4474 ita
1251 4429 1349 4484 est,
1384 4433 1482 4476 nec
1520 4423 1742 4490 ambigis
1782 4439 1904 4479 eum

325 4503 589 4560 facturum
619 4521 738 4562 esse
765 4524 883 4578 qum
903 4508 1068 4575 dixit;
1093 4509 1211 4578 qua:
1241 4509 1544 4580 insipientia
1577 4520 1667 4565 aut
1695 4513 1784 4581 qui
1814 4530 1901 4568 er-

2003 3344 2110 3383 non
2142 3328 2396 3393 creditur,
2439 3331 2529 3398 qui
2556 3331 2703 3385 solus
2742 3331 2868 3386 fecit
2889 3340 2946 3386 ut
2974 3332 3136 3388 rebus
3179 3333 3426 3388 omnibus
3462 3347 3580 3386 cre-

1998 3415 2232 3474 deretur.

2072 3509 2208 3564 XIII.
2251 3508 2358 3563 Sed
2399 3509 2505 3563 dici
2544 3511 2682 3563 forte
2717 3509 2821 3564 hoc
2862 3509 2984 3564 loco
3014 3510 3214 3579 possit,
3246 3509 3390 3580 quod
3425 3509 3585 3564 rebus

2001 3599 2112 3655 suis
2139 3609 2356 3654 utantur
2383 3599 2626 3653 homines
2655 3615 2761 3653 non
2791 3615 2910 3655 esse
2940 3600 3267 3656 infidelitatis
3289 3601 3580 3666 interdum,

2002 3691 2096 3746 sed
2127 3691 2489 3753 necessitatis,
2522 3706 2697 3760 neque
2726 3691 2839 3746 Deo
2866 3709 2972 3747 non
3015 3693 3235 3747 credere
3279 3693 3578 3760 religiosos,

2003 3783 2096 3838 sed
2123 3783 2243 3836 vita:
2283 3791 2444 3850 atque
2491 3783 2609 3836 usui
2659 3783 2960 3837 necessaria
3008 3797 3286 3836 reservare
3334 3800 3345 3832 :
3388 3774 3587 3846 multos

2005 3875 2146 3928 enim
2175 3881 2483 3928 sanctorum
2511 3873 2788 3926 hominum
2809 3888 2836 3924 a
2868 3887 3075 3925 summa
3098 3870 3581 3939 dispensandarum

2009 3978 2169 4033 opum
2198 3964 2527 4033 perfectione
2555 3972 2647 4016 aut
2679 3978 2814 4016 sexu
2841 3977 3242 4033 nonnunquam,
3275 3970 3367 4016 aut
3406 3969 3584 4024 :etate,

2011 4063 2104 4109 aut
2145 4057 2258 4124 ipsa
2295 4054 2604 4109 infirmioris
2654 4056 2956 4124 corpusculi
3000 4055 3366 4111 imbecillitate
3406 4056 3589 4126 prohi-

2010 4146 2144 4200 beri.
2177 4145 2325 4209 Esto,
2371 4145 2471 4200 hoc
2499 4144 2622 4199 ferri
2653 4147 2854 4217 possit;
2904 4147 2999 4201 sed
3030 4155 3208 4202 tamen
3251 4148 3461 4202 etiamsi
3509 4147 3587 4202 fe-

2009 4245 2176 4302 ratur,
2203 4239 2274 4292 ita
2305 4237 2579 4292 ferendum
2609 4246 2691 4293 est
2713 4247 2770 4293 ut
2799 4255 2898 4310 pro
2933 4240 3189 4308 qualitate
3209 4240 3587 4295 necessitatum

2010 4337 2169 4400 atque
2198 4345 2477 4383 causarum
2500 4328 2815 4384 sufficientia
2846 4331 3196 4395 retineantur,
3236 4331 3585 4386 immoderata

2008 4431 2340 4478 resecentur.
2381 4422 2643 4477 Habentes
2679 4425 2834 4488 enim,
2860 4424 3032 4492 inquit
3057 4407 3378 4493 Apostolus,
3403 4425 3587 4477 victum

2005 4523 2054 4566 et
2094 4516 2348 4576 vestitum,
2380 4515 2461 4566 his
2482 4516 2710 4568 contenti
2733 4531 2928 4568 sumus.
2963 4512 3106 4590 am
3133 4516 3218 4586 qui
3247 4515 3422 4568 volunt
3453 4515 3586 4567 diui-

327 4607 418 4652 ror
445 4605 612 4653 estut
639 4615 746 4654 non
776 4601 825 4655 ei
873 4609 1081 4655 tantum
1127 4602 1221 4656 des
1255 4610 1515 4671 quantum
1564 4612 1738 4672 potes,
1783 4622 1904 4660 cum
1935 4616 1986 4677 ι)
2010 4614 2083 4657 tes
2105 4606 2238 4675 ﬁeri,
2262 4604 2494 4658 incidunt
2519 4591 2577 4658 in
2613 4607 2945 4660 tentationem
2979 4616 3000 4643 ο
3032 4616 3081 4658 et
3120 4605 3355 4675 laqueum
3395 4603 3587 4656 diaboli

327 4689 513 4758 utique
542 4706 652 4746 non
691 4690 900 4747 dubites
931 4693 1100 4748 multo
1148 4701 1201 4747 te
1239 4695 1358 4764 plus
1401 4702 1738 4764 recepturum
1789 4712 1905 4753 esse

327 4793 488 4850 quam
529 4781 780 4838 dederis?
807 4781 936 4849 Quae
963 4783 1196 4853 denique
1225 4784 1437 4839 miseria
1486 4792 1545 4838 ut
1574 4785 1728 4840 malis
1774 4787 1906 4840 nihil

328 4884 401 4925 ex
421 4871 500 4926 eis
522 4871 764 4943 recipere
791 4889 908 4943 qua:
928 4873 1204 4944 relinquis,
1237 4889 1360 4928 cum
1389 4882 1562 4929 totum
1602 4877 1776 4945 possis
1814 4892 1907 4946 pe-

327 4961 473 5017 nitus
507 4963 784 5033 possidere
825 4965 968 5034 quod
1000 4965 1224 5022 credis?
1262 4964 1368 5020 Sed
1411 4966 1697 5036 (miserum
1748 4968 1906 5038 me!)

327 5061 481 5124 puto,
512 5071 622 5110 non
641 5056 874 5112 creditur
902 5056 1036 5112 Deo.
1079 5056 1146 5110 Et
1173 5058 1316 5128 quod
1360 5057 1480 5113 dico
1519 5067 1672 5128 puto,
1707 5061 1909 5114 utinam

328 5145 580 5215 ambigue
629 5156 904 5219 putarem,
959 5158 1014 5204 et
1067 5165 1174 5205 non
1214 5151 1494 5205 evidenter
1537 5165 1904 5219 agnoscerem.

329 5243 359 5275 ⁸
410 5235 733 5294 Laborarem
778 5240 1006 5296 fortasse
1046 5241 1184 5295 intra
1231 5255 1318 5295 me
1358 5242 1576 5296 vincere
1630 5241 1909 5310 opiniones

328 5339 504 5392 meas,
553 5338 609 5385 et
647 5345 892 5400 cogerem
936 5347 1152 5390 sensum
1194 5331 1353 5387 dubia
1392 5347 1499 5387 non
1549 5331 1806 5400 credere,
1852 5341 1910 5386 ut

2013 4695 2066 4765 (I
2097 4696 2226 4750 Tim.
2264 4714 2335 4763 Vl,
2377 4697 2427 4759 8,
2461 4695 2548 4766 9).
2600 4696 2762 4766 Ergo,
2815 4706 2873 4751 ut
2912 4697 3175 4761 videmus,
3209 4695 3261 4748 in
3291 4696 3450 4749 rebus
3479 4702 3590 4748 tan-

2012 4796 2124 4842 tum
2163 4789 2479 4843 necessariis
2521 4789 2666 4842 salus
2703 4797 2804 4853 est,
2837 4789 2890 4842 in
2930 4785 3213 4857 superﬂuis
3252 4786 3504 4854 laqueus;
3537 4788 3590 4841 in

2011 4879 2384 4934 mediocritate
2415 4879 2508 4933 Dei
2531 4880 2701 4946 gratia
2722 4921 2736 4945 ,
2774 4880 2828 4932 in
2858 4876 3056 4932 divitiis
3094 4878 3293 4932 diaboli
3321 4877 3347 4914 ά
3379 4886 3586 4932 catena.

2017 4968 2255 5037 Denique
2286 4969 2413 5038 quid
2443 4969 2623 5022 statim
2664 4969 2952 5038 Apostolus
2988 4969 3200 5024 subdit?
3239 4967 3366 5033 ρυω
3399 4969 3591 5022 demer-

2018 5070 2175 5130 gunt,
2218 5061 2406 5129 inquit,
2450 5061 2708 5114 hominem
2749 5062 2804 5115 in
2849 5063 3114 5117 interitum
3143 5073 3194 5116 et
3230 5061 3586 5133 perditionem.

2017 5149 2158 5218 Ergo
2188 5151 2232 5204 si
2259 5151 2456 5206 divitiae
2479 5151 2751 5206 interitum
2776 5153 2830 5208 in
2855 5169 2913 5209 se
2940 5155 3160 5220 habent,
3184 5154 3443 5208 evitemus
3463 5164 3592 5217 opu-

2017 5241 2254 5307 lentiam,
2286 5257 2355 5297 ne
2383 5243 2435 5297 in
2466 5243 2742 5299 interitum
2769 5260 3100 5300 corruamus.
3134 5243 3323 5311 Ampla
3353 5254 3414 5291 ac
3442 5238 3590 5290 locu-

2015 5333 2131 5403 ples
2162 5332 2388 5396 facultas
2416 5335 2772 5405 perditionem
2799 5336 2997 5391 inferre
3018 5334 3232 5388 dicitur.
3263 5326 3591 5393 Refugienda

1522 5419 1861 5476 STEPHANI
1899 5419 2168 5475 BALUZII
2206 5418 2430 5475 NOT/E.

405 5520 432 5550 ι
469 5511 560 5567 Sic
601 5513 800 5568 habent
828 5513 934 5566 duo
984 5511 1195 5567 codices
1247 5513 1376 5580 regii
1425 5520 1479 5565 et
1507 5512 1672 5572 editio
1695 5510 1906 5567 Pithoei.

328 5579 562 5638 Pronus
587 5583 742 5637 bene.
778 5581 948 5635 Antea
972 5581 1260 5647 'le'gebatur
1286 5601 1298 5634 :
1321 5579 1647 5636 ’Laborarem
1695 5583 1913 5651 fortasse

327 5655 473 5708 intra
492 5671 590 5718 me,
613 5655 863 5707 vincerem
892 5651 1158 5720 opiniones
1186 5668 1346 5717 meas,
1379 5660 1482 5705 etc.

406 5722 442 5764 δ.
472 5723 529 5777 In
558 5732 770 5778 vetusto
798 5718 982 5776 codice
1005 5720 1153 5790 regio
1171 5721 1248 5790 sic
1277 5722 1534 5790 scriptum
1555 5727 1667 5773 est:
1692 5718 1914 5790 Cumque

330 5799 524 5851 natura
537 5796 652 5865 ipsa
673 5803 721 5846 et
734 5793 982 5846 elementa
997 5788 1192 5842 mundi.
1210 5789 1267 5842 In
1290 5787 1577 5845 recentiori
1593 5805 1720 5844 vero
1738 5807 1751 5842 :
1770 5787 1920 5842 Cum-

624 5887 894 5948 Pnnon.
943 5881 1101 5942 LIII.

2019 5529 2114 5582 que
2141 5514 2588 5585 «uenientamundi
2618 5523 2666 5566 et
2692 5515 2859 5580 ipsam
2885 5503 3405 5585 naturam‘Domimts
3427 5541 3444 5569 ,
3481 5511 3591 5585 etc.

2095 5593 2114 5642 ς
2158 5581 2281 5636 Ηωο
2310 5582 2490 5636 addita
2516 5591 2641 5636 sunt
2667 5574 2734 5633 ex
2763 5578 2928 5631 veteri
2948 5574 3240 5642 exemplari
3268 5574 3414 5642 regio
3444 5581 3498 5628 et
3525 5592 3594 5632 ex

2020 5651 2348 5706 Colbertino.
2382 5650 2606 5704 Exstant
2633 5657 2808 5702 autem
2832 5644 2973 5713 apud
2998 5643 3058 5694 D.
3089 5643 3329 5699 Paulum.

2091 5722 2115 5757 ά
2156 5721 2231 5774 Ita
2261 5729 2473 5775 veteres
2501 5719 2621 5772 libri
2649 5725 2703 5768 et
2729 5714 3009 5786 editiones,
3031 5727 3137 5767 uno
3159 5723 3381 5786 excepto
3404 5730 3591 5768 recen-

2022 5791 2159 5845 tiore
2183 5790 2356 5858 regio,
2375 5789 2430 5841 in
2453 5805 2560 5856 quo
2588 5786 2845 5854 scriptum
2873 5791 2954 5838 est
2981 5783 3210 5854 laqueus.

3159 5878 3202 5937 ’1
