4108 6348
264 467 637 530 parsero-ant.
660 458 776 518 Hoc
799 469 977 519 autem
1006 461 1147 518 unde
1169 477 1315 519 nunc
1341 463 1628 533 loquimur,
1658 481 1854 521 novum

476 565 650 621 genus
688 561 866 629 atque.
884 559 1213 611 tormentum
1251 560 1337 611 est
1357 592 1374 620 ,
1412 555 1619 611 scilicet
1664 556 1754 612 ubi
1803 556 1854 612 in

264 641 518 706 exilium
569 644 747 703 anima
769 644 883 716 ipsa
926 646 1175 711 mittitur.
1205 647 1296 703 ubi
1323 661 1354 702 e
1382 645 1725 703 facultatibus
1745 648 1856 703 suis

266 735 489 806 spiritus
532 735 831 793 abdicatur.
860 735 906 795 0
926 732 929 737 ’
950 746 1156 807 quanto
1186 738 1421 795 leviores
1462 746 1589 793 sunt
1614 737 1857 794 extranei

263 836 323 883 et
348 828 598 887 carnales
622 828 860 885 inimici!
884 828 967 885 illi
995 831 1137 910 enim
1158 845 1446 903 corporum
1475 838 1686 886 tantum
1708 838 1735 869 ι
1752 831 1855 886 bo-

263 925 379 975 stes
404 926 550 983 sunt,
580 935 679 977 vos
696 927 755 977 et
778 921 1098 979 animarum.
1131 921 1275 979 Leve
1302 929 1385 978 est
1405 923 1605 991 itaque,
1630 920 1684 976 in
1713 937 1854 977 com-

264 1010 550 1079 paratione
572 1009 872 1069 facinorum
900 1019 1221 1077 vestronm.
1272 1013 1484 1069 illorum
1525 1011 1726 1067 odium.
1751 1010 1854 1066 Fa-

263 1102 369 1165 cile
388 1110 476 1159 est
493 1104 637 1160 enim
665 1104 923 1183 quidquid
944 1104 999 1158 in
1028 1104 1277 1175 praesenti
1295 1104 1493 1161 saacuio
1515 1111 1695 1160 nocet.
1718 1102 1851 1158 illud

262 1209 451 1265 gravo,
480 1196 611 1253 illud
639 1197 1002 1275 perniciosum
1031 1203 1115 1255 est
1140 1195 1287 1265 quod
1332 1197 1388 1253 in
1427 1195 1732 1253 ateruitatc
1765 1192 1854 1263 ju-

262 1288 488 1360 gulabit.
530 1289 597 1347 Et
633 1292 757 1349 ideo
807 1291 1059 1350 Salvator
1084 1292 1228 1363 ipse,
1264 1289 1445 1348 Nolite
1491 1309 1577 1348 eos
1602 1332 1617 1356 ,
1660 1292 1850 1361 inquit,

272 252 377 320 ωδ
1359 252 1724 315 mensus
1760 254 2141 317 summa
2180 259 2308 315 ω.
2346 260 2435 318 lii.

265 379 433 427 eam
474 364 675 439 captivi
718 376 874 436 sunt,
904 366 1377 435 cordibustamen,
1405 372 1857 441 sivolunt,iiberi
1885 376 2140 437 Atiniae
2167 379 2490 449 quipoutm
2517 392 2703 454 carpas
2731 376 3544 452 occidet-monimentaﬂemm

3438 268 3543 330 iis

1956 477 2171 538 pessimi
2197 466 2412 540 (lauti.
2462 486 2517 538 ι,
2550 471 2671 543 88).
2702 474 2882 533 Facile
2920 484 3003 534 est
3028 492 3157 548 ergo
3186 480 3368 538 odium
3394 486 3543 554 quod

1954 573 2156 629 corpus
2182 557 2344 627 indit,
2373 574 2485 617 non
2512 560 2657 618 lodit
2682 567 2918 623 annnam
2949 584 2964 623 :
2991 570 3117 639 quia
3137 570 3266 628 lineo
3292 588 3540 645 corpore,

1959 652 2138 706 anima
2175 659 2328 708 extra
2379 654 2636 711 damnum
2680 666 2783 725 est,
2830 668 2888 716 et
2937 660 3276 731 passionibus
3302 667 3542 723 carinum

1957 739 2238 799 beatitudo
2276 745 2560 815 spirituum
2609 764 2718 805 non
2764 750 3140 823 interpolatur.
3173 755 3310 814 illud
3335 759 3537 830 itaque,

1958 834 2089 890 illud
2110 835 2436 908 inexpiabile
2486 839 2686 898 malum
2733 852 2845 911 est,
2888 846 3022 902 illud
3046 849 3298 907 cstimari
3326 853 3546 910 omnino

1960 941 2070 982 non
2102 935 2299 997 potest,
2342 930 2487 999 quod
2534 940 2707 988 totum
2736 936 2959 992 omnino
2986 936 3263 997 hominem
3298 942 3417 999 sine
3441 940 3546 999 Inc

1959 1018 2257 1075 damnabit.
2304 1020 2374 1076 Et
2410 1023 2535 1079 ideo
2558 1024 2793 1083 leviores
2818 1029 2974 1086 vobis
2999 1028 3203 1089 inimid
3230 1036 3395 1091 vestri
3422 1040 3546 1093 lubt

1958 1124 2122 1179 quam
2152 1126 2249 1166 vos
2274 1113 2396 1183 ipsi.
2417 1112 2607 1172 Omnis
2627 1118 2892 1189 siquidem
2920 1123 3202 1180 inimicitia
3226 1134 3402 1183 morte
3437 1127 3546 1185 d8-

1960 1200 2205 1259 soivitur.
2226 1204 2333 1263 Vos
2345 1216 2536 1264 contra
2550 1225 2649 1266 vos
2664 1213 2738 1268 ita
2752 1214 2927 1284 agitis,
2942 1223 3002 1272 ut
3011 1216 3320 1276 inimicitias
3338 1228 3545 1279 vestras

1964 1311 2064 1352 nec
2091 1308 2215 1369 post
2234 1310 2464 1359 mortem
2485 1304 2746 1362 evadatis.

1427 1403 1762 1461 STEPHANI
1801 1402 2067 1463 BALUTil
2105 1408 2331 1465 ΝΟΤΕ.

339 1510 367 1539 ⁸
406 1501 571 1566 Abas,
601 1503 772 1558 secuti
800 1502 1177 1558 auctoritatem
1218 1501 1531 1564 editionum,
1564 1499 1854 1568 scripsera-

261 1588 397 1644 nns
437 1587 455 1629 :
495 1570 587 1629 Illi
622 1575 761 1629 enim
799 1590 1074 1644 corporum
1117 1581 1313 1627 tantum
1374 1572 1547 1626 hostes
1592 1578 1743 1644 suut_,_
1766 1585 1855 1623 vos

263 1643 583 1717 Criﬁmum;
612 1644 688 1701 illi
710 1638 911 1701 tantum
934 1654 1159 1709 artuum,
1180 1660 1268 1698 vos
1296 1652 1344 1696 et
1365 1643 1677 1721 animarum.
1705 1638 1858 1719 Nunc

262 1711 429 1783 vero,
473 1722 764 1785 sequentes
793 1730 1116 1771 consensum
1147 1723 1387 1768 veterum
1428 1711 1714 1775 codicum,
1759 1711 1853 1779 qui

1963 1516 2125 1585 voces
2154 1504 2272 1559 illas
2300 1523 2389 1561 vos
2430 1518 2722 1585 spirituum,
2767 1509 2845 1565 illi
2886 1519 3083 1585 tantum
3112 1522 3318 1585 aratum
3344 1528 3545 1585 expun-

1996 1582 2113 1656 unt,
2145 1591 2244 1631 nos
2270 1591 2488 1647 quoque
2506 1578 2646 1656 illas
2663 1580 3049 1656 expunximus,
3072 1582 3220 1655 quod
3248 1578 3437 1656 aperte
3463 1585 3543 1640 vi-

1995 1654 2188 1701 eantur
2214 1662 2327 1703 non
2353 1663 2475 1705 esse
2502 1648 2761 1709 Saiviani.

267 1824 3528 1860 ——-————.—————-——————-—-—————.————.———_—

1252 1893 1729 2004 LIBER
1821 1892 2142 1999 TER
2167 1896 2347 2005 TI
2354 1895 2541 2005 US
2558 1981 2581 2006 .

339 2059 566 2141 ³501.
609 2057 827 2117 Duobus
874 2059 1242 2133 superioribus
1288 2057 1438 2112 libris
1487 2073 1608 2112 cum
1652 2056 1859 2111 duabus
1888 2056 1936 2116 Β
1959 2055 2048 2110 nis
2065 2071 2176 2112 suae
2196 2056 2395 2116 idcirco
2422 2061 2779 2132 locupletibus
2797 2064 3010 2123 divitias
3030 2083 3061 2122 a
3089 2068 3317 2127 Domino
3337 2071 3451 2127 dari
3473 2073 3526 2128 in

262 2154 500 2212 ﬁliorum
521 2162 736 2209 tuorum
758 2152 1021 2224 partibus,
1039 2151 1093 2217 id
1113 2160 1217 2216 est,
1243 2166 1351 2204 una
1375 2149 1558 2204 mundi
1580 2149 1857 2214 amatrice,

263 2248 372 2304 alia
415 2246 692 2317 religionis
738 2242 1027 2313 imaginem
1072 2240 1416 2312 praeferente,
1458 2256 1492 2293 ο
1536 2238 1751 2293 domina
1786 2238 1861 2293 mi

201 2322 205 2325 l
262 2336 509 2397 Ecclesia
543 2339 663 2401 Dei,
701 2336 858 2406 quasi
894 2336 1187 2406 separatim
1229 2333 1397 2390 locuti
1430 2349 1633 2413 sumus.
1665 2332 1721 2388 in
1758 2331 1862 2389 hoc

265 2439 472 2498 autem,
506 2431 554 2486 si
585 2429 730 2485 Deus
761 2427 1029 2493 annuerit,
1061 2425 1131 2481 ad
1153 2433 1456 2494 utramque,
1498 2432 1661 2495 prout
1698 2439 1859 2480 causa

266 2538 339 2579 ac
376 2522 515 2577 ratio
554 2518 959 2593 postulaverint,
992 2518 1138 2588 loqui
1174 2517 1435 2587 cupimus,
1467 2531 1608 2571 nunc
1647 2514 1856 2570 divisim

271 2612 613 2679 ulterntram,
639 2625 780 2667 nunc
799 2610 981 2665 ambas
1001 2610 1205 2681 pariter
1223 2607 1574 2677 alloquenies.
1600 2606 1857 2677 Superest

269 2714 334 2763 ut
373 2706 441 2762 ab
480 2715 704 2776 utraque
736 2719 925 2760 earum
969 2709 1293 2773 agnoscente
1333 2702 1385 2757 in
1428 2701 1675 2757 lectionis
1716 2701 1855 2757 serie

261 2806 452 2872 partes
480 2814 621 2864 suas,
652 2795 909 2867 quidquid
936 2811 1034 2867 pro
1059 2794 1263 2853 allecto
1278 2793 1371 2849 Dei
1400 2810 1431 2848 a
1462 2793 1613 2849 nobis
1636 2792 1850 2859 dicitur,

261 2908 393 2950 cum
416 2890 607 2947 aii'ectu
628 2891 724 2945 Dei
751 2891 1058 2962 recipiatur.
1089 2888 1255 2958 igitur
1272 2887 1399 2958 quia
1429 2888 1483 2943 in
1507 2886 1715 2943 cunctis
1735 2902 1854 2957 quae
1902 2942 1910 2949 _

260 2983 376 3057 lam
418 2984 584 3039 locuti
622 2999 825 3049 sumus,
867 2982 1100 3054 speciale
1141 2980 1567 3037 Christianorum
1615 2979 1853 3034 omnium

257 3076 467 3134 bonum
496 3070 921 3131 misericordiam
954 3090 1018 3130 ac
1048 3074 1351 3144 largitatem
1380 3087 1500 3132 esse
1529 3070 1856 3126 memoravi-

257 3183 405 3234 mus,
433 3169 809 3239 przccipuaque
837 3167 891 3221 in
920 3166 999 3222 eis
1021 3173 1077 3221 et
1101 3165 1289 3220 merita
1319 3171 1630 3220 sanctorum
1652 3171 1709 3217 et
1728 3177 1855 3233 pec-

255 3268 512 3317 catorum
543 3260 778 3316 remedia
801 3258 1068 3315 contineri
1091 3258 1315 3325 idoneis,
1341 3264 1399 3313 ut
1422 3270 1564 3323 reor,
1589 3271 1652 3311 ac
1675 3256 1857 3312 multis

254 3352 497 3409 testibus
526 3351 959 3423 approbatimus,
993 3366 1099 3406 non
1130 3350 1323 3421 opinor
1349 3365 1381 3405 a
1400 3363 1673 3421 quoquam
1700 3348 1852 3420 plura

1960 2144 2123 2211 dicat,
2158 2155 2215 2201 ut
2234 2147 2377 2204 bono
2406 2166 2571 2221 opere
2590 2152 2853 2210 ditescant
2876 2155 2927 2229 (l
2957 2154 3089 2212 Tim.
3120 2159 3303 2226 v1.18,
3338 2160 3454 2230 19).
3484 2146 3551 2223 Et

1961 2236 2087 2293 ideo
2114 2238 2287 2295 etiam
2304 2255 2405 2313 ego
2432 2242 2684 2302 minimus
2711 2254 2764 2302 et
2806 2246 3204 2319 indignissimus
3233 2250 3551 2313 famulorum

1961 2329 2058 2386 Dei
2086 2332 2314 2402 primum
2335 2348 2400 2390 ac
2427 2334 2835 2393 saluberrimum
2866 2340 3141 2412 religionis
3170 2338 3404 2401 ofﬁcium
3433 2336 3553 2402 esse

1958 2420 2079 2478 dico
2103 2430 2161 2477 ut
2185 2420 2697 2493 Cbristiannsdives,
2721 2429 2847 2485 dum
2876 2430 2928 2485 in
2952 2431 3053 2488 hac
3073 2432 3182 2488 vita
3212 2442 3312 2501 est,
3338 2428 3551 2497 divitias

1957 2514 2140 2570 mundi
2170 2515 2327 2586 bujus
2354 2532 2455 2588 pro
2483 2517 2579 2575 Dei
2599 2522 2817 2576 nomine
2832 2529 2993 2592 atque
3020 2523 3229 2581 honore
3247 2534 3545 2596 consumat;

1955 2605 2248 2661 secundm!)
2286 2615 2486 2676 autem,
2516 2618 2579 2665 ut
2616 2611 2735 2667 siid
2764 2612 2851 2667 vel
2879 2622 3047 2679 metu,
3089 2616 3172 2670 vel
3212 2616 3545 2687 inﬁrmitate,

1952 2697 2040 2752 vel
2070 2700 2391 2756 necessitate
2429 2700 2607 2771 aliqua
2646 2704 2972 2774 praepeditus
3000 2704 3140 2761 forte
3186 2721 3294 2762 non
3338 2707 3546 2778 fecerit,

1954 2791 2145 2847 saltem
2175 2794 2413 2848 moriens
2434 2794 2683 2849 universa
2704 2794 2997 2867 dispenset.

2025 2880 2091 2938 ιι.
2132 2883 2241 2939 Sed
2265 2883 2394 2939 dicit
2423 2883 2651 2961 fortasse
2684 2904 2696 2940 ε
2726 2884 2891 2943 Filios
2938 2888 3131 2945 habeo.
3172 2888 3291 2948 iam
3340 2891 3409 2949 de
3440 2891 3548 2952 hoc

1956 2974 2171 3045 quidem
2199 2974 2509 3048 principalis
2547 2976 2713 3034 libelli
2741 2980 2932 3051 pagina
2971 2988 3026 3037 et
3049 2982 3454 3052 convenientia,
3485 2974 3547 3043 ut

1957 3066 2211 3132 arbitror,
2234 3074 2290 3124 et
2319 3084 2425 3124 non
2448 3084 2621 3140 pauca
2661 3072 3010 3141 memoravit,
3041 3074 3277 3147 satisque
3317 3076 3384 3132 ad
3404 3066 3545 3136 hanc

1957 3172 2073 3216 rem
2118 3159 2329 3215 Domini
2358 3175 2536 3218 sermo
2564 3162 2761 3219 aulicit
2805 3163 2989 3221 ditatus
3021 3183 3033 3217 :
3068 3162 3168 3232 Qui
3209 3177 3353 3223 ornat
3375 3164 3544 3241 ριωιὴ

1957 3262 2049 3307 aut
2082 3252 2248 3323 ﬁliam
2294 3269 2575 3325 superne,
2614 3272 2719 3311 non
2763 3267 2840 3312 est
2871 3273 2954 3312 me
2995 3258 3180 3331 dignus
3214 3254 3436 3328 (latth.
3485 3256 3539 3328 x,

1957 3340 2071 3411 ΞΠ).
2104 3341 2211 3400 Sed
2238 3352 2294 3399 et
2315 3344 2689 3416 propheticum
2719 3347 2848 3403 illud
2880 3347 3027 3417 quod
3056 3349 3132 3403 ait
3160 3364 3334 3418 neque
3362 3358 3545 3420 patres

252 3442 602 3514 exspectari;
623 3443 858 3497 maxime
886 3456 1007 3498 cum
1035 3442 1083 3497 si
1103 3442 1224 3512 quis
1252 3440 1475 3511 umidus
1499 3448 1581 3495 est
1601 3441 1850 3510 plurium,
1880 3429 1924 3489 C
1958 3451 2056 3505 pro
2085 3434 2225 3501 ﬁliis,
2256 3450 2432 3505 neque
2469 3435 2609 3493 ﬁlios
2630 3454 2730 3508 pro
2751 3439 3061 3508 parentibus
3084 3438 3421 3512 iudicandos,
3448 3430 3544 3502 sed

254 3534 420 3606 ipsos
452 3533 603 3589 adire
630 3532 825 3588 debeat
853 3531 1023 3588 libros
1041 3531 1154 3597 Dei,
1190 3532 1282 3601 qui
1313 3539 1421 3586 tam
1452 3530 1633 3585 multis
1660 3546 1723 3585 ac
1742 3545 1855 3584 nia-

252 3626 389 3696 gnis
433 3625 660 3681 testibus
700 3625 847 3695 pleni
880 3631 1024 3691 sunt,
1067 3631 1127 3677 ut
1154 3622 1523 3678 universarum
1554 3621 1853 3676 ctelestium

252 3717 573 3775 litteram
602 3731 741 3787 pene
768 3732 935 3771 unum
962 3715 1033 3770 sit
1060 3715 1444 3770 testimonium.
1478 3713 1736 3783 Superest
1763 3711 1857 3766 ad-

252 3824 487 3867 versum
515 3824 610 3864 eas
636 3809 1053 3879 responsionum
1092 3804 1385 3861 inﬁdelium
1420 3820 1627 3869 causas,
1669 3819 1786 3873 qua:
1826 3819 1855 3856 a

250 3901 593 3973 quibusdam
623 3899 915 3955 mortifera:
955 3898 1320 3953 excusationis
1344 3897 1514 3965 gratia
1546 3895 1745 3964 opponi
1771 3909 1860 3947 so-

158 3985 171 3991 ’
252 3995 409 4058 Dent,
442 3993 719 4062 quippiam
742 3992 938 4047 dicere.
978 3990 1229 4059 Loquens
1257 3987 1507 4042 Salvator
1534 3988 1587 4040 in
1616 3984 1861 4053 Evange-

254 4086 373 4148 iio,
404 4090 696 4154 propterea
716 4079 1045 4137 comodari
1079 4078 1388 4134 hominibus
1415 4073 1547 4148 opes
1576 4093 1605 4131 n
1638 4076 1863 4131 Domino

252 4189 340 4232 κ
366 4173 654 4245 pecuniam
682 4172 832 4237 dicit,
853 4179 915 4226 ut
946 4184 1068 4226 cm
1102 4170 1278 4226 usuris
1306 4167 1686 4239 muhiplicibus
1710 4181 1861 4222 com-

249 4267 494 4328 modata
525 4264 835 4331 reddaMur,
859 4265 1042 4320 dicens
1069 4263 1387 4319 avarissimo
1412 4261 1642 4317 debitori
1668 4279 1680 4314 :
1706 4259 1863 4317 Sorae

249 4356 913 4430 achanim-aciebus
941 4356 1201 4428 quadrae
1230 4351 1612 4415 medentium
1642 4353 1857 4417 canino.

250 4466 315 4527 μ
340 4467 605 4524 congrege
624 4450 710 4509 ubi
738 4466 843 4509 non
875 4448 1049 4533 sparsi
1068 4463 1086 4500 :
1109 4446 1334 4518 oportuit
1360 4462 1481 4518 ergo
1517 4454 1564 4499 te
1591 4444 1861 4514 pecuniam

248 4562 441 4625 meum
478 4544 604 4607 dare
648 4543 1030 4609 nummulariis,
1071 4548 1121 4594 et
1159 4556 1251 4613 ego
1290 4540 1494 4595 veniens
1541 4554 1655 4593 cum
1692 4538 1863 4593 usuris

252 4639 585 4711 recepissent
608 4636 743 4711 quod
768 4652 934 4716 meum
962 4643 1057 4689 est.
1089 4632 1274 4691 Tollite
1306 4633 1479 4709 itaque
1507 4629 1570 4684 ab
1603 4648 1662 4686 eo
1692 4630 1858 4701 talen—

253 4743 401 4797 tum,
434 4739 483 4784 et
513 4730 633 4784 date
659 4730 707 4805 ei
738 4730 822 4808 qui
856 4728 1006 4785 habet
1039 4725 1210 4779 decem
1250 4725 1443 4778 talenta
1481 4722 1693 4797 (Matth.
1730 4739 1853 4787 xxv,

1957 3541 2397 3597 unmnpiemque
2414 3527 2688 3583 hominum
2712 3536 2804 3585 aut
2821 3544 2917 3586 sua
2934 3526 3316 3600 justlﬂcatione
3334 3535 3547 3592 salvan-

1955 3618 2083 3672 dum
2113 3626 2203 3673 aut
2232 3634 2327 3674 sua
2360 3620 2639 3689 iniquitate
2665 3621 2957 3692 periturum
2988 3620 3201 3695 (Emit.
3229 3642 3375 3697 avni,
3394 3625 3541 3699 ξομ

1958 3724 2022 3764 ac
2042 3718 2140 3780 p‘er
2160 3710 2264 3766 hoc
2294 3710 2559 3780 quaslibet
2573 3713 2784 3768 divitias
2804 3715 2968 3769 homo
2996 3713 3117 3769 illlis
3137 3717 3248 3770 suis
3267 3727 3542 3786 congerat,

1960 3816 2298 3869 nequaquam
2327 3803 2432 3856 hoc
2459 3805 2509 3857 ei
2546 3802 2785 3872 modern
2826 3804 2880 3857 in
2905 3804 3108 3871 judicio
3146 3806 3290 3874 quod
3329 3807 3548 3862 divitem

1961 3891 2178 3958 reliquit
2200 3892 2487 3946 haeretica».
2510 3892 2621 3948 Sed
2646 3904 2783 3959 esto,
2814 3894 3015 3962 ignosci
3048 3897 3355 3964 parentibus
3381 3898 3552 3971 posst

1962 3984 2007 4037 si
2031 3998 2097 4036 ex
2117 3990 2270 4052 parte
2290 3983 2468 4052 aliqua
2496 3983 2865 4041 baereditarias
2878 3986 3157 4045 facultates
3180 3988 3300 4045 lli'iis
3315 3992 3549 4048 derelin-

1963 4075 2211 4145 quant,si
2242 4081 2423 4129 tamen
2455 4074 2681 4146 icipsum
2710 4076 2886 4144 bonis,
2904 4079 2949 4134 si
2971 4087 3147 4136 tamen
3177 4082 3394 4138 sanctis.
3419 4082 3550 4157 Esto

1963 4180 2197 4237 quoque,
2230 4168 2434 4237 ignosci
2463 4170 2634 4239 possit
2659 4169 2703 4226 si
2731 4171 2893 4226 etiam
2922 4172 3075 4229 malis
3108 4175 3360 4245 quiddam
3389 4184 3550 4247 atque

1963 4260 2186 4314 vitiosis.
2221 4258 2431 4316 Habere
2461 4261 2692 4332 aliquam
2724 4267 3083 4323 excusationis
3111 4269 3343 4338 speciem
3363 4262 3575 4325 viden;

1962 4357 2052 4406 tur
2069 4351 2309 4407 dicentes
2344 4370 2356 4405 :
2380 4350 2558 4409 Pietas
2578 4355 2721 4419 vicit,
2742 4355 2825 4411 vis
2852 4358 3123 4427 sanguinis
3150 4361 3426 4431 compulit,
3452 4377 3549 4417 na-

1960 4446 2081 4498 tura
2112 4445 2223 4515 ipsa
2253 4446 2407 4514 quasi
2456 4447 2660 4501 artioris
2692 4462 2854 4503 manu
2893 4449 2947 4503 in
2997 4449 3085 4520 jus
3138 4466 3293 4506 suum
3345 4452 3511 4509 traxit
3526 4438 3549 4510 ἲε

1961 4536 2212 4592 scivimus
2238 4537 2365 4607 quid
2389 4537 2595 4608 justitia
2632 4539 2729 4594 Dei
2756 4549 3037 4611 posceret,
3068 4542 3197 4613 quid
3233 4558 3387 4599 sacra
3412 4546 3553 4600 veri"-

1961 4635 2049 4684 κθ
2074 4630 2406 4699 postularet;
2439 4629 2539 4686 sed
2561 4631 2788 4697 subacti,
2818 4630 3066 4701 htemur,
3098 4648 3283 4689 sumus
3315 4635 3444 4704 iugo
3472 4635 3555 4691 in-

1963 4730 2197 4778 carnatte
2240 4723 2683 4790 necessitudinis,
2717 4731 2773 4779 et
2798 4724 3043 4779 dedimus
3089 4724 3330 4795 captivas
3365 4740 3558 4784 manus

252 4825 353 4891 26,
391 4821 507 4895 2'7).
543 4822 619 4878 Ac
648 4801 807 4893 paulo
850 4830 970 4892 post
1003 4818 1117 4873 :~Et
1159 4834 1376 4885 servum,
1411 4817 1601 4885 inquit,
1644 4832 1862 4887 nequam
1889 4801 2193 4872 Dvineulis
2218 4816 2498 4871 cbaritatis
2530 4836 2543 4869 :
2572 4817 2737 4871 cessit
2762 4817 3007 4885 sanguini
3048 4814 3197 4882 fides,
3228 4825 3285 4874 et
3309 4820 3558 4876 vicerunt

253 4906 517 4995 projicite
544 4906 600 4970 in
624 4912 857 4969 tenebras
886 4902 1163 4968 exteriores
1196 4927 1213 4965 :
1245 4910 1316 4964 ibi
1344 4911 1444 4985 erit
1485 4906 1631 4977 ﬂetus
1660 4919 1709 4962 et
1738 4908 1860 4962 stri-

210 5009 215 5014 ’
259 5004 367 5063 dor
401 5002 651 5060 dentium.
683 5002 838 5071 Quod
867 5011 1043 5057 tamen
1075 5001 1175 5055 etsi
1208 5001 1370 5055 etiam
1402 4999 1469 5054 ad
1497 4999 1641 5054 aliud
1673 4998 1863 5053 referri

252 5105 482 5174 potest,
509 5104 690 5153 tamen
718 5097 839 5153 loco
866 5110 1082 5166 quoque
1111 5102 1169 5152 et
1186 5106 1363 5150 causae
1383 5092 1505 5147 huic
1534 5104 1643 5146 non
1666 5086 1864 5146 insalu-

248 5192 449 5252 ,σὴν
483 5198 785 5262 cooptatus.
824 5190 969 5245 Cum
1000 5190 1149 5244 enim
1187 5185 1533 5242 numnum
1564 5182 1866 5243 Salvatoris

249 5263 543 5357 pauperes
583 5288 637 5336 et
673 5281 828 5350 egeni
866 5287 1014 5335 recte
1052 5277 1453 5346 intelligantur,
1477 5274 1600 5351 quia
1640 5274 1864 5345 pecunia

251 5391 395 5448 quae
428 5372 630 5428 talibus
650 5372 989 5442 dispensatur
1030 5377 1283 5439 augetur;
1315 5378 1437 5423 cum
1466 5366 1642 5421 usuris
1667 5364 1867 5435 absque

252 5465 440 5524 dubio
469 5465 627 5536 251
659 5463 771 5518 Deo
805 5461 1045 5517 redditur
1076 5459 1335 5531 quidquid
1361 5458 1642 5529 egentibus
1677 5471 1869 5526 eroga-

254 5568 379 5614 alw.
418 5553 579 5610 Unde
605 5562 663 5610 et
688 5551 814 5608 alibi
851 5550 1089 5621 apertius
1116 5552 1231 5620 ipse
1263 5550 1522 5605 Dominus
1548 5547 1869 5603 distribuere

256 5650 473 5707 divites
494 5661 627 5718 opes
648 5645 832 5701 mundi
854 5642 1103 5699 etfacere
1128 5641 1230 5696 sibi
1260 5642 1505 5699 sacculos
1524 5641 1616 5710 qui
1641 5654 1747 5693 non
1774 5654 1869 5693 ve-
1896 5680 1899 5685 .

1967 4906 2310 4963 descdonem
2332 4906 2611 4975 religionis
2623 4906 2745 4975 jura
2769 4908 3004 4976 pietatis.
3034 4909 3198 4984 πε
3213 4908 3327 4967 Dici
3356 4910 3558 4982 aliquid

1968 5007 2175 5069 potest,
2200 5000 2422 5054 tam
2441 4999 2851 5056 salubriter-diei
2874 5018 2981 5058 non
3007 5012 3225 5074 potest:
3258 5012 3344 5061 est
3369 5006 3555 5059 umbra

1968 5089 2423 5145 unusaduncuh
2448 5102 2559 5145 non
2583 5104 2866 5159 excusas,
2905 5094 3041 5149 dans
3066 5110 3162 5169 reo
3181 5092 3555 5164 deprecationi-

1952 5180 2107 5237 -cultu
2130 5180 2401 5261 speciem,
2429 5196 2539 5237 non
2587 5191 2775 5239 reatus
2806 5186 3169 5241 merientem.
3208 5184 3557 5250 Nemini!!!

1972 5275 2114 5330 enim
2138 5273 2188 5328 id
2218 5274 2309 5328 uili
2329 5274 2570 5344 spondeo
2590 5276 2733 5344 quod
2756 5276 3220 5346 possitcujuslibet
3246 5272 3326 5326 rei
3347 5268 3562 5323 tinuum

1972 5366 2174 5420 habere
2186 5364 2497 5432 subsidium,
2516 5366 2561 5420 si
2582 5366 2782 5437 aliquid
2798 5367 2915 5435 plus
2924 5363 3183 5420 amaverit
3195 5375 3354 5429 quam
3366 5358 3557 5428 Deum,

1971 5456 2262 5512 secundum
2314 5456 2443 5511 illud
2469 5457 2613 5525 quod
2641 5458 2899 5526 scriptum
2942 5462 3047 5516 ω,
3088 5452 3282 5507 iubae
3324 5448 3564 5510 futurum

1972 5541 3564 5627 essejodiciumquodveneritmmhunemundum,et

1972 5639 2258 5695 diiexerint
2271 5641 2517 5695 homines
2528 5638 2695 5707 magis
2711 5635 2962 5690 tenebras
2974 5648 3132 5704 quam
3148 5633 3321 5692 lucem
3338 5632 3562 5712 (Joann.

159 5726 173 5737 ’
756 5735 907 5810 (μισ.
938 5750 1030 5803 ω,
1060 5733 1173 5803 '53).
1204 5728 1313 5788 Sed
1338 5742 1394 5789 et
1420 5733 1625 5788 invasa
1650 5730 1859 5786 eiectio-

1975 5747 2055 5796 ω,
2082 5731 2206 5801 in).
3027 5730 3199 5783 totum
3227 5728 3281 5784 id
3312 5732 3569 5792 tenebas
