4108 6348
641 253 745 328 i207

559 493 564 500 ·
637 475 769 531 Hzec
795 488 926 543 ergo
955 474 1026 526 ita
1054 479 1199 526 sunt.
1230 468 1338 524 Sed
1362 477 1502 536 esto,
1527 466 1736 534 utdixi,
1765 466 2028 536 indulgeri
2059 482 2246 537 paren-

637 568 783 622 tibus
809 565 979 637 possit
1009 571 1213 618 natune
1261 560 1611 616 insalubriter
1656 558 2075 628 indulgentibus.
2106 556 2245 625 Quid

635 658 784 730 quod
813 667 839 696 ιι
869 657 1111 713 nonnulli
1132 654 1270 711 ﬁlios
1298 670 1409 711 non
1437 654 1718 726 habentes,
1743 669 1774 708 a
1803 660 2054 724 respectu
2079 667 2141 708 se
2165 663 2246 708 ta-

628 767 760 826 men
791 750 978 805 salutis
1005 764 1117 804 suae
1137 757 1192 804 et
1220 746 1459 803 remedio
1480 754 1829 818 peccatorum
1848 745 2065 816 penitus
2091 753 2245 800 arter-

628 833 773 910 'tunt,
819 860 883 899 ac
908 843 1035 899 licet
1063 843 1269 898 semine
1297 841 1583 911 sanguinis
1611 842 1694 897 sui
1716 849 1956 907 careant,
1997 849 2245 911 quaarunt

629 943 816 990 tamen
845 933 1197 1005 quoscunque
1227 934 1363 989 alios
1388 934 1584 1003 quibus
1616 933 1973 988 substantiam
2011 932 2242 1004 propriae

628 1029 904 1087 facultatis
930 1031 1213 1094 addicant,
1247 1028 1301 1084 id
1329 1037 1439 1095 est,
1473 1029 1668 1098 quibus
1700 1028 1990 1083 umbratile
2019 1027 2239 1097 aliquod

625 1122 1049 1192 propinquitatis
1077 1137 1276 1177 nomen
1307 1121 1620 1186 inscribant,
1654 1135 1792 1190 quos
1824 1119 1926 1175 sibi
1955 1119 2109 1188 quasi
2141 1117 2232 1172 ad-

599 1265 601 1267 .
629 1215 847 1284 optivos
873 1215 1176 1284 imaginarii
1203 1223 1458 1284 parentes
1482 1211 1622 1268 ﬁlios
1644 1212 1864 1278 faciant,
1895 1219 1951 1266 et
1978 1213 2030 1266 in
2059 1212 2238 1266 locum

627 1320 818 1362 eorum
863 1321 983 1376 quae
1023 1322 1134 1363 non
1179 1314 1306 1362 sunt
1348 1306 1633 1376 pignorum
1682 1301 1906 1375 perﬁdia
1943 1311 2239 1372 generante

624 1395 953 1451 succedant?
974 1411 1038 1463 ac
1063 1397 1142 1452 sic
1156 1396 1444 1452 miserrimi
1466 1396 1667 1466 quique
1689 1403 1745 1450 et
1774 1395 2096 1466 impiissimi,
2115 1410 2236 1450 cum

623 1487 857 1542 vinculis
887 1486 1121 1544 ﬁliorum
1149 1504 1258 1544 non
1288 1489 1758 1558 constringantur,
1791 1487 1892 1558 ipsi
1923 1495 2103 1542 tamen
2135 1486 2237 1541 sibi

626 1580 846 1636 vincula
901 1590 1095 1652 parant
1141 1583 1336 1653 quibus
1380 1581 1614 1637 infelicia
1665 1581 1968 1636 animarum
2015 1586 2270 1635 suarum'

622 1671 764 1727 colla
794 1674 1196 1742 constringant;
1237 1690 1360 1730 cum
1401 1674 1482 1728 vis
1508 1673 1934 1729 domesticorum
1963 1672 2232 1728 discrimi-

1595 265 1653 320 S.
1697 263 2014 320 SALVIANI
2056 262 2519 323 MASSILIENSIS
2557 259 2985 322 PRESBYTER]

640 384 884 439 futurum
908 379 1115 437 homini
1141 376 1396 449 quidquid
1424 375 1618 431 divinae
1657 375 1958 447 prretulerit
1977 375 2246 430 eiraritati.
2275 381 2328 439 Α
2355 384 2450 431 aut
2477 375 2595 431 sine
2624 374 2730 431 ﬁne
2759 383 3108 431 tormentum.
3137 371 3206 428 Et
3233 382 3294 430 tu
3320 375 3388 431 de
3418 376 3812 449 locupletandis
3833 383 3948 452 qui.

3851 265 3951 326 eos

2349 470 2664 540 buscunque
2693 470 2994 526 lueredibus
3022 461 3128 525 tuis
3154 471 3380 539 cogitas,
3413 470 3480 526 de
3509 472 3706 543 opibus
3729 484 3948 544 agnato-

2350 579 2469 618 rum
2499 572 2716 618 tuorum
2759 571 3224 632 cognatorumque
3252 563 3512 634 suspiras,
3542 579 3705 634 quem
3732 567 3947 637 potissi-

2350 671 2498 710 mum
2517 655 2770 710 ditiorem
2800 654 3126 726 patrimonio
3160 666 3257 711 tuo
3285 653 3471 722 facias,
3498 656 3584 711 cui
3606 657 3948 728 supellectilis
4048 651 4049 728 ἢ

2348 746 2513 802 varia:
2553 757 2871 802 ornamenta
2898 747 3255 813 transcribas,
3285 747 3438 817 cujus
3466 747 3946 822 apothecas'copiis

2349 839 2456 895 tuis
2484 839 2715 910 repleas,
2740 839 2826 895 cui
2867 839 3031 911 254
3058 838 3319 910 majorem
3360 855 3640 896 servorum
3668 857 3943 898 numerum

2346 924 2724 1002 derelinquas!
2777 931 3146 987 Infelicrssrme
3204 934 3476 998 omnium,
3535 935 3742 1003 cogitas
3790 952 3941 1006 quam

2344 1023 2483 1080 bene
2513 1025 2602 1078 alii
2625 1035 2749 1096 post
2779 1033 2831 1080 te
2863 1025 3061 1091 vivant,
3095 1041 3202 1081 non
3239 1026 3446 1094 cogitas
3471 1041 3634 1097 quam
3668 1029 3809 1084 male
3836 1031 3941 1100 ipse

2293 1152 2301 1159 -
2345 1118 2621 1173 moriaris!
2656 1117 2753 1172 Dic
2779 1117 2931 1184 mihi,
2962 1101 3231 1189 quaesofo
3270 1117 3454 1182 miser,
3480 1134 3514 1173 o
3543 1118 3795 1183 inﬁdelis.
3828 1136 3940 1176 cum

2341 1209 2526 1264 multis
2546 1209 2930 1280 patrimonium
2961 1217 3114 1264 tuum
3145 1208 3371 1276 dividas,
3400 1225 3520 1265 cum
3550 1210 3753 1267 multos
3781 1211 3938 1267 facul-

2342 1303 2543 1358 tatibus
2571 1302 2677 1357 tuis
2726 1300 2885 1366 dites,
2918 1299 3160 1372 rmnquid
3205 1301 3274 1357 de
3300 1301 3418 1357 solo
3468 1309 3520 1357 te
3547 1317 3608 1356 es
3653 1310 3765 1357 tam
3811 1304 3936 1360 male

2342 1395 2570 1450 meritus
2596 1403 2656 1450 ut
2687 1395 2780 1450 tibi
2810 1409 2911 1450 nec
2951 1395 3092 1449 inter
3118 1403 3407 1450 extraneos
3431 1395 3609 1449 locum
3642 1394 3817 1450 facias
3837 1397 3930 1451 ha:-

2340 1487 2522 1543 redis?
2551 1487 2692 1543 Ecce
2721 1495 3001 1558 exspectat
3030 1497 3082 1542 te
3105 1485 3216 1556 jam
3246 1501 3590 1555 egressururn
3620 1486 3688 1542 de
3716 1487 3828 1542 vita
3849 1489 3930 1543 ista

2339 1576 2577 1634 ofﬁcium
2609 1578 2891 1634 tribunalis
2939 1577 3100 1644 sacri,
3133 1588 3452 1649 exspectant
3501 1589 3741 1635 tortores
3769 1582 3930 1651 angeli

2339 1686 2394 1732 et
2435 1676 2819 1732 immortalium
2854 1683 3245 1730 tormentorum
3276 1660 3544 1730 terribiles
3581 1675 3846 1741 ministri;
3884 1687 3928 1730 ct

621 1779 751 1818 num
773 1764 916 1818 nulla
945 1766 1034 1831 sit,
1058 1765 1189 1821 foris
1209 1765 1495 1820 discrimen
1526 1775 1837 1830 arcessunt;
1869 1773 1925 1819 et
1949 1764 2071 1819 licet
2096 1780 2226 1819 cau-
2258 1768 2306 1830 B
2334 1775 2390 1823 tu
2420 1767 2625 1824 futuras
2666 1775 2788 1838 post
2819 1775 2870 1821 te
2918 1765 3188 1820 lucredum
3241 1765 3593 1820 mundialium
3637 1765 3928 1837 voluptates

617 1870 704 1912 sa}.
719 1854 896 1910 desint
910 1856 1295 1926 periculorum,
1316 1864 1480 1911 ruunt
1501 1865 1685 1911 tamen
1699 1857 1851 1927 quasi
1873 1857 1927 1910 in
1950 1856 2227 1910 interitum

615 1928 1018 2006 vohintarium:
1045 1966 1275 2021 quorum
1298 1965 1513 2004 errores
1528 1949 1880 2006 infelicissimi
1903 1964 2012 2018 quo
2034 1949 2228 2003 all’ectu

615 2043 786 2098 animi
830 2042 1131 2113 accipiendi
1177 2043 1285 2097 sint
1313 2042 1342 2081 δ
1373 2058 1438 2096 ac
1483 2041 1709 2107 ferendi,
1742 2056 1911 2112 prope
1965 2041 2227 2096 incertum

611 2135 760 2205 apud
788 2136 1051 2204 quosdam
1079 2121 1250 2192 videri
1273 2144 1456 2205 potest
1482 2134 1822 2191 irascendum
1853 2149 1922 2188 ne
1946 2134 2010 2188 iis
2037 2149 2104 2188 an
2127 2133 2228 2188 do-

614 2228 837 2284 lendum
865 2229 957 2284 sit.
989 2227 1158 2284 Error
1188 2229 1332 2284 enim
1373 2228 1565 2283 dolore
1603 2229 1796 2297 dignus
1836 2236 1946 2293 est,
1981 2226 2229 2296 impietas

613 2319 1013 2374 exsecratione.
1047 2319 1128 2373 Ad
1155 2319 1339 2374 ﬁctum
1365 2320 1629 2374 trahimur
1657 2320 1991 2385 infelicitate,
2025 2319 2093 2374 ad
2125 2320 2228 2373 ira-

613 2409 868 2464 cundiam
884 2408 1219 2464 inﬁdelitate.
1238 2409 1297 2465 ln
1321 2426 1427 2464 una
1456 2426 1517 2465 re
1545 2421 1629 2465 est
1656 2411 1800 2480 quod
1821 2427 1920 2482 pro
1949 2411 2226 2465 hominum

612 2497 926 2568 insipientia
975 2498 1273 2567 lugeamus,
1333 2500 1388 2553 in
1430 2501 1536 2554 alia
1566 2501 1711 2570 quod
1757 2516 1855 2570 pro
1898 2500 1994 2555 Dei
2043 2517 2228 2556 amore

613 2608 950 2659 moveamur,
997 2595 1156 2667 253
1198 2594 1369 2648 ullum
1409 2594 1630 2649 omnino
1674 2595 1954 2648 hominum
2000 2596 2227 2650 inveniri

612 2695 710 2742 aut
738 2702 858 2743 esse
885 2702 1048 2757 posse
1083 2687 1176 2756 qui
1216 2687 1445 2742 decurso
1475 2686 1703 2742 infelicis
1731 2688 1854 2742 vita:
1885 2689 2038 2743 istius
2077 2688 2226 2743 brevi

611 2779 817 2851 spatio,
845 2779 900 2832 in
922 2779 1040 2850 ipsa
1070 2780 1421 2836 extremitate
1443 2778 1555 2848 jam
1586 2780 1847 2850 pendens,
1882 2780 2053 2834 iturus
2083 2780 2226 2836 illico

608 2869 680 2926 ad
702 2870 939 2926 tribunal
968 2870 1083 2942 Dei,
1117 2870 1410 2941 quidquam
1441 2871 1586 2926 aliud
1607 2872 1810 2940 cogitet
1838 2882 2034 2942 praeter
2063 2873 2223 2928 ﬁnem

607 2976 789 3028 suum,
807 2961 1101 3032 quidquam
1125 2961 1269 3016 aliud
1297 2970 1494 3032 praeter
1508 2963 1712 3016 exitum
1733 2978 1908 3030 suum,
1931 2963 2221 3034 quidquam

608 3053 756 3108 aliud
774 3059 974 3125 praeter
1000 3054 1298 3125 periculum
1328 3070 1517 3122 suum;
1541 3063 1596 3110 et
1621 3056 1864 3125 neglecta
1893 3073 1990 3128 spe
2019 3073 2114 3112 sua
2135 3065 2220 3112 at-

2335 1860 2516 1915 animo
2543 1859 2774 1924 volutas,
2803 1867 2858 1913 tu
2899 1857 3120 1912 delicias
3134 1847 3377 1912 'aliorum
3407 1867 3591 1913 mente
3612 1868 3919 1930 pertractas,

2334 1967 2498 2022 quam
2528 1954 2666 2007 bene
2691 1951 2898 2008 scilicet
2927 1959 3051 2022 post
3101 1960 3152 2006 te
3179 1950 3350 2007 luercs
3382 1961 3506 2007 tuus
3534 1952 3604 2008 de
3632 1962 3729 2009 tuo
3774 1970 3924 2024 pran-

2333 2041 2459 2098 deat
2509 2041 2706 2111 quibus
2734 2041 2905 2112 copiis
2924 2050 3168 2095 ventrem
3192 2041 3430 2110 expleat,
3463 2042 3740 2111 quomodo
3770 2058 3925 2113 usque

2331 2133 2399 2189 ad
2428 2149 2684 2190 nauseam
2717 2131 3104 2188 redundantem
3148 2132 3354 2188 viscera
3396 2141 3708 2188 exsaturata
3732 2133 3922 2188 disten-

2331 2227 2443 2282 dat!
2461 2227 2829 2283 Infelicissime
2844 2226 3106 2290 ornninrn,
3126 2225 3254 2296 quid
3278 2226 3370 2281 tibi
3395 2235 3477 2282 est
3497 2242 3618 2282 cum
3640 2226 3724 2282 his
3739 2226 3920 2291 neniis,

2331 2318 2459 2388 quid
2490 2318 2584 2373 tibi
2606 2333 2728 2372 cum
2757 2318 2840 2372 his
2867 2317 3257 2383 deliramentis,
3283 2316 3412 2388 quid
3441 2333 3558 2373 cum
3582 2317 3813 2371 stultitia
3845 2317 3924 2372 Iru-

2324 2410 2413 2478 jus
2461 2410 2681 2475 error‘is,
2715 2408 2844 2479 quid
2899 2426 3022 2465 cum
3076 2409 3384 2480 perditione
3437 2409 3584 2464 istius
3634 2409 3924 2463 vanitatis!

2330 2501 2579 2573 Nunquid
2624 2519 2944 2558 succurrere
2985 2503 3088 2560 hoc
3119 2503 3213 2558 tibi
3243 2503 3385 2558 inter
3424 2503 3681 2573 supplicia
3717 2519 3919 2557 summa

2329 2596 2550 2665 poterit,
2575 2597 2618 2650 si
2653 2596 2696 2650 is
2726 2597 2816 2666 qui
2853 2612 2940 2651 res
2972 2605 3092 2651 tuas
3121 2596 3346 2666 prodige
3373 2595 3638 2660 comedit,
3671 2595 3846 2670 lautus
3871 2604 3916 2649 et

2330 2701 2558 2757 pransus
2588 2688 2727 2742 bene
2747 2688 3024 2753 cructarit,
3054 2698 3076 2726 ε
3109 2697 3202 2762 aut
3227 2687 3388 2743 etiam
3413 2696 3472 2741 ut
3503 2686 3616 2751 tibi,
3641 2687 3733 2756 qui
3763 2687 3913 2742 devo-

2327 2779 2492 2834 ranrla
2520 2789 2613 2835 tua
2635 2779 2816 2835 omnia
2841 2779 3127 2845 tradidisti,
3160 2779 3481 2835 rcdundanti
3527 2778 3790 2835 cruditate
3811 2779 3912 2849 plus

2326 2881 2563 2944 pnestet,
2597 2872 2640 2926 si
2662 2872 2801 2927 bene
2826 2872 3132 2928 vomuerit?

2399 2967 2484 3021 IV.
2523 2965 2628 3022 Sed
2658 2965 2830 3021 dehis
2860 2967 3000 3022 unde
3024 2981 3166 3022 nunc
3196 2965 3486 3037 loquimur,
3517 2966 3561 3020 si
3587 2981 3678 3022 res
3700 2981 3762 3021 ac
3789 2963 3908 3019 ratio

2324 3059 2739 3131 postulaverint,
2764 3060 2927 3115 etiam
2953 3069 3075 3130 post
3101 3059 3214 3114 lucc
3241 3059 3418 3128 aliqua
3437 3059 3750 3116 subdeunrs.
3781 3057 3907 3112 lutc-

608 3159 717 3215 que
745 3145 944 3212 anima,
977 3146 1063 3200 cui
1107 3147 1363 3216 opitulari
1413 3147 1752 3218 aliquatenus
1780 3149 1864 3204 vel
1917 3150 1969 3205 in
2020 3150 2222 3206 ultimis
2249 3159 2296 3223 ο
2327 3153 2427 3207 rim
2486 3153 2588 3208 hoc
2641 3152 2950 3222 specialiter
2991 3151 3114 3207 dico
3160 3161 3215 3206 ct
3259 3152 3518 3222 peculiari
3557 3151 3907 3208 admonitione

605 3238 721 3294 suis
747 3238 894 3294 omni
915 3238 1114 3304 studio,
1134 3240 1279 3294 omni
1303 3238 1441 3305 nisu,
1461 3239 1613 3295 omni
1627 3255 1688 3312 re
1711 3255 1774 3294 ac
1794 3241 2092 3296 substantia
2118 3257 2214 3297 sua

605 3328 824 3396 debeat,
849 3330 955 3387 hoc
983 3331 1158 3387 solum
1183 3332 1405 3401 cogitet,
1437 3332 1544 3390 hoc
1568 3333 1744 3389 solmn
1772 3334 1953 3390 animo
1975 3351 2072 3391 suo
2100 3337 2224 3392 vol-

603 3429 716 3490 vat,
733 3437 896 3493 quam
918 3423 1063 3479 laute
1086 3423 1258 3480 haeres
1284 3441 1413 3480 suus
1449 3441 1538 3481 res
1565 3441 1690 3481 suas
1713 3425 1994 3482 comedat!

673 3514 763 3569 III.
805 3515 1105 3572 Miserrime
1153 3519 1415 3582 omnium,
1447 3517 1578 3587 quid
1625 3517 1890 3574 sollicitus
1937 3535 2025 3584 es,
2084 3521 2213 3592 quid

604 3611 823 3684 aestuas,
855 3606 983 3677 quid
1003 3616 1280 3664 auctorem
1309 3624 1490 3664 rerum
1519 3609 1881 3680 periturarum
1910 3611 2026 3682 ipse
2054 3621 2107 3668 te
2135 3615 2214 3668 fa-

603 3697 721 3754 cis?
749 3697 833 3754 An
863 3698 1022 3756 times
1050 3699 1190 3756 forte
1232 3716 1300 3757 ne
1338 3701 1516 3758 desint
1549 3704 1661 3775 qui,
1695 3711 1748 3759 te
1791 3713 2024 3773 mortuo,
2067 3707 2212 3777 quod

602 3789 960 3860 dereliqueris
982 3792 1214 3848 vorent?
1238 3792 1377 3848 Nolo
1397 3800 1625 3863 metuas,
1657 3795 1786 3852 nolo
1813 3798 2069 3854 verearis.
2100 3795 2213 3852 Uti-

599 3899 728 3938 nam
751 3893 860 3939 tam
882 3883 1037 3941 facile
1058 3894 1116 3941 tu
1137 3886 1319 3942 salvus
1339 3902 1488 3958 esses
1512 3903 1677 3959 quam
1702 3898 1791 3944 tua
1814 3891 1996 3946 omnia
2015 3889 2211 3962 deper-

597 3975 786 4034 ibunt!
823 3975 868 4031 Ο
900 3977 1218 4046 inﬁdelitas,
1256 3996 1289 4035 ο
1322 3982 1684 4052 perversitas!
1720 3980 1896 4038 Etiam
1932 3983 2093 4054 vulgo
2128 3984 2210 4041 di-

599 4075 749 4123 ctum
774 4077 876 4135 est,
901 4068 1092 4127 omnes
1115 4073 1215 4128 sibi
1237 4073 1429 4129 melius
1448 4075 1589 4130 velle
1610 4091 1773 4146 quam
1802 4077 1979 4132 alteri.
1997 4078 2204 4132 Novum

599 4157 712 4212 hoc
728 4162 958 4217 monstri
982 4176 1151 4231 genus
1177 4172 1278 4231 est,
1303 4165 1526 4220 cuilibet
1553 4181 1881 4237 quemquam
1909 4170 2048 4223 velle
2076 4184 2206 4224 con-

563 4249 804 4319 .lsulere,
851 4258 1060 4322 tantum
1099 4268 1169 4308 ne
1196 4255 1316 4308 sibi.
1353 4254 1495 4311 Ecce
1530 4257 1706 4311 iturus
1735 4273 1811 4321 es,
1836 4258 2206 4312 infelicissimo

594 4342 864 4410 omnium,
897 4343 966 4402 ad
986 4355 1215 4400 examen
1242 4360 1477 4413 sacrum,
1511 4348 1577 4402 ad
1607 4349 1948 4404 tremendum
1971 4350 2100 4404 illud
2123 4351 2204 4405 in-

595 4435 1049 4507 tolerandumque
1065 4439 1351 4509 judicium,
1387 4441 1478 4496 ubi
1506 4443 1872 4512 peregrinanti
1900 4443 2092 4517 animae
2120 4453 2202 4499 at-

596 4539 707 4598 que
727 4529 900 4582 anxize
922 4530 1134 4586 nullum
1176 4541 1358 4604 potest
1389 4535 1611 4590 omnino
1649 4551 1766 4591 esse
1806 4537 2058 4592 solatium
2096 4539 2199 4594 nisi
2225 4551 2280 4614 ι)

590 4619 714 4677 sola
756 4623 1132 4687 tantummodo
1160 4625 1306 4682 bona
1336 4628 1698 4696 conscientia,
1725 4630 1826 4684 nisi
1854 4630 1970 4685 sola
1990 4638 2196 4687 tantum

593 4710 854 4773 innocens
900 4717 1010 4772 vita
1041 4727 1170 4787 aut,
1213 4719 1359 4789 quod
1390 4721 1693 4790 proximum
1730 4730 1814 4778 est
1852 4723 2008 4780 bona;
2050 4725 2192 4792 vitm,

591 4804 993 4878 misericordia;
1035 4812 1126 4868 ubi
1164 4827 1261 4869 reo
1288 4813 1496 4870 homini
1524 4815 1730 4870 nullum
1764 4825 1847 4872 est
1869 4817 2194 4888 adjutorium

592 4894 701 4952 nisi
738 4898 855 4953 sola
900 4915 1053 4958 mens
1100 4904 1280 4973 larga,
1319 4906 1424 4961 nisi
1467 4908 1781 4977 paanitentia
1827 4907 2100 4966 fructuosa
2139 4921 2196 4967 et

586 4986 954 5066 eleemosynte
995 4997 1228 5080 copiosae
1264 5000 1418 5068 quasi
1446 5015 1639 5057 manus
1675 5001 1886 5068 validm,
1919 5004 2010 5061 ubi
2037 5006 2192 5062 deni-

589 5093 715 5155 que,
740 5097 840 5153 pro
869 5084 1184 5144 diversitate
1212 5092 1531 5148 meritorum
1573 5102 1667 5149 aut
1693 5110 1963 5151 summum
1991 5098 2191 5154 bonum

2319 3260 2773 3312 commoneo,-ue
2803 3245 2968 3300 ullum
3017 3245 3241 3301 onmirro
3281 3245 3475 3321 aliquis
3502 3246 3748 3316 quamvis
3791 3244 3907 3299 cha-
3960 3283 3975 3297 .

2315 3339 2586 3396 rissimum
2634 3339 2826 3410 pignus
2855 3339 3047 3394 anima:
3075 3353 3184 3393 suae
3233 3337 3502 3408 praeferat.
3553 3338 3740 3408 Neque
3774 3337 3904 3392 enirn

2318 3432 2562 3503 iniquum
2584 3443 2668 3489 est
2697 3441 2756 3486 ut
2775 3431 3000 3503 quilibet
3023 3431 3454 3488 Christianorum
3483 3432 3649 3488 etiam
3674 3431 3904 3502 legitimis

2316 3523 2622 3581 Incredibus
2648 3525 2701 3580 in
2729 3525 2929 3581 sarculo
2950 3524 3128 3580 minus
3155 3521 3183 3562 ἀ
3213 3534 3497 3595 congerat,
3528 3523 3813 3580 dummodo
3838 3523 3908 3578 si-

2314 3615 2484 3672 bimet
2516 3617 2566 3672 in
2598 3617 2904 3671 :etcrnitatc
2929 3625 3212 3672 succurrat
3251 3615 3435 3672 multis
3464 3616 3662 3680 modis;
3691 3615 3813 3686 quia
3853 3625 3909 3668 et

2314 3708 2525 3766 facilius
2545 3719 2627 3766 est
2657 3710 2743 3766 hic
2762 3709 2953 3765 deesse
2983 3709 3104 3765 filiis
3123 3709 3400 3781 quippiam
3428 3724 3590 3780 quam
3607 3707 3907 3780 parentibus

2313 3798 2366 3854 in
2399 3800 2597 3866 futuro,
2639 3810 2696 3855 ct
2746 3800 2915 3855 multo
2962 3800 3131 3855 levior
3184 3815 3424 3872 przcsens
3470 3800 3703 3856 tenuitas
3750 3816 3906 3870 quam

2310 3901 2512 3948 :cterna
2537 3901 2856 3963 paupertas;
2889 3893 3126 3948 maxime
3163 3893 3291 3963 quia
3339 3908 3462 3949 cum
3501 3891 3608 3947 illic
3640 3907 3749 3947 non
3781 3908 3906 3962 pau-

2311 3995 2492 4056 pertas
2526 3993 2755 4050 tantum,
2786 3984 2880 4040 sed
2909 3985 3072 4040 etiam
3105 4000 3252 4041 mors
3292 4001 3356 4041 ac
3398 4000 3555 4056 poma
3595 3985 3902 4048 timeantur,

2311 4079 2470 4150 255
2499 4079 2707 4136 facilius
2742 4088 2826 4135 est
2860 4079 3048 4148 utique
3084 4079 3172 4136 hic
3211 4079 3513 4136 Irrcrcdilnrs
3541 4079 3738 4136 deesse
3757 4081 3903 4150 quid-

2311 4179 2433 4234 darn
2464 4177 2532 4235 de
2559 4179 2884 4250 patrimonio
2912 4194 3089 4250 quant.
3107 4179 3214 4236 illic
3241 4180 3592 4236 tcstatoribus
3611 4179 3680 4236 de
3700 4181 3900 4245 salute;

2308 4280 2466 4350 idque
2494 4290 2550 4336 et
2579 4281 2678 4352 ipsi
2706 4283 2900 4352 quibus
2922 4281 3204 4338 litereditas
3223 4280 3634 4352 derelinquitur,
3667 4281 3715 4337 si
3749 4281 3902 4337 modo

2305 4380 2522 4451 pietatis
2542 4381 2742 4452 aliquid
2767 4382 2819 4436 in
2847 4397 2905 4438 se
2925 4382 3159 4447 habent,
3183 4381 3493 4453 specialiter
3511 4381 3650 4437 velle
3675 4380 3906 4438 debeant

2306 4498 2376 4539 ne
2405 4483 2480 4538 illi
2504 4494 2726 4555 pereant
2747 4484 2839 4553 qui
2871 4486 3195 4555 relinquunt.
3220 4485 3375 4554 Quod
3405 4484 3594 4555 utique
3622 4485 3669 4540 si
3696 4473 3922 4550 nolunt,

2305 4583 2474 4641 multo
2517 4585 2692 4640 mirms
2730 4584 2876 4655 digni
2907 4594 3032 4640 sunt
3069 4587 3263 4656 quibus
3296 4585 3496 4656 aliquid
3538 4585 3903 4656 relinquatur;

2304 4685 2430 4757 quia
2460 4700 2566 4740 non
2605 4684 2802 4755 injuste
2843 4694 3073 4741 testator
3100 4687 3314 4757 sapiens
3343 4703 3450 4744 non
3482 4688 3747 4759 relinquit
3768 4685 3904 4759 quod

2303 4787 2477 4841 lateres
2517 4786 2710 4857 impius
2752 4803 2860 4844 non
2888 4798 3144 4844 meretur.
3193 4787 3378 4860 Itaque
3417 4791 3688 4863 optirntnn
3734 4800 3907 4849 estut

2304 4887 2673 4957 unusquisque
2713 4889 2815 4944 sibi
2861 4889 3127 4956 consulat,
3150 4899 3206 4944 et
3251 4877 3444 4947 anima:
3491 4908 3556 4948 ac
3582 4894 3752 4948 saluti
3801 4907 3907 4949 sua:

2299 4988 2481 5044 omnia
2525 4987 2882 5058 derelinquat.
2933 4988 3054 5044 Sint
3079 4991 3323 5067 quamvis
3351 4991 3622 5048 interdum
3672 5010 3792 5050 non
3823 4992 3910 5047 lilii

2299 5095 2526 5156 tantum,
2556 5088 2748 5158 quibus
2775 5088 2988 5144 videtur
3031 5089 3350 5145 naturaliter
3394 5091 3514 5162 plus
3555 5091 3777 5160 deberi,
3818 5093 3910 5156 sed

588 5169 835 5235 invenies
854 5185 950 5234 aut
962 5169 1232 5240 summum
1246 5183 1896 5278 malum,autimmortale
1915 5189 2192 5259 praemium
2297 5191 2462 5248 etiam
2507 5201 2533 5230 ο
2561 5191 2788 5263 pignora
2815 5193 2919 5248 alia
2947 5193 3065 5267 ejus
3091 5193 3179 5250 vel
3205 5193 3382 5251 meriti
3420 5195 3506 5251 vel
3541 5196 3909 5266 conditionis,

1798 5340 2131 5400 STEPHANI
2172 5343 2444 5399 BALUZII
2482 5343 2712 5401 NOTAE.

662 5479 691 5546 ξ
729 5469 864 5546 Yide
891 5488 1073 5546 supra,
1104 5489 1228 5546 pag.
1259 5474 1386 5531 202.

662 5537 710 5618 ξ.
733 5540 936 5618 Desunt
957 5537 1082 5600 ’ista
1105 5537 1204 5601 'in'
1235 5547 1542 5603 recentiore
1601 5548 1793 5605 codice
1839 5549 1990 5618 regio
2039 5557 2094 5604 et
2134 5549 2207 5603 in'

593 5605 930 5670 Colbertino.
1370 5655 1379 5666 .

667 5694 690 5722 ε
731 5679 788 5736 1η
814 5693 1045 5760 utroque
1065 5687 1254 5760 codice
1282 5688 1434 5759 regio
1449 5688 1657 5760 desunt
1685 5705 1750 5745 ea
1793 5704 1912 5760 quae
1951 5704 2186 5758 sequun-

590 5760 685 5820 tur
711 5769 880 5828 usque
918 5758 986 5813 ad
1029 5774 1192 5815 voces
1230 5758 1379 5829 illas,
1432 5758 1541 5816 Sed
1586 5760 1650 5816 de
1688 5760 1788 5826 his,
1811 5758 1935 5816 'etc.
1983 5760 2184 5816 Desunt

2299 5479 2464 5534 etiam
2495 5479 2549 5534 in
2569 5479 2901 5539 Colbertino.
3552 5524 3562 5532 ρ

2367 5547 3195 5641 ξί--ᾼιὲςᾳμιρεριηιυι-βοηειιιεε,
3229 5565 3287 5612 ut
3326 5559 3381 5612 in
3418 5557 3664 5641 antiquis
3696 5563 3915 5641 editio-

2293 5621 2468 5679 nibus.
2495 5621 2803 5679 Consensus
2840 5633 3084 5681 veterum
3125 5621 3386 5683 librortun
3423 5621 3600 5684 eﬁ'ecit
3631 5641 3701 5686 ut
3738 5621 3914 5690 aliam

2289 5691 2578 5762 lectionem
2618 5692 3011 5762 prteferremus.

2363 5740 3170 5834 E'E'éga'pi'éh'éiihi'iisé'aburo
3208 5770 3301 5827 alii
3328 5740 3716 5854 intelliguntur
3759 5793 3916 5854 pra:-
