4108 6348
536 362 641 461 sit

1478 402 1535 460 S.
1579 402 1898 460 SALVIANI
1939 344 2406 461 hdASSlLlENSlS
2444 402 2873 461 PRESBYTER!

3740 396 3867 465 ω

536 530 623 581 tes
647 522 842 609 impios
871 519 1028 577 faciat
1054 535 1169 591 qua:
1218 519 1241 548 ⁸
1272 517 1443 588 magis
1487 519 1609 590 pios
1654 518 1832 575 facere
1868 517 2124 575 deberet?
2155 521 2201 578 Α
2229 514 2355 588 quia
2385 521 2485 575 etsi
2518 536 2646 575 usus
2677 518 2886 575 videtur
2909 518 3109 591 aliquid
3135 519 3358 589 habere,
3386 523 3729 580 censcientia
3759 532 3856 580 ta-

539 614 674 671 Nam
703 628 826 671 cum
846 627 941 667 vos
963 611 1083 667 ideo
1110 612 1229 682 plus
1253 611 1557 682 relinquere
1590 626 1658 665 ex
1687 611 2012 683 patrimonio
2044 625 2136 665 ve-

538 714 654 761 stro
679 704 942 774 religiosis
971 701 1089 759 ﬁliis
1116 704 1406 769 deberetis,
1453 712 1512 758 ut
1535 704 1735 783 aliquid
1774 704 1841 760 ad
1871 704 2038 758 Deum
2067 719 2136 760 ex

537 797 878 877 facultatibus
932 797 1126 853 vestris
1180 798 1373 877 saltem
1442 813 1540 868 per
1597 784 1734 853 ﬁlios
1788 799 2133 869 perveniret;

536 874 657 946 ideo
705 888 824 945 ﬁliis
853 905 959 945 non
987 874 1310 961 relinquitis,
1338 907 1407 947 ne
1456 891 1532 945 illi
1584 891 1819 947 habeam
1853 889 1998 963 quod
2022 890 2134 947 Deo

533 977 862 1057 relinquant.
921 983 1189 1041 Prteclara
1234 985 1487 1041 videlicet
1538 986 1747 1041 ratione
1793 993 1954 1054 atque
2007 1000 2135 1040 cau-

532 1077 641 1133 tela
670 1077 913 1133 contenti
941 1076 1070 1132 estis
1096 1092 1195 1134 vos
1242 1074 1380 1133 ﬁlios
1427 1094 1535 1134 non
1583 1091 1895 1146 agnoscere,
1946 1091 2013 1132 ue
2060 1075 2136 1131 illi

534 1183 594 1224 se
617 1166 757 1225 ﬁlios
778 1168 875 1224 Dei
897 1183 1017 1223 esse
1037 1177 1394 1238 cognoscant;
1420 1167 1762 1239 magniﬁcam
1784 1176 2137 1239 repensantes

531 1260 813 1319 beneﬁciis
842 1262 1012 1319 sacris
1040 1261 1484 1330 vicissitudinem,
1511 1262 1640 1317 dum
1665 1263 1719 1318 id
1747 1246 2135 1319 studiosissime

533 1354 859 1427 procuratis,
882 1369 953 1410 ne
978 1354 1067 1410 vel
1105 1369 1202 1425 per
1228 1362 1437 1410 vestros
1475 1354 1677 1435 aliquid
1706 1355 1879 1410 honor
1916 1354 2010 1408 Dei
2036 1355 2134 1409 ha-

534 1446 668 1502 bere
687 1446 880 1512 possit,
913 1461 1033 1502 cum
1064 1446 1242 1501 omnia
1273 1461 1372 1503 vos
1399 1460 1498 1517 per
1531 1446 1628 1501 Dei
1655 1462 1848 1501 munus
1869 1444 2131 1501 habeatis.

537 1537 648 1597 Cur
691 1551 822 1608 rogo
852 1547 965 1595 tam
1008 1536 1321 1605 inﬁdeliter,
1346 1555 1443 1595 cur
1473 1546 1581 1595 tam
1604 1540 1769 1610 impie
1808 1540 1997 1608 agitis?
2018 1539 2137 1595 Non

542 1629 808 1699 exigimus
836 1637 896 1685 ut
920 1638 1100 1688 vestra
1128 1630 1359 1688 Domino
1400 1631 1704 1701 largiamini
1739 1650 1752 1686 :
1784 1631 1985 1703 aliquid
2025 1631 2136 1687 Deo

538 1720 613 1785 de,
632 1736 731 1777 suo
758 1721 985 1779 reddite.
1015 1721 1125 1779 Cur
1145 1730 1255 1779 tam
1274 1738 1459 1789 avare,
1482 1739 1579 1779 cur
1609 1732 1719 1778 tam
1752 1724 1915 1795 impie
1942 1723 2136 1791 agitis?

536 1810 659 1887 Non
686 1820 771 1870 est
794 1821 1032 1869 vestrum
1058 1812 1203 1883 quod
1236 1812 1536 1881 denegatis.
1568 1813 1815 1883 Iniquum
1844 1813 2007 1882 igitur
2045 1828 2130 1868 δι’·

538 1905 831 1983 bitramini,
864 1914 927 1965 ut
950 1908 1298 1965 acularibus
1342 1907 1465 1964 ﬁliis
1510 1907 1794 1977 religiosos
1841 1907 2139 1962 substantia
2171 1896 2214 1953 Β

538 2012 701 2068 pares
724 2013 845 2055 esse
882 1996 1131 2054 faciatis?
1177 1998 1236 2054 ld
1277 2012 1408 2068 ergo
1448 1998 1607 2068 agitis
1632 2006 1694 2055 ut
1738 1998 1999 2068 pmniteat
2045 2013 2140 2054 eos

541 2099 734 2163 empta:
754 2092 1052 2160 religionis,
1077 2107 1216 2162 quos
1242 2092 1432 2163 religio
1460 2092 1603 2165 apud
1636 2108 1730 2151 vos
1757 2092 1945 2149 fecerit
1972 2092 2141 2148 viles?

512 2171 668 2241 'Pius
686 2185 870 2254 itaque
894 2198 962 2241 ac
976 2184 1152 2241 bonus
1172 2184 1451 2252 Dominus,
1477 2186 1640 2258 358
1659 2186 1751 2258 qui
1773 2194 1954 2242 servet
1978 2186 2032 2240 in
2060 2186 2141 2243 eis

536 2276 872 2349 propositum
909 2291 976 2333 ac
1017 2275 1410 2348 professionem
1450 2292 1623 2345 suam.
1657 2276 1943 2345 Caeterum,
1966 2293 2140 2348 quan-

537 2377 655 2433 tum
688 2370 743 2425 in
770 2369 922 2427 vobis
942 2376 1046 2436 est,
1067 2368 1122 2424 id
1150 2368 1308 2441 agitis
1328 2376 1388 2424 ut
1429 2368 1612 2424 saeculi
1636 2383 1733 2425 eos
1759 2369 1996 2425 cultores
2020 2384 2141 2426 esse

537 2460 773 2530 faciatis,
798 2461 997 2531 quibus
1033 2460 1322 2518 saeculares
1375 2457 1516 2517 ﬁlios
1564 2460 1864 2517 antelertis.
1890 2460 2031 2528 Quid
2059 2470 2143 2517 est

536 2554 683 2618 enim
714 2553 860 2617 aliud
884 2568 1047 2625 quam
1071 2552 1389 2623 religionem
1432 2552 1779 2621 interdicere,
1810 2552 1881 2608 ob
1917 2553 2138 2623 religio-

534 2664 663 2706 nem
688 2648 966 2723 despectui
987 2647 1226 2703 habere?

608 2740 700 2799 γι.
736 2740 845 2805 Sed
892 2739 1081 2811 iniusti
1117 2738 1350 2809 fortasse
1387 2737 1669 2795 videamur
1691 2745 1919 2795 cunctos
1944 2753 2141 2810 paren-

539 2843 624 2892 tes
642 2835 699 2893 in
721 2834 828 2893 hoc
848 2834 1068 2903 negotio
1090 2831 1373 2904 aequaliter
1400 2828 1738 2900 accusando,
1770 2846 1894 2887 cum
1933 2831 2141 2887 scilicet

541 2941 651 2983 non
696 2940 888 2983 omnes
950 2925 1068 2996 pari
1121 2931 1286 2994 agant
1338 2922 1620 2992 'uiiquitate
1658 2938 1782 2979 cum
1830 2922 1971 2978 ﬁliis.
2001 2920 2140 2978 Sunt

540 3017 709 3083 extim,
757 3016 930 3084 inquit
974 3015 1189 3094 aliquis,
1221 3022 1349 3070 sunt
1385 3029 1457 3070 ex
1499 3013 1810 3084 parentibus
1847 3014 2004 3069 multi
2045 3013 2140 3083 qui

540 3109 777 3179 aequales
823 3108 946 3164 ﬁliis
999 3109 1114 3165 suis
1159 3106 1361 3164 faciant
1394 3107 1706 3178 portiones;
1730 3106 1835 3162 nisi
1856 3107 2001 3176 quod
2030 3122 2139 3162 una

538 3207 751 3261 tantum
778 3215 874 3257 eos
901 3200 1215 3256 conditione
1238 3200 1567 3265 discernunt,
1601 3198 1750 3273 quod
1772 3199 1829 3255 in
1857 3199 1941 3254 his
1965 3200 2137 3268 parti—

538 3293 643 3353 bus
667 3309 791 3365 quae
828 3292 1098 3361 religiosis
1138 3292 1390 3349 videntur
1427 3280 1642 3356 ascribi,
1675 3307 1832 3348 usum
1855 3289 2044 3359 iubent
2070 3290 2139 3345 ad
2166 3274 2212 3337 C

539 3400 657 3452 eos,
680 3385 1069 3456 proprietatem
1116 3384 1187 3440 ad
1224 3384 1359 3440 alios
1413 3384 1707 3455 pertinere.
1758 3381 1830 3437 At
1867 3397 2001 3438 vero
2035 3383 2143 3439 hoc

539 3458 717 3536 multo
763 3486 850 3537 est
895 3477 1050 3548 pejus
1084 3485 1143 3534 et
1182 3476 1471 3533 iuﬁdelius.
1496 3473 1903 3532 Tolerabilioris
1938 3474 2143 3544 quippe

542 3570 839 3642 impietatis
882 3586 1005 3627 esse
1044 3570 1255 3626 videtur
1301 3586 1425 3626 cum
1452 3568 1790 3640 proprietate
1814 3568 2049 3636 aliquem
2079 3564 2141 3620 ﬁ-

543 3660 631 3716 liis
683 3662 796 3716 suis
841 3662 1019 3715 minus
1067 3662 1406 3729 relinquere,
1439 3675 1602 3729 quam
1644 3660 2031 3728 proprietatem
2075 3659 2141 3713 iis

543 3768 724 3810 rerum
754 3754 971 3825 penitus
998 3752 1231 3809 auferre.
1264 3752 1452 3808 Potest
1471 3752 1617 3808 enim
1647 3752 1989 3821 aliquatenus
2010 3751 2142 3807 ferri

541 3845 649 3905 ist
671 3846 933 3913 conditio,
957 3846 1002 3901 si
1031 3853 1125 3906 aut
1140 3834 1355 3908 amicis,
1389 3852 1485 3900 aut
1502 3841 1774 3910 afﬁnibus,
1802 3852 1895 3899 aut
1920 3845 2140 3916 propin-

539 3938 663 4008 quis
684 3939 788 3995 bac
806 3938 924 4007 lege
951 3937 1153 4009 aliquid
1174 3937 1531 4009 relinquatur.
1557 3935 1707 3991 Filiis
1727 3951 1858 3991 vero
1889 3938 1982 4008 qui
2010 3953 2139 4007 pro-

539 4029 829 4100 prietatem
858 4044 1040 4085 rerum
1062 4046 1172 4085 non
1200 4028 1416 4094 tribuit,
1450 4029 1525 4083 nil
1554 4028 1826 4099 relinquit.
1860 4026 1967 4084 Sed
1991 4030 2140 4085 inve-

543 4124 629 4183 nit
678 4125 1015 4194 iniquissima
1076 4123 1368 4195 inﬁdelitas
1434 4131 1718 4192 parentum
1778 4122 2052 4193 quomodo
2108 4139 2141 4177 a

544 4216 875 4286 patrimonio
894 4230 993 4269 suo
1016 4215 1187 4269 Deum
1205 4216 1429 4284 penitus
1459 4216 1772 4271 excluderet
1788 4257 1802 4279 ,
1835 4216 2142 4286 proprieta-

547 4293 865 4380 tem-rerum
896 4307 1162 4376 religiosis
1184 4304 1305 4361 filiis
1333 4305 1647 4361 auferendo.
1680 4304 1845 4361 Usum
1872 4307 2015 4360 enim
2058 4306 2142 4360 his

542 4398 708 4463 dedit,
740 4407 803 4455 ut
847 4409 991 4455 esset
1026 4414 1136 4470 quo
1188 4398 1292 4469 ipsi
1324 4399 1598 4466 viverent;
1646 4399 2034 4469 proprietatem
2062 4398 2146 4454 his

545 4491 687 4580 tulit,
720 4498 780 4580 ut
804 4490 949 4559 quod
978 4491 1095 4546 Deo
1128 4490 1497 4562 relinquerent
1526 4506 1635 4545 non
1662 4490 1942 4545 haberent.
1974 4488 2019 4544 Ο
2048 4507 2148 4546 no-

545 4578 673 4640 vum
702 4578 1025 4654 inreligiosa!
1046 4583 1242 4638 mentis
1268 4581 1570 4653 ingenium!
1606 4581 1811 4637 invenit
1850 4596 1958 4650 quo
1996 4581 2142 4637 vide-

2245 627 2368 667 nten
2397 629 2505 668 non
2533 613 2713 668 habet.
2748 612 2916 669 Nemo
2944 612 3085 669 enim
3110 623 3291 685 potest
3319 632 3379 672 se
3405 617 3492 672 vel
3518 618 3671 675 brevi
3706 618 3862 675 divi-

2240 713 2348 759 tem
2373 704 2613 772 credere,
2638 706 2731 775 qui
2760 706 2861 761 scit
2888 721 2949 760 se
2973 707 3249 776 proprium
3274 707 3347 761 nil
3372 708 3593 764 habere.

2310 798 2421 853 V11.
2449 798 2594 866 Quid
2646 797 2779 866 agis,
2822 798 3133 854 miserrima.
3151 795 3440 854 inﬁdelitas
3459 808 3514 855 et
3536 799 3859 869 paganiczc,

2240 900 2297 946 ut
2344 892 2420 946 ita
2460 890 2705 957 dixerim,
2738 880 3163 962 inreligiositatis
3207 892 3399 947 error?
3424 890 3576 947 Itane
3629 899 3863 947 tantum

2239 982 2398 1038 odisti
2426 982 2615 1047 Deum,
2648 988 2710 1035 ut
2746 980 2923 1051 possis
2951 980 3116 1036 etiam
3146 980 3284 1037 ﬁlios
3313 989 3433 1037 tuos
3461 981 3531 1036 ob
3570 982 3680 1038 hoc
3728 994 3859 1038 tan~

2241 1084 2353 1130 tum
2397 1075 2524 1144 quia
2566 1072 2634 1129 ad
2663 1073 2832 1129 Deum
2878 1073 3150 1144 pertinent
3196 1091 3307 1130 non
3346 1076 3575 1130 amare?
3616 1073 3863 1130 Meliore

2239 1168 2384 1222 enim
2430 1165 2742 1222 conditione
2775 1165 2995 1237 quidam
3042 1167 3353 1239 relinquunt
3399 1167 3624 1223 libertos
3682 1184 3853 1233 suos,

2239 1276 2401 1331 quam
2432 1267 2491 1315 tu
2524 1256 2782 1330 relinquis
2813 1260 2950 1316 ﬁlios
2979 1268 3123 1317 tuos.
3155 1260 3215 1316 In
3245 1278 3347 1317 usu
3367 1262 3633 1331 siquidem
3662 1262 3856 1334 quoti-

2238 1353 2401 1413 diano
2431 1359 2517 1408 est
2531 1361 2589 1409 ut
2604 1354 2766 1419 servi,
2799 1354 2900 1408 etsi
2927 1370 3034 1410 non
3059 1354 3296 1425 optimm,
3319 1362 3466 1410 certe
3495 1370 3605 1409 non
3636 1354 3855 1427 impro-

2239 1446 2323 1503 ba:
2346 1445 2642 1513 servitutis,
2670 1444 2914 1501 Romana
2940 1462 2971 1503 a
3000 1446 3231 1516 dominis
3260 1446 3508 1502 libertate
3535 1445 3851 1516 donentur;

2241 1541 2295 1596 in
2323 1556 2430 1612 qua
2460 1540 2669 1597 scilicet
2694 1547 2749 1596 et
2774 1541 3164 1612 proprietatem
3191 1540 3387 1611 peculii
3415 1541 3655 1612 capiunt,
3683 1550 3745 1597 et
3759 1542 3854 1611 ius

2240 1634 2706 1690 testamentarium
2730 1642 3172 1704 consequuntur:
3200 1631 3289 1688 ita”
3306 1642 3366 1688 ut
3399 1642 3455 1689 et
3486 1633 3742 1690 viventes
3762 1632 3852 1690 cui

2242 1726 2432 1781 volunt
2477 1740 2567 1780 res
2612 1741 2741 1780 suas
2788 1724 3035 1794 tradant,
3085 1732 3142 1780 et
3193 1726 3489 1782 morientes
3543 1726 3854 1783 donatione

2241 1819 2622 1878 transcribant.
2652 1818 2761 1875 Nec
2799 1818 2975 1874 solum
3010 1819 3148 1884 hoc,
3181 1818 3277 1874 sed
3304 1827 3359 1874 et
3379 1819 3471 1874 illa
3492 1834 3614 1890 qum
3642 1821 3699 1876 in
3727 1836 3851 1877 ser-

2242 1914 2416 1970 vitute
2469 1913 2635 1984 positi
2680 1913 3115 1984 conquisierant,
3165 1928 3234 1968 ex
3284 1900 3630 1969 dominorum
3678 1913 3855 1970 domo

2242 2008 2436 2065 tollere
2481 2023 2591 2064 non
2643 2015 2914 2074 vetantur.
2964 2006 3197 2063 Tantum
3237 2007 3317 2063 eis
3363 2006 3632 2063 interdum
3670 2008 3853 2077 gratia

2240 2103 2272 2143 δ
2292 2098 2538 2175 patrona:
2563 2102 2903 2159 liberalitatis
2929 2103 3191 2174 impertit,
3217 2111 3277 2158 ut
3303 2102 3467 2158 etiam
3487 2102 3599 2173 juri
3627 2118 3731 2158 suo
3749 2102 3850 2159 de-

2244 2197 2424 2252 trahat
2446 2195 2593 2267 quod
2619 2195 2937 2278 libertorum
2961 2194 3204 2251 dominio
3232 2195 3511 2265 largiatur.
3536 2192 3755 2262 Quanto
3770 2233 3790 2261 ,
3812 2211 3851 2251 ο

2220 2289 2484 2360 κιιιιίείιιιὶδ
2504 2288 2595 2344 ille
2614 2303 2673 2343 es
2695 2286 3059 2365 inﬁdelissime
3085 2297 3241 2360 pater
3256 2329 3273 2354 ,
3296 2296 3501 2358 quanto
3530 2287 3734 2344 domini
3766 2289 3849 2345 illi

2242 2384 2444 2439 melius
2461 2398 2587 2439 cum
2606 2381 2814 2438 libertis
2845 2389 3014 2453 agunt
3040 2398 3204 2454 quam
3251 2389 3311 2438 tu
3350 2397 3473 2439 cum
3512 2382 3719 2437 liberis!
3750 2378 3847 2438 illi

2242 2493 2367 2549 quae
2406 2477 2626 2543 donant,
2660 2484 2927 2547 perpetuo
2964 2479 3088 2546 iure
3124 2476 3347 2540 donant,
3382 2483 3440 2531 tu
3476 2476 3845 2546 temper-ario;

2245 2570 2323 2625 illi
2353 2569 2663 2625 testamenti
2690 2567 2925 2624 faciendi
2953 2567 3233 2624 arbitrium
3255 2567 3387 2623 dant
3408 2568 3630 2633 libertis,
3655 2576 3714 2621 tu
3736 2567 3849 2623 tol—

2244 2662 2308 2717 lis
2336 2661 2554 2726 liberis;
2585 2660 2663 2715 illi
2697 2666 2979 2731 postremo
3001 2675 3188 2716 servos
3215 2676 3345 2717 suos
3387 2659 3519 2715 dant
3572 2660 3845 2725 libertati,

2245 2764 2303 2810 tu
2330 2754 2485 2826 quasi
2515 2753 2720 2810 addicis
2748 2753 2888 2810 ﬁlios
2916 2753 3180 2809 servituti.
3213 2752 3351 2807 Nam
3395 2752 3526 2823 quid
3569 2766 3657 2808 esr.
3700 2753 3847 2811 aliud
3895 2783 3899 2786 ν

2242 2860 2406 2915 quam
2444 2845 2690 2901 servituti
2719 2844 3003 2911 addicere,
3042 2859 3180 2914 quos
3207 2859 3317 2900 non
3343 2844 3424 2899 vis
3452 2843 3657 2914 aliquid
3692 2844 3847 2913 quasi

2242 2939 2505 3006 ingenuos
2558 2936 2884 3007 possidere?
2924 2935 3081 2994 More
3123 2950 3256 3006 ergo
3304 2937 3519 2992 illorum
3547 2938 3718 2995 uteris
3752 2937 3846 3007 qui

2242 3047 2429 3087 servos
2469 3047 2597 3088 suos
2618 3058 2623 3063 -
2647 3047 2757 3087 non
2786 3031 2928 3087 bene
2972 3030 3041 3086 de
3092 3046 3157 3098 se
3181 3031 3435 3097 meritos,
3465 3031 3596 3102 quia
3623 3031 3845 3087 civitate

2243 3112 2489 3182 Romana
2516 3126 2761 3195 indignos
2782 3125 3047 3196 iudicant,
3075 3125 3211 3196 iuge
3229 3126 3433 3183 Latinae
3456 3126 3725 3183 libertatis
3751 3126 3845 3183 ad-

2241 3217 2427 3274 dicunt
2460 3238 2471 3271 :
2504 3233 2645 3288 quos
2676 3218 2886 3275 scilicet
2926 3217 3118 3289 iubent
3141 3219 3362 3289 quidem
3399 3219 3501 3275 sub
3529 3219 3843 3276 libertorum

2245 3314 2405 3370 titulo
2452 3327 2615 3382 agere
2660 3313 2929 3378 viventes,
2958 3311 3055 3369 sed
3099 3311 3293 3369 nolunt
3321 3311 3617 3382 quidquam
3646 3313 3845 3370 habere

2245 3408 2557 3463 morientes.
2572 3407 2779 3476 Negato
2796 3406 2943 3463 enim
2959 3407 3043 3463 his
3054 3406 3252 3462 ultimae
3267 3406 3564 3463 voluntatis
3596 3406 3838 3471 arbitrio,

2245 3500 2412 3554 etiam
2437 3486 2558 3569 qua:
2586 3498 2911 3571 superstites
2939 3498 3159 3565 habent,
3187 3498 3485 3555 mirantes
3501 3497 3708 3555 donare
3734 3514 3843 3555 non

2246 3601 2497 3664 pessum.
2509 3595 2670 3665 ξω
2683 3593 2763 3648 ita
2778 3595 2987 3661 ergo’et
3005 3600 3065 3649 tu
3076 3593 3363 3662 religiosos
3374 3592 3512 3650 ﬁlios
3531 3600 3651 3649 tuos
3672 3592 3831 3661 quasi

2247 3682 2469 3740 Latinos
2489 3682 2648 3753 iubes
2673 3699 2793 3739 esse
2821 3684 3073 3751 libertos;
3107 3691 3165 3738 ut
3209 3685 3394 3739 vivant
3436 3684 3641 3740 scilicet
3683 3684 3839 3754 quasi

2247 3779 2481 3847 ingenui,
2506 3786 2561 3834 et
2579 3772 2880 3833 moriantur
2908 3786 2967 3833 ut
2987 3779 3147 3843 servi,
3172 3786 3227 3833 et
3242 3776 3349 3846 iuri
3368 3777 3592 3833 fratrum
3620 3793 3842 3833 suorum

2245 3871 2397 3941 quasi
2425 3885 2525 3941 per
2541 3871 2814 3926 vinculum
2844 3868 3051 3924 Latius
3069 3869 3334 3925 libertatis
3362 3870 3583 3934 astricti,
3606 3871 3777 3925 etiam
3798 3869 3847 3927 si

2247 3962 2498 4019 videntur
2525 3961 2732 4018 arbitrii
2781 3960 2863 4016 sui
2904 3974 3023 4016 esse
3060 3962 3191 4015 dum
3235 3962 3439 4025 vivunt,
3472 3960 3621 4029 quasi
3647 3960 3753 4015 sub
3782 3959 3849 4016 ili-

2248 4054 2425 4109 lorum
2474 4060 2653 4107 tamen
2703 4051 2865 4122 positi
2909 4058 3176 4121 potestate
3205 4051 3522 4107 moriantur.
3554 4049 3694 4118 Quid
3723 4059 3845 4105 tan-

2248 4155 2380 4212 tum,
2433 4162 2636 4216 qumso,
2689 4146 2910 4200 sceleris
2941 4146 2990 4199 in
3036 4145 3190 4201 titulo
3214 4160 3333 4201 esse
3361 4144 3635 4213 religionis
3666 4154 3844 4214 putas,

2249 4247 2309 4291 ut
2337 4237 2459 4293 ideo
2487 4253 2582 4293 eos
2609 4237 2701 4308 qui
2730 4237 2971 4306 religiosi
2989 4245 3117 4291 sunt
3137 4237 3277 4292 ﬁlios
3300 4224 3423 4292 tuas
3449 4250 3571 4292 esse
3591 4251 3699 4292 non
3724 4251 3844 4292 cre-

2250 4328 2366 4393 das,
2391 4329 2517 4399 quia
2548 4326 2643 4383 ﬁlii
2667 4329 2757 4384 Dei
2779 4340 2897 4384 esse
2917 4328 3235 4398 coeperunt?
3257 4326 3313 4382 ln
3329 4343 3436 4398 quo
3453 4327 3551 4383 tibi
3577 4326 3737 4383 bonae
3751 4343 3845 4383 vo-

2252 4422 2473 4477 luntatis
2493 4424 2645 4492 quasi
2666 4423 2878 4493 piaculo
2899 4422 2979 4477 rei
3002 4410 3127 4479 facti
3147 4430 3293 4486 sunt,
3318 4429 3378 4476 ut
3406 4420 3608 4478 idcirco
3628 4436 3727 4477 eos
3743 4430 3849 4492 pu-
3888 4414 3905 4427 ⁷

2253 4522 2333 4569 tes
2362 4514 2639 4592 habendos
2662 4530 2781 4570 esse
2808 4515 3023 4585 peiores
3042 4514 3169 4583 quia
3197 4521 3390 4585 optant
3415 4527 3535 4568 esse
3561 4512 3853 4569 meliores?

2324 4605 2456 4661 VIII.
2482 4606 2592 4663 Sed
2619 4607 2815 4673 dicitis,
2846 4620 2954 4663 non
3003 4620 3069 4661 eo
3099 4621 3128 4660 a
3186 4606 3342 4662 vobis
3361 4603 3542 4660 animo
3577 4605 3683 4661 hoc
3712 4604 3801 4675 agi
3834 4622 3849 4657 :

544 4662 696 4735 retur
722 4673 850 4733 ﬁliis
869 4678 982 4734 suis
1002 4677 1223 4748 maiore
1239 4691 1369 4745 erga
1389 4675 1559 4731 Deum
1582 4691 1679 4731 sua
1709 4676 1987 4747 impietate
2008 4693 2140 4733 con-
2175 4659 2226 4720 Ῑ)
2924 4659 3558 4771 αυίέῇεᾶηιάίξέηιηιθε
3586 4659 3675 4756 ..δέ
3701 4659 3852 4756 ὦηο

548 4766 745 4825 sulem.
801 4770 951 4826 Fecit
1002 4772 1148 4827 enim
1197 4779 1257 4826 ut
1303 4777 1489 4826 sancta
1536 4771 1754 4827 soboles
1784 4788 1937 4827 usum
1962 4788 2145 4829 rerum

546 4858 774 4927 habens,
813 4860 902 4930 ius
944 4878 1125 4918 rerum
1150 4878 1262 4917 non
1302 4862 1526 4930 habens,
1558 4865 1715 4934 quasi
1752 4864 1992 4935 locuples
2020 4866 2143 4937 qui-

545 4953 671 5009 dem
709 4953 941 5020 viveret,
995 4955 1089 5012 sed
1128 4957 1293 5029 quasi,
1331 4956 1578 5014 mendica
1620 4968 1951 5026 moreretur;
1982 4975 2046 5015 ac
2068 4960 2148 5015 sic
2180 4975 2183 4978 '

547 5053 782 5103 testator
807 5045 1209 5102 inﬁdelissimus
1232 5048 1391 5117 plena
1411 5048 1481 5104 de
1507 5049 1612 5104 hoc
1640 5050 1843 5105 mundo
1860 5052 2032 5120 possit
2059 5067 2146 5107 se-

546 5137 779 5195 curitate
802 5136 1101 5203 discedere,
1132 5153 1252 5193 cum
1281 5140 1445 5196 sciret
1464 5139 1532 5195 de
1558 5156 1657 5196 suo
1687 5141 1755 5196 ad
1778 5142 1946 5197 Deum
1984 5144 2139 5214 peni-

544 5216 635 5296 tus
661 5229 951 5304 pervenire
978 5229 1059 5285 nil
1082 5239 1261 5302 posse.
1294 5230 1551 5299 Quamvis
1596 5233 1651 5288 in
1690 5233 1796 5290 hoc
1844 5236 1960 5306 ipso
1999 5235 2149 5307 quod

544 5338 709 5395 supra
732 5322 847 5379 dixi
863 5364 879 5391 ,
911 5338 1012 5395 per
1036 5339 1193 5379 usum
1219 5336 1409 5380 rerum
1428 5324 1667 5396 aliquam
1698 5324 1835 5382 ﬁlios
1863 5327 2146 5397 religiosos

535 5424 711 5487 opum
733 5418 1213 5497 mimaginem
1238 5418 1537 5490 possidere,
1569 5432 1640 5473 ne
1668 5420 1775 5475 hoc
1794 5421 1865 5476 sit
1884 5421 2100 5491 quidem
2128 5440 2142 5474 :

1739 5554 2079 5613 STEPHANI
2116 5561 2390 5619 BALUZII
2428 5560 2657 5618 NOTAE.

551 5642 813 5773 Cogit?
837 5654 1003 5721 magis
1027 5652 1180 5708 deest
1208 5651 1265 5705 in
1284 5650 1577 5706 recentiori
1602 5648 1787 5717 codice
1812 5649 1962 5716 regio
1996 5658 2051 5705 et
2087 5655 2143 5709 in

776 5736 885 5773 me.
1156 5746 1167 5755 -

599 5715 866 5864 Ἡῗέἓὲ
872 5759 1156 5864 legebatur
1194 5811 1213 5844 ’ἶ
1264 5793 1490 5864 Tantum
1540 5792 1615 5864 eis
1647 5791 1908 5864 interdum
1956 5795 2143 5864 gratia

553 5862 764 5935 patroni
790 5858 1075 5915 liberalitas
1116 5865 1362 5933 impertit.
1405 5863 1511 5919 Sed
1545 5863 1683 5917 hanc
1724 5858 2010 5919 lectionem
2048 5880 2137 5927 re-

2251 4795 2432 4857 animo
2460 4810 2492 4849 a
2518 4810 2577 4849 se
2606 4793 2720 4848 ﬁeri
2742 4800 2797 4853 et
2826 4792 3121 4863 impietatis
3146 4791 3357 4848 facinus
3373 4793 3463 4864 pia
3490 4800 3675 4848 metm
3699 4807 3854 4847 con-

2250 4888 2409 4944 mitti.
2444 4886 2582 4955 Quid
2620 4886 2859 4958 prodest,
2885 4900 2919 4941 o
2940 4884 3371 4941 inhumanissimi
3400 4893 3676 4957 parentes,
3699 4884 3853 4953 quod

2251 4985 2393 5039 ﬁlios
2420 4983 2703 5051 religiosos
2728 4982 2875 5037 bono
2903 4996 2935 5035 a
2972 4980 3127 5036 vobis
3150 4979 3477 5036 dehonorari
3507 4980 3690 5035 animo
3708 4994 3853 5035 asse-

2252 5076 2486 5132 veratis?
2513 5074 2620 5131 Res
2641 5075 2757 5145 ipsa
2786 5075 2891 5129 hoc
2910 5073 3135 5144 respuit,
3167 5071 3489 5128 resrefellit.
3534 5070 3734 5127 Parum
3769 5081 3859 5128 est

2252 5169 2399 5240 quod
2424 5167 2582 5224 nudis
2604 5166 2991 5224 assertionibus
3019 5164 3196 5221 dicitis
3222 5182 3233 5217 :
3263 5164 3363 5235 ipsi
3405 5163 3614 5219 actibus
3652 5160 3853 5218 vestris

2250 5272 2440 5321 contra
2464 5279 2563 5319 vos
2592 5269 2758 5317 testes
2787 5261 2937 5317 estis.
2967 5257 3250 5327 indignum
3278 5271 3409 5328 ergo
3430 5255 3771 5321 arbitramini
3794 5264 3853 5312 ιιι

2250 5362 2439 5412 sancta
2467 5370 2530 5410 ac
2550 5354 2749 5425 placita
2774 5352 2885 5406 Deo
2913 5350 3140 5420 pignora
3182 5347 3304 5404 ﬁliis
3330 5348 3534 5404 mundo
3563 5348 3853 5403 servienti-

2251 5450 2351 5504 bus
2374 5446 2794 5517 comparentur?
2839 5442 3037 5499 Verum
3069 5448 3172 5508 est,
3212 5447 3268 5497 et
3294 5441 3434 5497 bene
3460 5440 3800 5495 arbitramini
3832 5457 3848 5494 :

3858 5556 3876 5600 ἰ

2253 5648 2572 5739 ςιιιιιεδιιειειιιιὃ
2598 5670 2742 5710 nunc
2771 5664 2892 5708 esse
2929 5652 3260 5719 censuimus,
3288 5650 3416 5721 quia
3457 5648 3673 5706 codices
3711 5650 3859 5777 regii

2253 5738 2307 5777 et
2334 5727 2681 5777 Gnther-tinus
2724 5738 2935 5777 summo
2957 5737 3227 5777 consensu
3260 5720 3463 5777 habent
3490 5726 3738 5777 patrona
3776 5736 3779 5739 λ
3831 5752 3849 5764 ο

2252 5720 2307 5785 et
2334 5720 2681 5792 Colbertinus
2724 5738 2935 5780 summo
2957 5737 3227 5780 consensu
3260 5720 3463 5778 habent
3490 5726 3738 5792 patrona
3775 5720 3849 5777 Ε-

2251 5788 2555 5857 beralitotis.
