4108 6348
386 306 496 367 113

1522 302 1885 361 ᾹΒῩΕΒΕΠΒ
1923 300 2303 358 AVARITIAM
2342 302 2469 358 LIB.
2510 302 2595 359 111.

3558 306 3664 362 318

385 423 434 483 ti
461 431 645 479 tamen
674 420 899 477 arbitrio
920 420 1023 476 isto
1043 418 1189 490 juste
1214 417 1344 472 etin
1363 416 1634 474 diversum
1655 414 1967 482 uteremini;
1998 419 2046 479 Α
2073 413 2228 470 vobis
2253 413 2453 470 debere
2476 431 2598 472 esse
2625 414 2755 473 dicit
2898 416 3033 473 viles
3071 416 3248 474 facere
3285 419 3555 473 conatur?
3583 417 3662 476 Ac

386 514 440 572 id
469 521 570 580 est,
600 520 661 568 ut
685 510 1073 584 comparandos
1094 510 1250 578 bonis
1279 509 1400 564 ﬁliis
1424 510 1618 575 malos,
1647 517 1703 565 et
1720 515 1972 580 peccato-

385 621 476 665 res
498 606 699 663 sanctis
724 620 834 660 non
862 603 1143 675 putaretis,
1175 612 1230 658 et
1257 603 1350 672 qui
1392 601 1532 672 apud
1568 601 1738 657 Deum
1768 603 1877 657 vita
1905 616 1972 658 ae

385 696 600 756 meritis
637 694 1046 761 antecellerent,
1103 694 1264 751 iidem
1316 693 1455 766 apud
1486 708 1581 749 vos
1607 693 1779 762 gratia
1805 701 1969 763 atque

384 790 595 848 honore
635 796 973 858 superarem.
1027 786 1167 854 Quid
1216 787 1358 842 enen
1396 786 1613 851 rectius,
1642 783 1769 855 quid
1798 784 1969 854 nugis

384 879 583 952 iustum
608 875 771 949 quam
798 886 859 934 ut
879 879 973 948 qui
996 878 1248 933 meliores
1275 886 1417 943 sunt,
1435 877 1596 932 iidem
1615 876 1778 931 etiam
1803 877 1970 932 bonov

382 970 616 1028 ratiores
642 972 854 1037 essent;
882 970 975 1042 qui
997 970 1221 1026 vincunt
1241 968 1471 1039 judicio,
1501 967 1662 1024 iidem
1692 969 1968 1027 vincerent

380 1062 639 1136 praemio;
669 1070 725 1119 et
749 1062 845 1134 qui
890 1063 1150 1116 antistant
1180 1063 1233 1115 in
1263 1059 1563 1129 Etangeiio
1598 1070 1773 1125 sacro,
1806 1058 1965 1115 iidem

336 1212 354 1233 ο
379 1152 599 1226 quoque
634 1153 686 1210 in
733 1153 1059 1211 testamento
1098 1153 1335 1209 humano
1381 1153 1731 1217 antistarent,
1772 1160 1827 1207 et
1865 1152 1967 1209 hac

379 1247 575 1303 salte-
611 1240 685 1301 is
708 1234 1063 1304 conm‘daret
1096 1252 1219 1302 eunt
1250 1245 1523 1301 voluntate
1541 1243 1740 1299 Christi
1768 1258 1964 1315 paren-

379 1344 497 1395 tum
539 1339 712 1409 pietas
754 1352 819 1392 ac
870 1337 1152 1403 voluntas,
1183 1345 1400 1406 utquos
1426 1337 1568 1392 Deus
1587 1336 1967 1413 [imposuisset

380 1428 669 1495 eiectibne;
689 1429 908 1485 eosdem
930 1430 1360 1499 etiamparentes
1385 1434 1777 1500 anteponerent
1801 1428 1969 1498 digni-

379 1522 527 1576 tate?
544 1520 650 1577 Sed
677 1536 787 1578 non
817 1521 991 1577 solum
1020 1521 1125 1577 hoc
1153 1538 1260 1577 nou
1283 1521 1477 1592 agitur,
1507 1522 1664 1594 κι
1686 1516 1783 1579 sed
1804 1522 1859 1577 in
1877 1522 1963 1578 di-

377 1622 592 1669 versum
656 1612 839 1668 omnia
904 1620 1150 1682 aguntur.
1200 1611 1356 1669 Puris
1399 1613 1542 1667 enim
1588 1614 1966 1670 conimaculati

376 1704 781 1774 praeponuntur,
812 1701 1055 1759 ﬁdelibus
1074 1703 1243 1774 impii,
1273 1710 1658 1775 prteponuntur
1683 1703 1868 1767 lumini
1890 1711 1966 1761 ιο-

2072 521 2173 577 per
2198 507 2305 563 hoc
2327 507 2633 577 quicunque
2660 509 2867 564 animas
2890 524 3015 565 suas
3041 508 3317 580 negligunt
3340 549 3354 573 ,
3386 510 3550 565 etiam
3579 510 3661 565 in-

2071 600 2149 656 fra
2185 599 2447 670 judicium
2490 599 2691 655 diaboli
2746 617 2806 659 se
2859 611 3064 659 amant.
3273 600 3404 671 Qua:
3432 618 3555 658 cum
3584 603 3659 660 ita

2069 693 2409 760 sinu-videte
2438 708 2555 759 vos,
2586 695 2680 764 qui
2707 696 2910 765 putatis
2947 696 3227 765 religiosos
3280 696 3523 753 homines
3551 713 3658 754 non

2069 787 2271 843 habere
2316 785 2509 857 quibus
2554 784 2864 855 relinquant
2887 787 3245 843 substantiam
3276 803 3448 851 suam,
3480 786 3658 845 videte

2067 875 2156 931 rei
2179 874 2332 945 juxta
2362 874 2561 932 diaboli
2610 875 2942 946 opinionem,
2974 877 3153 933 videte
3179 877 3227 932 si
3271 860 3380 934 i'ion
3411 864 3654 962 .habent.

2067 967 2162 1040 qui
2187 968 2397 1038 seipsos
2423 967 2642 1025 habent.

2139 1058 2204 1114 Χ.
2241 1059 2501 1115 Sui'iicere
2519 1058 2738 1130 quidem
2767 1059 2834 1114 ad
2867 1060 3007 1115 hanc
3034 1062 3237 1131 negotii
3264 1063 3567 1132 portionem
3591 1060 3655 1118 de

2067 1166 2175 1221 qua
2204 1166 2346 1207 nunc
2372 1150 2567 1218 agitur,
2607 1149 2724 1206 hac
2757 1164 2878 1219 quin
2926 1151 3040 1220 jam
3081 1151 3316 1207 diximus
3342 1155 3473 1209 satis
3512 1152 3654 1209 arbi-

2069 1250 2215 1308 tror;
2238 1239 2266 1279 ἀ
2297 1241 2350 1297 id
2376 1250 2478 1307 est,
2508 1240 2656 1310 quod
2683 1255 2997 1312 prmponere
3019 1242 3203 1309 vitam,
3216 1258 3388 1313 spem,
3406 1244 3657 1299 salutem-

2066 1350 2173 1407 que
2199 1343 2436 1389 vestram
2462 1334 2672 1391 cunctis
2716 1334 2939 1391 omnino
2989 1335 3152 1391 rebus
3187 1342 3351 1406 atque
3378 1335 3656 1394 aiiectibua

2065 1426 2327 1483 debeatis.
2359 1424 2465 1482 Sed
2494 1425 2705 1483 ostendi
2730 1425 2783 1481 id
2810 1426 2963 1482 vobis
2992 1425 3214 1482 forsitan
3252 1443 3360 1482 non
3387 1428 3517 1483 solis
3544 1428 3653 1483 vir-

2068 1517 2271 1575 tutibus
2293 1532 2494 1583 rerum,
2525 1517 2619 1573 sed
2643 1517 2807 1579 etiam
2839 1518 3248 1585 auctoritatibus
3287 1518 3654 1588 exemplorum

2065 1609 2403 1666 desideratis.
2436 1610 2648 1668 Possim
2687 1610 2905 1680 quidem
2937 1611 3119 1669 dicere
3163 1611 3366 1681 majora
3396 1611 3655 1682 exemplis

2066 1701 2318 1759 omnibus
2354 1702 2452 1758 Dei
2496 1712 2520 1739 ο
2551 1717 2671 1759 esse
2713 1701 2987 1769 mandata,
3014 1703 3303 1758 clamantia
3330 1703 3570 1772 quotidie
3600 1702 3653 1758 in

376 1794 575 1859 ηοω-ε,
624 1795 957 1866 praeponitur
1001 1806 1145 1850 terra
1192 1795 1352 1861 ccio,
1382 1796 1713 1866 prwonitur
1732 1796 1962 1852 mundus
1993 1805 2040 1868 Β
2065 1792 2212 1848 omni
2242 1793 2442 1848 mundo
2477 1812 2489 1847 :
2516 1791 2698 1848 Nolite
2718 1793 3069 1849 ιιιεωανὶωκ
3099 1791 3238 1877 satis
3279 1793 3543 1849 thesauros
3598 1795 3652 1848 111

376 1884 489 1941 Deo
521 1904 534 1939 :
567 1891 624 1941 et
660 1899 920 1943 evasuros
956 1901 1015 1942 se
1056 1886 1361 1957 hujusmodl
1390 1894 1644 1957 parentes
1663 1888 1748 1944 vel
1775 1887 1829 1943 in
1857 1888 1964 1945 hoc

375 1977 495 2033 solo
519 1976 787 2046 judicium
808 1976 904 2034 Dei
929 1978 1215 2043 aestimant,
1247 1980 1339 2050 qui
1361 1979 1564 2035 cultum
1591 1978 1685 2034 Dei
1705 1987 1762 2035 et
1787 1978 1963 2049 digni-

373 2072 544 2125 tatem
570 2068 759 2137 judicii
787 2066 870 2123 sui
893 2068 1208 2138 indignitate
1234 2072 1593 2126 conculcaut?

444 2158 538 2215 lX.
555 2158 662 2217 Sed
682 2161 932 2217 videlicet
954 2172 1062 2219 non
1081 2170 1394 2232 contemptu
1405 2162 1499 2217 Dei
1517 2163 1703 2221 dicunt
1717 2172 1968 2233 parentes

374 2253 493 2308 hinc
519 2267 550 2306 a
578 2264 639 2308 se
669 2248 804 2317 ileri,
839 2246 934 2307 Sed
956 2252 1119 2307 causa
1145 2261 1308 2323 atque
1327 2255 1557 2308 ratione.
1575 2254 1781 2323 Quibus
1801 2256 1964 2322 enim,

374 2344 642 2414 inquiunt,
655 2343 901 2399 relictam
912 2342 1268 2398 substantiam
1278 2343 1517 2399 relicturi
1530 2353 1653 2400 sunt
1671 2355 1695 2381 ⁸
1711 2344 1848 2401 illius
1860 2361 1966 2402 non

373 2435 675 2491 habentes?
690 2435 873 2490 Dicam
883 2436 1078 2504 quibus
1093 2452 1107 2488 :
1127 2433 1237 2490 Nec
1245 2436 1538 2493 nominabo
1551 2453 1647 2493 eos
1659 2448 1795 2508 quos
1805 2452 1965 2511 supra

378 2526 513 2594 dixi,
536 2536 801 2596 pauperes
829 2522 944 2591 Dei;
969 2538 1075 2581 non
1104 2527 1326 2593 alienos,
1345 2528 1437 2583 aut
1464 2529 1621 2599 longe"
1642 2531 1864 2600 positos,
1894 2546 1966 2589 ne

379 2617 573 2673 durum
584 2616 1034 2691 autiubumanuin
1056 2617 1467 2675 Iortevideatur.
1484 2621 1607 2676 Illos
1619 2621 1742 2677 dico
1767 2623 1962 2680 charos

375 2715 434 2765 et
457 2707 776 2775 individuds,
807 2716 865 2763 et
882 2720 1019 2779 quos
1046 2719 1192 2765 recte
1217 2711 1379 2764 etiam
1399 2722 1496 2768 vos
1523 2713 1619 2782 qui
1646 2714 1844 2769 multas
1869 2729 1959 2770 so-

372 2800 529 2857 boles
556 2792 784 2867 habetis,
819 2794 940 2855 iiiiis
962 2801 1259 2856 antefertis.
1282 2801 1431 2872 ipsos
1457 2818 1534 2868 se,
1568 2805 1817 2874 inquam,
1855 2807 1974 2862 bo-v

370 2890 564 2958 mines,
614 2907 649 2947 ο
704 2890 1058 2949 iniidelissiml
1105 2902 1374 2964 parentes,
1423 2895 1568 2965 ipsos
1604 2911 1684 2961 se,
1716 2898 1955 2968 inquam,

368 2983 614 3041 dicimus.
630 2982 878 3055 Nunquid
900 2991 1079 3055 potest
1094 2985 1315 3040 cuilibet
1334 2986 1625 3056 quidquam
1640 2988 1820 3057 seipso
1840 3003 1963 3058 pro-

370 3074 514 3147 pius,
536 3075 776 3146 nunquid
796 3075 1011 3131 cbarius
1040 3076 1306 3131 inveniri?
1334 3075 1497 3132 Suam
1539 3080 1827 3150 unicuique
1864 3094 1959 3136 ve-

2066 1890 2203 1936 terra
2259 1898 2278 1934 :
2327 1883 2674 1939 thesaurisate
2706 1893 2890 1947 autem
2936 1882 3074 1940 vobis
3124 1884 3387 1939 thesauros
3434 1886 3487 1939 in
3528 1885 3653 1941 ctzle

2065 1972 2280 2045 (Matth.
2307 1974 2481 2040 v1.19,
2502 1975 2613 2045 ΞΟ).
2628 1973 2698 2031 Et
2721 1976 2849 2030 alibi
2876 1994 2888 2029 :
2914 1974 3242 2050 Quicunque
3261 1977 3411 2033 homo
3431 1978 3655 2032 sentina-

2064 2072 2209 2134 verit,
2243 2069 2354 2124 hac
2396 2078 2445 2122 et
2481 2079 2637 2124 ntetet
2676 2068 2826 2139 (Gal.
2852 2084 2922 2135 vi,
2948 2071 3034 2139 7).
3067 2071 3197 2138 Quae
3227 2072 3412 2141 utique
3442 2080 3551 2127 tam
3585 2070 3655 2128 ad

2067 2160 2254 2216 mundi
2301 2161 2549 2217 homines
2599 2175 2761 2231 quam
2785 2161 2850 2217 ad
2898 2161 3013 2227 Dei,
3048 2173 3154 2218 tam
3182 2163 3249 2217 ad
3276 2179 3372 2219 eos
3396 2164 3489 2232 qui
3518 2162 3656 2219 ﬁlios

2068 2253 2268 2309 habent
2304 2266 2469 2324 quam
2514 2252 2582 2309 ad
2619 2262 2715 2309 eos
2748 2253 2840 2323 qui
2888 2266 2994 2309 non
3034 2254 3251 2319 habent,
3282 2269 3436 2324 .eque
3486 2255 3654 2325 perii.

2068 2353 2230 2411 nent;
2252 2347 2378 2416 quia
2395 2361 2516 2402 cum
2533 2346 2703 2403 vitam
2730 2354 2986 2403 aeternam
3004 2348 3183 2403 cuncti
3209 2347 3516 2404 desiderent
3533 2360 3657 2420 pos-

2065 2438 2262 2505 sidere,
2292 2454 2401 2494 non
2431 2446 2515 2494 est
2534 2438 2754 2495 dubium
2785 2438 2931 2508 quod
2986 2440 3077 2497 ubi
3128 2455 3228 2512 par
3280 2440 3656 2498 universorum

2063 2538 2251 2586 volun
2272 2537 2356 2585 est
2374 2529 2444 2585 ad
2470 2529 2774 2586 habendum
2790 2571 2805 2597 ,
2835 2544 3021 2602 parem
3049 2546 3168 2589 esse
3193 2540 3378 2589 curam
3406 2530 3655 2588 omnibus

2062 2622 2130 2677 ad
2158 2623 2574 2693 promerendum
2600 2640 2616 2689 ;
2657 2634 2761 2679 nec
2800 2623 3060 2681 interesse
3086 2624 3154 2681 ad
3182 2624 3480 2693 augendam
3514 2623 3655 2679 divi-

2061 2729 2256 2769 norum
2283 2715 2572 2770 verborum
2597 2697 2995 2781 auctoritatem,
3022 2716 3279 2787 impleant
3300 2732 3365 2772 ea
3385 2718 3652 2781 homines,

2060 2819 2260 2860 annon
2297 2804 2588 2875 impleant;
2628 2805 2758 2874 quia
2796 2806 3050 2863 virtutem
3092 2821 3280 2861 eorum
3328 2821 3395 2860 ex
3445 2806 3656 2862 Domini

2060 2907 2271 2953 certum
2302 2905 2387 2953 est
2412 2907 2666 2954 constare
2687 2912 2920 2968 persona
2944 2938 2959 2965 ,
2989 2914 3096 2955 non
3125 2912 3191 2953 ex
3219 2914 3499 2954 servorum
3528 2900 3657 2957 obe-

2061 2987 2266 3043 dientia
2300 3006 2314 3042 :
2346 3004 2449 3044 nec
2501 2988 2623 3044 addi
2670 2989 2750 3046 eis
2780 3005 2881 3047 nec
2918 2972 3180 3047 decedere
3204 2990 3404 3054 alinuid
3437 3008 3531 3055 per
3558 3009 3656 3050 nos

2061 3085 2263 3149 potest,
2295 3093 2525 3148 quorum
2564 3079 2741 3137 honor
2784 3096 2882 3152 per
2927 3089 3205 3138 auctorem
3241 3077 3413 3139 Deum
3443 3099 3656 3155 semper

366 3173 537 3222 stium
566 3166 819 3232 animam,
850 3178 1001 3222 suam
1042 3167 1294 3233 salutem,
1323 3182 1474 3223 suam
1502 3183 1655 3238 spem
1680 3182 1958 3225 commen-
1986 3170 2033 3252 δ
2061 3171 2286 3241 aqualis
2309 3181 2411 3227 est.
2580 3180 2759 3229 tamen
2783 3174 2829 3229 si
2848 3173 3086 3243 adjuvari
3113 3190 3173 3231 se
3199 3176 3361 3231 etiam
3391 3177 3653 3247 exemplis

365 3259 575 3314 damus.
602 3257 668 3313 Et
693 3259 813 3329 pios
842 3270 940 3314 vos
958 3266 1079 3314 esse
1102 3258 1301 3325 dicitis,
1332 3257 1360 3297 δ
1380 3260 1506 3328 quia
1534 3256 1674 3315 ﬁlios
1698 3260 1958 3331 diligitis?
2061 3263 2343 3320 hominum
2371 3256 2606 3321 humana
2632 3275 2789 3337 optat
2817 3266 3122 3334 inﬁrmitas,
3152 3269 3359 3324 scilicet
3385 3280 3497 3338 quo
3518 3268 3652 3324 iaci-

366 3349 509 3405 Nihii
536 3350 696 3421 plane
722 3349 907 3405 durius
934 3350 1109 3415 vobis,
1132 3350 1266 3405 nihil
1292 3350 1652 3418 inhumanius,
1684 3353 1816 3409 nihil
1846 3362 1955 3409 tam

363 3442 561 3508 rerum,
595 3442 727 3498 nihil
749 3448 858 3499 tam
888 3443 1112 3515 impium
1137 3444 1242 3500 dici
1268 3451 1480 3516 potest,
1504 3460 1533 3499 a
1562 3446 1757 3516 quibus
1781 3447 1953 3518 impe-

364 3535 499 3589 trari
528 3534 749 3590 omnino
775 3548 884 3591 non
912 3541 1091 3606 potest
1111 3544 1172 3591 ut
1198 3552 1296 3593 vos
1321 3538 1468 3609 ipsos
1492 3539 1701 3595 ametis.
1733 3538 1949 3607 Pellem,

362 3622 540 3694 inquit
564 3622 809 3681 diabolus
838 3627 891 3681 in
921 3625 1213 3698 Scripturis
1237 3629 1407 3685 sacris
1429 3668 1445 3695 ,
1476 3629 1661 3700 pellem
1688 3646 1784 3701 pro
1820 3630 1955 3701 pelle

361 3720 413 3771 et
438 3704 621 3771 cuncta
648 3733 762 3790 quis
789 3718 940 3773 habet
960 3720 1113 3775 homo
1139 3719 1283 3776 dabit
1301 3737 1396 3791 pro
1435 3723 1613 3776 anima
1640 3738 1737 3776 sua
1787 3722 1947 3793 (Job.

361 3822 418 3873 ll,
450 3805 527 3881 ὅ).
559 3807 970 3866 Βίιθᾱῑῆεἰωαω
1000 3824 1118 3867 esse
1139 3812 1371 3866 animam
1388 3824 1541 3867 suam
1560 3813 1765 3867 homini
1787 3813 1949 3867 etiam

362 3897 608 3954 diabolus
634 3914 743 3954 non
774 3902 1016 3969 negavit;
1046 3909 1101 3955 et
1135 3902 1229 3969 qui
1270 3910 1517 3957 avertere
1546 3905 1766 3958 omnino
1813 3919 1949 3958 cun-

364 3992 483 4043 ctos
513 3988 579 4043 ab
600 3988 793 4045 aiiectu
815 3993 1115 4045 animarum
1136 4000 1352 4045 suarum
1382 3995 1588 4057 nititur,
1607 3988 1749 4048 idem
1771 4002 1950 4049 tamen

367 4078 707 4135 charissimas
734 4096 852 4138 esse
878 4082 1078 4137 debere
1107 4090 1127 4122 α
1158 4084 1367 4137 cunctis
1396 4085 1602 4139 animas
1643 4086 1947 4142 conﬁtetur.

365 4162 499 4235 Quis
525 4168 655 4239 ergo
685 4169 834 4227 furor
862 4181 963 4237 est,-
997 4172 1129 4228 viles
1149 4182 1179 4227 a
1205 4174 1359 4229 vobis
1387 4176 1601 4230 animus,
1624 4184 1830 4233 vestras
1848 4178 1948 4233 ba-

361 4260 478 4316 beri
496 4302 516 4330 ,
540 4277 675 4332 quas
704 4264 877 4319 “etiam
905 4263 1151 4321 diabolus
1179 4273 1333 4336 putat
1351 4280 1471 4323 esse
1490 4270 1754 4338 pretiosas
1769 4271 1795 4323 ἲ
1819 4266 1949 4336 Quis

359 4350 513 4407 furor
548 4362 648 4420 est,
680 4350 821 4410 viles
844 4369 873 4409 a
897 4355 1049 4411 vobis
1076 4354 1267 4412 haberi
1289 4358 1427 4427 quas
1447 4359 1613 4413 etiam
1639 4356 1729 4416 ille
1756 4362 1947 4419 charas

2058 3358 2163 3415 lius
2209 3359 2376 3415 etiam
2418 3359 2535 3430 ipsa
2582 3377 2726 3417 nunc
2772 3360 2934 3417 iaciat
2960 3374 3080 3432 quis
3131 3363 3268 3418 alios
3309 3362 3499 3419 fecisse
3526 3371 3652 3420 ante

2054 3461 2365 3524 cognoscat,
2399 3455 2735 3511 ostendimus
2759 3457 2936 3539 primo
2965 3457 3101 3511 libro
3143 3455 3160 3494 ί
3190 3457 3307 3510 haec
3334 3470 3453 3526 qua:
3482 3456 3647 3511 etiam

2058 3561 2206 3603 nunc
2250 3546 2320 3602 ab
2358 3547 2649 3616 aliquantis
2678 3544 2878 3602 Christi
2927 3547 3287 3603 imitatoribus
3324 3546 3487 3613 ﬁunt,
3539 3563 3647 3604 non

2057 3637 2422 3706 mediocriter,
2446 3638 2541 3694 sed
2570 3637 2939 3704 abundanter;
2971 3653 3074 3696 nec
3098 3654 3129 3694 a
3158 3639 3520 3710 paucissimis,
3552 3637 3648 3695 sed

2055 3745 2087 3784 a
2108 3727 2357 3800 populis;
2389 3730 2574 3786 necab
2595 3730 3000 3800 antiquissimis,
3026 3731 3120 3787 sed
3150 3747 3287 3801 pene
3317 3746 3347 3785 a
3380 3731 3646 3786 recentis-

2054 3823 2207 3879 simis
2234 3836 2410 3893 nuper
2431 3837 2553 3879 esse
2578 3823 2867 3893 completa.
2899 3822 3059 3894 263
3089 3824 3226 3889 Quid
3266 3824 3409 3877 enim
3440 3823 3565 3876 novi
3593 3830 3647 3875 et

2055 3913 2233 3967 adhuc
2266 3926 2438 3982 prope
2466 3913 2521 3967 in
2549 3913 2721 3967 oculis
2759 3913 3040 3967 constituti
3078 3913 3447 3980 apostolorum
3484 3913 3648 3966 Actus

2056 4000 2381 4069 loquuntur?
2411 3997 2623 4062 Omnes,
2657 4002 2902 4069 inquam,
2944 4003 3029 4072 qui
3058 3999 3361 4065 credebant,
3393 4000 3649 4056 habebant

2057 4094 2114 4146 in
2142 4106 2301 4146 unum
2342 4094 2520 4147 omnia
2553 4094 2854 4166 peremnia
2881 4092 3030 4166 (Act.
3058 4108 3115 4158 n,
3147 4092 3270 4161 μ).
3308 4092 3375 4146 Et
3402 4094 3595 4148 iterum
3626 4112 3641 4146 :

2058 4182 2247 4238 Gratia
2282 4196 2483 4257 quoque
2516 4184 2711 4254 magna
2744 4188 2933 4241 eratin
2959 4184 3073 4242 illi!
3089 4185 3363 4243 oneribus:
3393 4204 3485 4242 nec
3505 4189 3643 4242 enim

2054 4275 2325 4347 quisquam
2353 4284 2507 4346 egens
2533 4285 2646 4331 erat
2672 4277 2806 4331 inter
2835 4276 2973 4333 illos.
3021 4275 3321 4352 Quicunque
3356 4281 3493 4333 enim
3522 4295 3644 4350 pos-

2052 4382 2279 4423 sessores
2304 4369 2617 4440 pradicant
2642 4384 2707 4423 ac
2724 4370 2995 4427 timuerunt
3009 4379 3181 4437 eram;
3209 4371 3486 4427 uendentes
3512 4372 3644 4442 atre-

1526 4467 1857 4528 STEPHANI
1897 4473 2029 4530 BAL
2037 4476 2167 4532 UZII
2207 4476 2435 4534 NOTE.

434 4557 794 4642 ﬁllinc‘crg‘o
812 4568 964 4642 patet
1005 4560 1173 4642 fuisse
1218 4570 1333 4637 tum
1379 4579 1551 4634 genus
1582 4566 1861 4624 hominum
1890 4569 1942 4623 in
1972 4571 2023 4630 D
2048 4570 2256 4628 dicibtts
2278 4574 2439 4642 regiis
2467 4575 2594 4631 etin
2624 4566 2957 4635 Coibet‘tino.

354 4615 599 4685 Ecclesia
624 4615 925 4755 iniiib‘eris
953 4615 1060 4687 non
1086 4615 1557 4705 oa'baiii’bp‘éiii‘d,

354 4698 463 4755 lem
491 4712 599 4755 non
677 4702 919 4755 abituros
943 4704 1449 4755 constabat-statim
1475 4721 1541 4755 ac
1580 4715 1785 4755 mnum
1819 4711 1943 4755 vim

354 4698 463 4756 lem
491 4712 599 4755 non
639 4698 919 4757 habituros
943 4704 1248 4759 constabat.
1266 4698 1449 4761 statim
1475 4698 1553 4762 ac
1580 4698 1785 4764 certum
1819 4698 1943 4766 vita:

354 4784 529 4841 genus
551 4769 944 4842 proﬁtebantur
989 4774 1134 4842 quod
1184 4782 1298 4831 tum
1344 4777 1399 4832 in
1428 4793 1527 4832 usu
1571 4786 1706 4834 erat.
1739 4778 1797 4834 111
1838 4781 1943 4837 hoc

353 4856 586 4910 numero
631 4850 787 4897 erant
827 4843 1030 4910 clerici,
1086 4846 1337 4901 monachi
1387 4856 1441 4903 et
1478 4850 1939 4907 sanctimoniaies.

354 4905 512 4988 Unde
539 4928 757 4988 rursum
781 4905 1051 4988 colligitur
1072 4910 1424 4988 vehementer
1452 4932 1635 4974 errare
1676 4905 1936 4988 Baieum',

353 4982 475 5108 επὶ]
503 4982 679 5039 miihi
705 4980 835 5038 vita?
878 4980 1149 5041 intonavit
1193 4988 1517 5044 auctoritate
1572 5006 1638 5045 ex
1685 4980 1940 5047 Salviano

481 5058 590 5108 usa.
629 5053 710 5108 uti
748 5054 959 5108 dictum
982 5062 1066 5108 est
1092 5071 1254 5108 snnra
1286 5059 1338 5108 in
1370 5060 1511 5108 notis
1552 5061 1618 5108 ad
1647 5075 1770 5108 naa-
1816 5061 1934 5108 1119-

481 5058 590 5123 pta,
629 5053 710 5108 uti
982 5062 1255 5129 estsupra
1286 5059 1343 5129 in
1368 5060 1511 5129 notis
1552 5061 1619 5115 ad
1647 5075 1770 5129 pag.
1816 5061 1935 5116 109.

308 5120 716 5206 ’Hieronymus
763 5124 816 5208 in
845 5124 982 5179 libro
1014 5120 1287 5209 adversus
1333 5120 1680 5211 Vigilantium
1799 5129 1942 5253 Quid

352 5195 552 5253 facient
575 5192 804 5249 Orientis
824 5193 1092 5253 Ecclesia.
1124 5198 1248 5253 autd
1269 5196 1509 5253 .Eaunts.
1550 5208 1601 5253 et
1639 5196 1775 5253 sedis
1850 5216 1941 5253 oo-

351 5192 804 5272 facient'Orientis
824 5193 1092 5272 Ecclesia,
1124 5198 1248 5272 quid
1269 5196 1343 5251 1E
1348 5192 1526 5272 gy'pti,
1550 5208 1601 5253 et
1639 5196 1775 5254 sedis
1799 5192 1839 5253 Ᾱ
1846 5216 1941 5272 ρο-

350 5263 572 5330 siolicte,
605 5267 1086 5340 quqautm'rgines
1114 5263 1626 5340 clericos'a'e'cipiunt
1664 5279 1753 5325 aut
1778 5263 1946 5327 conti-

351 5342 536 5403 ttentes
570 5334 661 5389 aut
681 5336 726 5390 si
754 5334 956 5391 uaores’
968 5334 1256 5403 habuerint,
1291 5334 1484 5396 mariti
1509 5357 1621 5398 esse
1642 5341 1899 5397 desistunt
1923 5346 1947 5398 ?

340 5464 367 5483 λ
422 5402 458 5483 ιζ
472 5402 617 5483 Hinc
639 5413 731 5483 est
755 5405 914 5483 lectio
935 5406 1134 5483 codicis
1157 5402 1473 5483 Coibcrtini.
1497 5408 1553 5483 In
1580 5413 1743 5483 regiis
1764 5422 1942 5471 autem

349 5472 552 5558 legitur
584 5493 596 5528 :
631 5472 768 5558 Quia
791 5474 952 5558 ‘ﬁl‘ios
980 5476 1231 5558 iﬁligatis.
1264 5479 1374 5536 Nisi
1402 5481 1546 5554 quod
1569 5472 1672 5553 pro
1689 5485 1809 5558 quia
1849 5500 1935 5542 re-

350 5545 777 5630 centioruregius
791 5544 1084 5630 liabetgui.‘

429 5625 451 5654 ο
494 5612 790 5679 Editiones,
823 5612 1019 5670 cunctis
1040 5634 1162 5672 suas
1182 5623 1408 5677 animus.
1440 5621 1644 5678 Verum
1672 5640 1777 5678 vox
1813 5642 1936 5681 suas

350 5686 592 5761 deestjn
631 5686 882 5761 omnibus
907 5687 1139 5761 antiquis
1154 5692 1576 5761 exemplaribus.

428 5756 456 5795 ά
496 5756 621 5813 liceo
656 5756 818 5813 verba
851 5771 1020 5826 usque
1051 5758 1115 5810 ad
1144 5757 1250 5812 Sed
1290 5756 1493 5816 ostendi
1520 5763 1712 5817 desunt
1740 5763 1794 5818 in
1841 5780 1933 5821 co-

2121 4652 2146 4680 ε
2185 4643 2449 4718 quboc
2488 4646 2610 4702 loco
2653 4642 2995 4718 interiacent,
3036 4646 3103 4706 ea
3130 4651 3189 4705 in
3214 4652 3363 4707 nullo
3394 4662 3637 4707 veterum

2046 4715 2437 4785 exemplarium
2467 4726 2684 4775 exstant
2710 4715 2905 4788 quibus
2927 4715 3028 4779 nos
3048 4722 3267 4777 utimur.
3297 4720 3417 4786 Quo
3437 4722 3640 4781 factum
3674 4732 3685 4741 ‘

2046 4792 2129 4838 est
2156 4794 2213 4840 ut
2242 4801 2305 4841 ea
2336 4788 2712 4845 sustulerinus
2736 4791 2786 4843 in
2808 4793 3040 4848 secunda
3064 4791 3320 4846 editione.
3345 4790 3497 4848 Nunc
3509 4810 3642 4851 vero

2046 4870 2262 4930 cumea
2289 4858 2622 4930 reperiamus
2672 4860 2725 4913 in
2774 4875 2835 4915 ea
2865 4874 3027 4930 quam
3065 4859 3302 4917 Joannes
3348 4860 3643 4920 Sichardus

2044 4925 2516 5001 publicavit,_qu:e
2546 4934 2631 5001 est
2659 4925 2900 5001 omnium
2932 4932 3126 5001 prima,
3160 4941 3217 4988 et
3258 4947 3368 4989 non
3407 4936 3517 4990 sint
3556 4936 3637 4988 in-

2045 4994 2206 5071 digna
2235 4994 2512 5071 Salviano,
2543 4999 2745 5071 placuit
2772 5000 2859 5056 illa
2892 4994 3153 5071 révocare
3184 5004 3236 5060 in
3268 5013 3493 5062 textum.
3530 5004 3639 5058 Dn-

2085 5064 2336 5147 lexhaud
2361 5066 2525 5147 dubie
2543 5064 2651 5125 iuit
2672 5070 2837 5127 editio
2854 5066 3049 5147 herum
3062 5074 3323 5147 librorum
3339 5077 3502 5147 etiam
3523 5089 3641 5147 arvo

2048 5134 2306 5211 Sabiapi,
2340 5138 2491 5211 prior
2511 5136 2564 5194 in
2594 5157 2702 5211 qua
2740 5136 3080 5211 segmentum
3129 5142 3257 5200 illud
3288 5152 3341 5199 et
3371 5146 3474 5197 alia
3507 5140 3642 5196 noii-

2043 5203 2191 5259 nuiia
2217 5204 2286 5260 de
2314 5203 2508 5281 quibus
2532 5203 2672 5267 infra
2686 5203 3128 5279 non'exstabant,
3163 5231 3231 5269 ex
3260 5229 3367 5281 qua
3395 5212 3639 5281 derivata

2048 5279 2529 5357 sunt‘edxcmplaria
2561 5292 2764 5352 nostra,
2797 5284 2903 5357 alia
2925 5286 2979 5340 in
3008 5286 3203 5357 quibus
3223 5279 3525 5357 exstabant.
3554 5279 3644 5357 Sic

2049 5340 2191 5427 apud
2221 5338 3349 5427 LactantiuinLexemp'iiicausiﬁirnonnulia
3373 5351 3567 5427 desunt
3589 5353 3643 5406 in

2048 5416 2369 5484 quibusdam
2417 5416 2689 5497 codicibus
2727 5416 3176 5497 qua:__propterea
3221 5418 3465 5497 nonnulli
3514 5434 3645 5476 cen-

2048 5497 2273 5543 suerunt
2306 5504 2415 5545 non
2463 5508 2582 5550 esse
2622 5488 2912 5558 Lactantii,
2953 5488 3226 5613 gnamvis.
3248 5488 3393 5545 illius
3433 5504 3550 5547 esse
3588 5498 3643 5557 et

2048 5558 2219 5613 stvlus
2277 5569 2335 5613 et
2378 5564 2468 5613 alii
2522 5565 2741 5613 codices
2791 5571 2947 5613 osten
2988 5572 3081 5613 ere
3126 5566 3257 5613 satis
3312 5560 3525 5613 abunde
3560 5561 3643 5613 vi-

2044 5558 2219 5681 gtyluls
2277 5569 2335 5616 et
2378 5564 2468 5619 alii
2522 5565 2741 5621 codices
2791 5558 3081 5620 ostendere
3126 5559 3257 5617 satis
3312 5560 3525 5621 abunde
3560 5561 3643 5621 vi-

2081 5643 2181 5681 ean
2209 5647 2293 5681 lll'.

2081 5638 2293 5686 cantur.

2120 5699 2139 5738 τ
2168 5701 2302 5755 Vide
2325 5718 2483 5772 supra
2515 5716 2636 5774 pag.
2662 5701 2785 5755 250.
