4108 6348
540 290 645 346 ais
864 356 873 365 δ
1346 364 1351 365 ί
1488 285 1544 340 s.
1587 279 1901 340 suum
1939 280 2396 339 MASSILIENSIS
2434 282 2857 341 PRESBYTER]
3662 266 3823 352 ἐίς

538 405 721 459 rebant
740 406 906 476 pretia
934 405 1264 468 venditorum,
1295 410 1346 456 et
1373 401 1632 472 ponebant
1652 409 1774 455 ante
1800 399 1954 471 pedes
1991 416 2117 470 apo-
2143 399 2200 460 Α
2223 400 2360 455 terni
2400 402 2571 470 gratia
2618 401 3020 459 communicare
3066 418 3193 461 cum
3235 410 3392 476 patre
3426 413 3618 479 postea
3656 411 3821 473 bona

536 497 787 552 stolarum
817 496 951 569 (Act.
983 491 1054 562 iv,
1078 493 1290 565 εδδ-55).
1324 493 1463 548 Alibi
1490 508 1708 562 quoque
1740 490 1849 545 :Et
1875 507 2025 546 nemo
2048 506 2114 545 ea;
2217 494 2405 553 relicta
2444 496 2642 567 cupiat,
2672 511 2782 552 non
2806 497 3036 553 valebit.
3055 494 3087 536 δ
3113 496 3369 555 Reddere
3383 500 3647 573 siqddem
3674 513 3820 576 post

534 606 596 643 eo
616 589 753 661 quod
770 586 1075 659 possidebat,
1105 603 1253 641 suum
1278 588 1545 658 proprium
1564 602 1677 640 esse
1699 583 1902 639 dicebat
1924 583 2117 657 (Ibid.,
2214 595 2444 644 mortem
2470 589 2611 659 patri
2637 590 2811 659 pietas
2837 587 2933 645 ﬂii
2958 605 3068 646 non
3091 590 3311 660 poterit,
3341 592 3489 662 quid
3508 595 3817 667 unicuiqn

535 679 646 752 52).
671 680 844 751 Atque
872 680 976 734 hoc
1002 695 1110 735 non
1134 694 1335 749 parvus
1370 678 1705 734 credentium
1730 674 2017 742 numerus;
2042 692 2117 732 ne
2214 678 2487 735 indevotio
2515 682 2613 736 sua
2637 687 2695 735 et
2722 678 3008 736 inﬁdelitas
3030 679 3328 749 denegarit.
3354 680 3613 755 Ideoque,
3641 684 3813 755 juxta

531 728 694 842 quem
715 728 939 837 forsitan
968 728 1499 841 minusrscriptorum
1546 770 1840 825 auctoritas
1865 775 2113 833 moveat,
2213 770 2559 842 Apostolum,
2590 771 2953 841 unusquisque
2980 728 3219 827 sarcinas
3246 786 3370 829 suas
3396 728 3625 843 cogitet:
3641 728 3808 847 Jquia
4048 728 4053 823 1

529 860 658 915 dum
703 868 897 931 putant
943 862 1193 933 exempla
1241 877 1362 917 esse
1409 875 1723 932 paucorum.
1781 860 1911 927 Quae
1954 858 2114 915 fuerit
2213 863 2577 934 unusquisque
2617 862 2897 918 hominum
2933 877 3032 918 sua
3057 877 3223 919 onera
3249 863 3505 934 portabit.
3538 864 3806 923 Flamma:
3859 884 3871 890 ο

526 922 726 1024 quippe
747 922 877 1009 tunc
896 922 1185 1009 multitudo
1199 922 1456 1009 Ecclesia:
1474 922 1907 1025 principalis,'vel
1928 966 1996 1005 ex
2006 950 2112 1008 hoc
2212 922 2508 1012 infelicium
2529 963 2875 1013 mortuorum
2894 955 3094 1013 divitiis
3118 972 3229 1013 non
3251 922 3658 1027 refrigerantur
3682 961 3796 1017 hm-
4050 922 4053 1015 ‘

525 1046 657 1101 solo-
685 1047 907 1116 agnosci
951 1055 1149 1118 potest,
1187 1046 1331 1115 quod
1373 1046 1426 1100 in
1461 1044 1737 1115 principiis
1773 1044 1955 1099 statim
1980 1044 2111 1114 ipsis
2211 1046 2417 1102 redum.
2457 1047 2615 1103 Dives
2642 1047 2732 1102 ille
2758 1047 2813 1103 in
2839 1046 3243 1118 Evangelioqui
3267 1066 3506 1122 purpura
3533 1051 3803 1109 indueba-

524 1145 649 1195 octo
670 1140 949 1196 hominum
976 1140 1143 1194 millia
1162 1140 1326 1195 biduo
1362 1138 1613 1195 Ecclesiae
1651 1138 1940 1194 accessisse
1966 1136 2108 1193 refe—
2210 1144 2300 1192 tur
2325 1145 2381 1192 et
2418 1137 2581 1209 bysso
2608 1135 2758 1209 (Luc.
2793 1153 2881 1193 va
2902 1179 2919 1205 ,
2952 1137 3021 1191 l9
3047 1137 3234 1211 seqq),
3276 1140 3481 1210 absque
3507 1140 3672 1199 dubio
3696 1145 3800 1214 qui
3829 1206 3847 1225 '

523 1237 717 1285 runtur
746 1230 767 1302 (
789 1231 905 1285 Act.
931 1248 986 1297 n,
1010 1230 1098 1298 41,
1123 1239 1173 1285 et
1208 1247 1281 1295 1v,
1323 1228 1427 1302 4);
1458 1236 1746 1300 pateatque
1765 1230 2109 1285 aestimationi
2210 1230 2450 1301 locuples
2475 1231 2530 1285 in
2558 1231 2663 1286 hoc
2690 1231 2884 1287 saeculo
2914 1231 3077 1304 ωδ
3106 1232 3222 1302 ipse
3247 1225 3451 1301 fuerat,
3483 1234 3648 1290 etiam
3674 1236 3797 1293 hac

522 1334 644 1390 quae
671 1320 879 1376 caeteris
910 1321 1100 1376 diebus
1142 1320 1377 1376 universi
1404 1320 1616 1390 generis
1651 1320 1938 1374 multitudo
1977 1336 2109 1376 con-
2208 1324 2365 1380 redes
2382 1340 2511 1393 suos
2528 1332 2704 1380 morte
2726 1324 2942 1381 ditarat.
2974 1324 3083 1381 Sed
3106 1340 3445 1396 nequaquam
3463 1327 3573 1386 hoc
3592 1329 3645 1389 ei
3670 1346 3801 1401 μνον

522 1413 775 1476 creverit,
807 1413 899 1467 ubi
926 1412 1034 1468 duo
1054 1412 1427 1470 tantummodo
1454 1412 1587 1479 dies,
1619 1421 1816 1482 praeter
1838 1412 2107 1483 disparem
2208 1414 2399 1481 derat,
2428 1416 2573 1485 quod
2612 1416 2805 1486 opibus
2842 1430 2906 1472 ac
2929 1416 3148 1473 talentis
3173 1418 3558 1488 ejus‘germani
3597 1421 3798 1483 divites

522 1509 737 1556 aetatem
766 1502 970 1572 pariter
1008 1518 1073 1560 ac
1103 1519 1319 1570 sexum,
1361 1508 1568 1557 tantam
1608 1503 1847 1558 virorum
1896 1505 2103 1575 copiam
2207 1496 2565 1574 incubabant;
2609 1507 2783 1589 et_ille
2824 1514 3031 1577 guttam
3058 1508 3329 1585 refrigerii
3349 1509 3641 1582 imwtrare
3675 1529 3811 1589 Ion.

520 1603 917 1664 procrearunt._
946 1594 1100 1651 Unde
1146 1612 1269 1652 cum
1315 1604 1371 1651 et
1410 1602 1518 1650 tam
1558 1595 1961 1651 innumerabilis
1992 1595 2104 1664 jam

520 1693 648 1741 tunc
675 1693 728 1741 et
750 1694 857 1741 tam
886 1688 1121 1757 perfecta
1151 1689 1303 1760 plebs
1330 1687 1509 1756 fuerit,
1540 1705 1722 1760 quaero
1742 1706 1774 1744 a
1801 1688 1954 1744 vobis
1981 1704 2104 1744 cum

2206 1608 2436 1670 poterat.
2461 1598 2541 1654 Illi
2570 1599 2797 1654 erantin
2825 1598 3167 1665 abundantia,
3194 1600 3287 1655 sed
3316 1600 3405 1656 ille
3432 1601 3789 1672 insegesti“;

2176 1686 2181 1691 θ
2207 1691 2281 1746 illi
2308 1692 2371 1751 in
2389 1691 2767 1760 gratulatione,
2797 1690 2892 1746 sed
2924 1690 3015 1746 ille
3041 1691 3097 1746 in
3116 1691 3306 1748 dolore
3329 1709 3344 1758 ;
3375 1692 3454 1748 illi
3483 1693 3541 1749 in
3562 1693 3789 1763 divitiis,

519 1778 714 1847 quibus
738 1779 948 1850 loquor,
981 1780 1160 1852 cuncti
1188 1788 1461 1850 parentes,
1493 1782 1549 1835 in
1592 1782 1698 1836 illis
1728 1788 1811 1836 tot
1848 1796 1913 1836 ac
1944 1782 2104 1838 tantis
2131 1781 2179 1842 B
2206 1782 2302 1837 sed
2338 1782 2428 1836 ille
2456 1782 2509 1836 in
2536 1781 2852 1847 tormentis;
2881 1779 2957 1837 illi
2988 1779 3214 1837 fortasse
3237 1780 3440 1851 iugiter
3462 1783 3517 1838 in
3551 1784 3786 1855 luxuria,

524 1877 651 1925 tunc
680 1871 1013 1927 credentium
1037 1872 1294 1936 millibus,
1319 1879 1471 1926 tanta
1512 1871 1638 1927 lidei
1664 1870 1996 1940 perfectione
2021 1873 2103 1927 vi-

414 2007 418 2012 .
517 1960 783 2027 ventibus,
799 1976 1057 2019 omnesne
1068 1978 1189 2017 cum
1205 1959 1324 2015 ﬁliis
1340 1976 1406 2015 an
1420 1976 1608 2017 omnes
1621 1962 1737 2017 sine
1750 1960 1871 2017 ﬁliis
1881 1960 2102 2018 fuerint?

514 2044 794 2127 Neutrum,
814 2053 1025 2123 opinor.
1050 2051 1203 2106 Nulla
1218 2052 1363 2107 enim
1376 2050 1630 2107 Ecclesia:
1641 2052 1796 2122 plebs
1806 2060 1889 2108 est
1912 2069 2021 2128 non
2034 2053 2102 2109 de

514 2148 745 2210 utroque
763 2144 1048 2213 permixta.
1082 2142 1383 2212 Intelligere
1403 2157 1531 2212 ergo
1553 2151 1778 2214 possunt
1796 2137 2101 2215 quicunque

513 2246 579 2289 ex
606 2232 923 2291 Christianis
939 2235 1077 2291 filios
1097 2250 1206 2291 non
1221 2236 1423 2292 habent
1434 2236 1521 2292 cui
1530 2236 1835 2306 relinquere
1853 2238 2101 2293 substan-

512 2324 617 2380 tias
637 2340 762 2381 suas
786 2326 1039 2394 debeant,
1057 2344 1181 2382 cum
1200 2328 1417 2383 videant
1441 2329 1528 2384 cui
1544 2330 1861 2399 reliquerint
1882 2340 2008 2385 tunc
2022 2330 2099 2384 illi

514 2416 657 2473 ﬁlios
696 2434 806 2473 non
850 2419 1131 2475 habentes.
1164 2420 1259 2474 Sin
1288 2427 1467 2476 autem
1491 2422 1710 2490 habent,
1742 2422 1948 2476 discant
1973 2421 2100 2490 quid

515 2509 678 2563 etiam
702 2508 848 2578 ipsos
868 2517 1121 2579 oporteat
1132 2510 1329 2576 facere,
1345 2527 1466 2565 cum
1476 2510 1695 2566 videant
1708 2519 1835 2566 tunc
1847 2519 2101 2581 parentes

515 2613 756 2654 amorem
770 2598 1001 2655 ﬁliorum
1028 2602 1121 2657 Dei
1139 2601 1261 2658 ﬁliis
1281 2604 1602 2675 praetulisse.
1627 2603 1801 2659 Habet
1816 2604 1976 2672 igitur
1985 2619 2102 2659 om-

515 2690 599 2745 nis
615 2696 777 2757 aatas,
791 2691 953 2746 habet
974 2693 1151 2747 omnis
1166 2693 1407 2749 conditio
1420 2680 1564 2764 quod
1574 2702 1847 2764 sequatur.
1867 2694 2104 2761 Quicum

514 2796 619 2851 que
673 2790 756 2837 est
796 2784 1065 2855 particeps
1119 2782 1243 2841 ﬁdei
1290 2785 1607 2857 participem
1652 2802 1712 2842 se
1750 2787 1892 2841 beati
1940 2787 2102 2843 faciat

512 2877 765 2946 exempli.
792 2878 955 2950 265
981 2877 1038 2934 Si
1066 2879 1145 2933 illi
1174 2888 1301 2935 tunc
1339 2881 1409 2935 ob
1437 2879 1606 2935 Deum
1633 2880 1899 2937 donantes
1918 2881 2099 2937 omnia

512 2983 630 3035 sua,
668 2970 833 3024 etiam
866 2971 1074 3042 seipsos
1103 2972 1563 3029 exluereditavere
1594 2975 1868 3040 viventes,
1908 2975 2098 3031 discite

513 3073 632 3127 vos,
681 3075 1007 3130 quaesumus,
1035 3062 1179 3118 bona
1224 3069 1404 3119 vestra
1444 3065 1530 3120 vel
1578 3065 1679 3135 ipsi
1734 3074 1759 3103 ι
1780 3066 2098 3122 hzcreditare

2204 1872 2300 1928 sed
2328 1873 2418 1928 ille
2444 1887 2657 1942 semper
2701 1872 2756 1926 in
2783 1871 3017 1926 ﬂamma.
3064 1869 3110 1925 0
3154 1870 3349 1927 infelix
3380 1888 3445 1928 ac
3480 1874 3789 1935 miseranda

2203 1963 2477 2019 conditio!
2521 1962 2685 2018 Bonis
2710 1962 2821 2018 suis
2868 1960 2988 2017 aliis
3007 1962 3333 2032 praeparavit
3375 1963 3779 2032 beatitudinem,

2203 2054 2305 2111 sibi
2349 2052 2728 2120 amictionem;
2778 2053 2897 2109 aliis
2922 2052 3136 2123 gaudia,
3167 2052 3270 2108 sibi
3317 2052 3620 2125 lacrymas;
3666 2057 3784 2112 aliis

2201 2145 2536 2215 voluptatem
2558 2144 2800 2211 brevem,
2831 2144 2933 2200 sibi
2960 2143 3137 2213 ignem
3157 2157 3472 2214 perennem.
3505 2143 3608 2200 Ubi
3630 2154 3783 2202 erant

2203 2247 2331 2294 tunc
2361 2235 2570 2301 afﬁnes,
2602 2236 2694 2292 ubi
2722 2234 3030 2306 propinqui,
3060 2234 3151 2291 ubi
3179 2234 3265 2290 vel
3290 2234 3403 2301 ﬁlii,
3450 2236 3497 2292 si
3524 2251 3659 2306 quos
3684 2237 3782 2292 ha-

2200 2334 2412 2397 buerat,
2463 2330 2550 2387 vel
2595 2328 2839 2399 germani
2883 2343 3112 2397 quorum
3159 2327 3498 2399 meminerat,
3544 2335 3598 2383 et
3638 2343 3776 2397 quos

2200 2431 2348 2480 certe
2375 2430 2528 2478 tanto
2557 2436 2742 2477 amore
2766 2420 3031 2476 dilexerat
3051 2425 3110 2475 ut
3128 2434 3315 2474 eorum
3341 2434 3413 2475 ne
3438 2421 3489 2483 in
3514 2418 3770 2490 supplicio

2200 2516 2417 2586 quidem
2444 2515 2651 2585 positus
2703 2512 3149 2569 oblivisceretur?
3191 2509 3333 2577 Quid
3367 2510 3419 2566 ei
3465 2508 3772 2580 proderant,

2200 2608 2330 2679 quid
2368 2605 2837 2676 suﬁragabantur?
2879 2604 3255 2674 Torquebatur
3300 2602 3519 2669 infelix;
3565 2611 3625 2659 et
3649 2618 3780 2675 opes

2200 2715 2325 2755 suas
2352 2699 2472 2754 aliis
2497 2697 2893 2762 devorantibus,
2920 2696 3011 2752 ille
3038 2695 3301 2764 refrigerii
3344 2702 3550 2764 guttam
3586 2695 3779 2751 ardens

2199 2790 2437 2863 petebat,
2468 2797 2525 2845 et
2560 2789 2850 2859 impetrare
2889 2803 3000 2843 non
3027 2793 3263 2857 poterat.
3299 2784 3368 2840 Et
3395 2786 3520 2852 hoc,
3565 2786 3613 2841 si
3652 2781 3781 2856 quid

2200 2884 2324 2940 addi
2352 2883 2418 2938 ad
2447 2898 2661 2953 poenam
2688 2888 2889 2952 potest,
2917 2896 3013 2951 per
3041 2879 3191 2935 illum
3219 2879 3322 2935 sibi
3350 2878 3515 2934 tribui
3543 2878 3777 2949 postula-

2199 2975 2291 3030 bat
2317 2989 2478 3044 quem
2524 2971 2809 3042 aliquando
2837 2970 3254 3040 cOntempserat,
3290 2984 3388 3039 per
3415 2968 3568 3024 illum
3607 2968 3776 3038 quiin

2197 3081 2332 3137 pure
2359 3080 2423 3121 ac
2449 3064 2599 3119 sanie
2626 3067 3047 3133 computruerat,
3078 3076 3175 3131 per
3204 3059 3353 3114 illum
3376 3058 3528 3128 cujus
3555 3058 3776 3114 fetorem

510 3151 825 3207 morientes.
879 3151 1007 3219 Qua:
1053 3153 1270 3223 quidem
1292 3197 1306 3220 ,
1334 3163 1393 3210 ut
1429 3156 1556 3221 dixi,
1587 3156 1752 3211 etiam
1771 3173 1886 3224 vos,
1917 3174 1951 3213 ο
1979 3157 2099 3213 inti-
2125 3146 2172 3211 C
2202 3172 2265 3213 ac
2291 3156 2596 3226 squalorem
2624 3154 2783 3222 longe
2813 3152 3102 3235 refugerat,
3133 3152 3226 3221 qui
3253 3150 3620 3206 membrorum
3651 3166 3772 3206 suo-

511 3240 770 3296 delissimi
821 3251 1092 3312 parentes,
1142 3245 1406 3300 curiosius
1442 3247 1806 3316 attentiusque
1824 3264 1925 3318 pro
1946 3250 2097 3305 vobis

515 3335 772 3389 convenit
795 3336 1051 3405 cogitare.
1082 3337 1309 3407 Oportet
1334 3339 1533 3410 quippe
1554 3356 1671 3406 vos,
1713 3340 1845 3394 mihi
1874 3341 2095 3408 credite,

513 3424 676 3479 etiam
726 3426 868 3481 inter
904 3424 1043 3482 ﬁlios
1090 3434 1301 3502 vestros
1328 3429 1516 3484 salutis
1557 3430 1961 3502 animarumque
2005 3447 2099 3488 ve-

513 3522 748 3570 strarum
770 3533 878 3572 non
899 3518 1162 3574 oblivisci.
1178 3500 1485 3590 Propinqua
1501 3520 1646 3575 enim
1672 3528 1850 3576 vestra
1872 3500 2097 3591 pignora

516 3621 640 3660 esse
666 3607 822 3662 vobis
848 3614 905 3663 et
934 3609 1376 3677 coniunctissima
1405 3612 1538 3666 satis
1571 3619 1777 3666 certum
1818 3621 1918 3667 est.
1953 3612 2060 3669 Sed
2077 3655 2092 3680 ,

513 3696 647 3750 mihi
674 3696 896 3764 credite,
928 3713 1089 3754 nemo
1115 3700 1270 3755 vobis
1289 3701 1659 3770 propinquior,
1692 3718 1851 3757 nemo
1875 3704 2098 3773 conjun-

448 3854 456 3870 ⁸
512 3788 653 3843 ctior
680 3804 841 3859 quam
869 3805 967 3845 vos
992 3790 1112 3860 ipsi.
1158 3788 1352 3846 Amate
1398 3792 1597 3861 itaque,
1628 3808 1737 3849 non
1766 3794 2092 3874 obsistimus,

491 3888 691 3935 ‘amate
748 3880 888 3937 ﬁlios
934 3891 1175 3947 vestros,
1222 3883 1319 3939 sed
1366 3891 1547 3939 tamen
1589 3876 1825 3942 secundo
1863 3902 1895 3941 a
1942 3889 2096 3943 vobis

506 3973 675 4042 gradu
709 3992 722 4027 :
750 3975 823 4029 ita
851 3974 974 4043 illos
1007 3975 1231 4045 diligite,
1262 3992 1333 4032 ne
1359 3992 1457 4032 vos
1485 3976 1665 4033 odisse
1692 3978 1998 4064 videamini.
2016 3980 2097 4036 In-

507 4065 785 4120 consultus
805 4081 1036 4136 namque
1056 4074 1113 4121 et
1138 4068 1333 4123 stultus
1348 4083 1501 4123 amor
1519 4076 1619 4135 est,
1648 4070 1868 4125 alterius
1888 4086 2096 4127 memor

509 4164 567 4212 et
590 4157 674 4211 sui
720 4157 1021 4213 immemor.
1057 4158 1182 4213 Non
1226 4162 1478 4231 accipiet,
1506 4162 1681 4231 inquit
1708 4163 1987 4232 Scriptura
2008 4180 2094 4219 sa-

508 4261 621 4310 cra,
650 4247 976 4317 iniquitatem
1012 4248 1111 4317 ﬁlii
1154 4251 1234 4303 sui
1263 4248 1485 4321 (Ezech.
1519 4266 1664 4316 xvm,
1695 4252 1765 4305 20
1786 4252 1826 4323 ).
1851 4252 1919 4306 Et
1947 4254 2093 4324 Apo-

508 4338 698 4403 stolus,
724 4337 1099 4412 Unusquisque,
1124 4340 1315 4410 inquit,
1346 4344 1612 4414 proprium
1640 4358 1768 4399 onus
1796 4362 1944 4399 suum
1968 4363 2094 4417 por-

508 4426 656 4483 tabit.

2198 3265 2316 3305 rum
2365 3248 2632 3303 ulceribus
2672 3261 2834 3301 canes
2871 3251 3113 3325 pat'erat,
3161 3258 3322 3313 quem
3366 3250 3635 3299 scatentes
3660 3258 3775 3298 ver-

2200 3341 2363 3394 mium
2391 3338 2534 3406 globi
2562 3338 2724 3392 etiam
2748 3337 2887 3391 intra
2909 3351 3151 3391 recessus
3178 3335 3366 3405 peresis
3385 3334 3629 3405 corporis
3653 3350 3775 3390 exa-
3800 3335 3811 3345 '

2200 3437 2401 3483 rarant.
2430 3426 2475 3481 Ο
2502 3427 2677 3495 gravis
2716 3426 2938 3480 nimium
2980 3431 3035 3479 et
3062 3424 3293 3493 lugenda
3321 3422 3560 3479 conditio
3578 3423 3604 3490 ε,
3636 3422 3770 3477 Pau-

2199 3536 2297 3591 per
2324 3517 2708 3574 beatitudinem
2734 3516 2865 3571 emit
2890 3515 3255 3580 meddicitate,
3285 3514 3435 3569 dives
3462 3504 3768 3585 supplicium

2198 3612 2470 3667 facultate.
2525 3609 2753 3680 Pauper,
2800 3624 2921 3663 cum
2968 3607 3180 3678 penitus
3228 3607 3303 3662 nil
3345 3607 3594 3672 haberet,
3641 3605 3765 3660 emit

2198 3715 2424 3761 aeternas
2453 3704 2676 3758 divitias
2709 3709 2966 3771 egestate.
3002 3700 3047 3755 Ο
3079 3708 3280 3769 quanto
3307 3700 3407 3754 has
3433 3697 3640 3753 facilius
3664 3703 3771 3751 tam

2199 3796 2360 3850 multa
2391 3809 2568 3850 rerum
2598 3792 2936 3864 possessione
2975 3790 3124 3846 dives
3150 3796 3401 3861 potuerat
3437 3803 3771 3859 comparare,

2198 3885 2290 3955 qui
2318 3885 2457 3939 inter
2483 3890 2751 3938 tormenta
2797 3887 3048 3942 aestuans,
3094 3887 3149 3933 et
3177 3878 3318 3932 inter
3362 3876 3623 3948 supplicia
3651 3891 3776 3947 pro-

2199 3976 2435 4032 clamans
2465 3992 2477 4026 :
2510 3973 2692 4039 Pater,
2720 3971 2910 4041 inquit,
2962 3968 3239 4035 Abraham,
3282 3969 3523 4022 miserere
3558 3968 3678 4031 mei,
3725 3972 3775 4020 et

2197 4068 2339 4121 mitte
2379 4044 2659 4129 Lazarum,
2705 4071 2762 4117 ut
2806 4062 3064 4132 intinguat
3103 4067 3388 4114 extremum
3425 4057 3574 4129 digiti
3610 4058 3691 4111 sui
3723 4057 3777 4110 in

2199 4176 2353 4230 aqua,
2382 4167 2439 4210 ut
2465 4157 2732 4228 refrigeret
2752 4153 2982 4224 linguam
3014 4167 3199 4216 meam,
3224 4151 3344 4222 quia
3372 4149 3573 4203 crucior
3597 4148 3652 4201 in
3682 4147 3779 4200 hac

2199 4252 2409 4320 ﬂamma
2438 4247 2625 4319 (Ibid.,
2654 4246 2766 4318 24).
2802 4246 2918 4299 Non
2963 4244 3220 4299 horrebat
3244 4251 3372 4297 tunc
3398 4242 3603 4297 scilicet
3630 4241 3780 4296 dives

2198 4340 2287 4394 ille
2314 4337 2501 4393 Lazari
2528 4335 2797 4407 quondam
2823 4332 3077 4405 pauperis
3116 4347 3353 4397 manum,
3397 4345 3498 4385 nec
3523 4329 3779 4398 dedigna-

2197 4431 2354 4486 batur
2381 4429 2654 4491 auxilium.
2687 4426 2847 4497 266
2872 4423 3038 4479 Inseri
3085 4424 3199 4492 ejus
3239 4420 3435 4491 digitos
3463 4421 3547 4476 ori
3593 4436 3693 4477 suo
3720 4430 3779 4478 ct

577 4517 670 4573 XI.
721 4519 943 4576 Relictis
1000 4521 1185 4590 itaque
1240 4521 1363 4578 ﬁliis
1416 4522 1614 4578 divitiae
1668 4504 1921 4594 parentes
1982 4543 2091 4595 non
2118 4517 2172 4579 D
2197 4520 2429 4590 mitigari
2470 4515 2835 4574 intolerandas
2862 4514 3093 4570 faucium
3132 4512 3374 4568 ﬂammas
3400 4510 3543 4567 illius
3568 4511 3780 4583 pridem

504 4609 735 4683 liberant
775 4612 843 4668 de
908 4612 1256 4669 mendicitate
1299 4631 1312 4666 :
1363 4614 1529 4670 immo
1583 4616 1771 4672 relicta
1824 4615 2087 4677 immode-

503 4709 623 4757 rate
650 4702 773 4759 ﬁliis
800 4702 1061 4772 facultas,
1093 4711 1377 4774 parentum
1401 4716 1483 4760 est
1528 4708 1856 4778 sempiterna
1884 4692 2089 4765 mandi;

505 4791 640 4849 citas
673 4812 686 4848 :
717 4810 781 4851 ac
807 4812 905 4866 per
932 4796 1037 4852 hoc
1062 4796 1196 4851 nulli
1222 4797 1538 4867 parentibus
1566 4799 1737 4867 magis
1758 4800 1905 4855 noxii
1923 4814 2084 4869 quam

501 4884 599 4942 ﬁlii
631 4886 792 4941 nimis
839 4888 1022 4942 amati.
1074 4888 1211 4943 Dum
1259 4889 1402 4944 enim
1446 4888 1524 4945 illi
1571 4890 1760 4960 patriis
1797 4890 1954 4947 bonis
2006 4890 2086 4945 af-

502 4976 695 5041 ﬂuunt,
727 4980 982 5046 parentes
1001 4978 1056 5031 in
1081 4979 1514 5049 sempiternitate
1534 4980 1858 5061 cruciantur.
1883 4981 2086 5037 Etiam-

2194 4612 2373 4669 fetida:
2420 4626 2484 4666 ac
2531 4606 2825 4679 squalentis
2870 4620 3063 4661 manus
3106 4616 3331 4659 munere
3375 4602 3700 4673 postulabat.
3733 4601 3782 4658 0

2193 4711 2390 4775 quanta
2417 4702 2596 4757 rerum
2622 4698 2850 4753 mutatio
2889 4694 3035 4751 facta
3081 4693 3292 4750 fuerat!
3345 4692 3515 4761 Tangi
3553 4703 3681 4748 tunc
3706 4693 3783 4750 ab

2192 4812 2258 4852 eo
2286 4792 2642 4855 desiderabat,
2686 4804 2845 4860 quem
2874 4787 3038 4842 etiam
3063 4786 3248 4842 videre
3275 4792 3401 4840 ante
3429 4782 3778 4854 despexerat.

2258 4884 2373 4941 XII.
2406 4884 2532 4940 Hzec
2559 4896 2687 4951 ergo
2705 4880 2901 4935 divites
2919 4878 3174 4948 cogitent,
3199 4877 3293 4947 qui
3318 4876 3583 4933 redimere
3607 4875 3783 4932 facul-

2184 4981 2388 5052 tatibus
2416 4977 2527 5034 suis
2571 4974 2762 5030 nolunt
2786 4987 2854 5026 ne
2897 4971 3000 5026 ista
3046 4970 3337 5041 patiantur.
3369 4968 3530 5024 Dives
3558 4966 3657 5022 fuit
3685 4967 3783 5027 ille

498 5068 549 5124 si
602 5074 715 5124 tam
746 5068 868 5138 pius
914 5068 986 5125 sit
1038 5065 1177 5124 ﬁlius
1220 5078 1281 5125 ut
1326 5070 1677 5141 refrigerandi
1708 5056 1956 5143 supplicii
1982 5089 2079 5144 pa-
2185 5074 2252 5129 de
2311 5086 2419 5141 quo
2481 5083 2624 5123 nunc
2666 5063 2938 5134 loquimur
2992 5080 3005 5115 :
3053 5061 3244 5117 divites
3291 5066 3419 5116 sunt
3453 5066 3510 5114 et
3564 5058 3654 5114 isti
3703 5056 3783 5114 ad

1690 5186 2024 5243 STEPHANI
2063 5184 2337 5243 BALUZII
2372 5180 2602 5239 NOTAE.

574 5310 601 5371 ἔ
637 5300 698 5356 In
732 5301 1007 5359 codicibus
1034 5302 1194 5371 regiis
1222 5308 1279 5357 et
1313 5302 1369 5356 in
1412 5300 1723 5359 Colbertino
1752 5302 1831 5357 sic
1859 5301 2081 5356 omnino

497 5370 769 5453 habethic
787 5374 939 5429 locus
948 5390 970 5427 ς
984 5371 1034 5427 Η
1042 5370 1311 5453 {creditura
1323 5375 1611 5453 morientes.
1639 5374 1855 5453 portet
1874 5373 2077 5453 quippe,

498 5448 605 5514 etc.
638 5441 863 5513 Reliqua
895 5459 1016 5514 quae
1044 5443 1387 5512 interiacent,
1416 5458 1524 5499 non
1554 5441 1771 5498 exstant
1798 5442 1853 5496 in
1883 5441 2082 5497 eodici-

496 5508 601 5585 bus
627 5508 815 5585 regiis,
848 5508 1023 5585 neque
1052 5516 1105 5571 in
1141 5508 1473 5572 Golbertino.

572 5577 608 5652 ιζ
642 5577 997 5652 Hunclocu't‘h
1037 5585 1212 5652 avide,
1257 5592 1319 5639 ut
1343 5585 1522 5641 solent
1564 5581 1857 5652 adversarii
1888 5581 2080 5647 nostri,

501 5647 731 5718 arripuit
758 5651 1145 5712 Rittershusius
1174 5647 1234 5712 ut
1256 5654 1568 5713 ostenderet
1610 5651 1923 5707 Salvianum
1952 5666 2081 5705 sen-

497 5717 637 5775 sisse
663 5721 806 5790 quod
838 5723 1099 5783 delunctis
1138 5743 1248 5787 non
1290 5725 1500 5797 possint
1540 5722 1885 5797 superstitum
1935 5721 2078 5777 bona

2189 5314 2354 5379 opera
2376 5294 2631 5379 prodesse
2659 5292 2724 5349 ad
2753 5290 3094 5379 resarcienida
3124 5290 3214 5379 illa
3238 5289 3290 5379 in
3317 5288 3509 5379 quibus
3537 5288 3644 5379 ipsi
3668 5289 3781 5369 sibi

2190 5359 2475 5425 defuerint.
2523 5363 2695 5430 Quam
2735 5373 2917 5419 autem
2964 5361 3127 5416 falsus
3173 5361 3227 5415 in
3270 5361 3375 5415 hoc
3412 5360 3534 5415 loco
3578 5359 3654 5430 sit
3690 5360 3783 5416 vir

2189 5440 2377 5495 doctus
2406 5427 2564 5506 patet
2589 5450 2655 5490 ex
2684 5431 3294 5506 sequentibus_Salviani
3321 5430 3543 5506 verbis:
3586 5427 3783 5483 Flam-

2189 5526 2286 5564 mw
2335 5501 2619 5579 infelicium
2658 5501 3215 5579 mortuorumaiuitiis
3245 5517 3360 5579 non_
3394 5501 3784 5579 refrigerantur

2191 5569 2467 5634 Iuercdu'm.
2503 5575 2610 5634 Lun
2620 5576 2763 5630 uitur
2787 5575 2929 5630 enim
2960 5573 3047 5628 hic
3071 5570 3138 5626 de
3162 5570 3247 5625 his
3270 5569 3363 5639 qui
3390 5569 3613 5641 aeternis
3636 5585 3780 5641 sup-

2189 5650 2362 5719 pliciis
2396 5645 2593 5719 addicti
2616 5653 2762 5719 sunt,
2813 5644 3007 5719 quibus
3051 5656 3238 5719 preces
3259 5639 3647 5719 orationesque
3675 5639 3777 5697 su-
3805 5679 3811 5685 ι

2188 5709 2473 5793 perstitum
2496 5715 2713 5773 inutiles
2740 5709 2858 5770 esse
2885 5709 3170 5791 etiam'nos
3194 5709 3447 5766 fatemur.
