4108 6348
606 259 718 361 ιιιιὶ

1563 301 1621 357 s.
1663 291 1981 388 SALVIANI
2018 285 2481 360 usssmun’srs
2517 291 2948 360 PRESBYTER!

3795 297 3897 356 εει

607 425 833 500 propter
853 435 1003 476 suam
1025 419 1248 476 salutem
1279 417 1441 472 debet
1465 417 1730 488 quispiam
1753 419 1914 472 etiam
1941 433 2034 473 sua
2058 419 2204 474 lucra
2234 425 2284 482 Α
2310 421 2464 476 vidua
2503 421 2592 492 vel
2623 421 2796 491 puella
2829 439 2842 473 :
2873 415 3024 474 illum
3055 421 3320 476 haarcdcm
3371 401 3546 476 scribo
3585 419 3893 490 proximum

607 525 990 582 contemnere;
1029 531 1188 586 quam
1241 513 1468 569 inﬁdelis
1498 519 1600 579 est,
1628 529 1788 583 quam
1821 515 2076 584 insipiens
2117 521 2200 569 est

607 611 719 680 qui,
747 617 804 662 ut
832 605 992 662 alium
1023 605 1241 660 divitem
1273 605 1452 672 faciat,
1486 605 1719 659 animam
1748 621 1900 660 suam
1927 606 2040 675 ipse
2070 621 2200 661 con-
2253 677 2256 682 _

608 703 870 758 demnat?
897 699 1130 780 ixiaxime
1160 715 1282 754 cum
1313 699 1368 753 et
1397 697 1487 753 ille
1527 715 1637 753 non
1681 693 1904 752 amilum
1936 697 2200 769 adipisca-

607 807 691 849 tur
718 794 808 864 qui
840 809 996 847 usum
1021 791 1406 862 temporalium
1431 807 1612 846 rerum
1658 791 1871 862 accipit,
1904 797 1958 846 et
1998 791 2086 846 ille
2117 791 2198 845 in-
2255 837 2261 846 .

603 871 935 942 mstitnabilia
966 885 1162 939 damna
1189 883 1424 954 perferat
1452 883 1544 952 qui
1569 881 1798 937 fructum
1839 883 2011 937 beatae
2038 889 2196 937 aeter-

603 971 786 1034 nitatis
811 975 1034 1031 'amittit.
1065 973 1198 1029 Nam
1231 985 1285 1030 et
1314 973 1434 1029 ideo
1463 976 1707 1044 sequitur
1734 975 1788 1028 in
1817 971 2021 1044 psalmo
2056 993 2066 1027 :
2102 973 2198 1029 Se-

585 1065 778 1142 ’ρυιω-(ι
808 1085 1003 1131 eorum,
1029 1051 1212 1121 domus
1240 1084 1414 1120 eorum
1435 1067 1488 1120 in
1512 1073 1781 1120 aeternum.
1807 1059 1976 1132 Quam
2000 1066 2196 1119 misera

601 1141 728 1232 ergo
749 1163 852 1217 erit
881 1159 1088 1232 perdita
1133 1175 1250 1215 sors
1283 1175 1467 1214 eorum
1509 1159 1600 1228 qui
1630 1159 1784 1228 quasi
1813 1157 2072 1228 sepulcris
2098 1173 2196 1228 pe-

599 1255 855 1310 rennibus
884 1251 1146 1322 deputati,
1197 1267 1357 1322 quam
1405 1250 1770 1306 conditionem
1819 1257 1942 1320 post
1968 1257 2196 1304 mortem

599 1337 892 1416 praeferunt
939 1357 1248 1414 corporum,
1281 1341 1528 1432 eamdqu
1554 1339 1953 1410 quodammodo
1987 1341 2197 1411 patian-

602 1423 687 1491 tur
716 1433 1046 1490 animarum!
1073 1441 1128 1488 et
1149 1433 1364 1502 quidem
1389 1423 1564 1487 minus
1584 1433 1836 1486 miseram
1860 1433 1904 1486 si
1931 1431 2190 1498 eamdem,

603 1536 695 1582 aut
733 1527 778 1583 si
817 1527 884 1581 ad
907 1531 1001 1581 cos
1030 1523 1096 1580 ad
1126 1517 1414 1594 ‘jumenta
1465 1517 1768 1594 insipientia
1801 1539 1900 1579 nec
1929 1525 2192 1578 bonorum

602 1635 790 1676 sensus
837 1635 937 1674 nec
981 1619 1242 1672 malorum
1273 1617 1298 1655 δ
1333 1609 1512 1688 passio
1543 1617 1856 1686 pertineret.
1913 1615 2018 1672 Sed
2069 1617 2194 1672 illud

601 1697 853 1767 acerbum
907 1717 1068 1778 atque
1100 1707 1436 1762 intolerabile
1486 1707 1627 1777 quod
1671 1707 1916 1762 similiter
1943 1715 2188 1778 pereunt,

2301 529 2498 568 meum.
2533 513 2608 568 Ac
2639 515 2716 568 sic
2741 513 2956 583 quidam
2974 529 3109 584 quos
3139 511 3190 568 in
3218 513 3364 592 omni
3383 515 3500 570 vita
3531 513 3684 584 quasi
3716 521 3896 569 extra-

2301 619 2432 658 neos
2461 605 2770 674 alie'uosque
2819 605 3137 671 habuerant,
3171 605 3347 661 subito
3377 609 3429 661 in
3460 609 3722 662 extremis
3773 623 3894 677 pro-

2301 695 2528 766 pinquos
2554 697 2752 752 habent
2779 715 2791 762 ;
2814 703 2867 752 e't
2895 699 2984 767 qui
3015 699 3257 753 extranei
3287 713 3502 768 semper
3527 695 3682 754 fuere
3711 699 3896 754 viven-s

2299 789 2450 854 tium,
2483 795 2735 858 parentes
2764 803 2881 842 esse
2933 787 3193 858 incipiunt
3238 797 3593 842 mortuorum.
3639 783 3892 842 Introdu-

2298 885 2426 932 cunt
2453 877 2596 932 enim
2646 887 2868 950 repente
2919 875 2970 932 in
3005 879 3383 933 testamentum
3434 894 3570 947 quos
3618 877 3892 946 nunquam

2301 971 2645 1026 introduxere
2694 951 2746 1025 in
2795 969 3073 1036 allectum;
3119 978 3174 1024 et
3216 971 3322 1025 hoc
3367 969 3618 1036 maxime,
3675 979 3740 1024 ut
3767 970 3888 1032 dixi,

2299 1067 2390 1118 aut
2411 1055 2725 1136 locupletes,
2755 1071 2847 1118 aut
2873 1059 3100 1130 nobiles,
3128 1069 3220 1117 aut
3249 1061 3563 1126 honoratos,
3588 1051 3642 1116 et
3669 1063 3770 1132 qui
3801 1061 3892 1118 nisi

2299 1163 2547 1228 potentes
2576 1163 2773 1222 essent,
2807 1163 3056 1226 parentes
3085 1153 3304 1210 forsitan
3337 1169 3444 1209 non
3465 1153 3718 1208 fuiSsent.
3747 1151 3886 1209 Ridi-

2298 1247 2416 1304 cula
2445 1250 2625 1304 miseri
2675 1239 2946 1303 teStatoris
2976 1247 3213 1310 ambitio,
3248 1245 3382 1302 dans
3407 1261 3628 1302 censum
3663 1241 3890 1316 proer

2296 1339 2561 1396 facultatis
2592 1333 2656 1393 ad
2688 1339 3107 1409 comparandum
3147 1337 3484 1393 mendacium
3513 1337 3889 1408 propinquita-

2299 1433 2382 1498 tis,
2419 1447 2601 1486 emens
2631 1433 2806 1502 pretio
2853 1429 3182 1486 hmrcditatis
3214 1445 3408 1484 nomen
3439 1427 3692 1493 hieredis,
3729 1439 3784 1484 et
3809 1435 3886 1486 to-

2299 1523 2364 1578 tis
2393 1521 2700 1594 patrimonii
2725 1523 2804 1577 sui
2835 1513 3037 1578 viribus
3059 1523 3163 1578 hoc
3193 1523 3476 1578 eiabnrans
3497 1539 3566 1577 ne
3596 1537 3656 1578 se
3685 1523 3776 1578 ille
3803 1511 3884 1593 qni

2297 1615 2467 1672 harres
2497 1617 2747 1671 scribitur
2775 1625 3051 1686 parentem
3083 1607 3239 1689 271
3272 1623 3449 1685 neget,
3483 1615 3538 1672 et
3575 1625 3634 1672 ut
3667 1625 3884 1672 testator

2297 1699 2688 1764 infelicissimus
2716 1707 3026 1763 stultissimi
3048 1725 3109 1765 ac
3139 1709 3433 1764 miserrima
3457 1709 3720 1775 vanitate,
3753 1709 3880 1764 facto

599 1787 692 1884 sed
717 1818 824 1858 non
850 1799 1095 1856 similiter
1115 1799 1410 1872 puniuntur
1443 1819 1454 1852 :
1482 1799 1690 1854 illorum
1719 1799 1862 1854 enim
1890 1816 2036 1856 mors
2058 1817 2192 1856 sem-
2221 1791 2266 1856 Β
2297 1799 2506 1857 haercde
2537 1803 2720 1867 nobili,
2753 1787 2876 1872 quia
2924 1802 2976 1856 in
3009 1802 3114 1855 vita
3165 1816 3259 1856 sua
3302 1801 3556 1856 humilior
3597 1817 3720 1857 esse
3748 1804 3880 1856 visus

599 1891 812 1966 piterna
843 1893 957 1948 sine
976 1909 1136 1948 sensu
1168 1899 1264 1958 est,
1299 1891 1522 1946 istorum
1553 1891 1794 1946 omnium
1815 1907 1936 1946 cum
1963 1891 2150 1947 dolore
2177 1909 2188 1945 :

598 1973 664 2066 ac
705 1987 782 2042 sic
833 1985 1196 2042 conditionem
1245 1983 1520 2040 hominum
1570 1991 1914 2054 peccatorum
1963 1985 2193 2056 perditio

595 2073 811 2151 quidem
835 2077 963 2135 facit
992 2077 1286 2150 pecudibus
1315 2093 1434 2133 esse
1463 2077 1711 2142 similem,
1743 2078 1836 2132 sed
1865 2084 2046 2132 tamen
2079 2093 2193 2148 pce-

594 2187 720 2240 nam
756 2171 1077 2241 graviorem.
1113 2169 1361 2238 Cogitent
1405 2169 1566 2238 igitur
1593 2175 1788 2224 cuncta
1831 2169 1930 2224 ista
1960 2185 2078 2240 qum
2107 2169 2191 2224 di—

595 2263 786 2329 cimus,
815 2261 977 2317 immo
1009 2263 1247 2330 cogitent
1276 2269 1466 2316 cuncta
1499 2261 1588 2315 illa
1611 2275 1728 2330 quae
1759 2261 1900 2317 Deus
1921 2262 2070 2329 dicit,
2099 2265 2191 2333 qui

596 2341 696 2414 sibi
718 2369 818 2411 nec
841 2363 965 2410 ante
987 2362 1216 2408 mortem
1246 2353 1465 2408 omnino
1487 2353 1794 2418 consulunt,
1821 2369 1920 2409 nec
1940 2356 1992 2408 in
2015 2363 2191 2412 morte

597 2453 938 2510 succurrunt,
989 2445 1130 2515 apud
1159 2460 1297 2513 quos
1340 2443 1541 2498 oblivio
1589 2453 1673 2500 est
1713 2447 1924 2515 penitus
1967 2459 2189 2500 suarum

597 2535 916 2593 animarum.
941 2533 1290 2590 Necinterest
1310 2539 1448 2606 pene.
1466 2535 1575 2603 jam
1599 2535 1741 2605 apud
1762 2537 2008 2591 homines
2030 2537 2192 2610 27o

595 2623 790 2702 quibus
817 2629 1117 2694 consulant,
1151 2627 1441 2682 dummodo
1471 2627 1571 2682 sibi
1601 2629 1820 2684 omnino
1859 2645 1964 2684 non
1995 2646 2190 2686 consu-

595 2713 726 2778 lant.
759 2722 814 2778 Si
843 2723 935 2792 qui
966 2721 1110 2777 enim
1140 2737 1207 2776 ex
1237 2721 1351 2776 istis
1379 2721 1446 2776 de
1468 2721 1663 2791 quibus
1693 2723 1981 2793 loquimur,
2014 2733 2190 2781 morte

590 2805 1056 2886 appropinquante
1087 2813 1222 2870 ﬁlios
1251 2831 1358 2868 non
1389 2815 1608 2881 habent,
1647 2825 1893 2888 quaerunt
1918 2817 2178 2874 inﬁdelis-

590 2907 724 2960 sime
754 2921 890 2976 quos
934 2915 1028 2960 aut
1055 2905 1387 2976 propinquos
1437 2915 1530 2960 aut
1584 2903 1773 2962 affines
1803 2923 1930 2962 suos
1973 2908 2184 2978 dicant;

591 3003 682 3070 aut
704 2993 748 3048 si
772 2985 822 3049 id
846 2993 982 3048 forte
1011 2993 1180 3059 deest,
1214 3003 1459 3064 quaerunt
1499 2995 1686 3051 saltem
1717 2997 1892 3066 aliqua
1924 3015 2186 3054 novarum

589 3085 1046 3142 necessitudinum
1076 3083 1200 3141 ﬁcta
1245 3087 1480 3140 nomina.
1515 3087 1624 3143 Nec
1655 3089 1913 3154 interest,
1966 3099 2024 3144 ut
2052 3089 2184 3158 dixi,

587 3169 734 3256 apud
761 3192 857 3232 eos
902 3192 1130 3246 quorum
1163 3175 1522 3244 meminerint,
1556 3177 1848 3256 dummodo
1879 3181 1958 3234 sui
1990 3182 2184 3235 oblivi-

587 3251 838 3334 scantur;
871 3283 978 3322 non
1030 3267 1253 3323 interest
1300 3283 1435 3337 quos
1483 3285 1665 3324 amare
1713 3251 1770 3325 se
1799 3269 1997 3348 dicant,
2030 3273 2181 3327 dum-

585 3359 746 3415 modo
776 3360 980 3414 animas
1001 3375 1126 3414 suas
1155 3359 1396 3426 oderint;
1433 3377 1538 3415 non
1561 3363 1782 3418 interest
1824 3379 1960 3433 quos
1989 3365 2182 3420 divites

586 3449 802 3514 faciant,
833 3449 1128 3506 dummodo
1159 3467 1217 3505 se
1245 3459 1446 3506 aeterna
1469 3453 1815 3509 mendicitate
1838 3465 2176 3513 consumant.

585 3527 588 3530 Δ
655 3536 795 3594 XN.
817 3539 861 3594 O
891 3541 1192 3607 infelicitas,
1218 3559 1250 3597 0
1281 3543 1516 3597 insania!
1553 3543 1692 3610 Quid
1723 3551 1948 3612 tantum,
1974 3565 2176 3620 quaeso,

585 3629 653 3688 de
683 3647 740 3688 se
769 3633 1057 3686 miserrimi
1089 3635 1329 3688 omnium
1347 3635 1487 3690 male
1507 3645 1940 3704 promeruerunt,
1967 3648 2024 3693 ut
2053 3639 2178 3694 dum

583 3723 810 3779 aliorum
869 3723 1232 3794 voluptatibus
1285 3725 1542 3792 serviunt,
1594 3743 1650 3781 se
1705 3737 1964 3798 perpetuo
1995 3745 2179 3800 persc—

580 3817 840 3888 quantur!
875 3817 1070 3874 Videas
1098 3819 1238 3873 enim
1270 3835 1298 3872 a
1331 3819 1650 3888 quibusdam
1691 3821 2052 3878 infelicissima
2085 3843 2177 3880 va-

580 3909 744 3962 nitate
775 3907 1082 3977 investigari
1114 3910 1375 3980 Quosdam
1407 3928 1578 3968 novos
1609 3929 1671 3967 ac
1702 3914 1909 3970 nobiles
1958 3917 2176 3986 propin-

577 4017 734 4068 quos,
767 4001 947 4056 videas
977 4001 1370 4070 incognitarum
1417 4004 1766 4070 agnationum
1797 4006 2040 4075 pudenda
2073 4024 2173 4063 no-

577 4093 721 4144 mina
750 4099 805 4145 et
833 4095 1128 4146 recentium
1160 4109 1222 4149 ac
1252 4097 1664 4164 przepotcntium
1702 4097 2021 4153 aftinitatum
2053 4101 2175 4154 ridi-

579 4181 698 4234 cula
746 4175 1072 4246 commenta,
1107 4199 1226 4236 curn
1256 4184 1398 4237 dicat
1426 4187 1546 4253 quis
1587 4187 1654 4241 de
1684 4188 1862 4256 aliquo
1917 4191 2171 4261 adOptivo

577 4286 640 4326 ac
671 4271 950 4327 subitaneo
979 4275 1282 4344 prepinquo
1322 4293 1333 4327 :
1367 4273 1518 4338 [llum
1547 4279 1814 4334 hteredem
1845 4281 1982 4337 facio
2019 4295 2038 4322 ε
2073 4302 2168 4354 pa-

575 4373 785 4422 rentem
828 4381 1025 4422 meum.
1059 4355 1165 4422 Ᾱιιι
1201 4383 1535 4438 quascunque
1575 4379 1774 4426 sanctae
1823 4375 2172 4444 professionis

2299 1905 2399 1960 est,
2427 1893 2450 1931 πῖ
2497 1895 2810 1951 honoratior
2839 1895 2890 1949 in
2922 1903 3095 1949 morte
3126 1909 3243 1949 esse
3282 1893 3558 1948 videatur“
3580 1893 3626 1960 0
3653 1897 3878 1956 caecitas,

2299 2003 2331 2041 o
2363 1975 2597 2040 insania!
2625 1993 2825 2057 quanto
2851 1985 3048 2041 studio.
3073 1979 3418 2040 infelicissimi
3449 1975 3720 2050 homines,
3739 1985 3788 2038 id
3811 1983 3884 2040 ef-'

2297 2079 2453 2135 ﬁcitis
2495 2087 2554 2134 ut
2579 2077 2761 2132 miseri
2793 2079 2844 2131 in
2892 2077 3192 2131 :cternitate
3239 2075 3390 2130 sitis?
3418 2071 3632 2142 Quanto
3681 2077 3878 2132 minore

2295 2189 2440 2238 cura,
2472 2173 2684 2226 minore‘
2711 2169 2912 2224 ambitu
2942 2167 2991 2223 id
3017 2169 3168 2224 vobis
3215 2157 3472 2238 prmStare
3527 2169 3775 2238 potuistis
3829 2167 3876 2224 ut

2295 2279 2507 2334 semper
2535 2263 2676 2318 beati
2708 2277 2825 2316 esse
2855 2261 3108 2331 possitis?
3135 2259 3298 2328 Cujus
3327 2258 3542 2327 quidem
3569 2261 3646 2314 rei
3667 2273 3876 2315 causam

2297 2353 2452 2412 aliam
2483 2357 2704 2411 omnino
2733 2355 2969 2408 invenire
3019 2359 3124 2407 nun
3173 2367 3413 2423 possum,
3446 2351 3544 2405 nisi
3569 2352 3734 2404 solam
3761 2359 3878 2404 tan-

2296 2445 2570 2500 tummodo
2619 2443 3046 2499 incredulitatem
3096 2447 3258 2512 atque
3305 2441 3607 2514 perﬁdiam,
3657 2439 3708 2496 id
3751 2447 3876 2505 est,

2294 2539 2438 2608 quod
2468 2543 2558 2592 aut
2577 2537 2890 2607 iudicandos
2919 2551 2976 2590 se
3017 2551 3044 2588 a
3077 2535 3186 2590 Deo
3215 2535 3461 2590 homines
3503 2547 3618 2589 esse
3646 2547 3752 2588 non
3781 2547 3876 2603 pu-

2293 2637 2429 2697 tant,
2462 2637 2553 2685 aut
2599 2637 2994 2685 resurrecturos
3040 2627 3260 2682 omnino
3308 2643 3426 2682 esse
3480 2643 3588 2682 non
3638 2625 3872 2680 credunt.

2293 2721 2462 2776 Nemo
2492 2727 2573 2776 est
2602 2721 2744 2775 enim
2774 2719 2866 2790 qui
2894 2721 3317 2773 resurrecturum
3373 2733 3430 2772 se
3459 2711 3513 2771 et
3536 2715 3872 2786 iudicandum

2293 2827 2322 2868 a
2351 2813 2465 2867 Deo
2494 2813 2559 2867 de
2590 2811 2841 2884 cperibus
2879 2807 3033 2866 bonis
3063 2825 3126 2864 ac
3145 2803 3299 2864 malis
3329 2819 3508 2865 certus
3535 2809 3626 2874 sit,
3659 2809 3748 2880 qui
3773 2819 3872 2864 non

2292 2901 2378 2956 vel
2408 2903 2520 2974 spei
2542 2917 2604 2956 ac
2633 2901 2944 2957 beatitudini
2973 2913 3083 2955 suae
3105 2901 3324 2970 praestet
3353 2907 3409 2953 ut
3437 2911 3536 2970 pro
3565 2899 3721 2954 bonis
3747 2913 3869 2968 ope-

2289 2997 2436 3051 ribus
2465 2997 2722 3065 perennia
2753 2995 2892 3049 bona
2920 2995 3116 3064 capiat,
3152 2993 3234 3048 vel
3281 2993 3459 3048 timori
3507 3001 3672 3062 atque
3697 2991 3869 3048 discri-

2291 3091 2418 3144 mini
2449 3107 2515 3144 ne
2549 3105 2645 3160 pro
2677 3090 2830 3142 malis
2860 3090 2996 3142 mala
3043 3095 3243 3142 {eterna
3273 3087 3526 3158 patiatur.

2361 3179 2472 3234 XV.
2507 3181 2612 3236 Sed
2643 3183 2936 3235 abhorrere
2965 3181 3066 3236 hoc
3094 3180 3360 3235 .videlicet
3388 3195 3416 3233 a
3447 3177 3752 3234 Christiano
3779 3195 3865 3233 no-

2289 3273 2432 3326 mine
2461 3273 2688 3350 videtur,
2723 3281 2780 3326 ut
2813 3281 2836 3309 ε
2867 3273 3075 3326 dicatur
3119 3271 3288 3325 futura
3320 3288 3426 3327 non
3469 3271 3711 3326 credere.
3743 3267 3866 3337 Quid

2286 3383 2412 3436 ergo
2442 3381 2615 3422 causa:
2645 3375 2744 3430 est,
2780 3375 2834 3420 ut
2861 3365 2904 3420 si
2936 3363 3104 3420 credit
3132 3381 3250 3435 qua:
3293 3365 3428 3420 dixit
3473 3363 3634 3426 Deus,
3669 3381 3772 3419 non
3801 3363 3862 3417 ti-
3919 3420 3926 3428 _

2287 3445 2430 3514 meat
2458 3475 2574 3529 quae
2615 3460 2847 3512 minatur
2877 3457 3056 3512 Deus?
3097 3451 3152 3512 Si
3182 3473 3288 3512 non
3321 3457 3494 3512 credit
3540 3457 3710 3512 verbis
3755 3471 3865 3525 qua!

2281 3551 2416 3605 dixit
2445 3551 2604 3612 Deus,
2641 3567 2744 3605 non
2777 3549 2960 3605 credat
2993 3551 3224 3620 praemiis
3253 3563 3370 3619 qure
3397 3551 3654 3620 promittit
3681 3547 3860 3601 Deus!

2283 3643 2467 3712 Neque
2496 3645 2635 3696 enim
2667 3657 2725 3696 se
2763 3641 2957 3712 probat
2999 3641 3445 3711 promissionibus
3499 3635 3584 3694 Dei
3621 3637 3857 3702 credere,

2283 3737 2372 3807 qui
2403 3753 2508 3790 non
2538 3737 2614 3790 sic
2642 3735 2749 3804 agit
2777 3741 2834 3788 ut
2865 3735 3032 3804 possit
3061 3731 3126 3788 ad
3157 3734 3420 3803 promissa
3452 3747 3480 3786 a
3513 3727 3620 3786 Deo
3649 3729 3862 3802 pﬁemi'a

2281 3827 2580 3898 pervenire.
2616 3827 2671 3880 in
2721 3827 2834 3896 ipsa
2879 3825 3076 3895 quippe
3109 3825 3207 3879 hac
3239 3825 3345 3878 vita
3376 3821 3672 3886 hominum,
3713 3823 3760 3875 si
3783 3817 3864 3889 ja-

2279 3917 2562 3973 dicandum
2592 3935 2650 3973 se
2677 3917 2869 3986 aliquis
2899 3915 2966 3970 ab
2995 3917 3226 3970 humana
3259 3918 3358 3971 bac
3381 3923 3652 3986 potestate
3695 3927 3750 3969 et
3777 3929 3860 3968 ra-

2279 4009 2532 4080 piendum
2586 4025 2643 4064 se
2673 4007 2738 4062 ad
2772 4007 3000 4063 tribunal
3059 4017 3332 4062 terrenum
3382 4021 3500 4061 esse
3529 4006 3860 4074 cognoverit,

2277 4103 2567 4157 advocatos
2618 4101 2861 4169 requirit,
2915 4107 3175 4170 patronos
3205 4099 3441 4162 adhibet,
3493 4098 3510 4134 τ
3555 4095 3861 4152 ofﬁcialinm

2275 4197 2502 4266 gratiam
2543 4195 2886 4264 favoremque
2934 4199 3230 4258 mercatur;
3264 4201 3316 4247 et
3349 4193 3459 4246 haec
3499 4192 3680 4246 omnia
3721 4199 3860 4245 metu

2267 4287 2454 4356 judicii
2485 4287 2644 4340 futuri
2683 4287 2810 4354 agit,
2845 4299 2964 4339 cum
2997 4291 3174 4338 tamen
3222 4291 3470 4339 eventum
3497 4283 3682 4352 iudicii
3712 4297 3856 4338 com-

2271 4393 2461 4447 parare
2491 4393 2595 4430 non
2627 4375 2795 4446 possit
2831 4395 2841 4427 :
2876 4374 3009 4429 adeo
3039 4375 3138 4428 etsi
3170 4375 3446 4429 victoriam
3477 4381 3659 4429 emere
3689 4371 3858 4443 ipsam

709 4557 712 4560 t
1399 4504 1402 4506 ·
1770 4485 2104 4544 STEPHANl
2141 4483 2414 4544 BALUZII
2453 4487 2681 4542 NOTAE.

643 4579 670 4608 δ
709 4569 880 4654 ῌθοις
895 4570 1104 4625 monuit
1127 4569 1368 4654 Pithoeus
1389 4571 1620 4654 fortasse
1640 4577 1838 4632 rectius
1861 4579 1930 4654 ita
1973 4581 2156 4654 iegen-
2189 4591 2236 4649 ι)
2263 4600 2459 4638 versum
2487 4565 2597 4636 esse
2609 4583 2800 4652 jartat,
2825 4581 2972 4636 homo
2997 4585 3081 4654 qui
3104 4599 3193 4654 nec
3220 4593 3420 4652 patrem
3449 4582 3598 4636 habet
3627 4599 3720 4636 nec
3748 4600 3861 4636 ma—

565 4641 708 4765 dum!
723 4643 826 4697 hoc
853 4639 978 4697 loco
1006 4656 1124 4697 esse
1153 4641 1199 4696 si
1226 4640 1296 4695 ad
1321 4660 1410 4698 eos
1434 4653 1488 4696 ut
1509 4645 1766 4716 jumenta,
1799 4649 1882 4703 vel
1919 4661 1973 4703 ut
2001 4639 2155 4724 avdju-

571 4727 686 4765 men
713 4729 765 4765 a.

571 4727 765 4766 menta.

563 4781 666 4855 -__|3
705 4782 804 4836 llic
843 4783 1194 4839 describenda
1221 4791 1350 4839 sunt
1375 4800 1438 4840 ea
1472 4800 1592 4855 quae
1623 4789 1704 4841 vir
1727 4789 1932 4850 clariss.
1967 4791 2156 4849 Petrus

563 4851 808 4928 Bithteus
833 4856 1108 4928 annotavit
1155 4855 1222 4910 ad
1250 4855 1392 4928 hunc
1419 4851 1626 4928 locum;
1658 4873 1777 4928 quae
1811 4861 1888 4916 sic
1917 4864 2114 4918 habent
2138 4885 2150 4918 :

567 4919 942 4998 Qth‘ltRhtS?“
971 4924 1051 4978 hic
1080 4929 1221 4979 locus
1243 4927 1296 4978 in
1315 4928 1513 4981 caueri:
1545 4919 1662 4982 aliis
1675 4919 2013 4998 'editionibus,
2046 4933 2151 4987 Ba-

2265 4663 2420 4726 trcm;
2443 4651 2641 4726 etguos
2661 4655 2880 4706 virentes
2902 4651 3110 4726 juvenis
3129 4651 3413 4726 dereliquit,
3457 4662 3686 4726 mortuos
3719 4654 3858 4706 desi-

2265 4723 2428 4777 derat.
2464 4721 2586 4776 Nisi
2617 4721 3016 4794 [orte-parentes
3045 4724 3260 4795 militari
3299 4721 3596 4795 attigui-ique
3623 4739 3862 4780 sermone

2261 4805 2508 4864 cognatos
2547 4792 2798 4864 eia/ﬁnes
2831 4797 3082 4848 nominat.
3129 4792 3314 4848 inate
3356 4792 3594 4864 Salviani
3649 4801 3860 4850 certum

2259 4863 2342 4918 est
2371 4863 2958 4935 parentun'tvocabulo
3015 4866 3434 4934 comprehensos
3481 4863 3644 4922 fuisse
3691 4867 3860 4922 etiam

2261 4933 2517 5002 cognatos
2546 4943 2600 4990 et
2621 4933 2826 4990 affines.

2332 5003 2356 5042 ἀ
2397 5003 2653 5060 Erasmus
2697 5008 2747 5058 in
2773 5005 3044 5074 exsequiis
3089 5003 3396 5076 Seraphicis
3427 5025 3438 5059 :
3472 5005 3596 5061 Non
3627 5007 3862 5060 sentiam

2257 5079 2539 5131 exanimes.
2594 5077 2702 5130 Sed
2749 5085 2922 5149 tamen
2969 5079 3186 5149 viventes
3227 5079 3604 5149 imaginatione
3629 5077 3862 5149 φιοάαιι

2258 5149 2446 5228 fatum
2475 5164 2676 5218 pompa:
2719 5147 3028 5218 voluptatem
3061 5147 3290 5218 aliquam
3318 5147 3380 5202 ac
3409 5147 3860 5220 fructum'prwci-

2255 5229 2420 5287 piunt.

2330 5299 2354 5324 ε
2395 5285 2450 5340 In
2499 5289 2616 5342 aliis
2645 5289 2972 5344 editionihus
3021 5289 3234 5356 legitur,
3263 5289 3466 5344 dicatur
3492 5289 3626 5344 bona
3656 5296 3862 5343 caterua

2253 5360 2448 5428 futura.
2476 5357 2581 5414 Sed
2605 5359 2738 5416 bona
2761 5371 2956 5414 interna
2979 5376 3084 5414 non
3111 5367 3326 5414 exstant
3349 5360 3400 5414 in
3423 5360 3656 5428 antiquis
3677 5374 3864 5413 exem-

2253 5428 2492 5496 plaribus
2546 5431 2755 5485 calamo
2798 5431 3054 5494 exaratis,
3087 5439 3142 5486 et
3170 5445 3570 5501 supervacanea
3601 5445 3723 5484 esse
3749 5429 3863 5486 du—
3887 5455 3900 5466 ο

2249 5507 2377 5552 cent
2398 5503 2694 5569 sequentia.
3339 5557 3344 5562 .

2247 5609 2290 5646 ~__
2329 5569 2348 5608 τ
2393 5569 2668 5646 Editiones
2715 5573 2925 5646 habent
2964 5573 3259 5646 oﬁiciﬁatium
3295 5583 3446 5646 atque
3467 5574 3858 5646 apparitorum.

2251 5641 2447 5695 Verum
2478 5643 2690 5696 codices
2724 5645 2931 5711 antiqui
2957 5641 3064 5698 non
3089 5645 3290 5715 habent
3317 5641 3476 5699 voces
3499 5641 3651 5715 atque
3681 5660 3862 5714 appa-
3907 5645 3928 5660 ⁶

2247 5715 2480 5778 riturum,
2513 5727 2632 5780 qua}
2662 5721 2808 5766 certe
2837 5723 2959 5768 sunt
2999 5713 3300 5785 superilme.

559 4993 763 5048 'tiliensi
791 4994 960 5064 prima
980 5005 1206 5066 excepta,
1237 5013 1302 5050 ea:
1329 5013 1430 5066 qua
1451 4999 1524 5051 ita
1551 5001 1894 5056 restituendus
1924 4993 2020 5066 est,
2057 5019 2153 5060 nec

561 5063 1046 5142 malorum-paSSio
1063 5063 1388 5142 perveniret.
1414 5067 1483 5120 At
1519 5067 1648 5142 illud
1695 5073 1949 5127 acerbum
1991 5063 2152 5142 atque

555 5134 922 5206 intolerabile,
949 5135 1128 5190 eodem
1149 5136 1314 5206 plane
1341 5153 1514 5192 sensu.
1560 5138 1676 5195 Nos
1705 5159 1822 5197 vero
1851 5161 1968 5198 cum
1997 5134 2152 5200 desti-

561 5214 820 5261 tueremur
840 5203 948 5278 ΔΙιοιξ
991 5206 1113 5278 loco
1133 5203 1314 5278 ueteris
1356 5207 1545 5262 codicis
1593 5213 1818 5278 auazitio,
1869 5226 1962 5268 n‘ec
2011 5217 2150 5270 illius

558 5280 740 5357 prima:
783 5276 1026 5330 editionis
1075 5275 1567 5357 _Basi_tiensis__c0pia
1595 5275 1895 5357 suppeteret,
1928 5287 2003 5338 ita
2030 5303 2152 5357 sup-

557 5349 800 5419 plendmgt
821 5359 926 5402 non
947 5349 1158 5419 omnino
1177 5349 1588 5419 Aprosdt'Onysos
1609 5349 2009 5418 conjeceramus.
2037 5349 2152 5414 Huc

555 5433 728 5489 usque
757 5417 1022 5476 Pithwus.
1069 5417 1127 5474 In
1157 5417 1430 5475 codicibus
1459 5417 1619 5488 regiis
1666 5417 1861 5489 legitur
1903 5433 1964 5478 ιιι
1987 5427 2040 5479 in
2064 5425 2150 5481 Pi-

561 5487 774 5544 thaaana
803 5490 1058 5546 editione.
1534 5487 1537 5488 ⁷
1724 5487 1741 5489 ’
1925 5549 1928 5552 .

633 5567 658 5595 ελ
677 5557 738 5632 l_d
756 5567 861 5632 est,
880 5563 1240 5632 propinquum
1264 5577 1368 5616 non
1391 5569 1592 5632 parent.
1618 5557 1844 5630 Proprie
1866 5574 2146 5632 parentum

559 5627 1194 5708 vocabulointelligimus
1223 5627 1434 5708 patrem
1460 5645 1543 5708 ae‘
1579 5627 2144 5708 matrém._'_liierony-

553 5712 676 5772 mus
705 5697 758 5772 in
787 5698 922 5752 libro
950 5697 1188 5772 secundo
1209 5697 1464 5758 adversus
1507 5697 1756 5758 Ruﬁnum
1785 5723 1796 5756 :
1831 5703 1861 5758 Ι
1865 5705 1974 5758 llud
2027 5697 2142 5764 vei-0

555 5767 829 5823 ridiculum
856 5771 990 5842 quod
1017 5775 1129 5842 post
1179 5775 1394 5850 triginta
1425 5789 1586 5826 annos
1613 5773 1682 5826 ad
1706 5785 1942 5846 parentes
1973 5795 2026 5834 se
2057 5797 2138 5836 τε·
2171 5825 2192 5846 ,
