4108 6348
1491 334 1849 419 mensis
1882 336 2259 393 nmen
2297 338 2423 394 us.
2467 340 2555 397 ll.

375 440 679 512 nonvalet,
721 456 873 514 spem
917 449 1095 499 tamen
1142 444 1802 515 victoriemagnoemit.
1852 447 2405 512 DicAsubsteatialn
2443 452 3039 525 malta-idem
3084 452 3629 528 numeres

374 532 774 606 mihiquisquis
808 534 1714 605 illeesquicrederetejadieium
1742 537 1947 594 Deidlt-

374 625 472 692 eis,
506 632 563 679 tu
591 625 636 680 si
662 624 748 681 vel
785 625 1213 697 supradictorum
1238 629 1487 699 exemplo
1511 629 1950 699 hominumjudi-

372 705 1947 791 candumteesseaDeoaedmﬂanouuespeu

371 819 439 860 ac
466 805 690 861 salutem
733 812 876 862 tuam
916 808 1159 878 quolibet
1202 810 1377 880 pretio
1416 813 1795 889 comparares»?
1839 811 1947 873 Sed

370 913 483 954 non
511 899 683 955 credis
711 900 919 970 utique,
957 916 1068 957 non
1110 902 1317 970 cratis;
1335 911 1400 990 et
1424 903 1551 959 licet
1575 903 1947 990 credulitatem

372 999 522 1046 tuam
548 991 725 1047 verbis
749 992 856 1048 tuis
877 993 1011 1049 velis
1038 988 1367 1061 asseverare,
1397 1009 1506 1050 non
1541 988 1735 1051 credis.
1759 993 1948 1053 Verbis

369 1081 536 1148 enim,
566 1090 626 1136 ut
664 1083 742 1137 ait
766 1082 1077 1154 Apostolus,
1125 1082 1415 1151 conﬁteris,
1463 1084 1560 1140 sed
1585 1083 1741 1141 factis
1782 1097 1949 1155 negas

284 1176 287 1177 ⁷
368 1171 501 1246 (Tit.
536 1189 584 1241 ι,
617 1172 727 1244 16).
758 1174 1016 1245 Denique,
1047 1183 1106 1230 ut
1130 1174 1497 1231 inﬁdelitatem
1543 1183 1689 1231 tuam
1738 1176 1948 1235 tibimet

366 1280 437 1322 ex
475 1266 648 1338 teipse
694 1262 939 1339 probem,
970 1268 1057 1325 die
1094 1270 1247 1335 mihi,
1294 1270 1538 1335 obsecro,
1588 1270 1831 1339 quisquis
1856 1269 1947 1324 ille

356 1374 426 1419 es
453 1360 545 1428 qui
572 1358 924 1415 substantiam
954 1367 1099 1416 tuam
1142 1359 1225 1416 vel
1271 1361 1576 1431 propinquo
1600 1361 1835 1431 cuipiam
1863 1362 1946 1417 di-

367 1450 482 1515 viti,
510 1449 594 1505 vel
615 1448 782 1516 afﬁni,
808 1450 895 1506 vel
921 1450 969 1506 si
995 1451 1050 1506 hi
1075 1449 1219 1507 forte
1239 1451 1451 1514 desunt,
1481 1451 1645 1507 etiam
1682 1459 1944 1507 extraneo

364 1540 719 1613 derelinquis;
740 1556 837 1597 cur
861 1557 983 1597 eam
1012 1557 1119 1598 non
1146 1557 1311 1597 sanus
1335 1556 1366 1596 a
1392 1550 1447 1597 te
1470 1550 1633 1613 atque
1660 1543 1944 1599 incolumi

363 1629 665 1689 abdicasti?
696 1646 793 1687 cur
817 1646 926 1687 non
951 1644 1137 1703 sospes
1163 1647 1228 1689 ac
1253 1641 1475 1702 vegetus
1500 1632 1801 1697 basi-edibus
1829 1641 1944 1689 tra-

361 1721 576 1801 didisti?
603 1720 699 1778 sed
719 1723 774 1778 in
799 1730 1120 1780 testamento
1148 1724 1266 1795 ipso
1294 1724 1759 1795 providentissime
1784 1739 1942 1783 caves

2048 538 2253 595 fractus
2278 548 2400 611 post
2428 549 2659 597 mortem
2687 544 2807 613 ipse
2828 528 2939 600 non
2974 546 3166 615 possit.
3195 544 3301 601 Sed
3327 548 3463 618 quid
3485 546 3629 619 quod

2048 630 2431 689 doctissimum
2456 647 2553 687 vas
2580 632 2671 688 Dei
2700 636 2977 705 apostolus
3002 635 3199 692 Paula
3227 637 3539 696 testiﬁcatur
3572 644 3630 697 et

2047 719 2417 805 elamatquod
2446 719 2773 795 Quartana
2806 724 2961 781 bene
2997 727 3193 783 invia
3229 729 3631 786 laetaniam!-

2047 811 2141 876 νίας
2167 810 2278 865 hoc
2301 820 2676 880 postulet-ten
2701 818 2861 868 arae!
2880 813 3022 885 (Gel.
3054 832 3127 883 vi,
3155 816 3243 887 8);
3273 826 3335 875 et
3358 818 3631 892 cuipam

2046 902 3625 979 mmwu.umc;upaumnmm

2042 990 2822 1065 amamumm
2849 994 2969 1051 Cor.
2998 1006 3072 1063 ut,
3103 997 3632 1074 (3)?ka

2048 1082 2274 1152 intelligi
2326 1083 2497 1141 voluit
2533 1099 2631 1143 eos
2656 1084 2751 1154 qui
2777 1085 3048 1141 seminans
3072 1087 3127 1140 in
3154 1089 3433 1157 mm,
3464 1090 3629 1147 bene-

2046 1172 2336 1230 dictionem
2366 1182 2571 1230 metere
2612 1190 2718 1230 non
2748 1190 2927 1244 posse.
2960 1173 3095 1231 Dum
3121 1176 3269 1233 enim
3289 1178 3490 1243 diana,
3523 1178 3629 1245 ραι

2045 1266 3626 1338 parumnperceetmaetquiminuu-

2046 1358 2289 1424 dictione,
2317 1375 2385 1415 ea;
2430 1357 2783 1415 benedictione
2820 1369 2875 1415 et
2907 1366 3077 1426 sicut.
3122 1360 3401 1417 evidenter
3440 1364 3627 1434 utique

2045 1450 2477 1507 benedictionem
2530 1452 2585 1509 in
2640 1452 2754 1508 sola
2795 1453 3039 1523 posuerit
3388 1455 3629 1512 om

2046 1555 2239 1611 parcos
2263 1541 2616 1598 seminateres
2640 1541 3063 1609 Meuania,
3093 1543 3271 1613 ἣκειν.
3296 1543 3627 1601 hodiene-

2044 1644 2169 1686 nem
2188 1644 2309 1687 8888
2338 1645 2630 1689 iuessuros.

2114 1719 3624 1794 XVLSediortassebactibi,quieuqneee,oinﬂe-

326 1850 329 1851 ν
364 1822 420 1869 et
446 1812 676 1869 sollicite
702 1829 768 1871 ac
791 1814 1073 1884 diligenter
1100 1815 1345 1871 inscribis
1377 1833 1390 1867 :
1425 1812 1646 1879 Quando
1664 1831 1941 1893 egoen»
1972 1831 2016 1892 ι
2042 1814 2124 1879 lis,
2166 1822 2261 1870 aut
2296 1829 2485 1887 partim
2513 1813 2687 1870 valida
2724 1822 2816 1871 aut
2836 1828 3027 1885 parm
3044 1820 3230 1886 apati
3249 1830 3373 1873 esse
3399 1815 3619 1872 videnl-

362 1901 457 1959 bus
501 1904 741 1961 Immanis
765 1914 1195 1972 mammatae
1234 1905 1359 1961 mihi
1403 1914 1459 1960 tu
1504 1905 1596 1969 ille
1635 1906 1939 1961 charissim

361 1994 525 2051 lueret
543 2004 675 2052 esto.
702 1996 799 2052 Die
823 1997 977 2061 mihi,
997 2012 1198 2067 quasso,
1223 2013 1320 2052 cur
1342 1997 1466 2052 huic
1494 1994 1827 2063 charissimo,
1878 2005 1940 2054 ut

360 2084 478 2155 ipse
523 2086 624 2152 ais,
661 2101 726 2142 ac
754 2086 1157 2143 devinetissimo
1194 2096 1289 2143 tuo
1332 2087 1520 2143 tandiu
1558 2087 1690 2143 nihil
1729 2088 1800 2143 de
1844 2096 1940 2144 tuo

359 2177 567 2244 tribuis,
596 2178 779 2233 tandiu
808 2178 940 2233 nihil
967 2178 1034 2233 de
1060 2186 1154 2232 tuo
1194 2179 1378 2243 tradis,
1402 2178 1640 2249 quandiu
1688 2187 1739 2234 te
1785 2187 1945 2250 putas

359 2258 479 2324 esse
504 2269 796 2335 victurum,
824 2269 920 2324 sed
968 2276 1084 2323 tum
1110 2285 1231 2345 cum
1278 2278 1330 2325 te
1373 2270 1523 2325 vides
1569 2286 1687 2326 esse
1718 2270 1944 2326 moritu-

359 2361 519 2417 rum?
565 2358 634 2415 Et
678 2358 807 2429 quid
832 2359 956 2415 dico
995 2375 1117 2414 cum
1150 2375 1269 2415 esse
1315 2368 1371 2416 te
1405 2361 1724 2416 moriturum
1751 2361 1944 2418 vides?

360 2448 532 2505 immo
561 2449 617 2505 id
642 2464 801 2506 caves
820 2450 1288 2521 providentissimc
1326 2467 1395 2506 ne
1424 2452 1505 2507 vel
1550 2454 1807 2524 spirante,
1854 2455 1943 2510 vel

312 2541 326 2550 ’
363 2540 631 2597 moriente
674 2549 728 2596 te
765 2542 1055 2611 quidquam
1091 2542 1159 2598 de
1189 2550 1281 2597 tuo
1306 2543 1519 2609 habeat,
1550 2543 1645 2599 sed
1690 2543 1802 2614 jam
1838 2544 1936 2601 de-

366 2629 549 2689 functo
577 2632 815 2697 omnino,
840 2628 954 2702 jam
980 2640 1210 2689 mortuo.
1237 2632 1304 2686 Et
1332 2634 1525 2688 mirum
1554 2642 1634 2689 est
1660 2633 1803 2704 quod
1830 2634 1935 2690 hoc

363 2721 537 2793 ipsum
588 2723 718 2777 sinis
746 2729 804 2777 ut
834 2731 858 2759 ⁸
887 2721 1154 2785 funestato
1183 2731 1236 2778 te
1277 2734 1364 2779 tua
1391 2724 1610 2790 habeat,
1639 2725 1739 2781 nisi
1768 2726 1939 2797 etiam,

358 2802 465 2880 iam
487 2816 770 2881 exportato
790 2818 952 2881 atque
981 2812 1258 2868 tumulata.
1288 2813 1541 2883 Quamvis
1565 2815 1727 2869 etiam
1755 2813 1808 2869 in
1828 2815 1935 2871 hoc

356 2899 497 2970 quod
525 2894 625 2967 ais,
654 2894 872 2968 Quando
901 2919 995 2975 ego
1021 2920 1086 2959 ea:
1113 2901 1260 2959 rebus
1296 2905 1532 2960 humanis
1566 2922 1850 2972 excessero,
1879 2906 1935 2961 id

356 2989 527 3062 ipsum
552 2992 757 3049 cavisse
775 2992 1027 3050 videaris.
1054 2993 1169 3051 Hoc
1191 3004 1273 3052 est
1300 2997 1442 3052 enim
1462 3012 1530 3053 ex
1556 2997 1718 3077 rebus
1743 2997 1935 3052 huma-

356 3083 439 3164 nis
462 3084 673 3155 penitus
699 3085 980 3153 excedere,
1000 3094 1170 3143 totum
1199 3089 1418 3143 omnino
1442 3104 1563 3144 eum
1586 3101 1684 3144 suo
1704 3103 1935 3159 corpore

2040 1910 2146 1961 tur:
2161 1905 2302 1973 Quid
2319 1905 2463 1978 quod
2482 1906 2744 1962 Dominus
2762 1906 2877 1977 ipse
2898 1907 2953 1962 iu
2972 1905 3264 1978 Evangelia
3284 1910 3417 1965 niln't
3431 1918 3623 1979 que.-

2038 2013 2201 2067 quam
2228 1998 2298 2053 de
2338 1999 2593 2070 operibus
2616 1999 2775 2054 bonis
2794 1999 3022 2068 perdere
3049 1998 3413 2056 Christi-un
3448 2000 3621 2056 naui-

2040 2086 2327 2145 festissime
2369 2089 2531 2144 docet
2582 2088 2769 2144 dicens
2808 2106 2823 2142 ι
2867 2086 3165 2161 ριίειηφε
3208 2099 3385 2160 με...
3422 2090 3625 2145 eam
3672 2118 3678 2125 -

2040 2179 2133 2247 uni
2159 2195 2225 2233 ea:
2265 2179 2492 2255 minuitis
2518 2178 2635 2247 istis
2671 2178 2882 2231 calicem
2907 2193 3054 2249 aqua
3338 2186 3539 2233 nam
3564 2179 3622 2232 in

2043 2256 2712 2339 ηουιὶιιιάὶεείηυιίναηη
2752 2266 2867 2320 dico
2907 2264 3623 2338 Mammium“-

2042 2357 2155 2413 dem
2183 2373 2335 2411 suam
2372 2355 2584 2428 (Matth.
2618 2372 2674 2422 x,
2700 2354 2833 2426 49)?
2867 2354 3006 2423 Quid
3181 2356 3483 2414 evidenﬁls
3516 2371 3621 2428 po-

2040 2448 2177 2502 tuit?
2203 2446 2379 2501 Etiam
2405 2430 2525 2501 eam
2562 2458 2678 2501 rem
2704 2447 2759 2501 in
2797 2443 2974 2502 futuro
3003 2446 3307 2503 habituram
3338 2448 3617 2518 piamina

2036 2553 2155 2597 esse
2174 2539 2331 2602 dixit,
2349 2553 2469 2611 qua:
2496 2539 2549 2594 in
2578 2539 2827 2610 praesenti
2854 2540 3083 2611 pretium
3111 2555 3219 2596 non
3238 2540 3483 2605 haberet,
3505 2548 3617 2595 tan-

2035 2638 2253 2701 tumque
2278 2631 2498 2686 honoris
2524 2631 2691 2686 cultui
2718 2647 2817 2687 suo
2846 2632 3031 2687 tribuit
3057 2639 3116 2686 ut
3143 2632 3343 2702 aliquid
3379 2640 3523 2688 esset
3548 2632 3615 2686 ii-

2032 2721 2101 2776 lic
2126 2736 2226 2792 per
2260 2718 2416 2776 tidem
2457 2721 2599 2790 quod
2638 2722 2724 2775 hic
2751 2720 2920 2793 275
2944 2721 3163 2776 omnino
3188 2721 3320 2775 nihil
3347 2729 3491 2776 esset
3519 2735 3616 2791 per

2033 2812 2313 2866 vilitatem.
2357 2810 2461 2866 Sed
2508 2819 2687 2865 tamen
2736 2826 2807 2865 ne
2846 2812 2949 2865 hoc
2990 2811 3093 2866 sibi
3124 2811 3343 2880 quidam
3391 2810 3615 2866 forsitan

2033 2902 2419 2965 blandirentur,
2450 2900 2495 2955 si
2534 2900 2699 2954 multa
2730 2900 2988 2955 habentes
3014 2900 3223 2968 exiguis
3250 2908 3470 2969 possent
3497 2914 3612 2969 rna-

2032 3004 2135 3059 gna
2165 2990 2423 3056 mercari;
2455 2986 2721 3044 subtiliter
2752 2989 2935 3059 posuit
2958 2989 3121 3044 etiam
3148 3004 3247 3059 pro
3272 2988 3443 3045 calice
3466 3004 3617 3059 εφη

2034 3079 2237 3151 frigida:
2276 3096 2382 3136 non
2411 3080 2702 3151 perituram
2742 3095 2861 3135 esse
2906 3080 3203 3149 mercedem
3249 3098 3262 3135 :
3302 3080 3405 3137 hoc
3433 3081 3615 3153 υαίφο

354 3174 628 3233 hominem
657 3177 711 3233 in
753 3169 1035 3249 puemitia
1063 3179 1420 3234 humanarum
1468 3194 1649 3235 rerum
1691 3194 1809 3235 esse
1834 3179 1934 3235 de-
1959 3197 2011 3262 ρ
2037 3171 2310 3228 evidenter
2351 3172 2637 3261 ostendens
2662 3188 2771 3228 non
2800 3188 2900 3244 pro
2938 3187 3104 3243 parvo
3134 3171 3333 3244 aliquid
3358 3187 3611 3244 magnum

352 3268 505 3325 uisse.
539 3266 633 3325 Dic
661 3269 793 3324 mihi
822 3271 1002 3339 itaque
1028 3285 1127 3325 cur
1153 3270 1267 3325 haec
1307 3264 1415 3325 tam
1443 3271 1666 3341 provide
1686 3271 1740 3325 in
1771 3278 1935 3326 testa-

354 3368 538 3416 mento
568 3376 746 3424 caves,
779 3376 877 3416 cur
902 3368 1012 3415 tam
1040 3359 1267 3416 sollicite
1300 3376 1362 3417 ac
1388 3360 1676 3430 prudenter
1702 3362 1933 3418 interse-

352 3450 465 3507 ris?
492 3448 706 3524 Absque
734 3452 898 3529 dubio
940 3453 1065 3522 quia
1095 3452 1448 3513 necessariam
1481 3452 1593 3517 tibi,
1622 3452 1748 3507 dum
1773 3452 1929 3519 vivis,

351 3557 468 3597 rem
497 3552 644 3597 tuam
666 3540 893 3612 iudicas,
933 3542 1059 3613 quia
1098 3543 1330 3599 alienare
1381 3551 1433 3600 te
1459 3542 1799 3600 facultatibus
1828 3544 1933 3599 tuis

349 3651 464 3690 non
491 3632 603 3701 vis;
649 3643 704 3690 et
732 3633 1116 3705 iniquissimum
1163 3640 1318 3711 putas
1345 3635 1469 3691 vivo
1515 3642 1568 3689 te
1596 3642 1651 3690 et
1678 3630 1933 3691 incolumi

350 3720 519 3782 alium
547 3736 642 3783 tuo
669 3728 888 3783 divitem
917 3726 1050 3795 ﬁeri,
1083 3737 1135 3785 te
1163 3736 1343 3784 autem
1370 3729 1711 3785 mendicitate
1743 3743 1935 3784 consu-

350 3818 447 3873 mi.
480 3815 679 3873 Verum
723 3806 806 3890 est
823 3816 879 3889 δ,
922 3835 1025 3876 nec
1069 3819 1497 3875 inrationabilem
1544 3834 1724 3875 curam
1773 3820 1936 3890 273

270 3891 287 3905 ’
353 3907 556 3974 abnuo,
588 3914 645 3963 et
669 3889 926 3978 quidquid
952 3924 983 3963 a
1009 3916 1062 3963 te
1082 3909 1135 3962 in
1175 3909 1316 3963 hunc
1342 3908 1560 3961 modum
1589 3889 1935 3977 diciturpro-

355 3998 448 4052 bo.
479 3994 586 4052 Sed
615 3998 670 4051 in
716 4014 824 4053 uno
852 4007 1029 4053 tamen
1077 3997 1206 4051 mihi
1249 3978 1379 4051 satis
1419 4012 1449 4050 a
1486 4004 1540 4051 te
1591 3992 1704 4051 ﬁeri
1752 3997 1934 4066 cupio.

358 4084 501 4151 Quid
526 4093 606 4139 est
632 4087 775 4154 quod
805 4096 877 4152 tu,
906 4097 928 4125 ε
957 4088 1049 4156 qui
1073 4086 1166 4140 tibi
1188 4101 1341 4141 usum
1369 4101 1548 4141 rerum
1578 4094 1786 4142 tuarum
1814 4096 1935 4141 ωτι.»

362 4180 553 4246 topere
580 4176 939 4231 necessarium
961 4180 1137 4246 putas,
1162 4175 1362 4232 fructus
1389 4192 1453 4233 ac
1484 4177 1686 4232 reditus
1713 4177 1938 4233 faculta-

354 4269 428 4322 tis
458 4278 563 4323 tua:
591 4276 715 4339 post
737 4277 966 4324 mortem
995 4268 1325 4325 necessarios
1351 4284 1469 4324 esse
1498 4284 1603 4324 non
1628 4270 1817 4339 putas?
1848 4269 1936 4323 Di-

350 4352 435 4416 eis
464 4360 666 4431 absque
710 4356 890 4425 dubio,
929 4360 1054 4431 quia
1119 4371 1330 4417 mortuo
1382 4360 1512 4415 nihil
1540 4376 1674 4431 opus
1701 4369 1805 4427 est,
1834 4375 1933 4416 nec

349 4442 740 4509 reservandum
789 4450 918 4506 mihi
971 4450 1262 4522 quidquam
1311 4450 1362 4507 in
1396 4460 1605 4522 tempus
1640 4451 1766 4506 illud
1819 4459 1928 4517 est;

349 4548 480 4619 quia
520 4545 801 4602 defunctus
840 4561 901 4600 ac
946 4545 1075 4599 nihil
1103 4544 1365 4611 sentiens,
1394 4560 1492 4599 nec
1518 4538 1775 4600 delectari
1802 4558 1927 4614 pos-

347 4634 477 4694 sum
519 4638 858 4709 possessione
904 4632 1083 4692 rerum
1122 4653 1382 4705 mearum,
1440 4652 1612 4707 neque
1642 4636 1929 4692 amissione

347 4730 603 4789 cruciari.
658 4726 889 4787 Evidens
932 4714 1090 4787 causa
1117 4738 1220 4787 est.
1271 4730 1412 4801 Ergo
1451 4730 1650 4786 idcirco
1696 4732 1933 4786 moriens

2035 3280 2154 3322 esse
2184 3260 2531 3332 reddendum,
2558 3264 2651 3321 sed
2694 3274 2872 3319 tamen
2898 3267 3269 3344 qualecunque
3319 3264 3437 3319 lidci
3477 3280 3615 3335 opus

2033 3376 2143 3415 non
2161 3374 2281 3415 esse
2299 3360 2615 3431 periturum.
2641 3358 2819 3414 Habes
2842 3344 3023 3429 itaque
3041 3358 3444 3414 indubitabileni
3472 3357 3613 3412 futu-

2034 3469 2106 3508 ra:
2147 3451 2511 3508 retributionis
2549 3452 2925 3516 securitatem,
2979 3451 3143 3508 habes
3184 3449 3615 3519 recipiendorum

2033 3545 2297 3601 bonorum
2326 3559 2551 3615 operum
2578 3528 2708 3597 satis
2733 3542 2985 3597 idoneum
3025 3540 3214 3597 vadem
3240 3558 3253 3594 :
3284 3541 3375 3611 qui
3398 3540 3613 3612 quidem

2035 3645 2196 3692 tantm
2222 3651 2333 3691 non
2360 3636 2533 3691 solum
2562 3634 2703 3699 fidei,
2732 3634 2824 3690 sed
2854 3624 3014 3690 etiam
3047 3633 3426 3690 misericordia:
3451 3641 3615 3703 atque

2033 3726 2248 3798 pietatis
2286 3734 2388 3794 est,
2422 3734 2480 3781 ut
2524 3708 2632 3781 non
2669 3725 2841 3782 solvat
2879 3734 3085 3781 tantum
3123 3724 3269 3794 quod
3305 3724 3616 3794 promiserit

2034 3819 2185 3885 quasi
2213 3816 2470 3880 debitum,
2502 3814 2597 3870 sed
2625 3815 2787 3869 etiam
2825 3814 3073 3869 ostendat
3094 3813 3292 3881 aliquid
3319 3827 3429 3881 quo
3454 3826 3513 3865 se
3537 3811 3614 3864 fa-

2035 3908 2142 3962 ciat
2168 3907 2485 3960 debitorem.
2516 3904 2649 3958 Nam
2669 3906 2761 3972 qui
2782 3919 2881 3973 pro
2901 3904 3067 3979 calice
3095 3916 3245 3969 aqum
3273 3900 3473 3969 frigida:
3496 3901 3617 3954 red-

2037 3998 2272 4052 diturum
2299 4013 2358 4052 se
2390 3998 2526 4051 dixit
2550 3994 3011 4060 essemercedem,
3033 4009 3140 4049 non
3168 3992 3343 4047 solum
3364 3992 3482 4063 vult
3508 3992 3617 4047 sol-

2038 4076 2166 4143 vere
2211 4102 2329 4157 qum
2370 4087 2669 4156 acceperit,
2715 4072 2810 4143 sed
2850 4086 3013 4141 etiam
3060 4084 3393 4139 demonstrat
3437 4085 3615 4154 aliqua

2037 4196 2157 4251 qua:
2183 4180 2372 4235 solvat.
2413 4177 2541 4234 Pius
2565 4179 2771 4233 scilicet
2812 4192 2877 4232 ac
2911 4174 3281 4232 misericordia
3322 4175 3535 4246 plenus,
3560 4183 3618 4230 et

2036 4274 2317 4330 consulere
2339 4272 2522 4327 volens
2549 4286 2655 4326 non
2683 4270 2853 4326 solum
2884 4269 3033 4325 diviti
3054 4268 3304 4339 largitati,
3328 4268 3422 4324 sed
3450 4268 3615 4323 etiam

2036 4366 2369 4438 pauperculae
2397 4361 2743 4430 olliciositati,
2770 4363 3007 4419 ostendit
3023 4360 3168 4434 quod
3198 4361 3489 4427 obnoxium
3510 4359 3614 4416 sibi

2035 4458 2087 4511 in
2118 4457 2299 4525 aliquo
2326 4455 2493 4510 Deum
2521 4453 2745 4520 faceret,
2766 4455 2927 4509 etiam
2946 4454 3039 4524 qui
3061 4452 3206 4523 quod
3233 4453 3499 4509 feneraret
3517 4466 3613 4523 pe-

1962 4545 2176 4633 Dnitus
2206 4560 2312 4599 non
2345 4544 2584 4599 haberet.

2106 4634 2265 4690 XVII.
2299 4634 2404 4690 Sed
2441 4635 2659 4689 forsitan
2690 4634 2803 4698 tibi,
2841 4635 3149 4704 quicunque
3174 4631 3323 4687 dives
3364 4645 3444 4697 es,
3471 4629 3613 4685 indi-

2036 4744 2197 4813 gnum
2226 4728 2331 4785 hoc
2359 4726 2697 4783 facultatibus
2727 4725 2832 4781 tuis
2858 4739 2995 4795 opus
3020 4720 3468 4795 pauperculorum
3493 4732 3613 4775 esse

1541 4878 1883 4939 STEPHANI
1917 4879 2190 4940 BALUHI
2228 4880 2454 4938 ΝΟΤίΕ.

389 5041 413 5072 ⁸
431 5049 457 5078 ο
495 5040 555 5095 In
574 5039 808 5095 editione
835 5040 1028 5097 Pithon
1047 5042 1126 5097 sie
1146 5042 1307 5096 habet
1328 5042 1415 5097 hic
1442 5042 1590 5097 locus
1614 5061 1625 5095 :
1650 5042 1721 5095 Et
1748 5045 1935 5097 nitrum

347 5120 440 5184 est
461 5110 595 5184 quod
624 5110 726 5184 hoc
746 5111 913 5184 ipsum
938 5113 1064 5184 sinis
1086 5120 1143 5165 ut
1174 5121 1219 5165 te
1246 5128 1351 5166 non
1369 5113 1484 5183 jam
1532 5115 1786 5184 funestata
1832 5113 1932 5184 aii—

345 5180 483 5253 qm'd
501 5180 567 5234 de
591 5189 677 5235 tuo
704 5180 891 5235 habeat
915 5197 930 5235 :
955 5183 1071 5252 jam
1094 5180 1549 5253 exportatoi'atque
1578 5182 1845 5253 tumulata.
1878 5182 1934 5235 In

347 5251 572 5307 vetusto
593 5260 769 5323 autem
799 5251 984 5307 codice
1008 5254 1156 5321 regio
1182 5252 1260 5306 sic
1285 5270 1297 5303 :
1327 5251 1398 5305 Et
1419 5251 1605 5323 mirum
1633 5259 1715 5305 est
1727 5269 1776 5323 η.
1808 5252 1861 5305 Ιι.
1892 5254 1931 5306 i.

349 5322 508 5388 sinis,
539 5330 588 5373 et
607 5321 721 5393 jam
739 5337 842 5375 non
866 5325 1123 5393 funestata
1152 5331 1199 5375 te
1228 5332 1314 5385 tua
1342 5322 1527 5393 habeat
1547 5340 1564 5375 :
1586 5324 1701 5393 jam
1734 5321 1926 5393 expor-

349 5340 508 5388 sims,
539 5340 587 5373 ει
607 5340 721 5393 jam
739 5340 842 5375 non
866 5340 1123 5393 maestam
1152 5340 1199 5375 te
1228 5340 1314 5385 tua
1342 5340 1527 5377 nauem
1547 5340 1564 5375 :
1617 5340 1701 5375 am
1742 5340 1926 5392 expor-

347 5402 468 5447 tata
497 5401 647 5462 atque
675 5393 940 5456 tumulata.
968 5391 1185 5451 Rectius
1205 5396 1341 5462 ergo
1380 5340 1619 5447 for-tussi;
1647 5391 1817 5448 codex
1848 5408 1932 5446 re-

346 5462 476 5531 gius
501 5463 787 5526 recentior,
814 5463 1225 5534 quisiehahet:
1260 5462 1328 5514 Et
1354 5463 1541 5518 mirum
1571 5480 1614 5516 ε.
1648 5481 1697 5534 q.
1732 5463 1783 5515 It.
1814 5464 1853 5516 ί.
1884 5480 1929 5515 s.

346 5542 414 5586 ut
447 5536 698 5604 timesth
730 5542 777 5584 te
804 5541 897 5604 ttt_a_
939 5531 1275 5604 habeannisi
1309 5535 1465 5587 etiam
1500 5535 1613 5604 jam
1661 5531 1929 5604 exportata

535 5602 804 5656 Mutato.
836 5593 1223 5655 nmmum
1251 5593 1649 5656 existithaverat
1688 5593 1928 5655 inutilem

348 5670 464 5729 huc
488 5673 607 5727 loco
635 5685 757 5727 esse
777 5670 1090 5741 particulam
1122 5672 1436 5736 mgaﬁvam.
1611 5674 1639 5741 ,⁷

431 5770 455 5782 -
495 5746 557 5799 tn
582 5739 905 5799 ednion’ihns
934 5740 1191 5810 sequitur,
1224 5754 1285 5792 ac
1304 5752 1493 5795 rectum
1520 5739 1685 5811 putas.
1732 5739 1925 5797 Verum

2036 5057 2159 5097 cum
2207 5042 2291 5096 his
2332 5051 2553 5097 careant
2590 5054 2781 5097 omnes
2809 5041 2929 5096 libri
2956 5050 3183 5107 veteres,
3231 5050 3287 5097 et
3313 5039 3610 5097 necessaria

2037 5128 2147 5168 non
2177 5112 2304 5176 sint,
2334 5112 2458 5166 hinc
2485 5112 2811 5168 sustulimus.
2841 5113 3037 5169 Aiebat
3069 5122 3249 5169 autem
3304 5110 3611 5166 Rittershu-

2036 5183 2147 5236 sius
2176 5181 2456 5252 legendum
2486 5191 2672 5252 postea
2700 5198 2837 5246 esse.
2863 5191 2921 5237 ut
2947 5200 3135 5239 sensus
3159 5189 3387 5252 constet,
3412 5194 3502 5252 nec
3531 5193 3615 5252 ναξ-

2039 5243 2334 5324 donabilem
2361 5243 2536 5324 curant
2559 5251 2747 5324 abnuo,
2772 5243 2869 5324 pro
2890 5268 2956 5308 eo
2970 5252 3112 5322 quod
3126 5243 3401 5324 editiones
3413 5243 3613 5324 habent

2038 5337 2133 5397 nec
2155 5323 2588 5397 iurationabilem.
2620 5313 2808 5397 itaque
2837 5313 3027 5397 visunt
3065 5326 3175 5397 est
3199 5313 3475 5397 admoneri
3518 5313 3611 5370 de-

2038 5392 2167 5445 bere
2195 5392 2553 5461 conjecturam
2584 5390 2701 5462 ejus
2719 5390 3030 5447 conﬁrmari
3059 5390 3377 5441 auctoritate
3424 5396 3612 5437 recen-

2041 5463 2419 5534 tioris__codicis
2448 5463 2609 5534 regii,
2773 5532 2779 5534 _
3128 5522 3138 5534 .

2110 5543 2133 5570 ο
2174 5530 2343 5587 Antea
2374 5526 2781 5603 legebatur,_qui
2805 5529 2892 5582 tibi
2919 5529 2975 5603 in
3000 5526 3222 5603 vita-ista
3243 5534 3391 5603 usuin
3418 5536 3607 5603 rerum.

2031 5602 2140 5659 Nos
2192 5606 2361 5658 secuti
2414 5589 2858 5674 veteres'li'nros,
2889 5597 2969 5674 .in
3005 5589 3215 5674 quibus
3243 5589 3612 5648 desiderantur

2033 5686 2192 5726 voces
2214 5675 2268 5726 in
2296 5675 2399 5725 vita
2426 5674 2545 5733 ista,
2583 5668 2703 5721 illas
2731 5666 3043 5717 delevimus.
