4108 6348
1481 341 1536 398 S.
1580 339 1895 398 SALVlANl
1934 337 2397 394 MASSILIENSIS
2433 335 2863 410 PRESBYTER]

3716 331 3835 389 είι

521 458 786 524 videatur,
810 464 867 513 et
885 457 1018 513 velis
1041 455 1361 535 aliquamad
1389 463 1444 512 te
1469 457 1815 527 peculiariter
1833 454 2109 526 pertinen-
2137 453 2187 513 A
2215 454 2464 509 omnibus
2491 453 2666 508 modis
2693 452 2780 508 vel
2809 451 2948 506 mala
2977 450 3168 522 fugias,
3189 451 3276 507 vel
3296 451 3438 508 bona
3467 451 3698 523 assequi
3733 466 3836 507 ve-

525 553 637 604 tem
680 547 1025 619 sponsionem
1055 557 1078 582 η
1110 561 1274 601 sacra:
1301 547 1737 618 repromissionis
1765 546 1969 601 audire.
2002 544 2112 599 lla-

501 651 504 654 ’
527 640 622 695 bes
641 640 870 710 primum
892 638 1022 693 illud
1041 638 1184 708 quod
1207 639 1276 694 ad
1296 639 1517 695 divitem
1539 641 1686 695 illum
1708 640 1850 694 Deus
1870 639 1921 693 in
1944 636 2115 692 Evan-

524 730 666 799 gelio
685 729 921 799 loquitur
951 746 964 781 :
1006 727 1170 796 Vade,
1202 731 1362 786 vende
1389 733 1565 786 omnia
1591 731 1724 787 bona
1754 741 1860 808 tua,
1883 740 1932 784 et
1961 729 2116 784 habe-

526 817 602 873 bis
635 819 922 872 thesaurum
964 820 1021 873 in
1063 819 1188 874 calo
1222 820 1436 893 (Matth.
1471 840 1578 889 nx,
1609 822 1722 893 2i).
1756 821 1960 880 Deinde
1984 821 2114 876 illud
2155 855 2163 862 -

525 910 669 980 quod
714 919 986 982 praecepto
1016 913 1389 971 interdictorio
1417 917 1739 985 generaliter
1766 915 1920 984 jubet
1953 934 1966 969 :
2000 912 2115 969 No—

521 1000 612 1054 lite
639 1001 990 1072 thesaurizare
1017 1003 1157 1059 vobis
1184 1006 1450 1062 thesauros
1485 1009 1541 1061 in
1571 1017 1739 1071 terra;
1774 1006 2116 1060 thesaurizate

525 1100 696 1148 autem
723 1092 862 1149 vobis
885 1095 1153 1152 thesauros
1179 1099 1236 1152 in
1262 1100 1389 1154 caelo
1415 1098 1629 1172 (Matth.
1655 1115 1729 1164 vr,
1756 1099 1840 1163 l9,
1864 1097 1977 1171 ΞΟ).
2012 1096 2116 1152 Ρο-

523 1191 725 1241 stremo
748 1187 838 1241 illa
867 1190 1062 1257 quibus
1092 1207 1281 1248 omnes
1313 1209 1489 1248 rerum
1520 1194 1872 1250 mundialium
1905 1177 2116 1264 poSses-

523 1292 674 1332 seres
701 1277 767 1332 ad
795 1286 930 1350 opus
959 1279 986 1318 δ
1018 1281 1240 1351 proﬂua:
1269 1283 1530 1352 largitatis
1557 1301 1652 1356 spe
1691 1284 1910 1353 inﬁnita:
1932 1300 2115 1340 remu-

523 1368 820 1424 nerationis
848 1370 1057 1438 invitat,
1081 1373 1264 1430 dicens
1289 1376 1434 1444 quod
1455 1377 1630 1432 omnis
1657 1377 1748 1447 qui
1775 1384 1998 1448 propter
2020 1378 2118 1432 ho-

525 1473 715 1515 norem
745 1469 909 1532 atque
947 1479 1189 1535 amorem
1217 1482 1374 1521 suum
1402 1476 1495 1522 aut
1521 1468 1759 1536 domum,
1791 1478 1882 1524 aut
1907 1485 2114 1539 agrum,

525 1560 620 1607 aut
632 1567 1006 1625 quamcunque
1027 1557 1364 1630 aliam‘275
1381 1557 1690 1614 facultatem
1711 1559 1764 1614 in
1795 1577 1924 1616 usus
1953 1563 2116 1617 mise-

523 1644 770 1701 ricordia:
808 1649 1140 1718 prorogarit,
1184 1652 1494 1722 centuplum
1541 1653 1770 1723 accipiat
1815 1654 1869 1707 in
1914 1652 2114 1709 futuro.

524 1736 747 1815 Insuper
788 1749 977 1806 autem,
1024 1741 1215 1811 inquit,
1254 1752 1304 1798 et
1347 1745 1505 1798 vitam
1545 1753 1793 1799 wternam
1840 1745 2118 1816 possidebit

2215 547 2318 603 lis?
2345 547 2474 618 quid
2502 562 2680 602 causae
2707 554 2790 602 est
2833 547 2976 617 quod
3006 548 3120 602 haec
3147 563 3255 602 non
3285 546 3437 616 agis?
3474 545 3602 618 quid
3634 561 3833 602 causa:

2216 647 2298 694 est
2320 646 2379 694 ut
2397 638 2541 693 bona
2560 647 2760 694 aiterna
2787 653 2894 693 non
2915 639 3097 693 emas?
3125 637 3253 709 quid
3272 653 3448 694 causa:
3467 647 3552 694 est
3578 630 3648 692 ut
3673 636 3834 691 mala

2216 738 2418 786 {eterna
2438 746 2547 786 non
2570 731 2799 786 timeas?
2827 729 2966 797 Quid
2990 730 3175 800 utique
3202 730 3306 785 nisi
3333 730 3465 785 illud
3491 731 3642 800 quod
3675 744 3832 800 prmo

2217 823 2426 878 locutus
2445 837 2584 888 sum,
2613 821 2758 892 quod
2787 829 2882 877 aut
2902 821 3249 891 judicandum
3277 837 3309 877 a
3329 822 3442 877 Deo
3470 831 3523 877 te
3551 837 3684 877 esse
3715 837 3835 876 non

2216 923 2393 988 putas,
2427 923 2521 984 aut
2537 924 2965 972 resurrecturum
2991 916 3215 973 omnino
3234 923 3289 972 te
3309 931 3430 972 esse
3457 932 3566 972 non
3595 914 3793 972 credis
3810 918 3836 971 ?

2217 1008 2274 1063 Si
2291 1008 2448 1065 enim
2482 1007 2750 1076 crederes,
2775 1007 3050 1078 quomodo
3080 1023 3188 1062 non
3216 1007 3380 1062 futuri
3402 1005 3588 1077 iudicii
3610 1006 3832 1063 inaesti-

2216 1100 2415 1155 mabile
2439 1099 2642 1154 malum
2679 1096 2893 1167 fugeres
2921 1105 2976 1152 et
3011 1097 3394 1154 immortalium
3423 1097 3833 1169 suppliciorum

2218 1199 2487 1248 tormenta
2509 1191 2744 1247 vitares?
2769 1188 2877 1246 Sed
2902 1205 3011 1245 non
3041 1189 3216 1246 credis
3241 1190 3446 1260 utique,
3471 1205 3580 1247 non
3603 1190 3828 1258 credis;

2218 1300 2283 1340 ac
2309 1284 2437 1340 licet
2463 1283 2606 1356 aliud
2631 1291 2687 1339 et
2707 1279 2958 1338 sermone
2986 1292 3215 1348 asseras,
3233 1289 3289 1338 et
3304 1281 3688 1354 professione,
3715 1299 3830 1339 non

2218 1373 2392 1429 credis
2425 1391 2437 1426 :
2470 1388 2648 1430 sermo
2676 1371 2820 1429 enim
2857 1381 2914 1429 et
2938 1372 3202 1444 professio
3231 1380 3322 1428 tua
3345 1372 3598 1442 jactitant
3627 1372 3828 1440 ﬁdem,

2217 1464 2313 1520 sed
2335 1465 2442 1520 vita
2463 1472 2626 1534 atque
2647 1464 2827 1520 obitus
2850 1464 3127 1536 publicant
3147 1463 3536 1520 inﬁdelitatem.
3558 1465 3826 1537 Alioquin

2219 1558 2374 1613 vince
2404 1572 2524 1624 me;
2565 1557 2708 1612 vinci
2738 1556 2880 1612 volo.
2913 1555 3031 1611 Non
3060 1571 3243 1627 quaero
3275 1563 3337 1610 ut
3358 1555 3490 1610 mihi
3517 1555 3825 1612 credulita-

2221 1658 2330 1705 tem
2358 1657 2504 1704 tuam
2532 1647 2827 1718 superioris
2855 1648 2978 1702 vitae
3017 1647 3228 1703 actibus
3261 1646 3491 1717 probes;
3522 1663 3632 1703 uno
3689 1664 3827 1704 cons

2221 1749 2401 1796 tentus
2447 1756 2564 1795 sum
2607 1739 2917 1794 testimonio
2957 1753 3332 1809 supremorum
3381 1744 3616 1794 tuorum.

473 1877 488 1886 ,
529 1828 746 1900 (Matth.
780 1846 890 1896 xxx,
931 1831 1044 1903 29).
1077 1832 1219 1900 Quid
1258 1835 1527 1904 spondere
1567 1835 1739 1905 majus
1777 1837 2118 1892 credentibus
2145 1830 2197 1894 Ι
2217 1829 2349 1902 iam.
2381 1847 2507 1888 ecce
2532 1831 2802 1895 morieris.
2825 1845 3138 1900 θετθεειιωε
3165 1829 3233 1886 de
3253 1829 3417 1886 domo
3445 1831 3697 1901 corporis
3719 1833 3821 1898 ῑυῖ,

525 1922 627 1977 sibi
647 1923 842 1993 potuit,
865 1925 958 1994 qui
981 1936 1004 1965 ο
1028 1926 1235 1995 magnis
1263 1927 1652 1982 feneratoribus
1673 1928 1783 1983 suis
1806 1928 2116 1998 centuplum

524 2029 584 2070 se
608 2014 942 2070 redditurum
971 2032 1088 2072 esse
1117 2018 1401 2087 promisit?
1434 2018 1544 2074 Nec
1569 2019 1744 2074 solum
1775 2021 1896 2085 hoc,
1927 2019 2021 2075 sed
2043 2021 2118 2074 vi-

524 2114 651 2172 tam,
679 2107 868 2178 inquit,
895 2116 1145 2162 aeternam
1185 2107 1487 2180 possidebit.
1523 2109 1638 2165 Hoc
1675 2111 1845 2166 multo
1874 2110 1993 2180 plus
2033 2119 2118 2165 est

521 2190 684 2270 quam
715 2197 830 2269 ipsa
867 2199 1109 2270 centupli
1148 2200 1432 2255 retributio
1477 2218 1490 2253 :
1532 2200 1658 2270 quia
1692 2201 1745 2256 id
1766 2201 1940 2272 ipsum
1971 2200 2116 2272 quod

519 2289 640 2358 quis
680 2289 735 2344 in
781 2290 1036 2361 centuplo
1081 2291 1370 2360 acceperit,
1400 2292 1454 2345 in
1497 2299 1758 2362 perpetuo
1797 2291 2111 2362 possidebit.

522 2382 640 2440 Non
679 2382 784 2439 erit
809 2395 938 2453 ergo
973 2390 1106 2438 tunc
1131 2383 1333 2452 fragilis
1362 2392 1419 2438 et
1445 2383 1647 2438 caduca
1693 2384 1982 2458 ppssessio,
2014 2399 2118 2439 nec

523 2476 578 2530 in
597 2475 1001 2531 similitudinem
1022 2483 1359 2532 terrenarum
1391 2466 1716 2540 divitiarum,
1750 2476 1951 2529 umbra:
1978 2491 2116 2545 pne-

524 2568 789 2624 tereuntis
807 2575 901 2622 aut
925 2567 1121 2627 somnii
1141 2567 1481 2623 vanescentis
1499 2583 1652 2622 more
1669 2569 1926 2644 peritura.
1951 2567 2116 2635 Quid-

523 2659 652 2729 quid
680 2660 864 2716 datum
893 2677 923 2716 a
954 2660 1067 2716 Deo
1105 2659 1284 2727 fuerit,
1329 2660 1636 2715 immortale
1673 2660 1776 2715 erit
1814 2678 1826 2712 :
1858 2660 2117 2731 quidquid

522 2736 807 2823 acceptum
847 2751 1027 2818 fuerit,
1069 2753 1185 2808 sine
1224 2751 1455 2808 termino
1496 2753 1852 2822 permanebit.
1896 2752 1974 2808 Ac
2020 2768 2118 2823 per

521 2843 644 2911 hoc,
675 2852 736 2900 ut
763 2845 1032 2918 dixi,‘plus
1060 2861 1220 2916 quam
1248 2846 1562 2917 centuplum
1591 2846 1789 2917 accipit
1815 2846 2007 2917 quisic
2026 2861 2116 2901 ac-

475 2994 478 2996 .
521 2935 712 3006 cipit}:
763 2937 889 3006 quia
934 2937 1100 2994 vincit
1127 2937 1365 3008 centupli
1394 2937 1647 3007 pretium,
1692 2937 1745 2992 id
1786 2938 1958 3008 ipsum
1996 2953 2114 2994 esse

521 3026 834 3096 centuplum
861 3027 1270 3097 sempiternum.

595 3115 782 3172 XVIII.
808 3114 937 3184 Quae
966 3134 1086 3173 cum
1115 3118 1189 3174 ita
1216 3120 1342 3183 sint,
1375 3128 1430 3174 et
1461 3136 1584 3175 cum
1612 3127 1760 3176 tanta
1789 3122 1992 3194 absque
2014 3123 2111 3178 du-

2223 1925 2467 1979 nesciens
2505 1939 2612 1994 quo
2653 1923 2844 1986 iturus,
2876 1937 2985 1992 quo
3014 1921 3380 1987 abducendus,
3410 1919 3480 1976 ad
3506 1936 3672 1992 quam
3702 1938 3824 1995 pa:-

2222 2016 2366 2088 nalia
2393 2024 2450 2071 et
2477 2032 2640 2088 quam
2670 2023 2809 2070 tetra
2837 2014 3143 2085 rapiendus,
3175 2014 3262 2070 cui
3285 2029 3450 2070 unum
3477 2021 3820 2077 tantummo-

2220 2107 2291 2162 do
2316 2115 2563 2178 superest
2583 2108 2726 2162 inter
2752 2122 3003 2178 suprema
3030 2105 3354 2176 perfugium,
3385 2121 3494 2162 una
3522 2104 3817 2176 eﬂ’ugiendi

2219 2201 2409 2256 :eterni
2451 2201 2587 2269 ignis
2621 2200 2825 2270 spicula
2867 2199 3044 2266 datur,
3076 2207 3137 2254 ut
3163 2214 3263 2269 pro
3291 2207 3346 2254 te
3383 2198 3579 2255 offeras
3617 2199 3814 2268 saltem

2219 2291 2364 2364 quod
2392 2292 2446 2346 in
2475 2291 2776 2348 substantia
2803 2292 2990 2357 habes,
3023 2291 3147 2362 quia
3168 2290 3314 2346 aliud
3333 2290 3479 2360 quod
3504 2292 3676 2362 possis
3695 2291 3818 2347 Deo

2220 2383 2415 2439 offerre
2453 2383 2566 2452 jam
2610 2399 2718 2438 non
2755 2383 2951 2448 habes;
2979 2390 3035 2437 et
3074 2389 3132 2437 tu
3172 2382 3457 2438 immemor
3481 2382 3574 2448 tui,
3602 2382 3809 2438 oblitus

2219 2476 2409 2531 salutis
2436 2483 2557 2540 tuae,
2583 2475 2650 2529 de
2671 2475 2945 2543 legatariis
2967 2474 3120 2530 novis
3142 2474 3368 2543 cogitas,
3392 2475 3460 2530 de
3478 2473 3810 2545 loeupletan-
3837 2528 3850 2538 ,

2219 2566 2290 2621 do
2318 2567 2531 2622 haerede
2559 2566 2838 2636 suspiras?
2858 2565 2925 2620 Et
2952 2567 3070 2623 inec
3097 2565 3318 2633 faciens,
3347 2565 3570 2622 credere
3597 2573 3652 2621 te
3666 2565 3815 2635 judi-

2222 2658 2363 2714 cium
2403 2658 2499 2713 Dei
2527 2657 2682 2724 dicis,
2712 2659 2804 2729 qui
2833 2659 2950 2725 tibi,
2980 2674 3102 2715 cum
3145 2657 3467 2729 judicandus
3493 2658 3585 2726 sis,
3617 2658 3706 2714 vel
3731 2659 3816 2713 in-

2222 2759 2306 2805 ter
2333 2765 2586 2822 suprema
2615 2765 2723 2804 non
2751 2750 2990 2805 consulis
3014 2751 3027 2802 ε
3075 2757 3132 2806 et
3170 2750 3394 2806 credere
3432 2758 3489 2806 te
3515 2749 3718 2821 aliquid
3743 2750 3813 2806 de

2219 2841 2393 2896 salute
2417 2842 2608 2896 anima:
2650 2849 2756 2897 tum
2793 2842 3050 2913 loqueris,
3083 2844 3171 2899 cui
3198 2843 3377 2899 nullus
3405 2850 3490 2899 est
3518 2843 3699 2900 anima
3719 2834 3811 2900 tua

2218 2934 2396 2999 vilior,
2441 2934 2585 3004 apud
2628 2950 2789 3005 quem
2836 2951 3007 3006 prope
3054 2952 3163 2991 non
3207 2936 3436 2992 interest
3480 2936 3568 2991 cui
3613 2937 3808 3006 prosis,

2217 3026 2509 3082 dummodo
2530 3034 2590 3081 ut
2616 3027 2711 3080 tibi
2737 3027 2964 3082 noceas!
2991 3027 3148 3099 277
3178 3035 3233 3082 et
3259 3026 3481 3082 credere
3502 3034 3556 3082 te
3575 3027 3810 3082 futurum

2212 3117 2449 3188 judicem
2478 3118 2633 3183 dicis,
2658 3118 2798 3188 apud
2820 3132 2983 3187 quem
3007 3118 3186 3174 nullus
3215 3125 3299 3173 est
3336 3118 3516 3174 minor
3537 3125 3700 3190 atque
3719 3118 3813 3174 de-

522 3209 611 3266 bio
640 3217 956 3281 recepturus
992 3213 1063 3267 sit
1100 3214 1192 3282 qui
1235 3213 1346 3268 Deo
1386 3213 1575 3279 credit,
1618 3215 1892 3284 quomodo
1931 3224 1989 3270 tu
2032 3217 2115 3273 his
2139 3212 2190 3277 c
2221 3209 2460 3280 spectior
2487 3225 2649 3280 quam
2673 3210 2790 3280 ipse
2810 3209 3008 3278 iudex!
3041 3208 3176 3263 Nam
3204 3209 3258 3263 in
3279 3217 3493 3265 tantum
3513 3225 3640 3265 eum
3660 3225 3812 3281 sper-

521 3302 683 3357 rebus
701 3317 838 3371 quas
859 3303 970 3359 Deo
995 3304 1228 3370 dederis,
1251 3321 1469 3361 usurum
1500 3314 1553 3362 te
1579 3323 1698 3362 esse
1729 3317 1851 3378 post
1880 3317 2111 3364 mortem

520 3407 628 3449 non
658 3401 833 3465 putas,
867 3409 1095 3464 quarum
1135 3397 1231 3452 tibi
1270 3414 1377 3453 non
1410 3415 1564 3454 usum
1607 3401 1978 3455 tantummodo
2009 3403 2113 3457 Do-

521 3485 714 3552 minus,
763 3486 860 3541 sed
905 3488 1264 3557 augmentum’
1293 3490 1454 3544 etiam
1497 3498 1551 3545 et
1595 3492 2112 3560 superexcellentem
2147 3505 2152 3508 '

521 3578 792 3632 cumulum
834 3578 1151 3648 pollicetur?
1179 3581 1305 3650 .Aut
1353 3581 1489 3637 forte
1519 3583 1764 3652 accipere
1807 3583 1921 3640 luce
1962 3592 2111 3640 tanta

522 3682 632 3721 non
675 3667 795 3731 vis?
822 3666 928 3723 Sed
957 3669 1059 3724 hoc
1094 3671 1234 3726 ratio
1279 3687 1389 3727 non
1429 3673 1634 3742 patitur
1662 3681 1720 3727 ut
1758 3675 1914 3730 nolis.
1941 3675 2111 3732 Nemo

522 3745 665 3812 enim
696 3765 780 3812 est
807 3757 948 3812 inter
985 3758 1232 3815 homines
1258 3761 1351 3831 qui
1380 3776 1501 3817 cum
1540 3762 1729 3817 beatus
1757 3779 1875 3819 esse
1911 3765 2108 3832 valeat,

520 3847 685 3903 miser
726 3863 846 3905 esse
886 3849 1065 3916 malit;
1099 3865 1260 3906 nemo
1302 3860 1385 3906 est
1422 3852 1515 3921 qui
1554 3868 1677 3908 cum
1715 3855 1916 3910 habere
1944 3858 2113 3927 possit

519 3938 738 3995 delicias
783 3941 976 3996 summi
1025 3942 1173 4008 boni,
1218 3943 1330 4014 pati
1377 3943 1507 3999 velit
1550 3945 1871 4015 supplicium
1913 3950 2109 4004 summi

519 4031 644 4085 mali
671 4050 683 4084 :
708 4031 886 4087 nullus
906 4032 1169 4102 profecto,
1194 4033 1402 4100 nullus;
1428 4041 1482 4089 et
1505 4034 1627 4090 ideo
1650 4051 1749 4092 nec
1771 4043 1829 4090 tu
1851 4031 2064 4107 quidem
2093 4057 2105 4092 :

519 4122 623 4176 nisi
651 4121 788 4176 forte
815 4132 1156 4178 monstruosa
1195 4125 1265 4179 sit
1305 4125 1358 4179 in
1395 4133 1450 4180 te
1491 4127 1670 4195 aliqua
1709 4135 1763 4181 et
1799 4128 2112 4199 discrepans

521 4214 589 4268 ab
618 4214 852 4269 humano
881 4229 1078 4284 genere
1109 4224 1322 4284 natura,
1355 4226 1414 4271 ut
1436 4218 1580 4272 solus
1608 4218 1702 4272 tibi
1729 4219 1945 4288 penitus
1971 4221 2110 4276 bene

521 4313 641 4358 esse
666 4304 824 4369 nolis,
851 4306 996 4361 solus
1022 4306 1410 4361 beatitudinem
1439 4307 1627 4374 fugias,
1660 4309 1807 4364 solus
1837 4311 2111 4380 suppliciis

520 4393 823 4452 delecteris.
855 4395 1007 4461 Quod
1047 4397 1093 4453 sl
1122 4397 1308 4466 utique
1347 4413 1457 4452 non
1486 4409 1586 4463 est,
1617 4399 1745 4469 quid
1773 4414 1903 4468 ergo
1937 4418 2112 4458 causa:

519 4495 604 4542 est
640 4495 700 4540 ut
726 4503 834 4541 non
862 4487 948 4542 vel
977 4489 1214 4544 moriens
1238 4496 1293 4544 et
1331 4490 1385 4544 in
1412 4489 1611 4544 ultimis
1638 4491 1790 4557 situs,
1832 4491 1886 4546 id
1918 4495 2108 4551 saltem

2222 3301 2322 3366 nis,
2349 3301 2403 3354 in
2424 3308 2632 3354 tantum
2661 3300 2913 3370 despicis,
2945 3308 3005 3354 ut
3042 3316 3144 3356 nec
3169 3300 3378 3356 tibimet
3405 3301 3508 3370 ipsi
3537 3301 3806 3368 consulas,

2218 3391 2512 3447 dummodo
2541 3392 2657 3460 ejus
2692 3391 2839 3460 jussa
2880 3400 3215 3447 contemnas.
3249 3393 3357 3447 Aut
3393 3382 3580 3448 refelle
3616 3410 3721 3459 me,
3752 3402 3807 3451 et

2217 3485 2496 3550 convince,
2528 3486 2573 3538 si
2602 3485 2853 3539 mentior.
2887 3483 3099 3539 Clamat
3125 3485 3220 3540 tibi
3250 3500 3378 3542 ecce
3413 3486 3664 3542 morienti
3693 3488 3808 3558 ipse

2216 3577 2310 3648 qui
2342 3584 2393 3631 te
2427 3576 2767 3646 judicaturus
2811 3586 2894 3632 est
2917 3576 3084 3647 judex
3114 3587 3258 3643 tuus,
3282 3593 3353 3633 ne
3380 3577 3549 3633 ullum
3585 3579 3798 3634 omnino

2215 3667 2496 3724 hominum
2534 3669 2587 3722 in
2622 3668 2979 3738 prorogandis
3015 3669 3176 3724 rebus
3216 3684 3279 3725 ac
3317 3669 3656 3726 facultatibus
3694 3671 3805 3727 tuis

2216 3760 2337 3831 plus
2365 3776 2528 3831 quam
2550 3768 2602 3815 te
2623 3775 2789 3824 ames,
2818 3775 2887 3815 ne
2913 3761 3008 3815 ulli
3035 3761 3103 3816 de
3131 3762 3434 3817 substantia
3456 3771 3551 3818 tua
3574 3765 3812 3819 moriens

2217 3853 2386 3921 magis
2405 3866 2565 3922 quam
2590 3853 2684 3907 tibi
2713 3853 2977 3918 consulas,
3003 3854 3212 3908 nullum
3241 3855 3338 3909 tibi
3366 3855 3543 3910 anima
3574 3863 3667 3910 tua
3686 3871 3813 3929 pro-
3860 3877 3876 3894 -

2214 3943 2573 4015 pinquiorem,
2624 3943 2829 3998 nullum
2867 3943 3078 4012 judices
3123 3945 3448 4000 chariorem.
3498 3945 3639 4012 Quid
3674 3949 3814 4001 enim

2214 4037 2463 4108 proderit,
2495 4036 2669 4106 inquit
2697 4036 2965 4101 Salvator,
2999 4037 3194 4092 homini
3226 4040 3272 4093 si
3311 4038 3536 4094 lucretur
3562 4039 3815 4095 mundum

2215 4139 2397 4197 totum,
2429 4140 2478 4184 et
2516 4130 2878 4186 detrimentum
2921 4133 3084 4204 faciat
3120 4135 3312 4188 animas
3353 4135 3498 4190 suae?
3533 4146 3623 4190 aut
3660 4154 3816 4209 quam

2216 4221 2359 4275 dabit
2407 4222 2558 4275 homo
2607 4224 3063 4277 commutationem
3102 4241 3197 4294 pro
3237 4227 3417 4280 anima
3458 4244 3553 4281 sua
3593 4228 3813 4299 (Matth.

2215 4331 2323 4380 xrv,
2354 4313 2487 4385 26)?
2516 4313 2631 4368 Hoc
2659 4323 2742 4369 est
2771 4314 2951 4369 dicere
2986 4333 2998 4366 :
3030 4314 3169 4381 Quid
3207 4317 3325 4380 tibi,
3371 4333 3405 4373 o
3443 4318 3817 4379 infelicissime

2187 4408 2398 4478 .homo,
2428 4405 2670 4477 proderit
2697 4407 2742 4462 si
2773 4421 2990 4462 omnem
3019 4407 3276 4462 mundum
3305 4417 3402 4464 aut
3428 4410 3545 4480 ipse
3575 4412 3813 4480 habeas,

2214 4508 2308 4556 aut
2335 4501 2441 4556 tuis
2485 4500 2746 4570 proximis
2783 4500 3078 4570 relinquas,
3118 4500 3166 4556 si
3195 4501 3385 4556 salutis
3413 4509 3577 4572 atque
3619 4505 3818 4560 animae

519 4593 783 4649 supremae
804 4579 1091 4635 oblationis
1106 4581 1285 4636 ollicio
1306 4588 1361 4636 et
1380 4582 1527 4637 omni
1548 4598 1730 4638 rerum
1758 4591 1966 4642 tuarum
1999 4605 2115 4645 ani-
2139 4593 2196 4655 D
2220 4592 2542 4648 detrimenta
2571 4591 2829 4662 patiaris?
2845 4590 3052 4645 Damna
3080 4592 3226 4647 enim
3249 4592 3443 4648 animm
3464 4601 3637 4649 totum
3668 4597 3820 4666 peni-

521 4667 636 4725 bitu
663 4684 790 4740 agas
814 4677 891 4735 ut,
915 4671 961 4726 si
981 4673 1176 4728 mereri
1200 4688 1231 4726 a
1253 4672 1365 4728 Deo
1391 4681 1566 4744 potes,
1591 4674 1831 4746 locuples
1857 4681 2020 4753 276
2047 4698 2110 4739 ac

521 4761 712 4818 beatus
735 4762 839 4828 sis;
872 4763 955 4818 sin
971 4772 1154 4820 autem
1175 4763 1229 4820 id
1257 4780 1366 4819 non
1381 4773 1556 4836 potes,
1580 4776 1728 4823 certe
1742 4768 1769 4806 ά
1786 4771 1869 4825 vel
1888 4788 1987 4842 pro
2009 4775 2113 4832 hoc
2157 4785 2162 4792 ‘

520 4853 780 4908 merearis
802 4861 859 4908 ut
879 4855 1044 4911 miser
1062 4872 1170 4912 non
1198 4857 1292 4923 sis,
1309 4865 1458 4912 certe
1485 4874 1594 4913 non
1616 4860 1810 4927 uraris,
1828 4872 1975 4920 certe
2004 4881 2111 4923 non

521 4947 845 5016 torquearis,
869 4956 1015 5004 certe
1035 4950 1273 5006 tenebris
1292 4951 1652 5008 exterioribus
1665 4968 1774 5008 non
1794 4964 1816 4992 ο
1834 4955 1886 5009 in
1885 4955 2110 5026 jiciaris,

520 5046 576 5093 et
603 5032 927 5094 ardentibus
939 5040 1055 5095 sine
1078 5041 1184 5096 line
1207 5040 1436 5098 flammis
1463 5059 1572 5099 non
1596 5045 1955 5117 decoquaris?
1984 5052 2114 5120 Quae

520 5146 645 5191 cum
674 5129 750 5185 ita
777 5129 906 5197 sint,
945 5131 1073 5203 quid
1100 5147 1248 5202 ergo,
1279 5142 1339 5188 ut
1363 5134 1493 5204 dixi,
1536 5153 1713 5194 causae
1739 5150 1840 5209 est,
1871 5142 1890 5181 ί
1919 5153 1977 5199 ut
2005 5164 2112 5204 non

2219 4692 2308 4740 tus
2348 4698 2533 4738 secum
2584 4683 2864 4748 auferunt;
2906 4698 3005 4737 nec
3041 4683 3334 4755 quidquam
3378 4685 3544 4740 homo
3588 4686 3817 4742 omnino

2219 4776 2419 4831 habere
2456 4774 2659 4845 poterit
2698 4774 2792 4845 qui
2829 4774 3064 4844 seipsum
3089 4774 3286 4830 damno
3316 4776 3508 4831 animae
3534 4779 3822 4848 pereuntis

2219 4868 2450 4924 amittat.
2493 4866 2596 4920 Aut
2622 4883 2794 4938 quam,
2827 4866 3020 4938 inquit,
3052 4867 3203 4922 homo
3233 4869 3686 4923 commutationem
3717 4870 3820 4923 da-

2220 4963 2292 5018 bit
2319 4979 2412 5034 pro
2442 4961 2619 5014 anima
2645 4960 2775 5014 sua?
2803 4959 2921 5016 Hoc
2949 4967 3034 5016 est
3061 4960 3240 5016 dicere
3274 4978 3287 5013 :
3320 4960 3440 5016 Non
3467 4963 3746 5033 respicias,
3787 4983 3822 5022 ο

2220 5056 2406 5122 homo,
2446 5053 2749 5126 pecuniam,
2800 5067 2909 5108 non
2938 5053 3381 5124 possessionem;
3429 5070 3531 5112 nec
3575 5038 3820 5120 dubite's,

2221 5150 2413 5204 saltem
2443 5147 2699 5214 moriens,
2723 5161 2824 5218 pro
2851 5161 2948 5218 spe
2976 5154 3090 5214 tua,
3121 5154 3382 5219 quantum
3403 5157 3578 5220 potes,
3608 5149 3688 5205 rei
3717 5159 3825 5208 tua:

1719 5252 2059 5338 STEQHANI
2099 5260 2373 5316 BALUZII
2411 5259 2639 5315 NOTAE.

595 5375 620 5403 ι
652 5364 736 5447 ita
764 5365 886 5422 libri
906 5369 1136 5421 veteres.
1161 5363 1221 5418 In
1244 5364 1569 5424 editionibus
1597 5368 1727 5423 vero
1750 5369 2008 5440 scriptum
2031 5383 2114 5430 est
2213 5376 2480 5447 judicium
2499 5376 2599 5431 viri
2625 5376 2940 5434 doctissimi.

526 5437 813 5491 dominicw.

569 5507 622 5588 ._b
652 5507 928 5588 Admonet
955 5506 1193 5566 Ρίῐίιωυε
1219 5509 1506 5578 legendum
1547 5526 1668 5566 esse
1704 5514 1978 5582 superﬂua:
2006 5515 2112 5569 lar-

565 5585 723 5629 italis.

530 5593 564 5722 ἲ
605 5659 636 5722 ξ
667 5645 841 5722 Antea
862 5649 1137 5717 legebatur
1158 5654 1344 5722 magis,
1377 5661 1435 5706 ut
1463 5653 1516 5707 in
1539 5653 1706 5707 veleri
1729 5652 1912 5722 codice
1942 5655 2108 5722 regio.

532 5713 639 5794 sed
684 5716 808 5794 quia
829 5718 882 5794 in
902 5713 1122 5794 {aliquis
1149 5713 1406 5792 scriptum
1435 5731 1518 5779 est
1543 5724 1764 5794 magnis,
1789 5731 1844 5777 et
1872 5713 2113 5782 Pithmus

533 5785 812 5846 admonuit
852 5788 972 5848 istic
1013 5785 1085 5847 ita
1127 5785 1498 5862 reponendum
1539 5785 1678 5859 esse,
1721 5785 1874 5864 seqni
1912 5795 2114 5863 placuit

2291 5446 2316 5484 ά
2359 5447 2484 5519 llaec
2515 5448 2709 5502 desunt
2736 5450 2791 5503 in
2818 5449 3053 5519 antiquis
3071 5449 3371 5506 codicibus.

2296 5527 2319 5590 αῖ
2353 5517 2584 5590 _\_-’eteres
2605 5519 2744 5586 libri,
2777 5517 3019 5576 eneceris.

2299 5587 2316 5626 τ
2350 5587 2475 5666 llaec
2495 5588 2676 5666 verba,
2709 5607 2879 5666 usque
2899 5592 2969 5666 ad
2994 5593 3105 5660 illa,
3132 5593 3270 5666 quod
3290 5593 3398 5650 hac
3423 5611 3530 5650 non
3554 5595 3689 5666 agis,
3717 5594 3821 5652 de~

2221 5659 2428 5736 suntin
2459 5662 2694 5736 antiquis
2737 5659 3034 5736 codicibus,
3079 5659 3172 5735 qui
3219 5665 3298 5736 sic
3343 5667 3563 5721 omnino
3589 5659 3817 5736 habent,

2223 5727 2360 5796 Quid
2379 5748 2522 5803 ergo,
2551 5727 2608 5786 ut
2636 5732 2768 5795 dixi,
2792 5748 2962 5788 causa:
2987 5727 3066 5794 est
3095 5727 3237 5808 quod
3267 5735 3375 5792 hwc
3415 5753 3521 5793 non
3548 5738 3699 5809 agis?
