4108 6348
366 342 477 399 225
1478 336 1836 401 ADVERSUS
1873 343 1976 402 AV.

2082 341 2254 435 nam
2293 334 2420 402 LIB.
2464 343 2552 404 Ill.
3539 336 3658 404 eis

362 475 432 516 ac
456 457 728 514 facultatis
755 455 967 514 oﬂ'erre.
999 453 1406 528 Quidquidlibet
1430 458 1575 514 enim
1609 457 1825 514 dederis
1863 473 1961 530 pro
1988 464 2040 522 Α
2068 466 2156 512 tur
2183 473 2441 514 numerus
2477 459 2934 530 propinquorum!
2969 453 3071 516 nisi
3109 452 3254 531 quod
3282 459 3395 516 scio
3423 475 3487 516 ac
3528 463 3660 518 satis

365 560 442 618 te,
474 549 580 604 vile
623 557 738 618 est;
768 549 1028 622 quidquid
1068 565 1167 621 pro
1198 559 1252 606 te
1289 549 1573 617 obtuleris,
1619 550 1772 620 parvi
1801 549 1961 622 pretii
2063 560 2242 608 certus
2261 567 2400 617 sum,
2420 551 2553 606 nihil
2575 554 2798 609 omnino
2819 552 2962 625 apud
2984 552 3152 608 Deum
3173 563 3298 609 vota
3319 554 3505 608 talium
3528 570 3658 625 pra:-

365 652 490 698 est:
523 643 650 714 quia
677 643 856 698 anima
877 650 967 698 tua
991 643 1046 698 in
1075 642 1318 698 omnium
1346 658 1530 698 rerum
1551 641 1959 713 comparatione
2063 643 2264 699 valere.
2289 642 2422 697 Nam
2452 643 2636 698 mirari
2663 660 2878 714 possem
2905 645 3044 700 forte
3068 643 3210 716 quod
3239 645 3466 710 viveres,
3495 660 3657 714 quem

364 738 678 812 pretiosior.
708 736 776 792 Et
799 737 922 793 ideo
951 738 1086 793 nihil
1119 737 1334 793 dubites
1361 752 1460 808 pro
1487 735 1692 792 tc'da're
1722 753 1736 790 :
1761 735 1888 805 quia
1916 736 1964 792 si
2064 736 2202 791 mori
2229 744 2338 790 tam
2368 735 2522 792 multi
2563 736 2748 791 velint.
2790 735 2858 791 Et
2885 733 3116 810 propter
3133 739 3249 804 hos,
3292 738 3532 808 quisquis
3569 737 3658 792 ille
3695 723 3707 748 ⁸

363 842 423 888 te
453 832 716 900 amiseris,
749 832 930 888 omnia
958 832 1012 886 in
1034 840 1088 888 te
1115 831 1302 904 perdis
1332 849 1346 886 :
1378 831 1423 887 si
1444 839 1626 887 autem
1664 839 1721 886 te
1747 828 1963 885 lucrife-

363 925 532 993 eeris,
564 933 742 982 tecum
768 933 824 981 et
852 925 907 980 in
936 935 991 981 te
1020 925 1200 981 omnia
1222 925 1541 996 possidebis.

440 1015 584 1072 XIX.
617 1015 754 1072 Cum
801 1016 917 1073 haec
964 1032 1093 1087 ergo
1133 1015 1229 1072 tibi
1266 1017 1379 1087 jam
1421 1015 1696 1083 morienti,
1737 1031 1773 1072 o
1799 1016 1965 1072 homo

363 1110 618 1182 quisquis
647 1125 726 1174 es,
759 1108 1024 1165 Dominus
1043 1117 1167 1164 tuus
1195 1097 1410 1176 clamet,
1443 1117 1501 1164 tu
1530 1115 1769 1164 mentem
1797 1107 1968 1163 obdu-

368 1219 478 1270 ras,
505 1212 563 1258 tu
593 1219 779 1259 aurem
829 1203 1092 1271 obstruis;
1137 1211 1192 1259 et
1220 1203 1378 1259 nudis
1419 1201 1760 1259 sermonibus
1805 1199 1967 1263 ﬁdem

368 1285 635 1366 asserens,
670 1297 920 1355 sufﬁcere
949 1299 1044 1354 tibi
1072 1308 1231 1370 putas
1257 1299 1422 1354 verba
1448 1313 1550 1369 pro
1580 1297 1760 1361 rebus,
1788 1310 1854 1351 ac
1883 1309 1969 1351 sa-

369 1391 442 1446 tis
465 1399 519 1445 te
547 1389 758 1448 ﬁrmum
797 1393 962 1464 278
987 1391 1223 1448 aestimas
1249 1389 1585 1446 credulitatis
1613 1389 1815 1444 habere
1842 1387 1969 1443 sub-

292 1557 301 1563 _
368 1482 588 1548 sidium,
615 1483 662 1538 si
684 1483 873 1551 Deum,
897 1498 1057 1554 quem
1079 1483 1243 1538 rebus
1266 1488 1430 1553 atque
1453 1480 1709 1553 operibus
1737 1479 1843 1534 tuis
1869 1477 1968 1533 de-

370 1577 557 1649 spicis,
576 1577 757 1633 verbis
775 1577 1126 1633 mendacibus
1145 1577 1416 1632 honorare
1438 1574 1690 1630 videaris.
1729 1571 1859 1638 Fili,
1886 1572 1967 1626 in-

369 1679 489 1744 qpit
510 1679 786 1742 Scriptura
817 1660 1030 1736 sancta,
1053 1673 1098 1725 si
1121 1669 1297 1734 habes,
1324 1667 1542 1740 benefac
1565 1677 1747 1731 tecum,
1779 1674 1829 1718 et
1856 1662 1968 1718 Deo

373 1763 535 1820 bonas
564 1765 849 1822 oblationes
862 1765 992 1834 offer
1021 1762 1209 1835 (Eccli.
1235 1778 1346 1826 xlv,
1379 1760 1490 1831 il).
1519 1758 1586 1814 Et
1615 1757 1740 1813 alibi
1772 1775 1783 1810 :
1809 1755 1970 1811 Mise-

2067 845 2146 894 es,
2179 837 2402 900 propter
2441 829 2543 884 hos
2572 829 2709 884 tales
2750 829 2987 883 animam
3027 837 3174 884 tuam
3202 829 3427 896 deseris,
3459 838 3513 885 et
3541 844 3660 885 cre-

2066 921 2196 978 dere
2225 930 2277 977 te
2294 920 2555 990 judicium
2577 920 2673 975 Dei
2697 919 2850 984 dicis.
2875 934 2996 975 cum
3026 919 3094 975 ad
3124 920 3228 976 hoc
3255 920 3371 992 ejus
3390 919 3539 992 jussa
3567 919 3662 976 de-

2067 1015 2270 1086 spicias
2288 1022 2345 1069 ut
2361 1013 2741 1085 patrimonium
2771 1021 2920 1066 tuum
2944 1011 3141 1068 talibus
3166 1012 3541 1082 derelinquas?
3567 1011 3666 1072 Di-,

2067 1108 2274 1178 spersit,
2303 1105 2473 1186 inquit
2510 1105 2776 1175 propheta
2813 1103 2881 1158 de
2914 1117 2981 1158 eo
3018 1103 3108 1173 qui
3145 1103 3313 1158 Deum
3343 1103 3543 1170 credit,
3575 1101 3659 1157 di-

2068 1199 2273 1270 spersit,
2303 1196 2445 1250 dedit
2463 1192 2772 1267 pauperibus
2805 1211 2822 1249 :
2847 1194 3056 1265 justitia
3085 1194 3197 1266 ejus
3230 1203 3403 1249 manet
3424 1195 3479 1248 in
3507 1204 3660 1249 ater-

2070 1306 2194 1344 num
2225 1287 2395 1358 (Psal.
2438 1303 2545 1350 cxi,
2577 1286 2653 1358 9).
2695 1285 2802 1341 Sed
2843 1294 2900 1340 et
2945 1283 3195 1340 Salvator
3223 1284 3337 1356 ipse
3365 1285 3433 1340 ad
3475 1299 3664 1341 omnes

2071 1382 2266 1438 divites
2310 1401 2321 1435 :
2365 1381 2600 1447 Vendite,
2634 1380 2826 1449 inquit,
2857 1394 2973 1451 qua!
2998 1378 3294 1451 possidetis,
3317 1388 3366 1432 et
3386 1378 3505 1433 date
3532 1378 3666 1432 elec-

2070 1490 2342 1544 rnosynam
2374 1471 2526 1544 (Luc.
2551 1488 2642 1534 ιιι,
2661 1471 2772 1542 55).
2798 1469 2864 1523 Et
2887 1469 3012 1524 alibi
3039 1487 3050 1521 :
3082 1467 3259 1523 Vende
3280 1484 3396 1541 quia
3417 1467 3590 1534 habes,
3616 1476 3666 1523 et

2073 1564 2143 1618 da
2162 1564 2473 1636 pauperibus
2497 1562 2713 1634 (Matth.
2735 1578 2845 1627 nx,
2862 1559 2978 1631 2|).
3010 1559 3262 1630 Nunquid
3288 1558 3437 1624 dicit,
3456 1559 3666 1629 agnatis

2073 1657 2160 1722 da.
2194 1657 2434 1727 nunquid
2472 1655 2752 1711 afﬁnibus?
2793 1654 2914 1717 Non
2941 1655 3154 1725 utique;
3195 1654 3290 1710 sed
3314 1654 3660 1725 pauperibus,

2072 1751 2168 1806 sed
2216 1751 2418 1820 egenis.
2452 1748 2699 1818 Nunquid
2752 1749 3057 1820 propinquo
3086 1748 3259 1816 diviti,
3304 1748 3542 1818 nunquid
3572 1747 3666 1804 ulli

371 1876 506 1926 rere,
540 1857 739 1928 inquit,
772 1858 964 1912 anima:
995 1863 1096 1910 tua:
1135 1853 1245 1927 (Id.
1277 1869 1408 1918 xxx,
1450 1850 1567 1923 24).
1618 1859 1644 1888 ³
1674 1848 1808 1904 Vide
1848 1848 1965 1919 pie-
1998 1847 2046 1908 Β
2073 1842 2298 1898 omnino
2323 1841 2527 1896 homini
2557 1841 2913 1912 praepotenti?
2952 1839 3068 1897 Non
3100 1842 3314 1910 utique;
3359 1839 3455 1896 sed
3499 1857 3665 1910 egen-

371 1961 542 2008 tatcm
565 1966 691 2022 erga
720 1961 771 2006 te
798 1950 1010 2006 Domini
1033 1949 1222 2014 nostri,
1248 1947 1370 2002 vide
1389 1961 1551 2016 quam
1572 1943 1878 1999 misericors
1897 1941 1968 1995 sit

371 2041 632 2100 Dominus
661 2043 803 2099 Deus
832 2050 1035 2106 noster,
1067 2040 1160 2112 qui
1188 2055 1286 2094 nos
1317 2039 1464 2108 ipsos
1493 2052 1592 2107 pro
1625 2035 1780 2091 nobis
1800 2035 1968 2089 mise-

371 2135 664 2192 ricordiam
709 2142 882 2204 rogat.
916 2132 1186 2197 Miserere,
1239 2131 1431 2199 inquit,
1482 2130 1672 2182 anima:
1704 2137 1824 2181 tum.
1857 2125 1973 2180 Hoc

372 2235 458 2283 est
485 2225 668 2281 dicere
694 2243 707 2278 :
731 2223 990 2278 Miserere
1011 2222 1175 2277 etiam
1205 2229 1263 2274 tu
1293 2220 1435 2274 illius
1463 2217 1618 2286 cujus
1641 2215 1792 2271 vides
1813 2215 1976 2270 mise-

373 2317 592 2373 ratione
620 2331 708 2372 me
747 2315 954 2384 frangi;
980 2313 1240 2368 miserere
1269 2311 1410 2366 illius
1438 2309 1654 2364 tandem
1682 2308 1835 2378 cujus
1875 2308 1975 2361 mi-

374 2425 566 2466 sereor
591 2423 692 2477 ego
730 2421 947 2478 semper
971 2423 986 2473 ;
1032 2405 1288 2460 miserere
1315 2411 1372 2458 tu
1401 2401 1594 2457 anima:
1621 2401 1811 2456 saltem
1850 2408 1974 2463 tum,

377 2517 508 2557 eum
537 2499 783 2556 misereri
822 2513 912 2553 me
936 2512 1130 2553 cernas
1156 2495 1362 2551 aliena).
1397 2493 1465 2548 Et
1503 2493 1632 2563 quid
1671 2500 1796 2563 post
1837 2492 1974 2555 lucc,

384 2607 421 2647 o
445 2591 748 2647 miserrime
785 2589 986 2646 homo?
1026 2603 1147 2644 cum
1177 2587 1318 2642 Deus
1356 2586 1433 2641 sic
1470 2593 1647 2640 tecum
1685 2591 1829 2652 agat,
1864 2598 1971 2636 non

383 2684 710 2755 acquiescis!
730 2691 883 2754 rogat
910 2692 961 2739 te
989 2692 1046 2737 ιιι
1077 2681 1148 2735 ιιιί
1171 2679 1494 2744 miserearis,
1509 2687 1565 2733 et
1586 2694 1693 2733 non
1719 2676 1822 2731 vis!
1843 2691 1972 2731 cau-
2009 2704 2012 2706 η

380 2796 499 2838 sam
529 2788 673 2833 tuam
702 2775 844 2848 apud
876 2785 928 2832 te
955 2775 1086 2845 agit,
1116 2783 1172 2829 et
1196 2772 1223 2812 δ
1254 2780 1359 2828 ate
1384 2787 1491 2827 non
1522 2768 1852 2825 admittitur!
1886 2768 1971 2823 di—

377 2880 574 2946 gnatur
595 2881 649 2928 te
674 2885 772 2942 pro
796 2879 848 2926 te
875 2876 1080 2941 petere,
1104 2874 1292 2922 etate
1314 2882 1420 2921 non
1443 2872 1626 2936 potest
1646 2861 1967 2934 impetrare!

377 2967 450 3025 Et
470 2968 764 3040 quomodo,
789 2967 1031 3038 quisquis
1052 2981 1132 3030 es,
1155 2981 1190 3020 o
1209 2961 1511 3018 miserrime
1530 2961 1714 3025 homo,
1747 2971 1976 3027 quomo-

377 3062 452 3118 do
479 3071 534 3118 te
563 3070 750 3134 postea
779 3059 1173 3132 supplicantem
1205 3055 1294 3110 ille
1323 3054 1376 3108 in
1399 3051 1604 3122 judicio
1643 3064 1743 3106 suo
1775 3046 1976 3112 audiet,

378 3170 507 3212 cum
535 3164 595 3210 tu
624 3155 710 3211 hic
737 3169 860 3210 eum
888 3167 986 3224 pro
1023 3160 1077 3206 te
1110 3156 1392 3218 rogantem
1418 3145 1605 3200 audire
1641 3143 1757 3214 ipse
1783 3141 1976 3195 nolue-

2074 1938 2132 2004 ti,
2158 1936 2254 1992 sed
2283 1936 2452 2007 inopi,
2469 1935 2563 1990 sed
2593 1945 2900 2005 egestuoso.
2923 1944 2946 1971 ο
2965 1934 3033 1990 Ει
3061 1943 3225 1991 recte.
3249 1934 3497 2006 Nunquid
3522 1935 3666 1991 enim

2073 2045 2194 2083 cum
2224 2029 2582 2097 locupletibus
2609 2030 2854 2096 cognatis
2880 2026 2983 2082 tuis
3013 2028 3367 2084 substantiam
3392 2038 3537 2084 tuam
3571 2031 3666 2084 de~

2075 2119 2236 2184 deris,
2265 2118 2474 2186 justitia
2505 2127 2595 2172 tua
2629 2129 2811 2172 manet
2833 2119 2886 2172 in
2916 2122 3217 2173 aeternum?
3247 2129 3340 2174 aut
3367 2136 3489 2175 cum
3527 2119 3666 2175 divi-

2076 2211 2182 2264 tias
2205 2225 2393 2265 eorum
2421 2209 2621 2264 divitiis
2647 2209 2753 2264 tuis
2777 2210 3010 2272 auxeris,
3035 2210 3345 2265 thesaurum
3375 2211 3596 2266 habebis
3617 2211 3667 2266 in

2080 2301 2256 2356 caelo?
2288 2299 2397 2363 Vw,
2424 2300 2595 2370 inquit
2619 2300 2902 2371 propheta,
2927 2301 3008 2354 his
3035 2303 3122 2372 qui
3152 2300 3330 2354 dicunt
3355 2301 3504 2355 dulce
3522 2320 3670 2357 anta-

2079 2412 2214 2461 rum,
2246 2404 2296 2449 et
2324 2411 2558 2448 amarum
2588 2394 2737 2448 dulce
2771 2393 2906 2462 (Isa.
2939 2411 2991 2458 v,
3031 2393 3143 2461 20).
3189 2392 3365 2449 Etiam
3407 2394 3612 2450 laudari
3641 2411 3671 2450 a

2078 2493 2132 2540 te
2163 2484 2307 2540 tales-
2323 2485 2424 2539 hos
2454 2485 2593 2539 Deus
2622 2485 2892 2554 prohibet,
2924 2492 2980 2539 et
3003 2493 3058 2539 tu
3086 2484 3261 2539 ditare
3294 2500 3402 2541 non
3425 2486 3629 2541 metuis
3654 2486 3667 2538 !

2075 2577 2193 2632 dari
2223 2575 2303 2631 his
2334 2575 2704 2646 pnndicatoria
2735 2577 2898 2630 verba
2934 2591 3040 2631 non
3074 2576 3204 2642 vult,
3231 2583 3287 2631 et
3311 2582 3368 2631 tu
3397 2575 3561 2632 etiam
3592 2586 3672 2631 ta-

2076 2669 2222 2725 lenta
2264 2670 2505 2739 largiris!
2540 2670 2795 2724 honorari
2827 2669 2994 2724 vitam
3024 2685 3214 2725 eorum
3242 2668 3381 2726 ﬁctis
3408 2670 3672 2725 sermoni-

2076 2762 2179 2817 bus
2206 2767 2372 2822 vetat,
2420 2769 2475 2815 et
2514 2776 2545 2814 a
2583 2768 2636 2814 te
2680 2760 2918 2815 thesauri
2949 2761 3112 2830 280
3152 2775 3342 2814 eorum
3368 2759 3673 2828 divitiaeque

2077 2854 2418 2908 cumulantur
2442 2853 2454 2904 ε

2153 2943 2269 2997 XX.
2313 2943 2420 2997 Sed
2450 2942 2652 2999 vereris
2676 2942 2926 2998 videlicet
2963 2943 3141 2998 vultus
3178 2937 3669 3000 circumsidentium

2082 3036 2507 3108 propinquorum
2525 3077 2541 3102 ,
2569 3044 2624 3091 et
2650 3045 2946 3108 praesentes
2972 3045 3133 3108 atque
3161 3036 3471 3093 obsidentes
3499 3037 3672 3094 lectu-

2083 3131 2194 3186 lum
2223 3140 2372 3185 tuum
2401 3131 2596 3186 metuis
2636 3130 2928 3187 offendere.
2959 3128 3050 3185 Ne
3075 3132 3316 3186 uictimis
3343 3148 3461 3197 eos,
3504 3131 3676 3200 inquit

379 3249 489 3306 ris?
518 3246 624 3305 Sed
646 3222 905 3304 videlicet
920 3259 1084 3300 causa
1105 3239 1321 3312 grandis
1344 3246 1446 3304 est,
1471 3253 1577 3308 qua
1601 3235 1769 3291 Deum
1791 3233 1978 3289 audire
2007 3222 2053 3286 C
2084 3224 2342 3279 Dominus
2372 3239 2468 3295 per
2487 3223 2828 3295 prophetam,
2860 3239 3020 3296 neque
3041 3240 3227 3294 paveas
3255 3240 3288 3276 a
3317 3224 3451 3296 facie
3476 3233 3672 3290 eorum,

381 3355 493 3396 non
515 3338 708 3412 possis.
730 3335 1097 3393 Circumstant
1123 3333 1267 3388 enim
1299 3339 1351 3386 te
1377 3337 1734 3400 aegrotantem
1762 3324 1975 3395 cognati

380 3441 548 3504 atque
580 3429 760 3502 agnati
784 3429 880 3498 tui,
911 3429 1266 3485 circumstant
1289 3423 1589 3493 locupletes
1616 3417 1977 3475 matresfami-

381 3523 490 3590 lize,
519 3523 874 3580 circumstant
901 3519 1110 3577 nobiles
1137 3516 1257 3582 viri,
1291 3514 1503 3571 obsidet
1531 3513 1728 3568 lectum
1752 3507 1978 3566 inﬁrmi-

382 3617 512 3693 tatis
557 3626 661 3672 tna:
695 3614 884 3672 sericis
923 3621 1085 3684 atque
1130 3609 1332 3666 auratis
1376 3606 1616 3680 vestibus
1655 3602 1978 3660 circumfusa

385 3709 763 3768 numerositas.
805 3708 851 3762 0
883 3717 1117 3778 quantus
1140 3705 1342 3760 fructus
1370 3699 1689 3757 aeternitatis
1717 3705 1819 3760 est,
1852 3695 1977 3750 tali-

383 3803 488 3860 bus
518 3802 659 3858 bona
686 3799 906 3873 propria
944 3811 1170 3867 erogare
1198 3792 1488 3850 mendicis!
1519 3791 1687 3860 Digna
1729 3785 1982 3842 videlicet

384 3908 549 3951 causa
569 3903 625 3949 et
648 3868 947 3960 satis—justa
968 3896 1073 3955 est,
1097 3894 1155 3941 ut
1176 3895 1232 3940 tu
1253 3885 1448 3938 animm
1474 3891 1580 3935 tute
1609 3878 1820 3934 auferas
1837 3873 1982 3944 quod

385 3984 577 4054 egenis
606 3982 800 4038 talibus
828 3978 1191 4046 derelinquas.
1235 3973 1344 4028 Sed
1383 3971 1634 4025 nimirum
1672 3965 1982 4021 misericor-

388 4073 481 4130 dia
511 4073 788 4142 frangcris,
815 4080 873 4126 et
900 4066 1310 4124 lamentantium
1336 4061 1760 4133 propinquorum
1783 4057 1987 4127 pietate

389 4163 684 4235 superaris.
719 4160 815 4216 Est
843 4167 992 4215 certa
1022 4157 1179 4213 ratio.
1208 4154 1373 4210 Vides
1397 4152 1595 4224 quippe
1642 4147 1988 4220 opulentissi-

387 4256 464 4312 mi
495 4270 560 4312 ac
598 4243 1017 4326 splendidissimi
1053 4249 1228 4304 cultus
1272 4245 1540 4309 homines,
1576 4253 1598 4282 ε
1631 4241 1728 4296 tibi
1772 4239 1983 4305 anxios,

387 4347 488 4403 tibi
518 4345 728 4412 ﬁentes,
756 4343 896 4400 tristi
917 4341 1065 4398 vultu
1089 4339 1311 4405 etlesto
1332 4335 1538 4399 habitu,
1560 4333 1890 4404 compositas
1917 4330 1986 4386 ad

385 4436 811 4495 nteestitudinem
855 4433 1019 4490 facies
1064 4431 1156 4485 tibi
1195 4435 1551 4489 ostentantes,
1588 4441 1685 4496 per
1725 4422 1984 4491 imagina-

386 4531 527 4587 riam
547 4525 962 4586 sollicitudinem
984 4539 1134 4579 suam
1157 4529 1399 4577 ementes
1427 4518 1587 4590 279
1612 4515 1982 4571 Inereditatem

2081 3319 2324 3389 quoniam
2353 3318 2532 3373 domus
2558 3334 2875 3389 exasperans
2903 3326 2980 3371 est
3010 3315 3224 3387 (Ezech.
3251 3333 3307 3383 ιι,
3339 3315 3416 3385 0).
3448 3315 3517 3372 Et
3555 3318 3676 3372 ideo

2081 3420 2138 3466 tu
2162 3412 2324 3467 etiam
2353 3421 2471 3467 esto
2501 3411 2800 3481 intrepidus
2846 3419 2901 3464 et
2949 3418 3224 3465 constans.
3258 3409 3374 3464 Non
3423 3410 3677 3466 formides

2081 3505 2261 3558 vultus
2287 3511 2745 3573 ,eorum,_‘neque
2789 3501 3055 3570 frangaris
3102 3501 3307 3555 ambitu
3334 3515 3542 3556 eorum.
3575 3501 3678 3556 De-

2082 3595 2229 3665 spice
2256 3595 2699 3665 concupiscentes
2727 3591 3097 3647 htereditatem
3121 3599 3269 3646 tuam
3300 3600 3354 3647 et
3381 3589 3694 3648 dividentes=

2077 3686 2191 3756 jam
2219 3686 2360 3740 inter
2386 3701 2445 3740 se
2475 3685 2831 3740 substantiam
2861 3691 3007 3738 tuam
3032 3701 3046 3750 ;
3077 3683 3170 3754 qui
3201 3699 3307 3739 non
3353 3691 3426 3747 te,
3457 3683 3552 3739 sed
3579 3699 3678 3753 pa-

2083 3777 2398 3832 trimonium
2427 3785 2577 3832 tuum
2627 3776 2885 3843 diligunt,
2931 3776 3097 3829 immo
3138 3775 3230 3844 qui
3268 3774 3564 3844 cupiditate
3593 3790 3680 3829 re-

2084 3885 2205 3924 rum
2235 3877 2446 3921 tuarum
2475 3877 2530 3922 te
2557 3875 2925 3921 exsecrantur.
2960 3865 3092 3918 Nam
3123 3863 3250 3917 dum
3278 3871 3371 3918 tua
3397 3863 3682 3933 impatien-

2089 3970 2173 4013 ter
2194 3958 2409 4021 sitiunt,
2441 3965 2494 4011 te
2535 3955 2799 4019 oderunt;
2844 3953 3294 4023 prtesentiamque
3339 3960 3496 4006 tuam
3526 3955 3681 4021 quasi

2089 4050 2340 4105 aemulam
2359 4049 2460 4104 sibi
2481 4058 2536 4103 et
2556 4045 2919 4102 adversariam
2935 4043 3257 4114 iudicantes,
3287 4045 3496 4100 obicem
3521 4053 3684 4115 atque

2091 4142 2428 4201 obstaculum
2470 4150 2664 4214 putant
2702 4140 3010 4212 cupiditatis
3047 4156 3157 4195 sua:
3194 4155 3312 4196 esse
3352 4139 3496 4210 quod
3524 4140 3681 4196 vivis.

2091 4236 2316 4308 Despice
2335 4250 2464 4304 ergo
2484 4236 2584 4290 hos
2605 4234 2737 4289 tales
2760 4247 2822 4288 ac
2846 4233 2996 4288 nihili
3018 4231 3200 4288 facito.
3215 4231 3332 4288 Non
3356 4239 3410 4287 te
3430 4241 3684 4289 moveant

2094 4329 2114 4368 ί
2144 4329 2507 4385 blandimenta
2534 4343 2721 4383 eorum
2750 4346 2762 4381 :
2788 4341 2993 4382 venena
3037 4326 3133 4382 tibi
3173 4335 3317 4381 sunt.
3350 4326 3467 4382 Non
3511 4327 3683 4398 respi-

2089 4422 2199 4477 cias
2224 4417 2561 4477 adulatibnes
2610 4434 2796 4474 eorum
2823 4437 2836 4471 :
2861 4417 3024 4487 gladii
3052 4425 3178 4473 sunt
3219 4417 3555 4486 jugulatores
3584 4418 3678 4484 tui,

2089 4521 2143 4569 et
2170 4512 2387 4582 quidem
2416 4511 2604 4567 ferreis
2651 4516 2813 4580 atque
2853 4509 3138 4564 hostilibus
3183 4508 3376 4578 gladiis
3414 4509 3681 4564 tetriores.

386 4631 560 4678 tuam.
584 4617 756 4687 Quem
774 4632 884 4672 non
914 4622 1130 4671 moveat
1161 4621 1309 4668 tanta
1334 4610 1527 4682 pietas,
1550 4624 1711 4678 quem
1734 4623 1841 4662 non
1861 4621 1983 4660 mo-
2011 4609 2065 4672 ι)
2087 4607 2214 4663 lllos
2241 4606 2386 4662 enim
2412 4605 2660 4661 homines
2704 4603 2884 4658 cuncti
2913 4602 3134 4668 vident;
3166 4601 3300 4657 istos
3330 4601 3527 4656 incauti
3575 4618 3683 4655 non

384 4723 514 4770 veat
539 4711 660 4768 talis
682 4709 870 4776 dolor;
902 4717 996 4764 aut
1022 4705 1312 4777 quomodo,
1345 4719 1465 4759 cum
1489 4703 1603 4769 lucc
1625 4701 1750 4755 talia
1776 4699 1975 4763 videas,

385 4821 500 4864 non
526 4801 861 4860 obliviscaris
886 4799 1002 4856 tui?
1042 4797 1206 4854 Vides
1235 4797 1378 4852 enim
1423 4803 1664 4850 extortas
1693 4793 1977 4864 lacrymas,

383 4897 641 4955 simulata
668 4894 918 4967 suspiria,
952 4891 1128 4948 ﬁctam
1177 4890 1529 4953 anxietatem,
1562 4903 1671 4941 non
1702 4892 1982 4956 optantem

382 5000 451 5048 ut
478 4989 843 5054 convalescas,
874 4985 970 5042 sed
1011 4991 1415 5055 exspectantem
1457 4979 1672 5050 quando
1710 4978 1980 5033 moriaris.

383 5083 553 5140 Vides
579 5081 784 5137 dctixos
811 5080 866 5135 in
893 5087 966 5144 te,
998 5076 1151 5148 quasi
1175 5081 1488 5131 accusantes
1509 5071 1584 5125 tui
1614 5070 1792 5125 obitus
1813 5068 1981 5124 tardi-

380 5185 579 5243 tatem,
603 5173 845 5232 omnium
869 5170 1067 5227 vultus.
1092 5165 1138 5223 0
1164 5167 1433 5222 infelicem
1455 5173 1508 5220 te
1532 5166 1596 5219 ac
1623 5162 1983 5218 miserrimum

377 5269 543 5340 cujus
571 5281 880 5340 supremum
910 5263 1114 5322 exitum
1141 5269 1322 5318 tantus
1348 5257 1620 5314 desiderat
1647 5253 1674 5294 ἀ
1705 5270 1767 5311 ac
1793 5270 1985 5326 preca-

2084 4701 2290 4755 vident.
2324 4698 2423 4764 llli,
2454 4699 2579 4767 quia
2609 4703 2796 4766 aperte
2816 4694 3063 4759 saeviunt,
3091 4692 3391 4756 evitantur;
3424 4691 3532 4755 isti,
3558 4692 3684 4760 quia

2087 4791 2297 4848 occulte
2327 4789 2666 4849 insidiantur,
2700 4784 2952 4841 occidunt
2977 4802 2988 4836 :
3018 4791 3075 4838 et
3115 4781 3219 4836 hoc
3266 4779 3684 4851 periculosiores

2088 4892 2214 4940 sunt
2241 4899 2305 4938 ac
2329 4897 2470 4936 novo
2502 4877 2733 4934 nocendi
2759 4889 2957 4945 genere
2979 4874 3210 4944 pejores,
3243 4871 3388 4943 quod
3436 4873 3538 4927 illis
3573 4874 3680 4926 l'er-

2090 4978 2197 5034 reis
2225 4975 2416 5045 gladiis
2443 4988 2604 5027 nemo
2649 4978 2732 5025 est
2774 4968 2986 5038 penitus
3010 4966 3103 5036 qui
3151 4981 3210 5021 se
3239 4965 3358 5021 laedi
3386 4967 3537 5026 velit,
3570 4963 3684 5016 istis

2091 5070 2246 5126 multi
2269 5084 2328 5123 se
2355 5067 2518 5122 etiam
2548 5061 2718 5120 occidi
2744 5061 2951 5117 volunt.
2982 5060 3127 5115 Nova
3151 5068 3314 5130 atque
3341 5054 3685 5112 inaestimabi-

2093 5160 2159 5216 lis
2207 5158 2333 5213 mali
2382 5155 2596 5211 lethalis
2645 5152 2933 5208 inlecebra.
2983 5150 3093 5206 Illis
3141 5149 3332 5217 gladiis
3379 5146 3686 5216 quicunque

2092 5252 2410 5325 percutitur,
2443 5257 2499 5304 et
2533 5248 2726 5303 timore
2773 5248 2976 5318 pariter
3017 5253 3073 5299 et
3125 5242 3315 5297 dolore
3368 5243 3684 5306 torquetur;

1588 5365 1923 5425 STEPHANI
1962 5362 2236 5421 BALUZII
2276 5361 2504 5418 NOTAE.

466 5486 492 5514 ι
527 5472 654 5531 Ηωο
673 5473 866 5529 absunt
886 5485 918 5525 a
945 5467 1174 5526 vetustis
1202 5464 1500 5524 codicibus.

461 5544 493 5586 1³
529 5543 597 5600 Et
624 5547 741 5600 haec
763 5555 980 5613 quoque
1001 5541 1199 5595 absunt
1227 5553 1258 5592 a
1289 5536 1516 5613 vetustis
1539 5532 1834 5613 codicibus.

462 5629 491 5702 ξ
529 5604 922 5701 Sursum-hare
969 5626 1078 5665 non
1127 5617 1344 5664 exstant
1389 5608 1443 5660 in
1485 5604 1762 5660 codicibus
1789 5619 1983 5670 manu-

380 5697 744 5832 ngzunt
769 5768 988 5826 quoque
1015 5752 1120 5832 ista
1141 5751 1197 5832 in
1226 5749 1433 5832 eisdem.
1458 5745 1753 5832 (ςοάίςιίριιξἱ

463 5841 489 5874 ⁸
529 5828 604 5891 Ει.
625 5830 744 5889 litae
999 5824 1196 5882 absunt
1224 5821 1293 5876 ab
1319 5819 1525 5874 eisdem
1551 5815 1847 5871 codicibus.

2171 5456 2189 5495 ί
2233 5455 2452 5511 Tacitus
2473 5456 2526 5511 in
2548 5456 2686 5510 libro
2709 5455 2885 5524 primo
2922 5451 3284 5524 Historiarum
3313 5460 3327 5496 :
3382 5440 3683 5524 Blanditiis,

2125 5531 2367 5584 essimum
2396 5529 2500 5580 veri
2522 5513 2739 5595 affectus
2767 5533 3038 5576 venenum.
3062 5513 3370 5638 :Arnulphus
3399 5513 3686 5638 episcotpus

2127 5599 2444 5638 ,οτηιιίοηαια
2472 5598 2524 5638 in
2554 5593 2781 5638 ρηίςιηιει
2813 5592 2880 5638 ad
2911 5588 3201 5638 Henricum
3261 5581 3282 5638 Ι
3321 5599 3500 5638 reaem
3541 5600 3570 5638 e
3610 5586 3684 5638 ita

2117 5581 2444 5656 .exoviensis
2472 5598 2524 5650 in
2554 5581 2782 5666 Epistula
2813 5592 2881 5666 ad
2906 5581 3282 5666 yen‘ricumdl
3321 5581 3508 5666 regem
3541 5581 3684 5666 edita

2091 5651 2881 5732 init—omosecundo-Spicilegii
2906 5651 3371 5732 Dacberianipag.
3387 5651 3508 5709 ’497
3532 5673 3546 5732 3
3573 5654 3685 5732 ge-

2092 5745 2224 5795 liora
2255 5751 2374 5794 sunt
2421 5753 2536 5791 vere
2577 5726 2840 5801 diligentis
2867 5738 3043 5783 severa
3073 5726 3292 5782 consilia
3339 5745 3492 5800 quam
3519 5726 3685 5800 fallas;

2093 5811 2377 5866 assentatio
2407 5803 2740 5860 blandientis.
