4108 6348
221 476 238 512 ι

252 4934 298 5100 i

1393 290 1754 350 tnvsasus
1793 243 2167 353 ﬂamina
2210 298 2337 356 ua.
2379 298 2468 357 Iv.

299 411 436 475 (icit,
477 409 653 480 inquit
695 405 950 478 pestilens
1002 407 1343 478 praedicatio,
1395 406 1596 466 sufﬁcit
1648 409 1886 479 praeteri-
1910 410 1957 468 Δ
1987 427 2062 479 ιιι,
2094 413 2163 466 20
2183 415 2221 483 ).
2265 413 2453 484 Itaque
2488 415 2533 474 si
2579 417 2756 470 omnis
2799 430 2953 471 error
2991 410 3218 469 errantis
3268 409 3571 482 perditione

229 500 239 578 ξ
299 513 414 568 tum
463 516 600 571 opus
641 502 864 566 homini,
911 502 1118 556 etiamsi
1148 501 1203 556 in
1238 500 1342 556 ﬁne
1375 501 1506 564 nihil
1544 500 1722 556 iaciat.
1773 500 1886 569 Ego

296 595 470 651 multo
494 594 614 666 plus
635 592 795 656 addo,
824 599 917 656 aut
943 608 1050 647 non
1073 591 1253 646 minus
1271 593 1378 658 eis;
1411 592 1458 647 si
1487 599 1682 663 potest,
1714 598 1887 645 morte

294 686 474 743 vicina
503 694 602 764 aut
614 693 761 741 certe
790 685 910 755 plus
934 684 1105 739 multo
1133 700 1254 742 esse
1277 684 1596 744 faciendun].
1627 682 1882 747 Primum

295 779 426 849 quia
455 777 524 833 de
551 777 696 834 bono
728 767 893 848 opere
933 778 1062 832 nihil
1092 776 1252 836 nimis
1271 786 1372 833 est.
1399 777 1620 840 Deinde,
1645 775 1790 846 quod
1818 775 1887 830 ad

297 869 534 926 tribunal
579 869 673 926 Dei
716 884 967 941 pergens.
1013 872 1186 940 magis
1212 871 1424 942 placare
1441 870 1675 940 judicem
1705 871 1882 935 debet,

294 963 451 1033 quasi
480 962 591 1032 jam
625 963 678 1016 in
703 961 905 1031 judicio
937 963 1287 1023 constitutus,
1315 961 1617 1024 Postremo,
1649 960 1793 1030 quod
1842 961 1888 1015 si

295 1056 478 1126 aliqua
509 1062 636 1111 ante
674 1056 877 1110 exitum
912 1055 1055 1110 bona
1104 1055 1248 1118 fecit,
1281 1053 1449 1108 multo
1494 1052 1666 1121 magis
1711 1051 1888 1106 facere

296 1147 409 1223 iam
432 1149 487 1204 in
518 1149 666 1204 exitu
691 1163 791 1203 suo
819 1147 1001 1214 debet,
1042 1162 1111 1203 ne
1138 1148 1376 1202 deterior
1403 1146 1609 1201 scilicet
1647 1145 1888 1216 superio-

296 1239 446 1298 ribus
467 1241 590 1296 vitae
617 1241 826 1297 actibus
845 1237 966 1295 ﬁnis
1003 1255 1122 1296 esse
1149 1240 1414 1295 videatur.
1446 1238 1504 1295 Si
1532 1247 1714 1292 autem
1733 1237 1888 1292 bonis

297 1334 553 1406 operibus
599 1348 787 1404 parum
833 1332 1049 1399 studuit,
1081 1332 1251 1388 multo
1280 1331 1466 1400 utique
1505 1329 1672 1398 magis
1712 1328 1890 1383 facere

299 1439 425 1481 eum
447 1425 532 1481 vel
561 1425 615 1479 in
638 1425 784 1493 exitu
811 1439 910 1478 suo
932 1424 1216 1488 convenit;
1248 1429 1306 1477 ut
1326 1420 1471 1490 quod
1489 1420 1599 1475 vita
1617 1419 1890 1478 anteriore

301 1532 410 1572 non
431 1515 684 1581 reddidit,
715 1517 905 1571 saltem
936 1517 990 1571 in
1015 1516 1359 1574 extremitate
1388 1513 1686 1584 persolvat;
1716 1521 1774 1567 et
1798 1511 1890 1580 qui

301 1627 372 1667 ex
400 1610 506 1667 hoc
534 1625 658 1665 reus
681 1609 929 1679 estquod
953 1613 1076 1663 ante
1099 1608 1350 1676 neglexit,
1370 1606 1460 1671 ,vel
1485 1621 1580 1676 per
1599 1606 1704 1660 hoc
1724 1618 1889 1658 excu-

302 1703 412 1760 sari
428 1702 763 1772 aliquatenus
780 1703 1006 1757 Domino
1021 1716 1120 1756 suo
1131 1700 1300 1772 possit
1311 1697 1456 1768 quod
1471 1697 1797 1768 praeteritam
1818 1695 1894 1749 in-

1989 507 2262 570 multatur,
2287 513 2344 562 et
2369 507 2456 562 his
2493 523 2711 576 quoque
2739 506 3012 562 erroribus
3031 505 3140 562 vita
3169 502 3444 564 hominum
3473 513 3571 570 pe-

1987 599 2251 654 riclitatur
2263 599 2459 667 quibus
2477 598 2674 652 usitate
2697 606 2860 667 atque
2886 596 3242 654 communiter
3269 591 3571 650 innocentia

1988 692 2219 752 humana
2264 691 2554 762 polluitur;
2583 689 2712 760 quid
2739 688 2977 744 futurum
3007 688 3373 746 existimamus
3400 683 3491 740 ubi
3519 681 3573 737 in

1989 783 2157 840 Deum
2199 785 2372 853 ipsum
2401 781 2701 836 detestabili
2728 780 3040 835 infidelitate
3085 777 3383 848 peccatur?
3415 773 3573 845 285
3681 827 3683 836 .

1987 875 2046 931 Si
2068 877 2230 939 enim,
2261 875 2435 944 inquit
2461 874 2770 944 Apostolus,
2803 873 2977 928 omnis
2997 869 3360 926 inobedientia
3377 867 3574 936 justam

1988 974 2181 1043 accipit
2202 971 2466 1028 mercedis
2488 969 2896 1028 retributionem
2919 964 3105 1035 (Hebr.
3131 981 3186 1029 ιι,
3207 965 3287 1034 ί),
3303 959 3578 1032 quomodo

1988 1079 2090 1119 nos
2137 1063 2450 1132 eﬂ‘ugiemus
2473 1103 2488 1128 ,
2539 1063 2584 1117 si
2631 1070 2835 1116 tantam
2881 1058 3276 1126 neglexerimus
3318 1052 3579 1112 salutem?

1988 1157 2173 1213 Nullus
2200 1165 2380 1212 autem
2405 1156 2631 1210 salutem
2660 1169 2841 1210 veram
2894 1152 3014 1222 plus
3055 1150 3274 1218 negligit
3296 1163 3456 1217 quam
3485 1147 3578 1216 qui

1990 1248 2102 1304 Deo
2155 1248 2356 1317 aliquid
2419 1246 2715 1316 anteponit.
2783 1244 2916 1298 Cum
2979 1243 3123 1297 enim
3157 1241 3335 1294 'salus
3396 1244 3579 1295 nostra

1989 1355 2184 1396 munus
2233 1355 2294 1394 ac
2338 1337 2703 1394 misericordia
2751 1336 2848 1391 Dei
2872 1336 2960 1400 sit,
2994 1350 3114 1402 quae
3141 1335 3190 1388 ei
3218 1332 3357 1386 ratio
3385 1344 3580 1385 conse-

1992 1432 2220 1503 quendm
2245 1432 2433 1486 salutis
2455 1438 2538 1485 est
2556 1430 2648 1498 qui
2669 1429 2840 1483 Deum
2871 1428 3043 1498 ipsum
3071 1423 3315 1493 despicit,
3349 1423 3404 1478 in
3429 1421 3582 1490 cujus

1991 1522 2358 1584 misericordia
2387 1523 2534 1577 salus
2555 1527 2739 1575 nostra
2767 1518 3046 1574 consistit?
3072 1518 3176 1570 Aut
3197 1529 3319 1568 cum
3344 1511 3508 1580 iudex
3528 1517 3582 1566 et

1990 1617 2233 1670 vivorum
2265 1615 2335 1670 sit
2365 1596 2590 1670 Deus-et
2631 1619 2989 1673 mortuorum,
3013 1622 3134 1677 qum
3156 1608 3207 1661 ei
3246 1619 3371 1675 spes
3399 1604 3456 1659 in
3484 1601 3580 1658 Dei

1990 1710 2192 1780 judicio
2239 1725 2358 1763 esse
2395 1707 2597 1778 poterit
2624 1706 2718 1775 qui
2760 1719 2882 1758 eum
2911 1702 3078 1757 etiam
3127 1699 3358 1754 moriens
3383 1694 3584 1765 judicio

303 1794 691 1850 humanitatem
713 1795 898 1850 ultima
913 1794 1102 1848 saltem
1118 1793 1407 1847 devotione
1436 1799 1763 1860 compensat.
1784 1786 1891 1842 Sed
1922 1787 2377 1880 Bmo‘spnvm;
2404 1817 2434 1853 ει
2463 1815 2572 1868 quo
2615 1806 2697 1852 es;
2741 1797 2920 1851 statim
2960 1800 3202 1848 mortuus
3235 1787 3585 1860 iudicandus?

305 1888 374 1944 ad
387 1889 660 1960 superiora
673 1888 971 1944 redeamus.
981 1886 1274 1957 Sapientia,
1292 1883 1461 1952 inquit
1473 1897 1648 1936 sermo
1660 1879 1888 1944 divinus,

304 1983 362 2038 in
377 1983 514 2036 exitu
536 1983 758 2036 canitur.
781 1981 889 2035 Cur
907 1995 1025 2034 eam
1044 1995 1151 2033 non
1166 1978 1301 2032 dixit
1319 1977 1436 2032 cani
1455 1976 1506 2029 in
1519 1973 1768 2044 pueritia,
1787 1987 1895 2026 non

305 2071 364 2134 in
379 2071 675 2142 iuventute,
710 2086 818 2126 non
843 2070 895 2124 in
921 2076 1065 2124 statu
1092 2083 1274 2123 rerum
1303 2066 1673 2127 incolumium,
1704 2078 1812 2116 non
1843 2063 1897 2114 in

308 2165 756 2238 prosperitatibus
776 2162 1174 2218 secundorum?
1208 2159 1424 2214 Scilicet
1450 2158 1577 2226 quia
1598 2156 1652 2210 in
1674 2155 1756 2208 his
1785 2168 1900 2208 om-

308 2258 470 2314 nibus
507 2255 763 2326 quidquid
789 2253 1038 2308 laudatur
1065 2253 1330 2306 incertum
1360 2256 1458 2302 est.
1492 2245 1740 2313 Quandiu
1760 2243 1901 2298 enim

309 2349 436 2420 quis
472 2347 715 2417 subiacet
761 2345 1063 2408 mutationi,
1096 2358 1204 2398 non
1252 2348 1431 2410 potest
1472 2354 1595 2400 cum
1619 2335 1902 2393 securitate

310 2441 562 2506 laudari;
605 2450 660 2496 et
687 2439 829 2504 ideo,
859 2445 920 2492 ut
949 2437 1043 2500 ait,
1092 2434 1366 2506 Sapientia
1408 2435 1460 2488 in
1498 2435 1636 2488 exitu
1677 2432 1894 2486 canitur.

312 2531 519 2589 Exiens
564 2530 706 2585 cnim
753 2528 874 2598 quis
915 2527 982 2582 de
1026 2527 1242 2583 incertis
1276 2524 1652 2596 periculorum,
1693 2529 1897 2577 certum

319 2623 618 2679 merebitur
643 2635 800 2676 evasa
824 2620 1062 2676 omnium
1083 2633 1260 2676 rerum
1285 2617 1541 2671 varietate
1567 2613 1894 2680 suffragium:

317 2717 446 2786 quia
480 2723 590 2770 tum
620 2714 822 2770 stabilis
850 2723 904 2768 et
944 2710 1092 2767 ﬁrma
1119 2712 1236 2767 laus
1265 2718 1365 2775 est,
1393 2708 1611 2780 quando
1647 2707 1895 2762 meritum

314 2805 428 2876 iam
458 2821 564 2859 non
611 2811 787 2875 potest
816 2805 992 2874 perire
1023 2803 1242 2857 laudati.
1291 2801 1580 2872 Sapientia,
1613 2798 1802 2869 inquit,
1843 2799 1899 2851 in

313 2900 458 2954 exitu
489 2899 710 2952 canitur.
745 2897 881 2964 Quid
918 2905 1017 2962 est,
1048 2912 1252 2966 quaeso,
1282 2896 1541 2965 sapientia
1576 2891 1901 2948 Christiani?

315 2987 476 3056 Quid,
520 2989 622 3042 nisi
671 2988 830 3043 timor
853 2996 909 3042 et
948 3004 1102 3042 amor
1129 2986 1365 3041 Christi?
1396 2985 1610 3039 Initium
1632 2984 1796 3047 enim,
1821 2983 1904 3035 ia-

314 3080 457 3150 quit,
489 3078 650 3150 284
692 3081 960 3149 sapientia
987 3081 1139 3133 timor
1174 3077 1384 3131 Domini
1416 3075 1650 3144 (Psatm.
1683 3090 1768 3138 cx,
1804 3072 1932 3146 lO;_

1996 1894 2064 1948 Et
2083 1878 2224 1957 ideo,
2239 1902 2297 1947 ut
2319 1892 2594 1960 Scriptura
2617 1889 2795 1944 divina
2817 1887 2908 1948 ait,
2929 1887 2979 1939 in
3008 1899 3118 1954 quo
3132 1881 3335 1952 judicio
3360 1878 3582 1948 iudicat,

1997 1988 2052 2043 in
2081 2003 2148 2044 eo
2173 1986 2500 2055 iudicabitur
2528 1983 2595 2038 de
2625 1998 2692 2038 eo
2717 1980 2928 2050 (Matth.
2957 1995 3048 2042 vn,
3078 1977 3136 2047 2)
3162 1995 3172 2027 :
3207 1977 3309 2031 hoc
3346 1971 3454 2038 est,
3477 1985 3584 2042 quo

1996 2077 2200 2147 judicio
2225 2075 2428 2144 iudicat
2453 2074 2521 2128 de
2543 2073 2672 2134 Deo,
2697 2087 2764 2125 eo
2795 2073 2907 2148 ipse
2928 2069 3251 2137 iudicabitur
3271 2083 3303 2120 a
3331 2065 3471 2128 Deo;
3501 2078 3584 2118 ne-

2002 2184 2109 2239 que
2135 2169 2374 2235 iniquum
2403 2173 2592 2235 putare
2615 2162 2816 2232 poterit
2851 2161 2897 2215 si
2924 2176 3044 2216 eum
3083 2158 3290 2216 cunctis
3319 2156 3371 2210 in
3411 2153 3587 2209 fumo

2005 2261 2263 2316 Dominus
2284 2256 2674 2328 postposuerit,
2698 2254 2790 2322 qui
2812 2253 2864 2306 in
2903 2251 3152 2321 βιωθειί
3181 2249 3349 2303 Deum
3387 2245 3588 2322 cunctis

2003 2354 2122 2424 ipse
2166 2350 2470 2422 postponit;
2520 2363 2621 2402 nec
2659 2347 2813 2415 queri
2871 2351 3050 2414 potest
3101 2342 3145 2397 si
3184 2355 3308 2395 eum
3344 2337 3590 2394 omnibus

2003 2445 2145 2499 Deus
2211 2443 2439 2496 aestimet
2479 2428 2961 2502 damnabilio'rem,
3011 2451 3130 2491 cum
3176 2435 3291 2504 ipse
3345 2431 3592 2487 omnibus

2003 2539 2169 2594 Deum
2199 2535 2426 2590 :estimet
2453 2534 2716 2586 viliorem.
2958 2599 2966 2608 _

2069 2627 2156 2682 ill.
2197 2625 2304 2681 Sed
2332 2624 2460 2680 dicit
2487 2623 2681 2692 aliquis
2709 2637 2815 2677 non
2845 2635 2905 2676 se
2933 2622 3036 2676 hoc
3074 2620 3256 2675 animo
3289 2620 3390 2674 ista
3419 2618 3592 2672 facere

2001 2736 2111 2791 quo
2152 2727 2242 2774 aut
2271 2723 2582 2773 contemnat
2631 2715 2798 2768 Deum
2846 2722 2941 2766 aut
2978 2711 3134 2768 vilem
3163 2717 3335 2780 putet,
3368 2708 3459 2764 sed
3488 2722 3594 2778 quo

2000 2812 2089 2867 vel
2117 2819 2262 2865 amet
2281 2823 2376 2862 eos
2403 2822 2541 2875 quos
2561 2805 2804 2859 heredes
2826 2801 3073 2865 instituit,
3102 2801 3464 2855 vel'bonoret.
3492 2799 3594 2853 Ae-

2002 2902 2342 2971 quiescamus
2363 2899 2468 2952 hoc
2488 2898 2563 2951 ita
2591 2909 2710 2950 esse
2741 2912 2756 2947 :
2788 2894 3037 2949 omnibus
3074 2892 3240 2947 ferrum
3286 2890 3448 2945 etiam
3477 2890 3596 2944 aliis

2005 2989 2433 3060 ﬂagitiosissimis
2461 2995 2517 3041 et
2543 2985 2996 3044 criminosissimis
3041 2984 3148 3039 reis
3191 2983 3467 3038 excusatio
3496 2983 3593 3036 ista

1993 3072 2259 3154 -suppetii.
2287 3079 2418 3134 Nam
2438 3078 2618 3134 dicere
2637 3085 2693 3131 et
2713 3075 3124 3134 fornicatoribus
3148 3073 3271 3130 licet
3290 3089 3400 3128 non
3418 3088 3478 3128 se
3495 3071 3598 3128 lucc

318 3169 478 3225 Prop.
505 3185 540 3234 ι,
567 3170 619 3234 7,
641 3178 692 3223 et
715 3185 790 3232 rx,
824 3168 922 3232 ιω
954 3168 1120 3222 Ecoti.
1154 3184 1189 3232 ι,
1216 3167 1332 3236 16);
1358 3175 1412 3220 et
1446 3166 1571 3220 alibi
1598 3185 1610 3218 :
1643 3165 1906 3236 Perfecta,

2015 3177 2196 3230 animo
2225 3174 2476 3227 fornicari
2503 3170 2650 3240 Quod
2698 3170 2866 3226 Deum
2911 3176 3187 3240 spernant,
3237 3167 3330 3223 sed
3358 3168 3483 3236 quia
3512 3179 3599 3222 ca-

319 3262 516 3332 inquit,
543 3263 747 3317 dilectio
779 3265 919 3332 foras
945 3264 1104 3317 mittit
1135 3263 1366 3315 timorem
1397 3260 1439 3332 (Ι
1460 3260 1652 3314 Joanu.
1688 3277 1755 3319 IV,
1789 3257 1904 3328 18).

319 3355 485 3424 Ergo,
538 3364 594 3410 ut
633 3355 895 3420 videmus,
947 3355 1157 3410 initium
1195 3353 1484 3424 sapientize‘
1516 3362 1598 3407 est
1628 3353 1678 3406 in
1718 3352 1908 3406 timore

318 3446 540 3513 Christi,
568 3447 828 3517 perfectio
857 3446 910 3500 in
950 3461 1152 3501 amore.
1177 3446 1361 3514 Itaque
1387 3445 1432 3499 si
1463 3445 1722 3515 sapientia
1751 3441 1908 3497 Chri-

320 3539 484 3596 stiani
507 3539 667 3595 timor
694 3547 775 3595 est
803 3545 964 3608 atque
1004 3553 1156 3593 amor
1188 3539 1415 3602 Domini,
1445 3539 1517 3592 ita
1542 3538 1754 3592 demum
1785 3552 1911 3592 vere

322 3632 600 3701 sapientes
636 3647 822 3708 sumus
841 3631 884 3686 si
903 3631 1070 3686 Deum
1098 3646 1313 3701 semper
1344 3646 1407 3685 ac
1432 3646 1595 3700 super
1623 3631 1801 3684 omnia
1831 3629 1912 3683 di-

323 3722 583 3792 ligamus;
611 3730 666 3777 et
705 3721 810 3778 hoc
847 3738 968 3778 cum
1014 3723 1161 3778 omni
1211 3731 1470 3792 tempore,
1497 3729 1609 3776 tum
1646 3721 1914 3790 pmcipue

326 3811 384 3865 in
400 3811 547 3865 exitu
569 3820 776 3873 nostro,
794 3812 918 3880 quia
941 3812 1211 3882 Sapientia
1237 3814 1291 3864 in
1318 3813 1457 3865 exitu
1473 3813 1697 3863 canitur.

399 3900 464 3955 ll.
505 3901 564 3956 Si
584 3916 712 3971 ergo
738 3903 1000 3972 sapientia
1023 3917 1122 3972 per
1141 3903 1245 3956 hoc
1267 3903 1500 3955 maxime
1518 3904 1574 3954 in
1601 3903 1740 3954 exitu
1771 3902 1916 3953 cani-

325 4003 436 4058 tur,
467 3993 512 4045 si
530 3991 671 4046 Deus
707 3989 872 4061 Super
890 3994 1069 4046 omnia
1091 3992 1340 4058 diligatur
1355 4033 1370 4057 ,
1393 4008 1512 4061 quae
1532 3992 1695 4058 igitur
1716 3991 1917 4043 insania

333 4089 442 4146 est,
474 4089 532 4134 ut
553 4082 696 4136 dicat
739 4083 933 4150 aliquis
977 4081 1250 4136 Christum
1288 4083 1490 4140 carnali
1538 4081 1920 4151 propinquitati

331 4175 576 4246 praeponi
606 4176 674 4231 ab
713 4176 1068 4235 incolumibus
1088 4182 1360 4245 oportere,
1384 4191 1413 4228 a
1442 4175 1796 4229 morientibus
1815 4188 1922 4229 non

329 4261 573 4324 deberet
600 4265 710 4326 Cur
751 4268 892 4322 enim
923 4283 1043 4328 eum
1074 4266 1361 4338 pmferant
1399 4268 1708 4332 incolumes,
1750 4268 1793 4322 si
1816 4283 1920 4326 non

330 4358 534 4414 debent
574 4358 830 4428 pmferro
867 4358 1193 4413 morientes?
1220 4358 1326 4411 Aut
1352 4359 1404 4412 si.
1441 4366 1622 4427 potest
1658 4358 1919 4428 quispiam

331 4450 586 4519 religiose
611 4458 837 4521 agnatos
865 4458 1028 4518 atque
1054 4447 1240 4514 afﬁnes
1269 4465 1394 4504 suos
1432 4448 1646 4504 Christo
1669 4449 1722 4502 in
1748 4457 1921 4504 morte

2012 3268 2129 3323 lore
2157 3265 2400 3334 corporis
2428 3273 2588 3332 atque
2607 3262 2924 3316 infirmitate
2945 3261 3248 3316 vincantur.
3284 3257 3352 3312 Et
3377 3258 3600 3312 homici-

2011 3357 2092 3414 da:
2137 3357 2184 3410 id
2230 3355 2498 3410 afﬁrmare
2527 3360 2770 3423 possunt,
2803 3366 2912 3406 non
2937 3367 2998 3406 se
3039 3356 3353 3417 corrtemptu
3380 3347 3475 3401 Dei
3506 3348 3602 3400 hu-

2010 3465 2228 3507 manum
2278 3447 2590 3513 sanguine
2640 3443 2863 3499 fundere
2889 3442 2974 3496 vel
3015 3441 3159 3505 odio,
3189 3439 3284 3498 sed
3312 3438 3602 3509 cupiditate

2013 3551 2221 3610 tantum
2253 3541 2457 3595 scelera
2480 3545 2754 3608 prastare.
2783 3535 2890 3590 Sed
2916 3535 3046 3603 quid
3066 3533 3286 3604 prodest
3310 3528 3464 3588 inalis
3493 3533 3605 3588 hac

2014 3632 2311 3698 excusatio,
2335 3646 2458 3685 cum
2487 3628 2693 3684 scilicet
2717 3623 2848 3682 nihil
2882 3626 3092 3681 intersit
3118 3640 3222 3694 qua
3253 3642 3310 3680 se
3335 3625 3602 3693 quispiam

2017 3727 2161 3786 dicat
2183 3739 2410 3794 peccare
2437 3737 2618 3783 causa,
2651 3735 2770 3776 cum
2799 3721 2870 3773 sit
2903 3734 3064 3773 omne
3092 3721 3372 3787 peceatum
3399 3717 3604 3770 Divini-

2015 3817 2416 3885 tatisinjuria‘l
2456 3815 2874 3882 Aequiescamus
2921 3821 3129 3873 tamen,
3174 3818 3231 3862 ut
3271 3824 3430 3877 supra
3474 3807 3605 3871 dixi,

2019 3911 2125 3965 hoc
2143 3911 2216 3963 ita
2238 3924 2374 3970 esse,
2395 3922 2494 3962 nec
2515 3921 2582 3959 ex
2604 3911 2916 3971 contemptu
2938 3902 3034 3955 Dei
3055 3917 3141 3954 res
3161 3916 3286 3954 suas
3305 3900 3608 3968 quempiam

2024 4003 2188 4073 286
2230 3999 2318 4052 alii
2345 3996 2515 4063 magis
2559 4009 2718 4062 quam
2759 3994 2872 4047 Deo
2899 3991 3130 4053 tradere,
3163 3991 3257 4046 sed
3287 3991 3370 4045 vel
3407 3991 3611 4048 honore

2024 4089 2253 4147 baercdis
2275 4089 2357 4143 sui
2384 4103 2444 4141 se
2461 4085 2528 4141 ad
2550 4087 2653 4140 hoc
2682 4084 2840 4149 trahi,
2853 4085 2938 4140 vel
2967 4093 3112 4138 certe
3137 4097 3320 4139 amore
3340 4081 3607 4152 compelli.

2024 4181 2134 4238 Sed
2161 4179 2290 4250 quid
2336 4178 2560 4233 facimus
2588 4177 2732 4246 quod
2778 4177 2880 4231 hoc
2917 4177 3034 4246 ipso
3077 4177 3245 4243 magis
3272 4173 3473 4230 incuria
3517 4173 3612 4230 De

2023 4273 2284 4344 probatur
2312 4279 2474 4338 atque
2511 4267 2887 4337 contemptus?
2915 4266 2970 4321 Si
2994 4267 3155 4332 enim,
3187 4282 3220 4320 ο
3259 4265 3500 4336 quisquis
3531 4280 3609 4328 es,

2021 4380 2120 4436 per
2147 4363 2198 4418 id
2219 4361 2364 4432 quod
2387 4358 2682 4416 lueredibus
2706 4359 2810 4413 tuis
2833 4359 2918 4413 vel
2946 4359 3350 4428 qnihuscunque
3378 4374 3462 4412 res
3482 4366 3612 4427 pro-

2023 4456 2170 4526 prias
2183 4453 2530 4524 derelinquis,
2545 4460 2600 4506 et
2620 4452 2885 4506 honorare
2906 4460 2964 4505 te
2988 4467 3083 4506 eos
3105 4451 3306 4506 indicas
3332 4459 3388 4505 et
3408 4463 3612 4514 amare;

332 4557 671 4616 pt-zeponere,
696 4557 795 4598 cur
823 4558 930 4600 non
954 4542 1198 4610 religiose
1215 4543 1378 4596 etiam
1406 4547 1530 4597 ante
1551 4542 1907 4610 praeponebat?

2025 4551 2196 4606 Deum
2221 4549 2422 4617 utique,
2455 4546 2541 4602 cui
2564 4561 2670 4602 non
2703 4546 2981 4616 relinquis,
3015 4561 3113 4601 nec
3141 4547 3408 4600 honorare
3437 4554 3491 4599 te
3531 4547 3614 4599 in-

334 4636 451 4694 Διιι
474 4637 518 4690 si
548 4645 631 4690 est
650 4635 762 4690 ulla
787 4634 924 4688 hora
953 4635 1008 4694 in
1033 4634 1144 4689 vita
1171 4635 1356 4688 ultima
1383 4649 1486 4702 qua
1509 4634 1627 4703 quis
1647 4635 1767 4704 plus
1791 4635 1925 4690 alios

335 4725 563 4797 diligere
585 4727 954 4796 debeatquam
982 4727 1216 4797 seipsum
1245 4735 1301 4781 et
1329 4728 1515 4792 Deum,
1543 4743 1640 4783 cur
1665 4745 1772 4784 non
1795 4736 1850 4784 et
1873 4729 1926 4783 in

336 4819 455 4875 vita
501 4819 770 4874 anteriore
820 4817 943 4887 plus
987 4817 1212 4887 diligat?
1239 4819 1315 4874 Ac
1343 4820 1420 4875 sic
1468 4820 1525 4872 lit
1553 4829 1614 4875 ut
1654 4821 1928 4876 solvantur

340 4911 548 4977 omnia,
571 4918 629 4966 et
645 4918 991 4978 evanescant,
1017 4922 1072 4966 et
1100 4911 1383 4973 intereant,
1413 4927 1588 4979 neque
1618 4912 1784 4966 ullum
1811 4911 1931 4980 quis

338 5005 589 5075 uiliorem
616 5005 815 5059 habeat
831 5019 992 5073 quam
1020 5004 1275 5072 seipsum,
1307 5019 1482 5071 neque
1510 5004 1673 5059 ullum
1715 5003 1931 5058 inferio-

339 5113 468 5153 rem
492 5113 653 5168 quam
681 5095 868 5151 Deum.
895 5094 952 5151 Si
975 5095 1115 5152 enim
1154 5095 1322 5160 ullum
1356 5103 1438 5150 est
1468 5104 1680 5164 tempus
1717 5111 1828 5164 quo
1863 5095 1932 5150 ah

340 5189 530 5258 aliqua
553 5187 724 5258 possit
740 5187 882 5242 Deus
909 5186 1158 5252 affinibus
1185 5195 1280 5241 aut
1303 5186 1618 5256 propinquis
1642 5185 1766 5253 jure
1789 5191 1936 5254 post-

339 5284 499 5354 poni,
526 5281 728 5336 nullum
747 5288 831 5342 est
854 5296 963 5350 quo
985 5279 1158 5349 possit
1177 5277 1300 5347 jure
1329 5278 1585 5347 praeponi.
1613 5276 1707 5332 Sin
1734 5283 1931 5340 autem,

341 5373 497 5447 quod
517 5389 702 5428 verum
731 5383 831 5439 est,
860 5374 1064 5437 nullum
1091 5381 1175 5428 est
1201 5373 1422 5438 omnino
1447 5379 1659 5442 tempus
1696 5387 1804 5442 quo
1829 5386 1935 5425 non

341 5465 550 5520 debeat
577 5465 850 5534 anteponi,
880 5464 1081 5517 nullum
1101 5473 1183 5518 est
1203 5463 1423 5518 omnino
1453 5473 1662 5539 tempus
1683 5479 1792 5532 quo
1811 5477 1935 5533 pos-

344 5557 430 5612 sit
450 5554 569 5623 jure
591 5554 863 5630 postponi.
1155 5555 1359 5629 utique.
1390 5552 1460 5622 Et
1485 5553 1606 5616 ideo
1645 5568 1716 5610 ne
1742 5553 1797 5606 in
1838 5567 1935 5631 ex-

345 5648 546 5704 tremis
570 5646 786 5717 quidem
811 5664 824 5698 :
856 5646 1162 5716 quinetiam
1181 5645 1384 5715 iustum
1406 5648 1674 5702 hominem
1706 5646 1937 5715 prOphe-

265 5761 274 5767 ‘
351 5753 443 5808 ta,
469 5742 527 5798 in
550 5742 637 5798 die
657 5757 766 5810 qua
793 5738 1073 5806 erraverit,
1094 5737 1224 5792 dicit
1251 5755 1368 5793 esse
1398 5743 1690 5806 periturum
1721 5738 1934 5800 (Ezech.

2028 4644 2176 4702 dicas
2199 4657 2298 4697 nec
2317 4655 2518 4694 amare.
2553 4640 2630 4694 Ac
2659 4653 2757 4708 per
2783 4639 2887 4693 hoc
2909 4637 3166 4706 quidquid
3187 4653 3285 4705 pro
3312 4645 3365 4690 te
3393 4635 3614 4699 dixeris,

2030 4741 2218 4794 contra
2248 4742 2300 4786 te
2330 4740 2431 4796 est,
2464 4740 2520 4784 et
2566 4730 2630 4783 ad
2659 4736 3024 4798 contemptum
3051 4738 3212 4795 atque
3242 4725 3308 4780 ad
3336 4734 3615 4782 contume-

2031 4826 2156 4881 liam
2179 4823 2273 4880 Dei
2297 4824 2534 4894 pertinet
2571 4837 2724 4876 amor
2761 4829 2817 4876 et
2843 4818 3253 4875 honorificentia
3276 4829 3612 4876 cancrorum.

2032 4915 2165 4971 Cum
2196 4916 2335 4970 enim
2359 4912 2614 4968 aliisideo
2633 4912 2903 4981 relinquas
2913 4911 3039 4979 quia
3059 4927 3155 4967 eos
3182 4912 3436 4976 honoras,
3452 4912 3618 4966 Deum

2032 5007 2120 5062 cui
2167 5022 2274 5071 non
2322 5004 2601 5072 relinquis,
2649 5003 2836 5073 utique
2882 5017 2990 5056 non
3044 5004 3306 5069 honor-as;
3336 5020 3456 5058 cum
3502 5001 3619 5055 aliis

2034 5095 2158 5151 ideo
2204 5095 2477 5163 relinquas
2505 5095 2672 5149 multa
2721 5095 2976 5164 quoniam
3007 5111 3172 5161 amas,
3213 5090 3323 5150 Deo
3355 5093 3473 5148 ideo
3516 5105 3620 5146 non

2034 5185 2292 5254 relinquis
2349 5184 2590 5254 profecto
2629 5186 2753 5256 quia
2811 5199 2922 5241 non
2965 5203 3132 5241 amas.
3165 5184 3303 5240 Ecce
3347 5184 3489 5236 enim
3538 5191 3619 5235 a‘s—

2035 5280 2180 5338 sistit
2207 5279 2304 5334 tibi
2350 5280 2598 5334 morienti
2642 5287 2805 5348 atque
2841 5278 3059 5338 testanti
3099 5279 3261 5331 homo
3313 5274 3516 5342 pariter
3562 5285 3623 5326 ac

2039 5375 2198 5432 Deus.
2233 5374 2340 5429 Res
2367 5382 2550 5444 aperta
2595 5382 2677 5429 est
2715 5383 2769 5428 et
2798 5388 2906 5426 non
2943 5370 3109 5425 dubia.
3142 5386 3153 5419 :
3185 5380 3344 5434 quem
3373 5363 3620 5430 elegeris,

2041 5465 2338 5537 praetulisti.
2372 5465 2429 5521 Si
2458 5467 2512 5520 in
2543 5481 2650 5520 uno
2680 5472 2763 5519 est
2806 5463 2980 5514 honor
3031 5457 3177 5522 solo,
3212 5469 3432 5509 necesse
3461 5462 3542 5509 est
3571 5456 3623 5509 in

2042 5557 2150 5612 alio
2179 5557 2479 5614 inveniatur
2506 5571 2628 5618 esse
2649 5550 2949 5621 despectis.
2969 5547 3204 5612 Sihomo
3232 5545 3324 5616 qui
3347 5545 3627 5622 pmfertur

2041 5649 2238 5715 gaudet
2264 5665 2326 5702 se
2353 5665 2381 5719 a
2411 5657 2463 5703 te
2491 5649 2658 5712 diligi,
2699 5655 2919 5698 necesse
2960 5647 3044 5692 est
3071 5644 3132 5694 ut
3157 5654 3216 5695 se
3253 5639 3434 5696 doleat
3460 5640 3627 5707 Deus,

2043 5741 2134 5807 qui
2161 5739 2605 5808 prrtermittitur,
2627 5751 2732 5789 non
2761 5731 2947 5786 amari.
2971 5728 3088 5786 Sed
3101 5735 3261 5800 putas
3286 5731 3456 5788 Deum
3482 5731 3634 5788 τωο.
