4108 6348
617 319 716 376 351

1539 319 1597 376 S.
1632 317 1946 376 SALVIANI
1987 302 2450 372 MASSILIENSIS
2486 310 2912 370 PRESBYTERI

3810 315 3916 372 95°.

617 440 746 497 licet
771 438 1135 496 muniﬁcentia
1184 437 1571 494 bominis'uon
1607 452 1800 508 egere;
1849 443 1906 492 et
1932 435 2054 492 ideo
2078 430 2208 503 quid
2233 436 2290 493 Λ
2311 445 2536 486 numero
2573 445 2681 486 non
2729 437 2813 486 est
2859 427 3232 485 universorum
3273 437 3398 485 una
3419 437 3738 502 paupertas.
3775 429 3914 487 Sunt

617 547 839 589 necesse
867 539 968 600 est,
1000 531 1192 602 inquit,
1222 531 1289 586 ab
1316 531 1536 587 homine
1591 531 1642 586 ei
1681 520 1959 601 quippiam
2006 528 2203 596 tribui,

617 625 711 695 qui
738 625 853 695 ipse
879 632 1070 679 cuncta
1103 623 1354 678 omnibus
1381 621 1782 679 dedit?.Utrum
1813 629 1971 690 egeat
1995 619 2230 690 ῐῐιωιίίί-⁵

615 718 793 772 centia
835 724 1020 771 nostra
1066 715 1326 772 Dominus
1352 731 1422 771 an
1448 731 1556 771 non
1585 723 1759 783 egeat,
1807 721 1900 768 aut
1935 712 2208 783 quomodo

615 807 699 862 vel
727 813 884 874 egeat
900 805 988 860 vel
1012 821 1120 861 non
1149 815 1324 874 egeat,
1337 805 1450 875 jam
1477 804 1796 860 videbimus.
1821 804 2058 870 Interim,
2081 805 2207 876 quia

532 949 536 952 .
612 887 774 951 abeo
802 896 1010 952 cunctis
1039 906 1234 953 cuncta
1281 899 1524 968 prmstari
1552 898 1715 952 etiam
1765 906 1825 954 tu
1872 911 2070 966 negare
2097 912 2206 952 non

613 1000 778 1042 ausus
806 1002 884 1053 es,
918 988 1024 1043 hoc
1051 988 1263 1057 dignior
1290 998 1372 1044 est
1408 990 1610 1059 absque
1637 989 1802 1045 dubio
1830 989 2080 1058 largitate
2110 1006 2207 1045 no-

614 1087 727 1134 stra
757 1081 886 1150 quia
918 1080 1076 1136 nobis
1103 1081 1218 1151 ipse
1247 1091 1372 1138 ante
1398 1083 1624 1151 largitus
1663 1092 1776 1150 est;
1802 1083 1907 1139 hoc
1929 1083 2128 1153 justius
2155 1083 2206 1138 ei

608 1170 802 1229 officiis
830 1172 1158 1242 respondere
1185 1182 1471 1242 tentamus,
1495 1187 1603 1245 quo
1632 1174 1906 1231 beneﬁciis
1934 1176 2075 1232 illius
2091 1191 2205 1231 ma-

607 1263 691 1332 gis
741 1264 975 1335 impares
1003 1281 1206 1322 sumus.
1239 1266 1372 1321 Nam
1417 1275 1474 1323 et
1517 1276 1708 1336 natura
1762 1268 1879 1340 ipsa
1925 1269 2203 1324 hominum

607 1356 1054 1426 consuetudoque
1074 1360 1376 1414 communis
1403 1359 1507 1414 hac
1532 1360 1688 1429 quasi
1709 1361 1948 1428 generali
1977 1370 2203 1418 cunctos

606 1443 731 1514 lege
750 1447 1088 1517 constringit,
1118 1457 1178 1504 ut
1204 1466 1236 1505 a
1281 1451 1476 1522 quibus
1504 1452 1708 1523 aliquid
1743 1453 2081 1509 liberalitatis
2108 1469 2202 1510 ac-

608 1538 870 1608 cepimus,
914 1541 1036 1610 plus
1080 1541 1159 1597 eis
1185 1544 1370 1612 gratim
1415 1545 1707 1612 debeamus
1740 1563 1755 1600 :
1787 1554 1963 1602 arctat
2003 1547 2202 1618 quippe

608 1643 712 1685 nos
731 1632 888 1703 287
915 1631 982 1686 ad
995 1634 1405 1689 retributionem
1426 1634 1537 1691 dati
1562 1623 1784 1707 accepta
1805 1636 2036 1706 largitio.
2063 1637 2203 1694 Ante

605 1735 764 1777 usum
790 1723 933 1778 enim
953 1740 1018 1780 ac
1037 1726 1461 1782 muniﬁcentiam
1488 1728 1826 1784 liberalitatis
1851 1729 2038 1783 alienae
2067 1729 2202 1785 liber

2310 525 2454 580 enim
2483 525 2701 596 quidam
2727 524 2921 594 quibus
2945 524 3111 579 etiam
3137 523 3183 579 si
3205 523 3527 580 vestimenta
3546 523 3777 591 desunt,
3813 525 3912 580 ali-

2309 625 2492 673 menta
2517 633 2624 672 non
2645 616 2864 682 desunt;
2883 615 3042 670 multi
3060 623 3185 671 sunt
3204 615 3437 687 hospitio
3459 622 3707 686 egentes,
3742 618 3912 672 vesti—

2308 707 2411 763 bus
2439 723 2547 763 non
2569 715 2816 777 egentes;
2847 706 3002 762 multi
3027 705 3187 762 domo
3207 714 3481 772 carentes,
3509 706 3605 762 sed
3635 722 3756 763 non
3786 708 3912 762 sub-

2308 801 2525 867 stantia;
2545 809 2668 855 sunt
2683 800 2914 869 denique
2927 799 3121 868 quibus
3141 798 3245 853 etsi
3267 794 3445 853 desilit
3467 798 3660 864 multa,
3686 814 3804 853 non
3825 798 3910 854 de-

2308 900 2435 948 sunt
2448 889 2894 947 omnia.Christus
2907 889 3276 945 tantummodo
3290 889 3441 945 solus
3452 896 3555 954 est,
3567 890 3657 946 cui
3677 890 3816 944 nihil
3831 896 3908 945 est

2307 985 2455 1056 quod
2477 986 2533 1040 in
2561 986 2707 1041 omni
2729 986 2964 1041 humano
2991 999 3188 1053 genere
3216 999 3324 1039 non
3352 982 3512 1038 desit.
3545 981 3745 1039 Nullus
3765 1001 3907 1040 suo-

2307 1093 2428 1133 rum
2447 1077 2674 1142 exsulat,
2700 1077 2872 1132 nullus
2892 1074 3088 1144 frigore
3107 1091 3171 1130 ac
3190 1074 3431 1130 nuditate
3451 1083 3762 1144 torquetur,
3786 1091 3905 1133 cum

2307 1183 2417 1239 quo
2447 1169 2536 1224 ille
2578 1184 2686 1224 non
2715 1168 2910 1237 algeat.
2943 1165 3102 1222 Solus
3130 1181 3254 1221 cum
3299 1165 3662 1221 esurientibus
3715 1167 3898 1232 esurit,

2306 1262 2455 1317 solus
2482 1277 2604 1318 cum
2632 1261 2938 1316 sitientibus
2965 1259 3096 1314 sitit.
3120 1257 3189 1312 Et
3216 1257 3357 1323 ideo,
3389 1265 3650 1328 quantum
3697 1258 3770 1313 ad
3796 1259 3903 1335 pie.

2305 1362 2473 1408 tatem
2501 1354 2643 1408 illius
2672 1352 2921 1424 pertinet,
2951 1351 3071 1422 plus
3098 1365 3259 1420 quam
3299 1350 3480 1405 exteri
3509 1358 3633 1420 eget
3675 1368 3692 1405 :
3733 1352 3900 1407 omnis

2305 1448 2450 1503 enim
2477 1455 2791 1516 egestuosus
2818 1460 2916 1516 pro
2945 1459 3004 1499 se
3033 1451 3242 1498 tantum
3269 1453 3325 1498 et
3350 1441 3407 1496 in
3449 1458 3508 1497 se
3556 1451 3686 1511 eget
3714 1462 3726 1497 :
3761 1443 3898 1498 solus

2305 1539 2675 1595 tantummodo
2703 1537 2948 1593 Christus
2993 1544 3076 1592 est
3101 1535 3194 1605 qui
3222 1535 3277 1590 in
3321 1535 3561 1590 omnium
3597 1551 3896 1608 pauperum

2303 1630 2655 1687 universitate
2681 1629 2968 1698 mendicet.
2993 1627 3062 1682 Et
3091 1643 3213 1684 cum
3239 1628 3357 1684 haec
3384 1629 3458 1684 ita
3484 1631 3611 1694 sint,
3637 1628 3778 1698 quid
3802 1628 3892 1694 ais,

2303 1739 2338 1779 ο
2359 1723 2550 1789 homo,
2572 1722 2665 1792 qui
2685 1720 3048 1777 Christianum
3078 1728 3133 1775 te
3153 1735 3270 1775 esse
3289 1719 3441 1785 dicis,
3465 1734 3588 1774 eum
3618 1718 3892 1776 Christum

605 1823 691 1870 est
742 1817 1044 1887 quispiam,
1095 1819 1484 1876 beneﬁciorum
1532 1819 1726 1877 fenore
1762 1839 1872 1878 non
1925 1817 2187 1906 gravatus.

2309 1829 2468 1884 egere
2513 1813 2715 1877 videas,
2749 1821 2808 1868 tu
2852 1810 3137 1867 facultates
3164 1819 3284 1866 tuas
3324 1812 3744 1881 quibuscunque
3794 1828 3892 1867 non

604 1903 888 1976 Coguntur
915 1917 1095 1966 autem
1143 1925 1331 1966 omnes
1359 1912 1476 1982 ipsa
1510 1914 1842 1969 conscientia
1889 1931 1984 1970 sua
2013 1903 2080 1969 ad
2107 1931 2197 1972 re-

602 1995 978 2070 pensationem
1005 2003 1390 2060 vicissitudinis
1411 2047 1426 2071 ,
1477 2014 1760 2077 postquam
1789 2023 1909 2063 esse
1936 2009 2198 2078 cmperint

602 2091 897 2158 debitores.
915 2093 993 2149 Ita
1015 2109 1145 2166 ergo
1173 2104 1228 2152 et
1253 2097 1364 2153 Deo
1384 2099 1491 2154 hoc
1517 2099 1724 2169 majora
1746 2100 2026 2169 debemus,
2051 2103 2197 2171 quod

603 2182 674 2239 ab
701 2199 769 2240 eo
797 2196 990 2241 cuncta
1020 2189 1391 2260 percepimus;
1423 2198 1480 2246 et
1505 2190 1611 2247 hoc
1638 2192 1969 2263 respondere
1995 2193 2196 2249 beneﬁ-

599 2274 700 2330 ciis
727 2275 871 2348 illius
921 2279 1103 2334 minus
1129 2295 1438 2349 possumus,
1491 2281 1636 2350 quod
1667 2282 1718 2337 ei
1770 2284 1935 2338 etiam
1963 2285 2008 2340 si
2049 2285 2193 2354 quod

599 2364 860 2424 debemus
875 2368 1156 2424 redhibere
1175 2373 1475 2441 cupiamus,
1493 2381 1676 2428 tamen
1691 2374 1759 2429 de
1775 2391 1873 2430 suo
1897 2375 2187 2433 reddimus.

601 2455 681 2512 Ae
690 2471 790 2526 per
796 2457 901 2513 hoc
913 2475 1020 2514 non
1033 2469 1116 2516 est
1124 2463 1268 2530 quod
1279 2463 1606 2532 placeresibi
1616 2467 1899 2537 quisquam
1911 2469 2194 2537 largitione

600 2561 696 2602 sua
718 2547 932 2604 debeat.
960 2549 1110 2606 Sicut
1137 2567 1230 2633 sua
1260 2569 1370 2608 non
1397 2562 1523 2609 sunt
1542 2565 1735 2611 cuncta
1762 2573 1882 2627 qum
1907 2575 1940 2613 a
1965 2559 2192 2616 Domino

600 2653 701 2692 suo
728 2640 940 2711 accipit,
973 2643 1052 2698 sic
1078 2659 1174 2698 sua
1222 2660 1332 2700 non
1367 2656 1492 2700 sunt
1522 2656 1714 2726 cuncta
1751 2665 1872 2720 quae
1899 2650 2091 2705 reddit.
2125 2651 2193 2706 Et

598 2727 724 2785 ideo
760 2729 998 2801 perﬁdire
1026 2734 1244 2805 quidem
1272 2753 1434 2807 poena
1461 2738 1689 2794 debetur
1715 2740 1765 2795 ei
1794 2742 1885 2811 qui
1915 2745 2192 2810 negaverit

595 2819 712 2878 Deo
738 2839 859 2895 qua:
889 2834 1016 2881 sunt
1040 2827 1143 2883 sibi
1171 2828 1240 2884 ab
1281 2830 1472 2886 eodem
1518 2833 1892 2900 commodata;
1926 2835 2190 2906 imputare

593 2919 774 2968 autem
803 2915 1142 2985 largitionem
1167 2935 1275 2976 non
1294 2927 1477 2990 potest
1503 2922 1596 2992 qui
1617 2922 1910 2979 reddiderit
1937 2934 2183 2997 accepta.

663 3003 754 3061 IV.
785 3005 894 3063 Sed
920 3009 1092 3091 Deus,
1123 3011 1320 3082 inquis,
1352 3029 1464 3069 non
1487 3023 1610 3083 eget
1635 3017 2012 3074 retributione.
2043 3019 2184 3076 Nihil

593 3097 774 3153 minus
799 3112 962 3167 quam
994 3108 1056 3156 ut
1081 3117 1189 3157 non
1217 3112 1389 3172 egeat.
1425 3103 1543 3160 Non
1574 3115 1698 3177 eget
1725 3109 1870 3164 enim
1890 3109 2043 3179 juxta
2080 3127 2182 3182 po-

2302 1906 2660 1976 indigentibus
2699 1905 3062 1974 derelinquis?
3091 1903 3333 1960 Christus
3359 1919 3568 1975 pauper
3607 1915 3727 1972 est,
3759 1914 3815 1962 et
3841 1914 3891 1964 tu

2301 2013 2434 2069 opes
2461 1997 2684 2052 divitum
2717 1996 2993 2052 cumulas?
3019 1993 3265 2051 Christus
3287 1997 3473 2063 esurit,
3506 2005 3563 2052 et
3590 2007 3646 2051 tu
3679 1997 3890 2052 delicias

2299 2086 2640 2144 afﬂuentibus
2662 2089 2855 2158 paras?
2875 2086 3128 2144 Christus
3156 2088 3317 2142 etiam
3353 2081 3546 2158 aquam
3573 2089 3678 2144 sibi
3708 2089 3891 2145 deesse

2296 2181 2555 2250 queritur,
2580 2191 2634 2235 et
2655 2197 2685 2235 a
2708 2189 2762 2236 te
2781 2181 3058 2251 apotheca:
3078 2180 3412 2242 ebriosorum
3436 2181 3559 2235 vino
3580 2182 3889 2252 replentur?

2297 2272 2542 2327 Christus
2572 2287 2752 2326 rerum
2791 2273 3030 2327 omnium
3071 2280 3311 2342 egestate
3349 2272 3648 2340 conﬁcitur,
3682 2284 3740 2330 et
3767 2291 3798 2330 a
3841 2285 3889 2330 te

2296 2364 2583 2420 luxuriosis
2601 2364 2772 2435 copia:
2791 2366 3253 2434 coaggregantur‘!
3271 2361 3512 2419 Christus
3531 2365 3624 2420 tibi
3643 2381 3749 2435 pro
3776 2383 3889 2421 mu-

2295 2456 2513 2511 neribus
2536 2472 2568 2511 a
2596 2465 2650 2511 te
2670 2457 2810 2511 datis
2831 2456 3051 2526 praemia
3080 2456 3410 2527 sempiterna
3431 2455 3707 2527 promittit,
3740 2466 3800 2512 et
3825 2467 3886 2513 tu

2296 2548 2372 2602 nil
2397 2547 2730 2618 prmstaturis
2759 2553 2950 2602 cuncta
2990 2546 3237 2616 largiris?
3275 2545 3522 2602 Christus
3550 2546 3644 2601 tibi
3684 2556 3742 2602 et
3783 2564 3883 2619 pro
4045 2593 4047 2618 ς

2293 2641 2450 2697 bouis
2469 2642 2609 2697 bona
2630 2641 2954 2697 immortalia
2974 2644 3138 2714 289
3147 2650 3207 2697 et
3223 2657 3322 2712 pro
3342 2643 3500 2698 malis
3518 2642 3662 2698 mala
3680 2649 3879 2698 aeterna

2292 2732 2575 2802 proponit;
2604 2740 2659 2787 et
2686 2740 2746 2787 tu
2790 2748 2891 2788 nec
2935 2733 3090 2788 bonis
3135 2731 3443 2788 emlestibus
3487 2731 3742 2797 ﬂecteris,
3786 2749 3878 2788 nec

2292 2823 2448 2879 malis
2475 2815 2800 2894 perennibus
2825 2825 3216 2880 commoveris?
3245 2832 3298 2880 et
3319 2824 3542 2881 credere
3571 2834 3627 2882 te
3655 2825 3876 2881 Domino

2289 2921 2384 2969 tuo
2413 2915 2566 2983 dicis,
2598 2915 2750 2986 cujus
2776 2931 2878 2972 nec
2906 2918 3395 2972 remunerationem
3445 2917 3755 2985 desideras,
3783 2933 3874 2975 nec

2287 3007 2620 3063 iracundiam
2644 3008 3048 3065 contremiscis?
3875 3013 3883 3018 ‘

2360 3097 2425 3155 ν.
2455 3099 2572 3155 Non
2593 3099 2771 3156 credis
2795 3100 2975 3169 igitur,
2999 3100 3138 3157 sicut
3152 3102 3265 3170 jam
3287 3100 3522 3158 diximus
3546 3102 3690 3158 libro
3716 3119 3870 3174 supe-

593 3189 821 3268 tentiam
834 3206 1008 3258 suam;
1024 3193 1260 3265 sedeget
1273 3195 1426 3264 juxta
1441 3190 1855 3270 praeceptionem
1871 3217 2052 3269 suam;
2071 3219 2180 3259 non
2207 3185 2255 3251 C
2284 3191 2452 3258 riore,
2479 3208 2587 3247 non
2617 3192 2820 3259 credis;
2851 3207 2915 3247 ac
2939 3203 2962 3232 ο
2987 3193 3114 3249 licet
3146 3193 3214 3249 de
3242 3209 3632 3250 conversorum
3653 3211 3869 3253 venera-

591 3289 716 3351 eget
741 3283 1035 3340 secundum
1053 3285 1394 3356 maiestatem
1411 3305 1586 3356 stram,
1613 3292 1712 3347 sed
1739 3301 1861 3362 eget
1885 3295 2178 3350 secundum

590 3371 764 3456 legem
791 3387 973 3444 suam;
1003 3385 1061 3433 et
1087 3378 1143 3434 in
1183 3380 1366 3452 seipso
1391 3381 1610 3452 quidem
1638 3400 1747 3439 non
1794 3393 1945 3454 eget,
1986 3386 2080 3441 sed
2125 3388 2179 3442 in

589 3465 772 3521 multis
797 3477 952 3537 eget;
984 3485 1093 3525 non
1121 3472 1314 3541 quaerit
1349 3473 1405 3528 in
1433 3488 1493 3529 se
1522 3469 1962 3544 muniﬁcentiam,
1990 3479 2085 3534 sed
2124 3481 2179 3535 in

588 3556 700 3613 suis
727 3560 945 3627 quaerit;
976 3569 1032 3616 et
1059 3561 1182 3619 ideo
1210 3580 1318 3620 non
1340 3574 1463 3635 eget
1500 3567 1716 3636 quidem
1740 3567 1895 3638 juxta
1925 3573 2177 3643 omnipo-

422 3718 430 3728 .
509 3687 512 3689 λ
585 3647 834 3715 tentiam,
867 3649 962 3705 sed
983 3661 1106 3720 eget
1121 3652 1275 3722 juxta
1306 3657 1757 3727 misericordiam;
1784 3678 1892 3717 non
1915 3672 2038 3734 eget
2064 3666 2180 3722 dei-

588 3744 703 3794 tate
729 3754 830 3810 pro
857 3743 1170 3814 semetipso,
1194 3744 1289 3800 sed
1318 3755 1439 3814 eget
1467 3749 1669 3819 pietate
1693 3767 1796 3822 pro
1839 3755 2013 3810 nobis.
2039 3755 2176 3824 Quid

575 3830 735 3885 enim
762 3831 894 3887 dicit
920 3833 988 3888 ad
1017 3834 1138 3904 pios
1157 3851 1223 3891 ac
1242 3837 1420 3906 largos
1446 3839 1848 3910 dispensatores
1867 3844 2041 3900 Deus?
2075 3847 2176 3900 Ve-

583 3923 706 3990 nite,
730 3924 982 3981 benedicti
1012 3925 1191 3984 Patris
1211 3932 1332 3996 mei,
1357 3931 1614 4003 possidete
1633 3951 1846 4006 regnum
1873 3937 2010 4008 quod
2040 3938 2176 3993 vobis

581 4023 821 4085 paratum
841 4025 918 4070 est
942 4035 973 4070 a
995 4021 1360 4076 constitutione
1379 4023 1576 4077 mundi.
1603 4023 1808 4080 Esurivi
1836 4017 1992 4093 enim,
2016 4038 2065 4083 et
2088 4030 2178 4083 de-

583 4101 732 4158 distis
770 4106 894 4158 mihi
922 4108 1267 4175 manducare;
1308 4112 1442 4166 silici
1463 4153 1478 4178 ,
1522 4122 1573 4166 et
1611 4114 1824 4169 dedistis
1851 4118 1979 4170 mihi
2009 4117 2178 4173 bibere

583 4189 798 4263 (Matth.
819 4211 944 4259 xxv,
972 4195 1071 4262 54,
1103 4197 1195 4268 '55)
1222 4209 1316 4254 :et
1353 4202 1456 4256 alia
1485 4204 1541 4257 in
1572 4204 1712 4260 hunc
1748 4206 1988 4261 modum.
2014 4207 2078 4262 Et
2108 4224 2176 4264 ne

583 4281 690 4339 hoc
725 4299 902 4340 causa:
945 4287 1014 4342 de
1057 4302 1162 4356 qua
1208 4306 1350 4346 nunc
1395 4292 1681 4361 loquimur,
1714 4311 1904 4366 parum
1950 4298 2173 4354 forsitan

583 4372 874 4442 videretur,
906 4376 1103 4446 adjecit
1130 4394 1309 4439 rerum
1347 4382 1728 4454 diversitatem,
1766 4390 1941 4445 avaris
1967 4400 2023 4446 et
2050 4391 2171 4447 inli-

547 4525 550 4527 Α
581 4464 788 4522 delibus
812 4467 1028 4524 dicens:
1056 4469 1155 4536 Ite,
1183 4473 1463 4541 maledicti,
1488 4478 1543 4531 in
1570 4479 1738 4549 ignem
1755 4491 2002 4538 aeternum
2021 4503 2168 4557 quem

580 4560 784 4628 paravit
802 4557 964 4615 Pater
982 4579 1124 4617 meus
1150 4564 1358 4622 diabolo
1377 4577 1426 4621 et
1451 4570 1649 4642 angelis
1677 4574 1807 4644 ejus.
1835 4577 1994 4647 288
2023 4576 2164 4632 Esu-
2188 4560 2243 4620 Ι)

578 4649 674 4703 rivi
697 4651 864 4718 enim,
895 4661 945 4707 et
974 4671 1078 4709 non
1108 4655 1322 4712 dedistis
1351 4659 1477 4714 mihi
1501 4659 1698 4730 bibere;
1731 4673 1757 4702 ⁸
1787 4665 1955 4720 nudus
1989 4669 2084 4739 fui,
2116 4678 2166 4723 et

577 4759 683 4796 non
706 4747 984 4815 operuistis
1007 4765 1090 4803 me
1121 4748 1308 4820 (Ibid.,
1332 4751 1541 4824 4l-43).
1575 4753 1602 4794 δ
1631 4753 1727 4811 Ubi
1755 4772 1882 4827 ergo
1918 4769 2044 4815 sunt
2071 4763 2164 4831 qui

576 4832 763 4889 dicunt
801 4836 1086 4894 Dominum
1113 4840 1293 4898 Iesum
1318 4842 1590 4902 Christum
1632 4848 1810 4910 ofﬁcio
1854 4861 2161 4909 nostrorum

576 4938 861 4981 munerum
901 4945 1011 4986 non
1039 4935 1234 5002 egere?
1263 4934 1402 5010 Ecce
1430 4946 1486 4993 et
1530 4941 1734 4997 esurire
1782 4958 1841 4998 se
1879 4946 2082 5014 pariter
2108 4955 2164 5002 ct

575 5015 725 5107 sitire
768 5026 824 5073 et
868 5020 1048 5088 algere
1093 5037 1498 5084 commemorat.
1551 5029 1891 5102 Respondeat
1935 5039 2160 5107 quilibet

552 5105 795 5176 horum,
823 5109 1008 5167 sinon
1049 5124 1172 5184 eget
1212 5119 1304 5186 qui
1341 5120 1546 5176 esurire
1584 5137 1643 5177 se
1683 5105 2021 5192 queriturisi
2049 5144 2158 5184 non

571 5206 694 5291 eget
719 5201 812 5269 qui
839 5217 900 5259 se
937 5204 1091 5261 sitire
1138 5216 1379 5286 testatur.
1430 5211 1543 5283 Ego
1585 5215 1704 5286 plus
1749 5217 1888 5274 addo
1917 5220 2117 5291 aliquid
2140 5263 2154 5288 ,

568 5289 841 5353 Christum
878 5313 988 5355 non
1029 5301 1205 5357 solum
1250 5311 1408 5373 egere
1445 5322 1568 5362 cum
1608 5310 1816 5365 ueteris
1838 5353 1853 5378 ,
1905 5289 2161 5385 scd—plus

567 5385 739 5444 multo
766 5401 929 5460 egere
954 5406 1117 5462 quam
1144 5403 1403 5452 ceteros:
1435 5398 1488 5452 in
1517 5400 1664 5454 omni
1687 5401 1830 5455 enim
1860 5417 2158 5473 pauperum

2281 3282 2378 3338 bili
2417 3283 2586 3339 choro
2631 3297 2751 3340 esse
2798 3283 3032 3340 videaris
3055 3324 3070 3350 ,
3101 3285 3226 3342 licet
3275 3280 3593 3355 religionem
3643 3288 3870 3343 vestibus

2283 3377 2506 3432 simules
2526 3417 2542 3442 ,
2586 3376 2713 3432 licet
2740 3374 2901 3432 ﬁdem
2946 3377 3161 3448 cingulo
3191 3393 3403 3435 asseras
3425 3421 3440 3446 ,
3473 3380 3604 3436 licet
3628 3381 3869 3437 sanctita-

2258 3475 2392 3524 -tem
2422 3470 2588 3540 pallio
2607 3470 2904 3536 mentiaris,
2938 3486 3046 3526 non
3073 3471 3249 3527 credis
3271 3473 3514 3540 omnino,
3544 3488 3655 3528 non
3676 3473 3864 3530 credis.

2281 3559 2350 3615 Et
2376 3561 2481 3616 hoc
2511 3569 2621 3616 tam
2650 3561 2778 3618 viris
2806 3562 3109 3617 istiusmodi
3151 3577 3315 3632 quam
3343 3562 3555 3618 feminis
3579 3563 3687 3617 dixi
3710 3583 3728 3618 :
3755 3579 3868 3622 non

2280 3644 2527 3709 credunt.
2565 3652 2756 3708 Induat
2780 3654 2883 3712 sibi
2904 3655 3150 3726 quamvis
3176 3655 3402 3724 quilibet
3429 3653 3458 3694 ἀ
3485 3655 3716 3710 habitum
3742 3670 3867 3710 san-

2279 3747 2355 3802 cti
2381 3747 2615 3802 nominis
2660 3754 2716 3802 et
2760 3747 2972 3803 titulum
3011 3728 3179 3804 sacrae
3206 3749 3484 3818 religionis
3503 3733 3791 3815 'inscribat;
3821 3749 3867 3804 si

2279 3838 2347 3894 de
2371 3837 2691 3894 ‘substantia
2737 3853 2835 3894 sua
2883 3839 3000 3894 aliis
3044 3840 3215 3908 magis
3257 3855 3419 3909 quam
3465 3841 3570 3896 sibi
3596 3841 3863 3907 consulit,

2278 3929 2522 4001 profecto
2551 3946 2657 3985 non
2687 3931 2876 3985 credit.
2918 3929 3089 3986 Nemo
3116 3939 3200 3986 est
3236 3932 3378 3986 enim
3417 3933 3645 3989 credens
3671 3934 3762 4003 qui
3790 3932 3867 3988 fa-

2278 4022 2506 4081 cultates
2551 4037 2675 4077 suas
2721 4022 2840 4077 aliis
2886 4022 3142 4092 prodesse
3178 4024 3329 4078 malit
3355 4038 3517 4093 quam
3545 4024 3678 4091 sibi;
3709 4039 3865 4080 nemo

2277 4122 2360 4170 est
2399 4115 2492 4185 qui
2535 4110 2926 4178 beatitudinem
2972 4115 3092 4170 aliis
3134 4115 3350 4194 miseria
3397 4131 3492 4171 sua
3522 4131 3708 4172 emere
3734 4131 3864 4172 eon-

2276 4215 2458 4262 tentus
2487 4208 2588 4275 sit;
2632 4223 2794 4263 nemo
2823 4216 2906 4263 est
2931 4207 3025 4277 qui
3053 4215 3115 4262 ut
3147 4207 3268 4264 aliis
3293 4217 3448 4278 paret
3476 4207 3701 4266 delicias
3722 4219 3860 4265 tem-

2275 4300 2517 4370 porarias
2540 4341 2554 4366 ,
2604 4299 2786 4354 subire
2826 4307 3096 4368 egestates
3145 4299 3330 4371 cupiat
3373 4300 3753 4370 sempiternas.
3790 4298 3863 4355 Et

2274 4391 2397 4447 ideo
2443 4392 2535 4461 qui
2581 4391 2905 4463 patrimonio
2945 4408 3044 4447 suo
3072 4391 3191 4447 aliis
3217 4393 3389 4461 magis
3415 4406 3576 4462 quam
3605 4393 3707 4447 sibi
3734 4408 3866 4448 eon-

2273 4485 2435 4552 sulit,
2482 4484 2760 4555 profutura
2807 4486 3058 4556 sibiqua:
3103 4485 3216 4542 Deo
3261 4485 3470 4542 dederit
3495 4488 3715 4542 omnino
3743 4502 3868 4546 esse

2267 4595 2375 4634 non
2422 4578 2612 4634 credit.
2656 4579 2810 4635 Dicat
2856 4580 3002 4635 enim
3047 4581 3178 4635 mihi
3225 4581 3451 4651 quilibet
3496 4581 3720 4649 horum,
3763 4597 3868 4638 cur

2267 4672 2548 4727 facultates
2594 4685 2724 4727 suas
2771 4670 2891 4726 aliis
2934 4670 3278 4742 derelinquit.
3319 4670 3568 4742 Nunquid
3599 4687 3708 4727 non
3736 4670 3863 4728 ideo

2265 4767 2392 4835 quia
2440 4763 2746 4836 profuturas
2791 4765 2878 4819 cui
2923 4764 3203 4834 reliquerit
3247 4779 3366 4820 esse
3424 4780 3531 4821 non
3585 4765 3809 4834 ambigit
3831 4768 3857 4820 ?

2264 4859 2391 4914 Ideo
2433 4859 2637 4928 absque
2688 4857 2872 4914 dubio.
2922 4857 3109 4928 Igitur,
3133 4859 3449 4930 quicunque
3477 4859 3568 4916 ille
3595 4876 3686 4927 es,
3717 4859 3761 4915 si
3793 4877 3862 4916 ea

2264 4942 2386 5021 quae
2414 4950 2504 5005 alii
2532 4950 2792 5021 relinquis
2813 4990 2828 5015 ,
2882 4950 3005 5008 ideo
3051 4950 3311 5022 relinquis
3339 4952 3464 5021 quia
3493 4952 3775 5024 profutura
3809 4956 3865 5010 ei

2269 5044 2356 5098 cui
2384 5043 2665 5112 reliqueris
2711 5050 2893 5098 certus
2927 5058 3015 5109 es;
3063 5043 3143 5099 sic
3176 5045 3420 5114 profecto
3448 5044 3496 5100 si
3523 5059 3865 5115 quaecunque

2227 5117 2230 5120 ’
2263 5134 2528 5203 religiosis
2555 5133 2867 5190 muneribus
2901 5148 3247 5205 prorogasses
3286 5134 3564 5206 profutura
3607 5150 3726 5191 esse
3760 5137 3863 5192 tibi

2265 5225 2532 5292 crederes,
2583 5225 2679 5281 tibi
2722 5225 2926 5295 absque
2964 5224 3128 5294 dubio
3149 5225 3495 5296 peculiariter
3521 5227 3861 5297 deputares:

2263 5318 2391 5386 quia
2417 5324 2620 5387 quanto
2651 5324 2708 5370 te
2730 5315 2853 5385 plus
2878 5329 3026 5368 amas
3048 5329 3210 5384 quam
3240 5330 3336 5370 cos
3357 5315 3554 5384 quibus
3573 5317 3864 5385 relinquis,

2265 5415 2417 5462 tanto
2443 5406 2614 5475 magis
2639 5405 2738 5462 tibi
2763 5405 3097 5474 relinqueres
3139 5406 3186 5461 si
3221 5404 3507 5477 profutura
3544 5421 3610 5461 ea
3646 5406 3868 5462 tibimet

1756 5514 2094 5572 STEPHANI
2130 5521 2407 5607 BALIJZII
2444 5521 2675 5578 ΝΟΤΛΕ.

642 5602 670 5677 ξ
708 5599 834 5677 [Iube
860 5622 967 5677 non
997 5616 1211 5665 exstant
1239 5609 1292 5664 in
1323 5608 1558 5677 antiquis
1579 5607 1874 5664 codicibus.

619 5667 886 5752 ζιι,ι·ῑ‹ξί,ιιίς›
924 5676 1114 5737 Ρίιὴωί
1141 5698 1154 5733 ε
1179 5679 1291 5752 Ubi
1339 5667 1470 5734 sunt“
1513 5695 1634 5752 ergo
1661 5679 1740 5734 illi
1769 5680 1900 5752 qui?
1931 5680 2153 5740 Veteres

569 5738 731 5806 libri:
769 5743 865 5800 Ubi
893 5760 1010 5802 sunt
1038 5753 1122 5811 qui
1151 5751 1370 5807 dicunt?
1391 5759 1500 5808 etc.

2248 5607 2291 5664 .⁴
2334 5629 2356 5688 ς
2399 5616 2606 5688 Absunt
2623 5617 2740 5670 lucc
2768 5631 2800 5688 a
2827 5615 3104 5688 codicibus
3128 5618 3381 5688 antiquis.

2330 5685 2356 5727 ιι
2398 5687 2531 5745 Vide
2555 5695 2714 5744 notas
2739 5686 2809 5743 ad
2825 5701 2951 5760 pag.
2976 5685 3044 5742 '10
3067 5695 3127 5745 et
3147 5685 3274 5744 2812
