4108 6348
329 349 438 405 253
1419 355 1798 412 ADVERSUS‘
1821 347 2197 410 AVAItITlAM
2239 357 2364 412 LIB.
2409 359 2496 414 IV.
3501 363 3609 420 ωδ

331 465 417 520 vel
451 464 596 520 tenui
629 465 969 546 opiniuncula
995 465 1283 535 judicarrs.
1326 469 1442 526 Non
1473 471 1616 526 enim
1649 481 1700 526 te
1730 471 1908 531 odisti.
1946 483 1987 538 Α
2016 487 2230 541 quoque
2261 473 2342 528 his
2379 475 2712 546 voluptatum
2753 478 2990 533 omnium
3033 481 3363 549 pncparavi:
3395 478 3601 536 disten-
3685 480 3694 488 ’

329 567 391 614 ut
441 559 696 628 prodesse
749 561 841 616 tibi
890 561 1053 628 nolis;
1093 563 1187 618 sed
1216 579 1336 634 qua:
1366 566 1690 636 pauperibus
1719 566 1917 621 dereli-
2021 563 2221 618 duntur
2270 563 2476 620 deliciis
2521 581 2550 620 a
2601 583 2687 622 me
2716 570 2938 624 relictis.
2997 568 3138 639 Ergo
3165 571 3256 625 diu
3283 571 3516 627 abstinui
3541 579 3603 627 ut

329 652 545 722 queris,
595 652 870 723 profutura
919 640 1011 710 tibi
1056 671 1174 712 esse
1223 673 1328 712 non
1370 659 1571 724 credis;
1602 669 1656 714 et
1685 660 1808 715 inde
1837 671 1920 716 est
2021 670 2164 710 nunc
2192 655 2267 710 illi
2295 655 2654 712 ebriarentur.
2696 657 2926 731 Crapula
2963 670 3045 716 est
3081 662 3290 717 illorum
3319 660 3598 733 frugalitas

328 741 476 812 quod
509 743 628 797 aliis
656 746 826 814 magis
873 761 1032 815 quam
1082 748 1174 802 tibi
1221 750 1488 814 consulis,
1521 751 1645 820 quia
1674 749 1917 822 profutu-
2021 761 2162 802 mea.
2202 746 2401 802 Natant
2436 749 2789 804 tricliniorum
2837 753 3248 810 redundantiam
3292 755 3599 826 pavimenta

328 848 451 888 rum
483 833 575 888 tibi
608 851 746 906 opus
774 837 1081 907 religiosum
1111 855 1230 895 esse
1257 842 1420 913 290
1451 858 1555 896 non
1585 845 1776 898 credis.
1807 843 1918 900 Sic-
2019 837 2174 904 vino;
2207 837 2410 895 falerno
2441 841 2603 896 nobili
2636 841 2804 896 lutum
2833 841 3059 911 faciunt;
3099 860 3295 902 mensae
3323 861 3509 901 eorum
3537 861 3600 903 ac

329 934 390 981 ut
429 921 606 982 credis
646 928 856 1000 itaque,
901 931 978 986 sic
1017 911 1402 1004 recipiesf'I‘ui
1425 933 1758 990 Salvatorem
1789 951 1916 1007 per-
2021 938 2321 987 toreumata
2365 949 2514 989 mero
2548 934 2748 1004 iugiter
2787 935 3023 1001 madent,
3073 952 3288 1009 semper
3314 938 3420 994 uda
3448 946 3593 994 sunt.
3657 911 3677 970 ί

326 1020 712 1090 parvipendis,
775 1031 830 1076 et
877 1033 930 1078 te
991 1025 1239 1081 Salvator
1284 1027 1456 1081 nihili.
1515 1027 1595 1082 Tu
1641 1028 1915 1085 Christum
2020 1019 3038 1096 Luxuriantinperistromatisquaéego
3056 1027 3177 1093 feci,
3201 1027 3599 1085 foruicanturin

325 1114 610 1183 postponis
638 1115 776 1179 aliis,
801 1124 854 1170 et
884 1125 941 1172 te
965 1117 1214 1172 omnibus
1240 1116 1503 1174 Christus.
1546 1119 1662 1174 Tibi
1684 1121 1736 1175 in
1765 1137 1918 1176 com-
2017 1114 2204 1170 sericis
2229 1131 2348 1186 qua:
2379 1116 2589 1186 reliqui.
2631 1115 2698 1170 Et
2724 1133 2847 1190 cum
2888 1117 2999 1173 haec
3035 1119 3214 1173 omnia
3244 1134 3342 1189 pro
3371 1129 3426 1175 te
3453 1121 3602 1176 dixe-

328 1206 612 1279 paratione
660 1209 823 1262 etiam
875 1209 1151 1264 hominum
1182 1209 1514 1281 perditorum
1545 1211 1664 1266 vilis
1692 1220 1776 1268 est
1803 1212 1913 1268 Du-
2017 1206 2113 1271 ris.
2142 1208 2416 1276 quomodo
2444 1224 2552 1264 non
2596 1216 2853 1264 mternam
2891 1227 2919 1263 8
2961 1207 3175 1265 Christo
3213 1212 3602 1267 remuneratio-

323 1300 504 1354 minus
527 1338 542 1363 ,
596 1309 651 1356 et
700 1309 756 1355 tu
798 1301 904 1356 eris
933 1300 1076 1356 inter
1103 1302 1465 1372 periturorum
1497 1303 1714 1359 ultimos
1741 1304 1912 1374 depu-
2017 1313 2141 1354 nem
2172 1301 2364 1355 mereri
2394 1303 2627 1372 poteris,
2651 1304 2754 1384 'cui
2796 1303 2849 1358 in
2882 1303 3076 1359 talibus
3105 1305 3304 1360 sanctis
3332 1313 3602 1363 tantarum

324 1390 540 1446 tandus.
2017 1391 2328 1448 deliciarum
2358 1395 2569 1464 copiam
2597 1395 2948 1466 przepararis?

379 1483 482 1562 .VI.
527 1483 631 1540 Sed
678 1487 937 1542 blandiris
984 1488 1080 1544 tibi
1109 1487 1331 1544 forsitan
1355 1529 1372 1556 ,
1401 1497 1462 1544 ut
1485 1490 1595 1560 jam
1626 1499 1752 1546 ante
1778 1491 1910 1557 dixi,
2089 1485 2198 1540 VII.
2241 1483 2286 1540 0
2311 1495 2515 1555 quanto
2548 1487 2768 1553 melius,
2809 1502 3142 1557 quaecunque
3170 1487 3257 1542 illa
3287 1503 3365 1554 es,
3393 1496 3600 1558 quanto

321 1576 506 1647 aliquo
546 1579 809 1648 religiosa:
850 1581 1200 1652 professionis
1229 1583 1444 1640 intuitu.
1486 1584 1653 1654 Magis
1676 1601 1736 1641 es
1762 1584 1914 1641 debi-

2015 1575 2210 1632 melius
2237 1585 2292 1632 et
2317 1577 2585 1632 salubrius
2612 1593 2818 1648 pauper
2843 1578 3020 1634 fueras
3048 1589 3103 1634 et
3127 1587 3408 1648 egestuosa
3436 1592 3597 1648 quam

319 1676 438 1736 tor,
471 1674 596 1742 quia
637 1675 917 1746 proposito
946 1676 1242 1732 sanctitatis
1277 1678 1481 1747 majora
1531 1679 1826 1748 promittis;
1858 1685 1913 1734 et
1957 1661 1964 1664 i
2016 1666 2196 1722 diVCSi
2249 1665 2543 1740 Ρευρεηπ
2585 1670 2728 1724 θηίηι
2770 1679 2824 1725 ιθ
2852 1670 2963 1725 Deo
2991 1671 3264 1726 inSinual’e
3293 1671 3595 1741 ΡοωίεδεΗ

319 1757 444 1817 ideo
489 1764 610 1834 plus
658 1765 914 1822 tolerabis
961 1769 1234 1839 supplicii,
1291 1771 1412 1841 quia
1463 1771 1637 1825 minus
1685 1771 1912 1826 solveris
2014 1757 2211 1814 ἀίνίῑίίε
2257 1776 2404 1816 Nam
2453 1777 2573 1817 esse
2613 1762 2870 1817 ieceruni-
2933 1763 3149 1820 “cuius
3177 1778 3306 1833 ⁸1·Βο
3333 1779 3432 1834 ρετ
3459 1763 3597 1819 indi‘

317 1855 646 1926 sponsionis.
693 1867 717 1894 η
750 1857 941 1913 Servus
962 1862 1116 1924 enim,
1151 1861 1324 1929 inquit
1353 1878 1531 1918 sermo
1560 1863 1789 1927 divinus,
1821 1863 1910 1931 qui

1974 1854 2252 1928 ggentiam
2299 1854 2444 1908 salva
2495 1855 2702 1921 fueras,
2751 1871 2911 1924 quam
2956 1872 3051 1924 per
3079 1870 3210 1926 opes
3239 1864 3356 1910 tuas
3381 1862 3437 1910 et
3464 1862 3518 1910 te
3545 1863 3596 1910 et

320 1948 488 2001 nescit
516 1948 822 2004 rolmttatem
851 1951 1052 2006 domini
1076 1954 1174 2018 sui,
1220 1963 1269 2007 et
1297 1970 1399 2008 non
1422 1957 1548 2026 facit
1585 1972 1719 2018 eam,
1748 1973 1910 2026 vapu-

2015 1945 2150 2000 alios
2196 1961 2584 2016 przegravasses
2628 1967 2638 2000 :
2685 1957 2738 2003 te
2783 1949 3014 2014 scilicet,
3046 1948 3171 2003 dum
3202 1949 3340 2004 male
3368 1948 3486 2003 aliis
3514 1963 3596 2002 re-

316 2035 447 2091 labit
472 2041 684 2109 paucis;
713 2042 800 2114 qui
822 2053 992 2096 autem
1012 2045 1135 2107 scit,
1166 2054 1216 2097 et
1244 2062 1346 2098 non
1378 2048 1503 2117 facit
1540 2063 1672 2112 eam,
1696 2047 1910 2117 vapula-
2016 2037 2244 2107 Ιὶιιίιιιίδς
2283 2041 2416 2095 ³¹ίο8
2463 2041 2588 2095 dum
2637 2057 2665 2095 θ
2713 2052 2768 2098 te
2793 2043 2977 2098 relicta
3009 2051 3062 2097 ei
3093 2044 3191 2114 ipSi
3222 2059 3322 2098 usu
3350 2043 3596 2099 ίῐιδωηει·

315 2125 391 2182 bit
423 2131 594 2186 multis
619 2129 781 2202 (Luc.
811 2149 901 2196 xu,
937 2131 1022 2197 47,
1056 2133 1180 2204 48),
1224 2133 1291 2187 Et
1322 2143 1379 2188 ιιι
1409 2136 1591 2204 specie
1619 2135 1911 2205 professio-
2019 2129 2240 2184 nissimo
2287 2132 2428 2185 male
2468 2133 2785 2201 possident,
2815 2144 2870 2188 et
2895 2144 3014 2203 post
3044 2151 3102 2189 se
3131 2135 3271 2189 male
3300 2133 3417 2188 aliis
3445 2134 3597 2189 dere-

316 2220 422 2286 nis,
446 2224 667 2291 grandia
689 2225 870 2294 specie
891 2225 1182 2294 polliceris,
1219 2237 1273 2281 et
1293 2227 1454 2281 rebus
1483 2228 1625 2280 nulla
1656 2229 1910 2282 restituis.

2019 2218 2285 2290 linquunt.
2327 2221 2383 2276 Si
2411 2223 2493 2277 vis
2521 2237 2682 2291 ergo,
2715 2239 3046 2294 quaectmque
3076 2227 3162 2280 illa
3194 2241 3279 2290 es,
3324 2227 3369 2280 si
3395 2226 3476 2281 vis
3503 2226 3596 2281 tibi

315 2311 544 2368 Falsarii
574 2314 812 2370 criminis
841 2331 967 2370 reus
997 2331 1087 2379 es,
1139 2316 1250 2371 Deo
1290 2326 1483 2372 cuncta
1513 2319 1774 2372 mentiris.
1807 2317 1916 2374 Nec
2020 2324 2140 2364 8539
2167 2313 2490 2388 COIISUiiIim.
2523 2316 2567 2369 Si
2594 2317 2674 2370 Vis
2700 2324 2957 2371 αειεηιθιη
2987 2319 3146 2390 292
3182 2317 3384 2374 habere
3410 2319 3595 2383 νίιεων

315 2406 592 2462 immerito
622 2423 776 2463 sacer
805 2423 984 2466 sermo
1011 2408 1268 2477 judicium
1306 2410 1379 2483 de
1423 2410 1624 2480 templo
1655 2410 1749 2465 Dei
1779 2412 1914 2466 inci-
2019 2408 2074 2454 ει
2115 2401 2268 2470 cultis
2314 2404 2492 2458 Videre
2540 2407 2654 2460 dies
2693 2406 2903 2473 δοηθεν
2955 2410 3202 2480 re“an
3242 2410 3596 2469 διιδειεηιίεω

270 2548 282 2554 -
315 2500 578 2570 piendum
628 2517 746 2556 esse
796 2509 1043 2556 testatur.
1093 2501 1357 2557 Iudicium
1404 2503 1575 2566 enim,
1627 2504 1817 2574 inquit,
1849 2504 1892 2557 dt

2017 2501 2162 2548 tuam
2192 2495 2550 2563 indigentibus
2579 2499 2798 2565 sanctis,
2828 2501 3070 2571 relinque
3099 2502 3323 2570 claudis,
3355 2503 3595 2574 relinque

319 2589 477 2643 domo
519 2588 731 2644 Domini
757 2591 798 2662 (ι
829 2592 972 2646 Ρειν,
1005 2608 1074 2658 ιγ,
1122 2593 1230 2662 17),
1271 2593 1683 2664 Αιίωῳιοιιυεε
1715 2596 1758 2648 Α
1785 2611 1910 2649 um-
2013 2587 2202 2651 cazcis,
2254 2588 2497 2657 relinque
2545 2589 2948 2660 languentibus;
3010 2595 3118 2650 sint
3163 2595 3444 2651 facultates
3490 2605 3595 2650 tuae

321 2680 442 2738 ctis.
479 2681 671 2749 inquit,
701 2684 826 2736 meis
855 2684 1067 2754 incipite
1092 2683 1302 2755 (Ezech.
1337 2702 1411 2749 ιχ,
1445 2685 1519 2757 6).
1584 2684 1689 2741 Sed
1731 2687 1797 2740 ad
1826 2703 1911 2743 su-
2009 2679 2264 2734 aiimenm
2317 2683 2633 2737 miserorum
2657 2726 2672 2749 ν
2722 2686 2792 2739 ⁸η
2845 2689 3119 2757 ορυίεεηῑίλ
3169 2698 3258 2743 tua
3297 2704 3592 2760 Paupemm

317 2773 536 2842 periora
569 2775 867 2831 redeamus.
903 2774 1000 2842 Ile,
1029 2777 1200 2847 inquit
1228 2780 1405 2834 avaris
1435 2789 1596 2849 atque
1618 2781 1907 2836 mcredulis
2009 2771 2148 2838 Vita;
2183 2781 2241 2827 υῑ
2269 2774 2482 2828 ίηοηιηι
2529 2775 2800 2844 νεῑτίεετίει
2848 2780 3064 2847 [munia
3116 2789 3206 2833 illa
3235 2781 3358 2844 Sim,
3391 2790 3450 2835 υῑ
3477 2782 3594 2834 i110-

312 2862 480 2930 Deus,
510 2867 580 2920 ite
603 2868 657 2921 in
681 2869 850 2937 ignem
881 2878 1128 2924 Mei-num
1176 2888 1322 2942 quem
1363 2873 1565 2942 ραναυίι
1588 2871 1746 2926 Pater
1765 2889 1907 2928 mea;
2007 2881 2125 2918 rum
2156 2864 2379 2921 refectio
2407 2875 2461 2920 te
2491 2865 2713 2922 reficiat.
2755 2869 2812 2924 Si
2841 2871 2983 2924 enim
3014 2871 3087 2924 illi
3111 2871 3178 2924 de
3206 2879 3300 2926 tuo
3320 2873 3501 2936 edent,
3535 2881 3591 2926 In

311 2955 524 3012 diabolo
543 2969 592 3012 et
612 2959 811 3031 angelis
839 2961 968 3032 ejus.
1004 2962 1084 3016 Ad
1107 2963 1439 3018 liberandum
1463 2972 1516 3018 te
1538 2965 1604 3019 ab
1632 2965 1734 3021 hoc
1764 2967 1907 3021 malo
2007 2959 2336 3012 Sﬁlumbel‘is
2359 2975 2372 3024 ;
2403 2959 2449 3014 Si
2480 2959 2553 3013 iiii
2579 2959 2644 3013 de
2667 2968 2759 3015 ιιιο
2777 2960 3028 3027 biberint.
3054 2970 3112 3016 ιιι
3133 2962 3249 3017 Sitis
3271 2971 3376 3018 ῑυω
3400 2970 3588 3018 ωειιιῐιι

311 3047 636 3117 quibusdam
666 3049 887 3106 forsitan
925 3051 1082 3106 bonis
1119 3055 1490 3123 corporalibus
1519 3057 1710 3124 putas?
1742 3054 1905 3110 Pudi-
2011 3050 2368 3118 πάυιέιιιίιυε
2397 3052 2693 3121 restingues
2724 3069 2737 3104 τ
2789 3061 2842 3108 ιθ
2879 3053 3091 3109 illorum
3121 3055 3348 3110 νθεῑίῑυε
3374 3054 3585 3121 V055“-

312 3141 500 3196 citiam
547 3143 746 3215 quippe
781 3159 993 3200 amasse
1031 3153 1084 3201 te
1109 3145 1302 3215 jactas.
1344 3145 1451 3201 Sed
1481 3157 1752 3202 memento
1780 3149 1906 3216 quia
2011 3151 2062 3197 te
2111 3143 2318 3197 illorum
2369 3146 2618 3215 apricitas
2661 3145 2965 3204 delectabit.
3031 3148 3150 3205 Non
3187 3164 3315 3220 ergo
3361 3150 3468 3206 vile
3523 3167 3589 3207 ac

312 3243 375 3292 et
402 3236 520 3293 illos
548 3254 686 3308 quos
725 3239 778 3294 in
825 3239 1117 3309 Evangelio
1156 3241 1548 3295 immortalibus
1587 3241 1759 3311 pomis
1787 3241 1906 3296 Sal-
1935 3243 1980 3304 C
2011 3231 2334 3304 despicabile
2365 3245 2534 3306 potes,
2566 3239 2609 3292 si
2639 3239 2988 3295 substantiam
3019 3249 3163 3296 tuam
3191 3242 3399 3297 miseris
3426 3250 3588 3313 atque

312 3337 474 3385 valor
503 3329 750 3396 tradidit,
784 3331 1128 3402 impudicitia:
1149 3348 1256 3386 non
1278 3333 1502 3386 notavit.
1545 3330 1903 3388 Sobrietatem
2012 3328 2288 3395 egentibus
2334 3329 2672 3398 derelinquas
2698 3349 2709 3384 :
2759 3330 3031 3388 Christum
3075 3335 3128 3388 in
3154 3333 3258 3388 illis
3285 3333 3448 3390 facies
3477 3335 3588 3388 itte-

313 3419 530 3476 tibimet
578 3421 845 3492 placuisse
891 3424 1320 3478 commemoras?
1365 3423 1474 3479 Nec
1515 3424 1588 3478 illi
1618 3424 1685 3479 de
1713 3426 1904 3495 quibus
2010 3421 2211 3474 redem.
2255 3420 2320 3475 Et
2348 3423 2475 3490 quid
2515 3422 2686 3478 dicam
2716 3424 2784 3478 de
2810 3423 3009 3479 Christi
3041 3425 3291 3480 nomine?
3317 3424 3591 3479 Christum

311 3509 598 3583 Scriptura
664 3513 921 3584 loquitur,
985 3515 1262 3570 ebrietatis
1310 3516 1532 3570 crimine
1587 3517 1900 3586 puniuntur.

2008 3513 2226 3581 quidem
2269 3514 2539 3568 hmredem
2584 3515 2746 3571 facies
2765 3556 2778 3580 ,
2824 3515 2918 3569 sed
2949 3525 3007 3570 tu
3033 3515 3360 3570 hereditatis
3387 3515 3590 3571 emolu-

311 3599 599 3674 Jejunasse
630 3614 682 3661 te
709 3607 881 3663 dicis?
917 3605 1027 3662 Nec
1055 3607 1175 3663 illos
1204 3609 1426 3678 prandia
1456 3624 1578 3664 reos
1608 3625 1726 3665 esse
1753 3609 1898 3666 fece-

2010 3614 2189 3658 menta
2219 3606 2498 3675 percipies.
2526 3605 2866 3675 Quaecunque
2886 3605 3029 3660 enim
3052 3604 3267 3662 Christo
3289 3607 3587 3676 reliqueris,

312 3703 465 3750 runt.
507 3695 612 3752 Sed
661 3697 902 3752 videlicet
946 3710 1139 3767 magna
1178 3714 1340 3753 causa
1370 3707 1452 3753 est
1480 3714 1583 3769 qua
1615 3699 1711 3754 tibi
1739 3700 1904 3755 absti-
2012 3711 2108 3766 per
2133 3695 2403 3751 Christum
2442 3698 2620 3751 omnia
2649 3698 2963 3768 possidebis.
2988 3698 3093 3754 Sed
3119 3698 3235 3754 base
3262 3708 3338 3764 tu,
3368 3706 3428 3753 ut
3447 3713 3590 3766 reor,

312 3788 503 3843 tientia
533 3804 595 3842 ac
617 3790 825 3858 jejunio
859 3799 948 3844 tuo
979 3790 1193 3859 placeas
1215 3829 1228 3855 ,
1260 3790 1350 3861 qui
1393 3790 1460 3844 ad
1501 3791 1604 3846 hoc
1625 3790 1902 3860 jejunasti,
2011 3788 2199 3843 frivola
2244 3805 2363 3843 esse
2408 3789 2615 3858 ju.licas
2639 3831 2654 3855 ,
2703 3800 2759 3846 et
2796 3792 2949 3860 quasi
2997 3793 3206 3845 somnia
3255 3791 3498 3867 qqredam
3527 3806 3592 3846 ac

312 3880 388 3936 ad
418 3880 522 3936 hoc
566 3898 728 3953 parce
776 3883 1096 3950 exiliterque
1136 3883 1348 3946 vixisti,
1390 3899 1497 3937 non
1521 3893 1582 3937 ut
1608 3891 1730 3953 post
1757 3899 1926 3938 mor-'
2011 3881 2363 3935 deliramenta
2413 3883 2733 3937 contemnis.
2795 3881 2912 3936 Non
2942 3882 3085 3935 enim
3114 3880 3287 3935 credis
3321 3879 3593 3934 Christum

313 3981 430 4029 tem
477 3981 622 4029 tuam
673 3989 872 4044 egenos
919 3975 1259 4030 facultatibus
1285 3975 1393 4029 tuis
1419 3990 1694 4044 pasceres,
1727 3975 1820 4030 sed
1849 3984 1910 4029 ut
2011 3985 2138 4024 vera
2187 3972 2403 4026 dixisse.
2465 3971 2533 4025 Et
2577 3987 2664 4026 res
2692 3972 2885 4041 probat
2907 4012 2920 4032 ,
2952 3985 3289 4040 nequaquam
3317 3978 3372 4025 te
3399 3972 3448 4025 ei
3477 3985 3594 4028 cre-

314 4081 545 4120 censum
575 4065 939 4134 cujuscunque
970 4067 1196 4120 bmredis
1238 4066 1439 4120 divitiis
1467 4066 1772 4135 ampliares.
1805 4065 1912 4119 Ma-
2013 4061 2161 4116 dere.
2204 4061 2335 4115 Nam
2364 4064 2455 4131 qui
2493 4063 2741 4117 mandata
2777 4062 2893 4132 ejus
2921 4078 3020 4118 nec
3049 4063 3100 4117 in
3133 4063 3416 4133 postremis
3440 4062 3590 4131 facis,

315 4169 462 4226 gnos
491 4155 737 4211 videlicet
761 4157 1096 4211 abstinentiae
1125 4156 1328 4210 fructus
1357 4155 1520 4224 capis.
1551 4156 1710 4228 291
1738 4154 1912 4211 Minus
2016 4163 2108 4208 aut
2136 4153 2286 4208 nulla
2314 4168 2432 4208 esse
2462 4155 2682 4209 omnino
2720 4155 2984 4221 mstimas,
3034 4161 3127 4210 aut
3157 4153 3284 4209 falsa
3315 4170 3431 4212 esse
3457 4170 3593 4212 con-

314 4247 471 4304 enim
503 4249 654 4318 panis
683 4257 738 4304 tu
770 4247 1133 4315 manducasti,
1184 4257 1243 4302 ut
1288 4247 1405 4302 auri
1435 4249 1571 4304 alius
1599 4248 1717 4320 plus
1745 4249 1911 4305 babe-
2013 4246 2253 4303 demnas.
2315 4246 2371 4301 In
2421 4263 2529 4317 quo
2572 4247 2788 4318 quidem
2841 4248 3022 4318 lugere
3072 4264 3258 4304 omnes
3286 4257 3504 4306 sanctos
3529 4265 3595 4305 ae

312 4347 426 4396 ret.
470 4339 587 4395 Tibi
621 4349 807 4395 venter
834 4339 1140 4409 frugalitate
1168 4340 1426 4405 decrevit,
1459 4348 1517 4394 ut
1544 4343 1908 4410 cujuscunque
2011 4337 2141 4398 ﬂere
2168 4342 2451 4405 convenit,
2486 4341 2614 4396 nulli
2647 4347 2781 4396 teet
2809 4341 2942 4396 alios
2971 4341 3046 4396 tui
3076 4342 3300 4405 similes,
3335 4342 3465 4398 nulli
3491 4343 3594 4398 mi-

312 4431 558 4488 hominis
604 4431 832 4488 fortasse
880 4431 1058 4487 vitiosi
1110 4432 1393 4487 thesaurus
1443 4440 1731 4488 cresceret.
1772 4431 1906 4488 Cum
2012 4449 2110 4490 nus
2160 4451 2321 4504 quam
2367 4433 2581 4489 Christo
2627 4433 2868 4489 credere.
2929 4433 2985 4489 Si
3033 4434 3125 4489 tibi
3171 4434 3479 4505 quicunque
3526 4450 3594 4490 ex

309 4536 449 4591 ergo
477 4522 543 4577 ad
567 4521 824 4593 judicium
865 4523 963 4577 Dei
989 4523 1218 4586 veneris,
1239 4523 1362 4591 jure
1403 4509 1665 4592 imputare
1692 4523 1743 4578 ei
1766 4521 1908 4594 jequ
2013 4526 2346 4597 cauponibus
2374 4525 2502 4595 quid
2533 4526 2902 4596 promitteret,
2936 4525 3092 4580 fidem
3122 4525 3455 4595 promittenti
3486 4541 3594 4582 non

312 4615 469 4672 nium
513 4623 660 4669 tuum
711 4615 916 4686 poteris
955 4615 1176 4671 dicens:
1226 4613 1491 4684 Jejunavi,
1544 4615 1801 4682 Domine,
1853 4623 1909 4672 et
1936 4620 2306 4690 Dabnegares
2343 4637 2355 4672 :
2400 4620 2446 4674 si
2493 4629 2737 4674 mutuum
2786 4634 2817 4673 a
2865 4626 2918 4673 te
2945 4618 3216 4689 quippiam
3247 4617 3474 4689 propola
3504 4624 3595 4671 aut

309 4710 590 4776 abstinui,
639 4727 702 4765 ac
747 4711 838 4766 diu
883 4727 970 4767 me
1018 4712 1084 4767 ab
1130 4713 1370 4768 omnium
1414 4712 1726 4769 deliciarum
1753 4713 1905 4784 fruge
2010 4713 2039 4754 δ
2080 4714 2528 4784 salgamentarius
2575 4713 2910 4784 postularet,
2965 4710 3291 4765 redditurum
3332 4724 3456 4764 eum
3486 4723 3595 4765 non

305 4803 591 4873 suspendi.
633 4801 701 4857 Et
728 4819 814 4858 res
843 4804 946 4860 hoc
972 4805 1183 4876 probat.
1225 4803 1366 4860 Ecce
1394 4805 1537 4860 enim
1565 4821 1707 4862 nunc
1736 4805 1906 4863 batre-
2009 4804 2276 4861 diflideres
2297 4820 2418 4874 qua:
2438 4804 2694 4859 dedisses.
2716 4801 3058 4858 Mendacibus
3074 4800 3305 4868 denique
3325 4797 3594 4855 interdum

302 4899 416 4952 des
441 4897 548 4951 mei
596 4896 662 4951 de
714 4913 836 4952 meo
883 4896 1135 4962 aflluunt,
1167 4898 1549 4952 immensarum
1597 4897 1905 4953 divitiarum
2011 4908 2171 4972 atque
2195 4897 2444 4970 perjuris,
2475 4898 2724 4952 cautione
2752 4895 2891 4950 facta
2921 4903 2976 4949 et
3001 4893 3126 4949 dato
3148 4892 3479 4961 tidejussore,
3506 4907 3595 4949 res

353 4985 492 5060 )piis
536 4991 899 5047 exabundant.
964 4989 1031 5046 Et
1056 4999 1115 5046 ut
1147 4990 1346 5060 aliquid
1385 4991 1549 5046 etiam
1578 4990 1647 5046 de
1675 5005 1906 5062 evange-
2010 4992 2262 5048 creditur.
2289 4988 2531 5044 Christus
2553 4987 2645 5042 tibi
2666 4994 2721 5042 et
2745 4985 3104 5040 ﬁdelissimam
3124 4984 3425 5040 cautionem
3445 4990 3505 5040 et
3528 4981 3598 5039 ﬂ-

334 5082 422 5138 'ca
452 5084 684 5140 lectione
735 5099 1054 5154 prresnmas,
1087 5083 1192 5138 hoc
1228 5082 1373 5153 quod
1401 5082 1648 5138 Salvator
1675 5082 1809 5136 dixit
1838 5083 1906 5138 de
2010 5082 2318 5151 dejussores
2343 5079 2576 5150 Optimos
2609 5077 2774 5143 dedit,
2792 5077 3095 5132 cautionem
3123 5076 3328 5132 scilicet
3341 5076 3394 5131 in
3424 5073 3598 5130 Evan-

310 5175 684 5248 gerditissimo
733 5176 823 5231 illo
868 5174 1033 5230 divite
1056 5214 1070 5240 ,
1121 5182 1278 5245 poles
1327 5181 1382 5229 et
1422 5182 1478 5227 tu
1515 5173 1583 5228 de
1609 5173 1908 5228 bzeredibus
2011 5175 2173 5243 gelio,
2205 5173 2542 5242 fldejussores
2563 5170 2839 5243 apostolos
2867 5186 3008 5236 suos,
3033 5178 3106 5232 et,
3138 5170 3184 5226 si
3213 5167 3265 5223 id
3293 5181 3482 5238 parum
3517 5174 3600 5220 est

310 5266 431 5322 tuis
459 5267 638 5324 dicere
671 5287 683 5321 :
716 5267 1011 5323 lnduuntur
1033 5263 1272 5338 purpura
1302 5273 1358 5321 et
1382 5265 1574 5336 bysso,
1607 5273 1662 5320 et
1686 5264 1909 5336 epulan‘
2013 5265 2364 5337 patriarchas,
2393 5264 2701 5336 prophetas,
2717 5272 2979 5335 martyres
3007 5279 3152 5325 suos,
3171 5267 3336 5314 totam
3357 5255 3594 5323 denique

309 5370 414 5415 tur
433 5361 672 5429 quotidie
693 5360 986 5432 splendide,
1004 5360 1258 5416 incubant
1275 5358 1500 5415 defossis
1520 5374 1654 5414 ame
1670 5358 1904 5425 talentis,
2011 5359 2313 5414 divinarum
2360 5358 2553 5413 seriem
2597 5357 2924 5421 litterarum;
2969 5362 3022 5409 et
3054 5348 3158 5407 min
3189 5348 3363 5404 credis
3389 5343 3458 5407 ei,
3496 5359 3592 5399 nec

306 5463 576 5526 premunt
606 5456 812 5524 argenti
841 5463 897 5510 et
925 5452 1041 5509 auri
1075 5460 1362 5524 congestas
1393 5461 1595 5521 strues,
1628 5453 1905 5508 materiam
2015 5450 2172 5506 ﬁdem
2214 5449 2557 5506 commodas?
2604 5448 2772 5514 Quem
2824 5461 2954 5513 rogo
2998 5452 3104 5495 tam
3145 5436 3422 5507 prodigum
3457 5435 3592 5490 inter

1515 5593 1850 5649 STEPHANI
1888 5593 2156 5686 BADUZII
2195 5593 2420 5649 NOTZE.

399 5714 424 5743 ι
461 5703 589 5786 Ilaec
616 5702 1097 5786 verba..trsque_.ad_
1124 5707 1347 5786 grandia
1389 5706 1573 5786 specie,
1605 5703 1798 5786 desunt
1854 5705 1908 5759 in
1999 5681 2012 5686 ⁷
2049 5707 2110 5786 _b
2149 5681 2334 5763 Codex
2383 5704 2582 5772 Regius
2637 5697 2904 5754 recentior
2957 5701 3012 5748 et
3051 5689 3288 5752 Colbert.
3329 5695 3590 5767 satgamm

310 5775 576 5835 omnibus
629 5774 864 5844 antiquis
911 5773 1201 5837 codicibus,
1259 5775 1351 5844 qui
1391 5773 1470 5830 sic
1496 5775 1679 5842 legunt
1712 5790 1912 5845 :spono
2014 5780 2141 5836 rius.

309 5848 529 5907 siouis:
560 5845 780 5920 grandia
801 5845 987 5915 specie,
1021 5853 1122 5899 etc.
1304 5856 1314 5865 '

801 5881 987 5915 φυηρ,
1021 5881 1122 5899 μιν.
1337 5881 1350 5897 .
2505 5886 2519 5895 .

655 5943 924 6001 PATIOL.
973 5936 1126 5998 LIII.
2276 5952 2288 5965 ‘
3154 5922 3202 5988 ἢ
