4108 6348
534 402 639 457 25Ξί

935 401 990 458 S.
1034 399 1344 457 SALVlA-Nl
1387 352 1848 455 MASSlLlEi‘iSlS
1887 399 2312 456 PllESBYTERl
2355 401 2714 458 ADVERSUS
2753 401 3122 458 AV'Alll'llAil
3165 401 3288 456 LII}.
3333 401 3416 456 IV.

3713 399 3828 455 2‘56

527 521 780 578 homines
803 519 964 594 a93
985 534 1048 572 ac
1094 525 1201 572 tam
1251 516 1504 572 miserum
1551 515 1794 572 invenire
1835 515 2008 586 possis
2033 515 2120 569 cui
2147 525 2192 580 Α
2223 515 2454 585 spolias,
2500 516 2774 586 quomodo
2811 517 2864 570 iu
2905 515 3082 576 futuro
3109 515 3262 586 quasi
3287 513 3504 570 condita
3533 529 3596 570 ac
3623 521 3828 584 parata

530 612 695 670 fidem
721 614 820 670 sub
865 620 944 666 tot
981 609 1384 686 lidejussoribus
1420 609 1754 680 denegares?
1803 609 1908 664 Das
1935 609 2118 678 itaque

527 725 620 764 res
648 717 768 764 tuas
810 705 1060 762 divitibus
1083 745 1098 770 ,
1151 712 1206 760 et
1234 706 1419 772 egenis
1454 719 1652 776 negas;
1684 704 1780 760 das
1807 703 2114 770 luxuriosis,

528 811 586 858 et
614 817 776 872 negas
800 799 1032 864 sanctis;
1067 798 1166 854 das
1194 799 1500 866 cuicunque
1537 795 1767 852 fortasse
1797 797 2034 868 perdito,
2061 803 2118 850 et

523 909 690 963 negas
716 891 948 948 Christo.
993 879 1160 946 Prout
1188 904 1318 960 ergo
1343 890 1628 959 judicasti,
1658 890 1736 946 sic
1758 889 2114 959 judicaberis;

522 985 660 1042 sicut
688 984 936 1052 elegeris,
969 984 1046 1038 sic
1075 982 1322 1052 recipies.
1363 981 1484 1038 Non
1502 980 1728 1038 habebis
1751 996 1874 1036 cum
1901 980 2118 1042 Christo

519 1083 732 1145 partem
775 1089 940 1144 quem
980 1072 1307 1144 despexisti:
1342 1088 1466 1147 cum
1511 1073 1596 1128 his
1631 1073 1858 1130 habebis
1899 1071 2038 1144 quos
2064 1072 2118 1128 ei

519 1149 826 1238 praetulisti.

591 1257 728 1312 Vill.
769 1255 878 1312 Sed
926 1256 1054 1314 dicit
1097 1251 1346 1314 fortasse
1372 1258 1566 1328 aliquis
1594 1272 1664 1314 ex
1688 1255 1984 1312 infidelium
2013 1271 2114 1310 nu-

515 1361 670 1404 mero
699 1363 810 1403 non
839 1347 1054 1417 dignam
1103 1363 1222 1404 esse
1273 1364 1494 1408 causam
1535 1365 1658 1420 qua:
1683 1348 1772 1404 vel
1799 1347 1970 1402 Deum
1995 1361 2113 1402 mo-

515 1450 664 1510 veat,
695 1442 786 1498 vel
811 1442 1062 1504 homines
1084 1443 1136 1498 in
1151 1452 1413 1502 aeternum
1435 1443 1734 1514 periculum
1757 1441 1954 1496 trahat.
1987 1439 2112 1496 Scio

518 1535 740 1604 quidem
773 1535 918 1606 quod
948 1543 974 1572 ει
1003 1551 1192 1592 oinnes
1231 1536 1310 1592 rei
1353 1536 1658 1600 veniabiles.
1681 1541 1872 1606 putant
1899 1547 2114 1604 semper

518 1637 704 1686 reatus
729 1645 876 1686 suos.
917 1629 1052 1688 Nam
1078 1636 1152 1690 et,
1181 1629 1324 1686 furta
1351 1629 1556 1686 furibus
1583 1630 1730 1686 leves
1767 1628 1938 1698 culpae
1965 1636 2108 1692 sunt,

518 1728 576 1778 et
603 1721 834 1778 innocua
881 1721 1108 1777 ebriosis
1149 1721 1358 1776 videtur
1386 1721 1652 1786 ebrietas,
1685 1727 1739 1774 et
1767 1716 1910 1790 apud
1937 1717 2112 1788 impu-

516 1813 670 1872 dicos
697 1813 982 1870 fornicatio
1009 1813 1184 1870 scelus
1211 1829 1322 1868 non
1351 1823 1434 1870 est
1458 1831 1471 1880 ;
1503 1812 1630 1881 quia
1657 1811 1860 1866 nullum
1891 1809 2110 1864 omnino

2222 607 2459 676 reperies
2506 623 2626 676 qua:
2676 608 2760 664 hic
2809 613 2900 662 aut
2947 624 3058 664 non
3103 606 3463 676 indigentibus
3506 613 3600 662 aut
3645 607 3826 664 etiam

2221 697 2616 754 abundantibus
2659 699 2969 770 deputat-is?
3015 699 3296 766 Quomodo
3340 697 3610 752 reddenda
3653 700 3826 754 tibia

2219 790 2334 846 Deo
2381 792 2556 848 credis
2600 807 2718 862 quae
2769 793 2878 848 Deo
2929 793 3041 862 ipse
3071 807 3178 848 non
3205 791 3418 850 credis?
3451 802 3472 830 ο
3505 790 3822 862 Postremo,

2221 882 2493 952 quomodo
2510 885 2660 940 reddi
2685 885 2764 940 vis
2786 899 2904 956 quae
2934 883 3155 940 credere
3185 900 3290 938 non
3322 883 3436 940 vis?
3463 881 3636 940 Nemo
3665 885 3822 944 enim

2218 976 2318 1030 sibi
2349 977 2484 1032 solvi
2511 978 2623 1032 vult
2651 993 2772 1046 quae
2811 993 2918 1032 non
2955 976 3296 1050 commodat;
3340 990 3435 1046 nec
3477 986 3584 1032 tam
3613 977 3822 1032 stultus

2218 1080 2302 1126 est
2327 1081 2386 1128 ut
2413 1088 2532 1142 qua:
2559 1089 2666 1128 non
2696 1051 3050 1136 leneraverit,
3081 1081 3232 1142 putet
3253 1087 3378 1128 esse
3405 1071 3704 1126 reddenda.
3755 1070 3822 1124 Et

2218 1163 2340 1218 ideo
2369 1173 2430 1220 tu
2457 1181 2794 1236 nequaquam
2833 1181 2866 1220 a
2893 1165 3004 1222 Deo
3039 1166 3192 1236 quasi
3233 1165 3562 1222 reddendum
3589 1179 3820 1236 sperare

2217 1260 2424 1328 poteris
2467 1259 2612 1330 quod
2663 1259 2772 1314 Deo
2817 1259 3000 1330 utique
3045 1276 3156 1314 non
3183 1261 3423 1322 crciens,
3457 1257 3690 1312 reddere
3721 1257 3818 1310 tibi

2217 1349 2386 1406 Deum
2415 1352 2532 1421 ipse
2563 1352 2815 1406 uolucris.
2885 1351 3032 1406 Linde
3073 1353 3407 1422 compleatur
3439 1352 3642 1406 dictum
3677 1351 3734 1406 in
3765 1357 3822 1403 te

2215 1441 2458 1500 divinum
2485 1440 2512 1478 τι
2545 1443 2674 1500 illud
2723 1459 2944 1500 necesse
2971 1453 3054 1500 est
3078 1485 3092 1509 ,
3125 1444 3250 1514 quia
3281 1443 3544 1514 reliquisti
3575 1443 3700 1500 aliis
3731 1441 3818 1496 vel

2216 1535 2406 1592 alienis
2434 1536 2648 1590 divitias
2679 1545 2816 1600 tuas,
2847 1535 3154 1606 sepulcrum
3183 1543 3336 1592 tuum
3360 1535 3464 1590 erit
3491 1533 3692 1590 domus
3723 1541 3814 1586 tua

2218 1627 2272 1681 in
2317 1636 2578 1683 aeternum
2617 1627 2841 1698 (Psalm.
2878 1644 3060 1690 xnvm,
3099 1625 3181 1692 ll,
3217 1625 3322 1698 1‘2).
3385 1625 3452 1680 Et
3493 1624 3620 1680 illud
3665 1623 3812 1694 quml

2217 1719 2464 1776 Salvator
2491 1720 2560 1774 ad
2587 1721 2818 1774 similem
2847 1719 2922 1774 tui
2951 1718 3188 1788 loquitur
3213 1737 3224 1770 :
3259 1715 3394 1784 Quia
3425 1717 3630 1788 tepidus
3655 1735 3736 1780 es,
3761 1725 3808 1764 εί

2217 1829 2378 1882 neque
2425 1815 2624 1884 {errem
2663 1828 2824 1882 neque
2852 1811 3094 1882 frigidus,
3145 1811 3390 1882 incipiam
3421 1817 3468 1862 te
3495 1825 3732 1862 evomere
3753 1825 3816 1860 ex-

517 1913 628 1960 Iam
655 1905 858 1975 grande
885 1906 1094 1962 crimen
1119 1913 1204 1962 est
1229 1905 1376 1974 quod
1399 1921 1504 1959 non
1527 1904 1682 1974 cujus
1699 1901 1942 1958 facinore
1962 1917 2106 1958 com-
2147 1914 2190 1974 Β
2215 1920 2304 1957 ore
2325 1919 2436 1958 meo
2460 1903 2642 1974 (Apoc.
2675 1919 2752 1968 ut,
2787 1903 2872 1968 16,
2897 1902 3004 1971 17).
3033 1903 3194 1978 295
3216 1900 3282 1956 Et
3303 1899 3430 1954 illud
3450 1901 3583 1954 dicis
3609 1919 3620 1951 :
3655 1899 3814 1954 Dives

517 1998 768 2064 mittitur,
798 1997 914 2066 ejus
942 1997 1216 2066 sententia
1252 1997 1582 2054 sublevetur.
1637 1994 1745 2050 Sed
1775 1994 1822 2050 si
1850 1994 1970 2064 quis
1995 1991 2110 2048 vult

517 2106 584 2146 ex
613 2092 988 2161 peccatoribus
1007 2091 1166 2158 scire,
1197 2105 1362 2161 quam
1381 2091 1617 2162 graviter
1639 2087 1908 2146 censenda
1939 2103 1970 2140 a
1999 2086 2110 2140 Deo

516 2185 622 2240 sint
667 2198 860 2252 magna
909 2185 1134 2240 crimina
1158 2223 1174 2250 ,
1223 2184 1396 2240 discat
1436 2183 1669 2252 qualiter
1699 2183 1752 2238 in
1780 2187 1952 2238 semet
1982 2179 2110 2250 ipsis

517 2277 740 2348 puniant
786 2277 960 2334 sancti
1005 2277 1170 2332 etiam
1217 2276 1354 2332 levia
1397 2283 1646 2345 peccata,
1678 2272 1878 2329 conscii
1907 2270 2112 2326 scilicet

517 2369 622 2440 iam
651 2386 718 2424 ex
749 2370 912 2438 ipsius
939 2368 1042 2428 Dei
1065 2369 1224 2432 dictis
1250 2369 1418 2424 futuri
1443 2367 1708 2424 examinis
1725 2403 1740 2428 ,
1785 2381 1848 2420 ac
1875 2378 1974 2433 per
2001 2362 2110 2416 Do-

518 2461 648 2514 mini
677 2460 761 2518 sui
787 2460 952 2522 verba
993 2463 1158 2520 etiam
1182 2459 1382 2530 judicia
1413 2459 1700 2523 rimantes;
1732 2465 1790 2512 et
1815 2457 1938 2512 ideo
1967 2469 2110 2510 sem-

518 2565 614 2626 per
661 2551 712 2604 in
747 2550 842 2606 Dei
867 2566 1032 2620 opere
1054 2591 1072 2616 ,
1101 2565 1314 2620 semper
1343 2551 1398 2604 in
1427 2549 1874 2618 compunctione,
1901 2561 2116 2616 semper

519 2641 572 2696 in
603 2657 762 2698 cruce
811 2641 990 2712 positi.
1049 2641 1204 2696 Beati
1231 2641 1324 2710 qui
1345 2683 1359 2706 ,
1392 2657 1516 2696 cum
1546 2640 1786 2694 ninnium
1815 2639 2112 2692 miserean-

521 2741 624 2796 tur,
677 2734 782 2790 sibi
829 2749 1104 2804 nunquam
1150 2733 1368 2804 penitus
1395 2733 1724 2802 ignoscunt,
1757 2731 1810 2784 in
1839 2729 1988 2786 nullo
2014 2727 2116 2782 sibi

519 2837 806 2900 pm'centes
828 2871 842 2894 ,
875 2829 970 2886 sed
997 2837 1144 2886 totos
1171 2845 1232 2884 se
1259 2827 1550 2884 admodum
1577 2827 1689 2882 Deo
1719 2825 2114 2896 impendentes,

519 2929 570 2975 et
601 2921 720 2976 ideo
750 2922 802 2976 in
833 2919 1014 2977 futuro
1035 2919 1242 2990 judicio
1269 2919 1418 2990 digni
1445 2919 1686 2990 przemio,
1709 2917 1834 2990 quia
1861 2917 1948 2972 hic
1973 2915 2118 2986 apud

519 3027 574 3068 sc
599 3011 800 3080 iugiter
829 3013 886 3068 in
926 3020 1102 3068 reatu.
1158 3011 1294 3067 Nam
1336 3011 1404 3068 de
1434 2997 1802 3066 misericordia
1833 3025 2024 3066 eorum
2053 3024 2118 3064 ac

520 3105 768 3174 largitate
793 3104 922 3172 quid
948 3103 1153 3167 dicam,
1185 3119 1304 3174 quae
1331 3105 1504 3160 virtus
1533 3103 1674 3174 apud
1703 3119 1798 3158 eos
1825 3103 1980 3174 quasi
2010 3103 2117 3156 vir-

521 3205 692 3251 tutum
739 3196 984 3250 omnium
1021 3195 1284 3252 iuitiatrix
1324 3199 1443 3252 est?
1473 3195 1726 3266 Plerique
1755 3196 1899 3250 enim
1927 3211 2118 3250 eorum

2208 2013 2345 2060 sum,
2363 2004 2410 2051 et
2441 1995 2646 2052 divitias
2666 1994 2850 2062 habeo,
2872 2004 2918 2052 et
2950 1997 3140 2050 nullius
3161 2012 3317 2068 egeo;
3348 2001 3396 2048 et
3422 1995 3590 2048 nescis
3609 1995 3732 2066 quia
3757 2001 3812 2048 tu

2209 2109 2262 2145 es
2285 2092 2458 2156 miser,
2486 2101 2536 2146 et
2573 2107 2786 2160 pauper,
2819 2099 2866 2146 et
2891 2107 3078 2156 cacus,
3116 2101 3164 2146 et
3205 2090 3392 2146 nudus.
3431 2089 3600 2144 Nemo
3631 2089 3812 2160 itaque

2209 2185 2316 2244 sibi
2345 2194 2368 2221 ε
2401 2184 2456 2238 in
2485 2181 2596 2238 vita
2620 2223 2636 2250 ,
2665 2184 2718 2238 in
2747 2192 2956 2250 morte,
2987 2185 3040 2236 in
3070 2191 3192 2240 actu
3210 2222 3226 2246 ,
3269 2183 3324 2238 in
3353 2183 3494 2244 ἁωιυ
3514 2223 3528 2246 ,
3563 2184 3618 2236 in
3646 2191 3810 2238 testa-

2211 2282 2394 2330 mento
2423 2290 2522 2330 suo
2551 2274 2826 2330 hominem
2853 2275 2965 2330 Deo
2993 2274 3314 2344 praeferens,
3346 2273 3414 2328 de
3443 2274 3562 2328 viui:
3591 2288 3654 2328 ac
3683 2289 3808 2344 pro-

2168 2357 2178 2374 ’
2213 2365 2460 2422 fessionis
2489 2367 2844 2438 pnerogativa
2875 2365 3076 2436 aliquid
3105 2365 3430 2420 blandiatur.
3475 2364 3696 2420 l’wiialis
3720 2373 3806 2418 est

2213 2457 2446 2514 hominis
2489 2473 2554 2512 ac
2611 2457 2916 2526 perniciosa
2963 2457 3068 2512 ista
3111 2457 3372 2512 securitas
3415 2475 3426 2508 :
3473 2463 3800 2528 praesumpta:

2215 2563 2340 2618 spes
2362 2589 2378 2614 ,
2409 2549 2632 2604 sarcina:
2677 2557 2804 2606 sunt
2848 2557 3068 2606 reatus:
3101 2555 3358 2620 usurpata
3405 2547 3664 2604 absolutio
3705 2547 3806 2602 da-

2217 2644 2546 2698 muationem
2575 2645 2734 2716 parit.
2776 2644 3096 2714 Quicunque
3133 2643 3238 2700 sibi
3276 2659 3335 2700 se
3362 2651 3622 2708 excusat,
3651 2657 3807 2700 accu-

2216 2745 2300 2790 sat
2329 2735 2462 2800 Deo,
2493 2735 2786 2792 secundum
2817 2736 2988 2794 illud;
3020 2733 3163 2790 Nam
3201 2735 3288 2808 qui
3326 2751 3381 2790 se
3409 2735 3674 2788 existimat
3703 2749 3808 2788 esse

2217 2827 2438 2900 aliquid,
2459 2845 2574 2882 cum
2595 2828 2728 2882 nihil
2750 2830 2836 2894 sit,
2860 2830 3082 2900 seipsum
3104 2825 3299 2898 seducit
3322 2824 3462 2900 (Gal.
3496 2843 3568 2893 vi,
3592 2826 3670 2895 '5).
3709 2825 3806 2880 Ne~

2217 2923 2352 2978 mini
2396 2923 2576 2996 itaque
2629 2921 2800 2978 facilis
2845 2937 2942 2978 sua
2983 2937 3148 2978 causa
3189 2923 3278 2978 sit.
3333 2920 3522 2978 Nullus
3546 2919 3812 2986 difficilius

2218 3015 2418 3082 evadit,
2446 3032 2610 3088 quam
2636 3017 2726 3086 qui
2757 3033 2814 3072 se
2839 3033 3130 3074 evasurum
3156 3031 3274 3072 esse
3303 3015 3726 3090 prinsumpserit.

2288 3106 2378 3160 IX.
2424 3107 2562 3162 Dura
2611 3107 2724 3162 hinc
2771 3107 3000 3164 forsitan
3045 3117 3204 3182 atque
3251 3115 3468 3164 austera
3503 3106 3802 3162 vidcantur.

2217 3198 2451 3265 Quidni?
2483 3198 2666 3254 Omnis
2694 3201 2830 3254 enim
2859 3200 3152 3272 disciplina,
3185 3208 3244 3254 ut
3275 3200 3350 3254 ait
3371 3214 3548 3256 sermo
3577 3197 3810 3260 divinus,

519 3287 636 3344 haec
663 3288 864 3344 habent
889 3287 1046 3356 quasi
1074 3287 1316 3352 exordia,
1348 3295 1406 3344 et
1422 3288 1576 3356 quasi
1599 3287 1920 3342 incunabula
1943 3287 1966 3324 ι’
1995 3302 2118 3342 con-
2140 3289 2188 3354 C
2220 3308 2324 3344 non
2363 3301 2440 3344 est
2469 3291 2647 3364 gaudii
2671 3331 2686 3356 ,
2737 3291 2827 3346 sed
2873 3293 3109 3346 maeroris
3151 3289 3336 3360 (Hebr.
3369 3307 3466 3358 xu,
3497 3289 3604 3358 ll).
3669 3287 3806 3342 Dura

519 3379 784 3434 versionis
809 3393 938 3444 suae,
971 3385 1032 3434 ut
1059 3379 1208 3450 prius
1231 3393 1397 3450 quam
1415 3379 1580 3436 limen
1601 3387 1804 3436 sanctae
1827 3379 2134 3449 professio»

519 3472 602 3526 nis
627 3472 934 3536 introeant,
967 3471 1036 3528 de
1063 3471 1298 3543 propriis
1324 3471 1427 3528 sibi
1455 3471 1800 3530 facultatibus
1847 3471 1918 3524 nil
1951 3470 2118 3524 relin-

519 3573 708 3632 quant,
738 3564 1033 3622 secundum
1061 3564 1194 3622 illud
1234 3565 1442 3624 scilicet
1466 3565 1678 3622 Domini
1701 3565 1874 3620 nostri
1913 3564 2118 3619 dictum

519 3673 628 3728 quo
657 3658 732 3712 ait
756 3673 770 3710 :
811 3657 990 3712 Vende
1018 3659 1194 3714 omnia
1232 3659 1368 3716 bona
1394 3669 1502 3724 tua,
1533 3667 1582 3712 et
1611 3659 1678 3710 da
1712 3655 2038 3728 pauperibus,
2066 3664 2117 3710 et

519 3750 630 3804 veni
659 3748 826 3822 ω
848 3765 1057 3819 sequere
1084 3767 1164 3804 me
1187 3749 1399 3822 (Matth.
1443 3766 1564 3813 xix,
1595 3748 1708 3818 ‘21).
1736 3747 1802 3802 Et
1831 3749 1904 3802 illi
1935 3750 2118 3820 itaque

517 3839 754 3894 secuturi
774 3847 1060 3898 vocantem
1081 3839 1272 3906 Deum,
1299 3841 1448 3911 prius
1469 3841 1710 3896 vendunt
1739 3841 1922 3896 omnia
1949 3855 2116 3910 quam

516 3937 828 3999 sequantur.
861 3930 1084 3986 Divitias
1110 3931 1254 3988 enim
1285 3947 1508 3988 onerum
1551 3940 1716 4002 atque
1758 3933 2112 4004 impedimen-

516 4030 698 4082 torum
721 4023 846 4080 loco
883 4039 1004 4080 esse
1031 4024 1308 4091 ducentes,
1339 4025 1624 4095 expeditos
1662 4041 1722 4082 se
1765 4042 1872 4080 non
1923 4033 2116 4097 putant

518 4117 586 4170 ad
631 4117 962 4186 sequendum
1011 4118 1208 4184 Deum,
1255 4119 1356 4174 nisi
1397 4121 1578 4176 omnia
1625 4122 1770 4191 prius
1817 4121 2112 4176 carnalium

518 4210 850 4266 sarcinarum
880 4210 1260 4279 impedimenta
1287 4213 1614 4282 projecerint
1632 4257 1648 4282 ,
1671 4215 1850 4280 simul,
1877 4223 1934 4268 ut
1961 4230 2114 4270 more

521 4299 800 4354 hominum
827 4300 1316 4368 commigrantium,
1341 4302 1492 4372 prius
1517 4304 1586 4358 ad
1614 4303 1790 4358 locum
1819 4303 2114 4362 habitaculi

518 4391 772 4448 destinati
807 4407 896 4448 res
923 4407 1046 4447 suas
1075 4392 1404 4450 transferant
1441 4385 1602 4463 quam
1629 4396 1837 4466 seipsos
1865 4412 1876 4446 :
1910 4396 2116 4452 scilicet

519 4492 576 4535 ut
596 4499 722 4538 cum
741 4499 806 4538 ea
832 4499 952 4552 quae
970 4483 1038 4540 ad
1059 4497 1118 4540 se
1139 4485 1412 4555 pertinent
1441 4485 1690 4540 universa
1721 4487 2110 4552 transtulerint,

519 4581 650 4630 tunc
678 4574 780 4644 ipsi
817 4576 872 4628 in
898 4575 1116 4646 plenam
1139 4592 1204 4632 ac
1231 4574 1490 4632 refertam
1527 4576 1686 4632 bonis
1723 4577 2112 4634 immortalibus

2217 3383 2334 3438 haec
2360 3392 2416 3438 et
2461 3373 2692 3438 austera.
2724 3391 2870 3440 sumt.
2921 3383 3030 3438 Sed
3074 3382 3206 3460 quid
3248 3381 3508 3438 facimus?
3537 3379 3656 3434 Non
3684 3379 3816 3446 licet,

2215 3489 2396 3530 rerum
2445 3483 2656 3532 mutare
2703 3482 2960 3541 naturas;
2989 3482 3066 3530 -et
3111 3474 3378 3530 enuntiari
3427 3473 3582 3528 aliter
3611 3471 3802 3528 veritas

2216 3581 2326 3622 non
2346 3575 2528 3638 potest
2553 3582 2716 3636 quam
2753 3567 2835 3622 vis
2865 3565 2979 3638 ipsa
3020 3565 3184 3634 exigit
3219 3563 3480 3620 veritatis.
3531 3563 3662 3616 Dura
3684 3561 3796 3618 hac

2214 3657 2432 3727 quidam
2461 3665 2690 3728 putant,
2735 3658 2868 3722 scio,
2910 3663 2964 3710 et
2999 3655 3127 3712 satis
3157 3663 3336 3710 certus
3365 3671 3500 3710 sum.
3543 3653 3638 3708 Sed
3665 3651 3792 3720 quid

2215 3751 2470 3808 facimus?
2499 3751 2612 3806 Nisi
2637 3749 2784 3806 duris
2815 3765 2920 3806 non
2951 3750 3055 3802 itur
3085 3748 3154 3802 ad
3179 3762 3424 3818 regnum.
3463 3748 3614 3798 Arcto
3640 3745 3796 3806 cinia,

2215 3844 2388 3914 inquit
2417 3843 2708 3910 Dominus,
2739 3851 2788 3898 et
2819 3849 3042 3912 angusta
3075 3841 3156 3894 ria
3185 3849 3260 3894 est
3289 3827 3402 3912 qua:
3439 3839 3576 3892 ducit
3617 3835 3683 3890 ad
3725 3837 3799 3890 ri-

2216 3947 2323 3994 tum
2352 3937 2564 4010 (Matth.
2591 3955 2686 4000 vn,
2713 3936 2822 4004 14).
2855 3934 2924 3990 Ει
2945 3933 3234 4006 Apostolus
3259 3953 3269 3986 :
3305 3932 3584 3996 Existimo,
3611 3929 3798 3998 inquit,

2213 4033 2350 4104 quod
2376 4049 2480 4088 non
2513 4040 2634 4085 sunt
2661 4029 2934 4102 condigna:
2967 4029 3232 4098 passiones
3275 4027 3427 4097 hujus
3458 4025 3704 4094 temporis
3737 4019 3803 4075 ad

2215 4127 2444 4196 fttluram
2473 4123 2692 4196 gloriam
2733 4137 2849 4193 quia
2889 4120 3196 4176 revelabitur
3227 4119 3282 4171 in
3311 4117 3455 4176 nobis
3479 4115 3656 4187 (Rom.
3689 4130 3802 4178 vni,

2215 4213 2328 4285 18).
2367 4213 2646 4284 Indignum
2674 4228 2792 4268 esse
2821 4211 2889 4268 ad
2917 4211 3104 4264 futura:
3134 4209 3316 4278 gloriic
3346 4205 3806 4275 comparationem
3847 4267 3852 4272 _

2214 4320 2376 4360 omne
2401 4320 2536 4374 opus
2565 4304 2692 4359 dicit
2733 4304 3046 4356 humanum.
3087 4298 3156 4352 Et
3181 4299 3302 4354 ideo
3332 4296 3460 4350 nihil
3490 4295 3684 4348 durum
3715 4289 3805 4347 aut

2215 4404 2488 4452 austerum
2535 4393 2857 4450 Christianis
2885 4391 3053 4446 videri
3083 4391 3243 4448 debet
3268 4408 3279 4441 :
3311 4387 3438 4458 quia
3469 4383 3804 4458 quantalibet

2213 4504 2312 4559 pro
2346 4487 2670 4556 sempiterna
2701 4483 3031 4540 beatitudine
3057 4481 3270 4536 Christo
3300 4477 3556 4540 olferant,
3587 4477 3696 4530 vile
3725 4485 3806 4529 est

2213 4579 2356 4648 quod
2385 4577 2568 4638 tltlitll‘,
2603 4577 2688 4630 ubi
2723 4583 2830 4630 tam
2860 4573 3060 4642 grande
3090 4581 3174 4628 est
3209 4569 3354 4640 quod
3383 4567 3660 4638 accipitur.
3714 4565 3804 4620 Ni-

519 4665 756 4730 domum,
787 4668 1062 4736 prmmissa
1087 4682 1268 4722 rerum
1299 4666 1570 4734 facultate,
1605 4670 1990 4738 commigrent;
2021 4687 2108 4726 se-
2139 4667 2188 4726 D
2214 4669 2290 4722 hil
2335 4683 2584 4736 magnum
2633 4669 2684 4721 in
2735 4667 2892 4720 terris
2938 4666 3004 4718 ab
3035 4663 3252 4718 homine
3295 4662 3405 4716 Deo
3435 4659 3681 4722 solvitur,
3713 4655 3804 4710 ubi

519 4759 632 4814 curi
659 4758 862 4829 absque
900 4759 1064 4816 dubio
1104 4759 1238 4814 nihil
1265 4759 1368 4816 sibi
1407 4767 1596 4830 postea
1644 4760 1950 4818 defuturum
1975 4805 1988 4829 ,
2017 4763 2110 4834 qui

520 4848 714 4904 exituri
732 4849 799 4906 de
817 4851 1122 4907 habitacula
1143 4852 1234 4908 vili
1254 4859 1311 4908 et
1331 4853 1720 4922 contemptibili
1743 4868 1806 4908 ac
1830 4853 1940 4922 jam
1964 4853 2106 4922 jam-

517 4953 628 5008 que
647 4941 871 5006 ruiture,
899 4943 1030 5000 nihil
1050 4943 1156 5000 illic
1177 4943 1246 5000 de
1265 4961 1366 5000 suo
1387 4927 1604 5016 penitus
1623 4945 1938 5016 reliquerint
1963 4947 2108 5016 quod

517 5032 738 5104 periret.
769 5033 894 5092 Haec
922 5049 1050 5104 ergo
1074 5043 1380 5094 sanctorum
1429 5053 1570 5108 spes,
1619 5038 1736 5092 haec
1783 5037 1974 5102 ﬁducia
2002 5047 2100 5096 est.

517 5125 606 5180 Sic
633 5124 738 5182 sibi
777 5125 1027 5195 opulenta
1075 5142 1258 5184 rerum
1299 5129 1702 5186 transmissione
1751 5121 2102 5200 prospiciunt,

515 5225 574 5270 ut
601 5217 820 5278 aitet-nis
845 5217 1232 5278 immortalium
1279 5218 1590 5278 facultatum
1620 5221 1790 5290 copiis
1819 5220 2102 5290 perfruan-

515 5315 620 5364 tur.
663 5309 930 5366 Cteterum
955 5319 1046 5376 tu,’
1062 5309 1370 5382 quicunque
1417 5311 1504 5366 ille
1547 5327 1603 5366 es
1632 5321 1726 5368 aut
1753 5327 2102 5381 quaicunque,

515 5418 631 5472 qua:
659 5407 852 5462 animae
879 5412 986 5461 tua:
1011 5420 1076 5461 ac
1101 5404 1290 5460 salutis
1315 5405 1510 5470 oblita,
1545 5405 1654 5474 ipsa
1685 5413 1738 5460 te
1759 5405 1982 5460 resculis
2005 5405 2108 5462 tuis

2214 4761 2356 4831 quod
2387 4769 2468 4814 est
2497 4762 2548 4814 in
2580 4761 2717 4814 cado
2760 4757 3052 4812 maximum
3085 4761 3449 4826 comparatur.
3493 4751 3690 4806 Durum
3721 4755 3804 4804 est

2213 4852 2387 4906 avaris
2411 4851 2774 4922 utlargiantur
2803 4866 2914 4904 sua.
2941 4847 3078 4914 Quid
3109 4847 3332 4900 mirum?
3355 4847 3370 4882 ί
3390 4843 3584 4898 Totum
3609 4841 3802 4896 durum

2211 4953 2294 5000 est
2340 4943 2596 5014 quidquid
2645 4944 2941 5012 imperatur
2988 4939 3188 4992 invitis.
3249 4935 3404 5004 Quod
3431 4948 3630 5004 genera
3659 4947 3801 5001 pra:-

2209 5043 2490 5108 ceptorum
2537 5040 2695 5094 sunt,
2749 5039 2830 5086 tot
2877 5027 3326 5083 adversariorum.
3388 5025 3446 5078 Si
3495 5023 3802 5091 largitatem

2208 5145 2327 5184 esse
2355 5126 2516 5200 296
2554 5124 2606 5178 in
2631 5121 2938 5178 hominibus
2962 5120 3112 5190 jubet
3153 5117 3442 5182 Dominus,
3475 5130 3666 5170 avarus
3695 5113 3806 5166 ira-

2209 5223 2406 5286 scitur;
2438 5221 2482 5276 si
2513 5217 2898 5292 parcimoniam
2926 5215 3127 5282 exigit,
3179 5211 3432 5284 prodigus
3461 5215 3801 5268 exsecratur;

2213 5327 2492 5367 sermones
2516 5327 2699 5366 sacros
2729 5305 2958 5380 improbi
2991 5305 3173 5360 hostes
3193 5319 3319 5358 suos
3339 5301 3560 5368 ducunt,
3583 5299 3811 5354 horrent

2213 5411 2462 5474 raptores
2503 5401 2757 5472 quidquid
2803 5401 2870 5458 de
2913 5399 3122 5472 justitia
3163 5395 3432 5461 scribitur,
3463 5396 3686 5450 horrent
3713 5407 3808 5448 su-

1710 5515 2043 5572 STEPIIANI
2081 5514 2354 5572 BALUZII
2394 5513 2620 5568 ΝΟΤίΕ.

590 5619 616 5646 ει
655 5609 804 5664 'l‘itus
831 5609 1011 5666 Livius
1031 5611 1125 5666 lib.
1161 5627 1323 5665 xxvm
1355 5627 1367 5662 :
1403 5609 1627 5680 Ingenia
1649 5610 1881 5680 humana
1899 5615 2018 5660 sunt
2040 5608 2108 5680 ad
2141 5661 2144 5664 .

516 5695 683 5752 gnara!
706 5682 884 5752 cuique
927 5682 1198 5737 levandam
1218 5683 1424 5752 culpam
1475 5677 1634 5752 nimio
1685 5679 1798 5752 plus
1857 5677 2102 5752 facunda.

517 5748 753 5804 Velleius
801 5748 1118 5820 Paterculus
1161 5748 1310 5820 libro
1345 5750 1619 5807 secundo:
1673 5748 1813 5802 Adeo
1845 5749 2108 5820 familiare

517 5819 912 5896 ut‘ligminibus
930 5823 1108 5896 omnia
1137 5819 1232 5896 sibi
1255 5822 1538 5896 ignoscere.

589 5883 616 5930 δ
652 5881 710 5948 in
741 5889 1032 5956 recentiori
1077 5891 1261 5948 codice
1276 5881 1450 5960 'regio
1489 5889 1748 5960 scriptum
1777 5895 1860 5947 est
1887 5905 2102 5945 convcr-

2216 5607 2454 5662 sationis.

2287 5690 2308 5718 ο
2352 5678 2478 5734 Haec
2499 5676 2680 5732 addita
2698 5683 2822 5732 sunt
2849 5692 2918 5732 ex
2945 5675 3094 5732 libris
3113 5676 3331 5732 nostris.

2285 5745 2314 5788 ἀ
2351 5749 2478 5804 Ηωο
2523 5747 2720 5804 desunt
2763 5745 2816 5816 in
2847 5747 3094 5802 omnibus
3119 5745 3352 5814 antiquis
3376 5739 3806 5816 exemplaribus.

2288 5832 2310 5894 εξ
2351 5819 2478 5894 ilice
2503 5833 2718 5889 quoque
2733 5813 3006 5894 desuntin
3027 5813 3264 5894 antiquis
3291 5813 3581 5894 codicibus;

2289 5889 2306 5928 ί
2351 5887 2483 5944 Vide
2516 5879 2696 5958 supra,
2733 5879 2825 5943 lib'.
2859 5903 2896 5952 ι,
2930 5885 2996 5944 de
3022 5879 3346 5953 Gubérnat.,
3374 5897 3494 5962 pag.
3529 5879 3617 5939 ﬂ.

3135 6023 3164 6042 δ
3203 6033 3208 6040 ι
