4108 6348
307 334 413 392 237

1291 336 1633 395 ARNOBIUS
1667 335 1925 397 JUMOB.
1965 368 2037 381 —-
2072 337 2598 398 PROLEGOMENA.

312 447 468 521 perbi
774 447 844 505 de
869 449 1168 507 humilitate
1203 450 1506 519 mandatur,
1546 452 1894 509 adversantur
1919 449 1972 511 Δ
1995 452 2041 509 si
2069 453 2313 524 accipere
2340 469 2448 509 non
2473 462 2749 521 recusant,
2778 453 3227 527 quemadmodum
3254 454 3468 526 placere
3493 456 3579 515 eia

309 539 515 596 ebriosi
541 539 634 595 ubi
669 538 931 597 sobrietas
964 540 1235 609 indicitur,
1274 541 1608 599 detestantur
1646 542 1897 615 impudici
1997 542 2204 613 possint
2231 556 2349 613 qua:
2377 540 2517 601 Deus
2545 544 2802 617 precipit.
2842 544 3033 609 Cuncti
3059 544 3203 603 enim
3227 544 3321 617 qui
3347 544 3583 603 oderunt

312 631 405 687 ubi
432 632 653 687 castitas
679 632 991 704 imperatur.
1033 632 1141 689 Aut
1166 633 1299 690 nihil
1325 649 1456 705 ergo
1482 634 1765 692 dicendum
1793 642 1893 703 est,

309 730 408 778 aut
432 723 692 795 quidquid
717 723 919 781 dictum
945 722 1127 792 fuerit,
1148 726 1447 797 cuicumque
1467 726 1896 798 supradictorum

311 817 591 874 hominum
632 826 661 855 ι
706 817 1027 890 displicebit.
1103 816 1303 874 Mavult
1356 819 1580 889 quilibet
1625 820 1901 889 improbus

312 910 589 967 exsecrari
631 909 807 980 legem
854 925 1017 982 quam
1062 911 1351 967 emendare
1392 918 1655 979 mentem;
1698 911 1902 967 mavult

315 1011 585 1076 praecepta
622 1002 803 1061 odisse
839 1018 1003 1075 quam
1042 1002 1193 1059 vitia.
1234 1000 1377 1058 Inter
1416 1003 1556 1067 hmo,
1584 1003 1712 1072 quid
1740 1012 1899 1072 agant

314 1098 512 1170 quibu
550 1096 805 1167 loquenti
849 1094 1147 1153 κατίδω
1187 1094 1365 1152 cilicia
1404 1094 1901 1150 mandantuﬂbeo

315 1190 623 1260 displicent,
650 1189 927 1255 nam;
958 1187 989 1228 ι
1014 1188 1338 1254 ιιοωί-ίιιιι,
1368 1186 1741 1256 alloquuntur.
1771 1185 1902 1253 Sed,

318 1266 1906 1352 υιιωινάιιωιίηφοωωιεεεραάοηοςεευω

320 1370 1191 1446 οόσᾶηραηὴοαίήωσμει.
1223 1367 1420 1441 v.29).
1460 1369 1899 1426 mmm-

322 1460 1904 1535 siliumorneibuquibusgrav'netoaereeaeetleabet,

2001 636 2311 691 mandatam
2338 650 2589 703 sacrum,
2634 653 2852 711 causam
2897 639 3007 695 odii
3046 637 3100 695 in
3142 638 3333 708 seipsis
3356 638 3575 695 habent.

2000 726 2172 784 Omne
2215 726 2483 784 fastidium
2531 743 2637 784 non
2686 730 2740 785 in
2786 730 3069 801 praeceptis
3105 738 3189 785 est
3214 729 3494 805 legis,sed
3522 731 3579 786 in

2002 819 2241 876 moribus
2260 820 2391 875 suis.
2431 816 2542 899 Lex
2567 818 2767 892 quippe
2793 818 2933 877 bona
2961 828 3077 888 est,
3105 820 3201 879 sed
3226 836 3405 879 mores
3428 820 3578 877 mali.

2006 915 2083 970 Ac
2109 930 2207 983 per
2232 912 2335 970 hoc
2363 920 2570 969 mutent
2598 909 2843 969 homines
2879 914 3214 984 propositum
3249 922 3305 972 et
3330 912 3580 971 allectum

2004 1021 2178 1061 suum.
2222 1002 2278 1060 Si
2314 1020 2493 1059 mores
2534 1019 2660 1059 suos
2688 1003 2993 1075 probabiles
3020 1019 3138 1061 esse
3165 1005 3419 1074 fecerint,
3450 1006 3585 1063 nihil

2002 1095 2082 1152 eis
2106 1108 2177 1149 ex
2205 1110 2271 1149 eo
2297 1092 2442 1164 quod
2470 1091 2556 1149 lea
2583 1091 2725 1149 bona
2754 1090 2994 1165 praecipit
3010 1134 3026 1160 ,
3057 1093 3379 1164 displicebit.
3404 1094 3587 1165 Quan-

2004 1184 2075 1244 do
2119 1186 2261 1242 enim
2307 1186 2479 1242 bonus
2522 1184 2642 1256 quis
2685 1200 2805 1241 esse
2850 1185 3104 1259 crepuit,
3134 1202 3245 1243 non
3269 1196 3449 1259 potest
3475 1204 3585 1245 non

2006 1278 2233 1349 diligere
2270 1277 2443 1349 legem
2482 1276 2577 1331 Dei
2603 1292 2614 1328 :
2647 1276 2772 1347 quia
2804 1275 2908 1333 hoc
2936 1277 3074 1331 intra
3103 1292 3163 1332 se
3189 1277 3352 1335 habet
3379 1279 3464 1335 lex
3491 1280 3589 1337 Dei

2007 1354 2215 1437 sancta,
2245 1368 2388 1442 quod
2418 1368 2588 1424 sancti
2616 1367 2861 1427 homines
2888 1368 2943 1425 in
2968 1369 3227 1425 moribus.
3264 1366 3450 1427 Gratia
3480 1370 3586 1429 Do-

2010 1464 2140 1518 mini
2170 1461 2339 1519 nostri
2368 1458 2493 1515 Jesu
2521 1456 2719 1514 Christi
2745 1474 2866 1513 cum
2894 1442 3083 1529 spiritu
3111 1466 3223 1515 tuo.
3253 1458 3443 1515 Amen.

1514 1570 1852 1631 STEPHANI
1888 1572 2156 1633 BALUle
2194 1572 2421 1629 ΝΟΤιΕ.

400 1698 428 1727 ι
747 1689 913 1762 enim,
969 1694 1032 1762 ut
1069 1685 1287 1762 Tacitus
1315 1685 1390 1740 ait
1417 1685 1474 1741 in
1501 1695 1694 1762 quarto
1725 1686 1906 1762 Anna-
1937 1696 1984 1757 Β

329 1761 459 1816 litin
484 1755 645 1823 uiro.
672 1759 758 1823 Μ
786 1755 1254 1812 “similitudinem
1277 1770 1479 1812 morum
1519 1755 1701 1811 aliena
1748 1757 1910 1812 male-

314 1834 476 1903 '[acte
508 1826 891 1903 ἀρξώμεωή
918 1835 1115 1903 putent.
1157 1826 1335 1903 Etiam
1555 1845 1616 1881 ac
1644 1828 1803 1882 uirtus
1828 1830 1913 1882 itt-

333 1898 506 2025 ﬁmos
539 1898 713 1965 habet,
744 1908 800 1953 ut
830 1898 983 1954 nimis
1021 1914 1088 1953 es
1115 1898 1407 1971 propinquo
1433 1899 1637 1955 diversa
1665 1912 1908 1971 arguens.

382 1970 685 2025 ieronvmus
713 1969 765 2024 in
794 1968 1019 2025 epistola
1048 1969 1116 2024 ad
1145 1968 1422 2025 Rusticum
1450 1988 1461 2022 :
1496 1968 1622 2025 Scio
1645 1986 1726 2023 me
1754 1970 1908 2025 oﬂ'en-

382 1970 685 2043 ieronymus
713 1969 765 2024 in
794 1968 1019 2043 epistola
1048 1968 1125 2024 ad
1145 1968 1461 2043 Rusticum:
1496 1968 1622 2043 Scio
1645 1968 1914 2043 inspien-

332 2057 510 2097 ειν-κω
535 2037 657 2096 esse
679 2037 1080 2114 quamplurimas
1112 2041 1199 2111 qui
1227 2040 1517 2113 generalem
1545 2037 1609 2093 de
1636 2041 1771 2094 vitiis
1801 2037 1905 2092 dis-

2156 1688 2325 1743 ionem
2350 1688 2407 1743 in
2451 1700 2601 1742 sua.
2645 1688 2876 1754 referunt
2911 1686 3290 1739 (Maelium
3333 1681 3590 1754 Mlpltius

2088 1773 2246 1812 verus
2268 1757 2489 1836 innlibro
2515 1753 2753 1811 secundo
2979 1754 3225 1836 Historia:
3273 1755 3497 1836 loquens
3522 1755 3590 1808 de

2013 1829 2225 1884 Nerone
2259 1845 2270 1880 :
2306 1826 2506 1899 Quippe
2539 1843 2739 1899 semper
2764 1827 2976 1899 inimica
3008 1824 3282 1899 pirtutibua
3309 1824 3431 1879 uitio
3451 1836 3589 1899 sunt,

2013 1908 2065 1982 et
2294 1895 2476 1970 quique
2496 1896 2564 1952 ob
2590 1895 2833 1968 improbis
2869 1895 3018 1969 quasi
3059 1896 3426 1970 exprobrantes
3454 1895 3593 1966 uapi-

2016 1978 2289 2095 mﬂide
2316 2054 2480 2110 supra
2500 2038 2555 2092 in
2584 2038 2729 2095 notis
2755 2037 2823 2095 ad
2848 2049 2972 2107 pag.
3006 2036 3098 2093 98.

347 2186 3597 2241 Μ

482 2332 2045 2692 ARNOBIUS
2138 2598 2147 2607 ι
2216 2336 2781 2563 JUN
2796 2332 3441 2560 10R.

1362 2764 2578 2942 PROLEGOMENA.

1113 3061 1150 3117 Ι.

456 3172 539 3229 Ea:
573 3172 885 3230 Bellurmino
915 3174 976 3229 de
1017 3174 1369 3244 Scriptoribua
1397 3172 1796 3228 Ecclesiaalt'cia.

417 3307 705 3373 Arnobius,
732 3324 843 3365 non
888 3307 977 3362 ille
1015 3307 1110 3376 qui
1154 3306 1372 3376 scripsit
1410 3314 1597 3361 contra
1633 3303 1833 3361 Gentes
1870 3310 1926 3360 et

338 3400 446 3456 sub
473 3400 805 3456 Diocletiano
853 3400 1053 3465 tloruit,
1092 3399 1185 3456 sed
1231 3399 1369 3455 alius
1408 3397 1616 3465 iunior,
1645 3400 1737 3469 qui
1764 3397 1926 3470 paulo

338 3499 469 3564 post
495 3501 741 3549 sanctum
757 3492 999 3548 leonem
1020 3507 1213 3564 papam
1239 3493 1437 3549 vixisse
1464 3492 1690 3560 videtur,
1713 3492 1928 3563 scripslt

338 3582 533 3639 librum
576 3584 721 3640 tittilo
769 3584 1050 3656 Conﬂictua
1093 3586 1333 3645 catholici
1370 3603 1493 3643 eum
1533 3585 1821 3659 Serapione
1863 3584 1928 3643 de

339 3673 461 3730 Deo
489 3676 628 3730 trino
662 3686 712 3730 et
738 3692 875 3742 uno;
906 3676 1035 3731 item
1063 3670 1127 3733 de
1150 3676 1431 3733 habet.
1456 3675 1928 3733 ChristeSttbenn-

268 3796 287 3811 -
349 3766 441 3820 liis
466 3767 521 3819 in
546 3768 744 3821 unitate
770 3783 1037 3839 persona;
1067 3768 1196 3824 item
1222 3769 1288 3824 de
1312 3766 1495 3825 Gratia
1520 3779 1571 3824 et
1608 3768 1754 3825 liberi
1778 3768 1930 3827 Arbi-

345 3858 442 3911 trii
469 3858 784 3913 concordia:
814 3859 906 3927 qui
935 3859 1057 3913 libri
1085 3860 1210 3916 editi
1233 3867 1375 3915 sunt.
1408 3861 1592 3930 Neque
1620 3868 1701 3914 est
1727 3860 1927 3928 impro-

266 3972 285 3983 ι
341 3947 531 4005 habile
557 3947 713 4017 hujus
740 3948 963 4003 Arnobii
989 3948 1227 4005 Junioris
1266 3965 1391 4005 esse
1407 3949 1839 4005 Commentarios
1877 3949 1929 4003 in

328 4040 618 4106 .Psalmos,
659 4041 750 4110 qui
788 4041 888 4095 sub
916 4040 1138 4096 Arnobii
1184 4042 1404 4098 nomine
1444 4038 1930 4097 circumferuntur:

350 4134 429 4189 de
455 4130 649 4201 quibus
672 4131 794 4191 vide
814 4145 934 4203 qua:
952 4116 1182 4190 diximus
1204 4146 1365 4201 supra
1394 4132 1444 4186 in
1467 4129 1724 4195 Arnobio,
1744 4129 1936 4186 saeculo

350 4222 545 4281 tertio.
662 4232 669 4238 ’
1324 4232 1330 4240 '

1121 4291 1186 4348 ll.

516 4402 750 4462 Candida
793 4405 1049 4471 Lsc'rosi,
1089 4405 1150 4460 F.
1192 4401 1289 4460 Fu.
1326 4401 1784 4459 Fsu—Aanmws.

433 4519 564 4575 Cum
610 4536 752 4577 anno
801 4521 1012 4577 Domini
1062 4522 1200 4578 1595
1243 4519 1597 4578 incommodae
1642 4517 1932 4577 valetudini

347 4611 721 4680 consulturus,
750 4628 813 4668 ex
844 4610 1015 4689 Gallia
1042 4615 1325 4679 secedens,
1356 4610 1726 4683 Spadanorum
1754 4609 1935 4666 acidos

349 4705 537 4759 fontes
581 4718 675 4773 per
722 4702 984 4759 Leodium
1024 4706 1403 4775 amplissimam
1451 4704 1615 4775 Belgii
1661 4704 1933 4761 civitatem

346 4802 623 4867 peterem,
652 4810 682 4850 a
708 4803 876 4852 veteri
901 4794 1181 4868 discipulo,
1211 4798 1550 4867 sodalitiique
1592 4794 1935 4853 Franciscani

349 4886 561 4944 ibidem
607 4887 807 4943 lectore
847 4888 899 4941 in
947 4890 1327 4945 monasterium
1369 4888 1426 4944 S.
1450 4887 1637 4947 Jacobi
1665 4891 1939 4947 memoria

351 4993 573 5035 sacrum
599 4978 905 5049 perductus,
945 4988 1285 5053 veteremque
1313 4980 1692 5038 bibli0thecam
1719 4983 1935 5053 perqui-

355 5086 516 5138 rens,
547 5071 598 5125 in
639 5072 1058 5143 manuscriptum
1084 5073 1327 5130 codicem
1367 5073 1547 5136 incidi,
1576 5074 1731 5142 cujus
1755 5074 1942 5129 titulus

355 5173 511 5230 erat,
544 5162 737 5236 Incipit
771 5164 1053 5235 Conﬂiotua
1091 5164 1307 5221 Arnobii
1344 5165 1583 5220 catholici
1621 5180 1736 5219 cum
1775 5165 1935 5221 Sera-

356 5256 521 5328 pione
537 5252 809 5326 Egyptio,
834 5263 937 5311 etc.
959 5253 1209 5321 Quiedam
1231 5253 1348 5326 ejus
1368 5254 1576 5322 evolvo,
1599 5252 1959 5325 deprehendo.

359 5345 693 5402 Conﬂictum
724 5345 791 5403 de
836 5361 893 5400 re
922 5346 1159 5405 omnium
1186 5346 1327 5402 inter
1352 5342 1682 5402 Christianos
1706 5345 1940 5401 maxima

357 5436 701 5503 institutum,
758 5442 813 5490 et
879 5451 1150 5505 nunquam
1208 5443 1364 5492 antea
1420 5436 1562 5506 typis
1611 5435 1931 5507 evulgatum.

360 5526 524 5596 Rogo
554 5526 869 5583 venerandae
911 5527 1124 5595 pietatis
1163 5528 1393 5595 priorem
1413 5562 1428 5592 ,
1462 5534 1521 5581 ut
1562 5541 1660 5595 per
1704 5527 1934 5597 aliquem

356 5617 596 5673 fratrum
625 5625 925 5673 nostrorum
954 5624 1136 5686 posset
1162 5616 1421 5683 exscribi;
1450 5615 1707 5680 admittit,
1736 5618 1935 5672 exscri-

359 5718 522 5784 ptum
543 5709 798 5784 Spadium
819 5708 886 5763 ad
914 5722 999 5763 me
1020 5702 1410 5773 transmittunt;
1441 5708 1515 5763 ihi
1535 5707 1789 5763 attentius
1814 5696 1937 5776 per-'-

359 5792 514 5876 lego.
547 5798 730 5860 Placet
753 5800 1016 5865 brevitas,
1049 5810 1173 5853 acre
1210 5795 1443 5853 auctoris
1478 5799 1769 5868 ingenium,
1799 5808 1935 5868 opus

1948 3060 1995 3124 C
2024 3057 2246 3129 dignum
2275 3057 2395 3115 luce
2421 3057 2649 3116 videtur.
2684 3056 2807 3116 Hae
2835 3066 3041 3117 tantum
3068 3058 3434 3126 morabantur,
3461 3062 3603 3130 «ιηοά

2028 3151 2293 3229 nescirem
2320 3150 2442 3225 qtu's
2465 3149 2588 3220 ille,
2618 3159 2712 3208 aut
2754 3149 2975 3223 quando
3008 3150 3231 3207 vixisset
3267 3158 3431 3221 atque
3470 3154 3602 3208 scri-

2026 3241 2241 3312 psisset.

2095 3333 2154 3392 ln
2182 3334 2369 3406 primis
2390 3318 2541 3393 ’euim
2565 3334 2943 3401 certissimam,
2967 3349 3075 3390 non
3103 3332 3269 3393 fuisse
3290 3349 3413 3391 eain
3435 3336 3604 3391 Arno-

2025 3425 2169 3482 bium
2210 3426 2304 3497 qui
2346 3426 2679 3484 Diocletiano
2715 3427 3040 3497 imperatore
3078 3434 3285 3496 septem
3314 3426 3483 3481 libros
3510 3425 3603 3481 ad-

2025 3533 2214 3573 versus
2242 3516 2442 3573 Gentes
2468 3517 2655 3585 edidit,
2678 3517 2930 3587 quoniam
2960 3514 3129 3571 forma
3154 3517 3363 3573 dicendi
3388 3517 3603 3573 omnino

2026 3608 2271 3674 iversa;
2298 3616 2374 3674 et,
2420 3608 2567 3681 quod
2612 3606 2805 3681 majus,
2834 3608 3145 3679 reprehensi
3174 3608 3388 3675 Ariani,
3418 3607 3603 3665 Photi-

2028 3700 2195 3766 niani,
2226 3696 2547 3767 Nestoriani,
2578 3699 2778 3755 laudati
2815 3715 2944 3754 vero
2972 3700 3270 3768 Augustini,
3318 3700 3603 3764 Ambrosii,

2028 3788 2211 3861 (ἶπίηί
2243 3789 2608 3855 Alexandrini,
2638 3790 2871 3857 Damasi,
2900 3798 2955 3842 ct
2984 3788 3209 3854 Leones,
3238 3789 3400 3843 alium
3424 3798 3606 3843 aucto-

2030 3896 2146 3935 rem
2173 3881 2427 3951 produnt.
2459 3880 2642 3951 Itaque
2670 3881 2715 3934 si
2745 3880 2812 3933 de
2840 3894 2899 3933 re
2938 3879 3163 3932 obscura
3205 3887 3259 3932 et
3288 3878 3446 3931 dubia
3476 3878 3601 3931 iudi-

2032 3985 2175 4038 care,
2208 3984 2536 4040 cognoscere
2564 3980 2620 4026 et
2656 3979 2892 4024 statuere
2930 3985 3165 4039 possum,
3191 3970 3236 4024 is
3258 3978 3339 4024 est
3365 3970 3457 4040 qui
3485 3971 3609 4025 bre-

2034 4074 2129 4115 ves
2176 4062 2231 4115 in
2287 4057 2529 4114 Psalmos
2578 4058 3006 4114 Commentarios
3060 4059 3312 4128 reliquit,
3358 4059 3607 4129 quoniam

2035 4152 2224 4210 eadem
2269 4151 2525 4218 brevitas,
2563 4152 2707 4213 acies
2745 4152 2929 4216 animi,
2961 4152 3128 4224 stylus
3172 4153 3463 4223 neglectus,
3494 4154 3607 4210 loca

2035 4241 2225 4299 eodem
2244 4257 2407 4299 sensu
2428 4256 2493 4299 ao
2524 4257 2663 4313 pene
2684 4243 2859 4299 verbis
2882 4242 3107 4307 reddita,
3148 4244 3454 4313 eaedemque
3480 4262 3609 4300 con-

2034 4333 2217 4389 futata:
2244 4334 2494 4400 haereses,
2522 4335 2777 4405 temporis
2821 4333 3051 4402 denique
3098 4335 3235 4390 ratio
3282 4336 3606 4391 convenien-

1955 4426 2011 4509 ρ
2032 4420 2258 4491 tissima,
2290 4426 2538 4480 nimirum
2568 4426 2763 4482 Leonis
2790 4428 2981 4481 summi
3012 4426 3277 4497 pontiﬁcis
3321 4437 3470 4496 aetas,
3502 4444 3606 4499 qua

2031 4517 2245 4573 initium
2291 4516 2455 4573 finisse
2497 4532 2609 4573 non
2650 4517 2863 4571 diﬂicile
2909 4516 3342 4585 deprehenditur.
3390 4518 3608 4573 Accedit

2033 4607 2261 4675 Alcuini,
2279 4606 2457 4662 Caroli
2476 4607 2649 4677 Magni
2664 4609 3024 4678 praeceptoris,
3044 4608 3344 4677 hujusmodi
3367 4609 3608 4662 testimo-

2036 4699 2181 4755 nium
2213 4696 2403 4769 (Epist.
2433 4699 2502 4751 ed
2532 4696 2770 4752 Flauiana
2793 4697 3036 4765 Heriem)
3065 4716 3076 4750 :
3105 4698 3377 4760 Arnobius,
3401 4697 3452 4749 in
3476 4695 3609 4750 Con-

2036 4792 2181 4862 ﬂictu
2208 4806 2357 4864 quem
2383 4789 2563 4843 habuit
2581 4804 2699 4843 cent
2723 4788 3038 4859 Serapim,
3070 4787 3248 4841 rubum
3276 4787 3446 4858 posuit
3472 4803 3609 4841 mas-

2037 4884 2192 4939 culini
2230 4883 2451 4954 generis,
2481 4889 2611 4945 etc.;
2641 4894 2761 4948 qua:
2789 4879 2875 4933 hic
2905 4880 2971 4933 ad
3001 4879 3221 4935 verbum
3249 4881 3605 4951 reperiuntur.

2044 4975 2109 5031 Et
2136 4977 2279 5032 idem
2304 4990 2491 5031 riu-sus
2518 4973 2656 5029 libro
2680 4980 2856 5034 sexto.
2886 4979 3073 5028 contra
3096 4970 3323 5030 Felicem
3347 4973 3578 5042 Urgelita
3594 5005 3610 5013 -

2042 5082 2201 5130 nutu,
2243 5064 2411 5119 nostri
2456 5062 2615 5131 hujus
2651 5061 2871 5117 Arnohii
2912 5063 2985 5117 ita
3026 5064 3271 5120 meminit
3313 5062 3612 5117 :Arnobiua

2044 5159 2121 5211 uir
2173 5158 2310 5211 acria
2347 5156 2565 5228 ingem‘i,
2602 5155 2657 5209 in
2700 5152 2953 5225 Conﬂictu
2989 5173 3136 5229 quem
3173 5172 3290 5211 cum
3330 5153 3614 5222 Serapione

2047 5249 2245 5316 habuit,
2269 5256 2369 5305 etc.
2400 5246 2539 5317 Quin
2567 5256 2625 5304 et
2647 5255 2775 5304 ante
2798 5247 3079 5304 Alcuinum
3114 5248 3257 5303 idem
3288 5259 3320 5298 a
3348 5240 3616 5298 nonnullis

2046 5343 2120 5397 ita
2133 5340 2389 5397 adversus
2414 5339 2641 5395 Aria-os
2660 5340 2855 5396 citetur
2873 5340 3044 5395 sancti
3058 5333 3334 5405 Augustini
3356 5331 3572 5386 nomine
3597 5350 3609 5385 :

2042 5434 2356 5505 Augustinus
2383 5434 2437 5486 in
2460 5432 2806 5490 Altercatione
2831 5432 3045 5487 Arnobii
3066 5438 3116 5485 et
3149 5423 3471 5494 Serapionis,
3502 5432 3608 5481 etc.

2042 5526 2244 5594 Quibus
2265 5526 2604 5585 manifestum
2630 5534 2715 5583 est
2740 5524 2807 5580 ad
2834 5522 2965 5581 illud
3002 5518 3151 5591 quod
3174 5515 3403 5571 diximus
3447 5531 3614 5575 secti-

2040 5619 2149 5675 lum
2178 5620 2466 5690 pertinere.
3370 5658 3373 5661 ,

2111 5708 2272 5764 Multa
2303 5710 2357 5763 in
2395 5708 2497 5764 hoc
2541 5704 2715 5761 adhuc
2756 5701 2931 5758 hiulca
2973 5708 3030 5758 et
3071 5696 3257 5755 mutila
3299 5703 3615 5771 comperies,

2042 5820 2153 5872 (ιιιιιι
2187 5798 2419 5855 nonnisi
2447 5793 2898 5854 emendatioribus
2926 5786 3320 5862 exemplarihm
3363 5799 3615 5862 poterunt
