4108 6348
311 328 416 397 υἱ

1096 326 1518 386 CONFLICTIZS
1561 328 1645 382 Illi
1690 326 1816 383 1)Εο
1855 324 2060 382 TRINO
2098 326 2185 382 ΕΤ
2230 325 2385 395 [th),
2427 326 2580 384 ETC.
2625 325 2749 383 LIB.
2792 325 2837 383 1.

310 448 597 523 praestigiis
640 448 900 505 restitisse
938 466 951 503 :
987 448 1059 504 ita
1107 456 1162 504 et
1203 448 1256 504 hi
1305 449 1519 505 veritati
1567 450 1899 523 resistentes,
1927 456 1973 511 Α
2004 449 2089 505 his
2113 449 2266 515 locis,
2298 451 2352 505 in
2390 450 2586 521 quibus
2605 447 2901 507 concordat
2943 445 3074 504 ﬁdes
3109 459 3311 513 nostra,
3336 453 3583 502 transeao

309 520 433 595 eum
457 540 621 595 .hanc
671 540 823 594 nobis
871 539 1195 615 calumniam
1253 540 1531 611 imponere
1578 520 1894 604 niterentur,

310 631 461 700 (mod
505 630 635 685 lides
666 637 846 686 nostra
874 629 942 687 de
990 630 1360 687 incarnatione
1404 631 1682 686 Dominica
1705 644 1737 686 a
1764 629 1899 686 recti

313 720 523 776 itineris
552 721 766 776 tramite
794 721 1069 789 deviaret;
1098 721 1204 778 hoc
1248 724 1316 778 ab
1365 723 1444 778 eis
1467 720 1683 777 tandem
1729 721 1900 792 impe-

313 811 596 877 tmvinms,
627 819 686 866 ut
726 820 973 867 cessante
1019 812 1286 869 seditione
1324 813 1613 869 verborum
1634 852 1650 877 ,
1679 813 1903 882 singulis

314 919 383 960 ex
413 913 642 974 utraque
689 915 842 976 parte
888 905 1291 973 altercantibus,
1323 906 1503 962 ueteri
1550 904 1901 976 Cognitorum

318 995 436 1049 loco
465 994 733 1061 sedentes,
765 995 1005 1067 singulos
1028 1005 1234 1052 tantum
1255 1013 1374 1054 esse
1391 996 1598 1067 iudices
1624 996 1905 1068 permitte-

316 1100 460 1154 rent,
492 1091 688 1164 quibus
726 1091 915 1147 liceret
959 1107 1060 1164 pro
1097 1092 1293 1147 merito
1340 1092 1746 1148 conclusionum
1775 1091 1906 1146 dare

318 1184 642 1239 sententiam
670 1203 682 1238 :
717 1183 1022 1255 factumque
1049 1192 1133 1240 est
1152 1193 1212 1239 ut
1234 1184 1505 1240 Arnobius
1528 1199 1558 1238 a
1588 1192 1743 1254 parte
1766 1182 1908 1239 sedis

320 1274 630 1346 apostolici!
675 1274 929 1330 defensor
972 1273 1154 1338 fieret,
1198 1283 1253 1329 et
1292 1272 1556 1344 Serapion
1596 1289 1627 1328 a
1655 1272 1907 1345 synedrio

324 1365 701 1440 Egyptiorum
748 1368 1037 1422 altertatur
1076 1367 1332 1422 existeret
1369 1384 1381 1420 :
1425 1364 1634 1435 judices
1659 1380 1791 1422 vero
1817 1379 1907 1420 cs-

324 1466 447 1513 sent
475 1474 505 1511 a
531 1467 683 1529 parte
710 1457 973 1512 catholica
1003 1457 1197 1512 Decius
1222 1440 1596 1523 Constantius,
1626 1464 1678 1511 et
1700 1472 1731 1510 a
1755 1462 1912 1527 parte

327 1545 705 1620 Egyptiorum
736 1549 1069 1603 Ammonius.
1764 1532 1769 1537 ’

395 1638 545 1695 11.-
567 1639 679 1694 Hoc
698 1649 880 1695 autem
908 1639 1097 1695 ordine
1125 1647 1363 1712 coeptum
1383 1649 1467 1696 est
1494 1639 1789 1709 negotium.
1815 1637 1915 1693 Se-

329 1732 517 1802 rapion
546 1730 680 1786 dixit
704 1750 716 1784 :
744 1730 1042 1803 Antequam
1065 1731 1133 1787 ad
1153 1732 1256 1787 hoc
1281 1720 1579 1795 veniamus,
1607 1742 1632 1769 σι
1653 1729 1798 1801 quod
1818 1744 1916 1784 vos

2000 555 2139 595 mus.
2162 573 2236 585 —
2260 538 2610 596 Constantius
2629 548 2686 595 et
2706 538 3021 596 Ammonius
3034 537 3242 610 iudices
3262 537 3418 595 electi
3444 535 3589 593 dixe-

1997 640 2124 689 runt
2153 650 2166 686 :
2198 629 2425 687 Constat
2462 630 2760 686 Arnobium
2808 628 3132 688 satisfecisse
3167 629 3235 685 de
3262 645 3370 685 uno
3412 626 3587 684 omni-

1998 723 2207 796 potenti
2237 722 2371 790 Deo,
2410 729 2466 777 et
2494 720 2779 778 assertioni
2809 721 2927 793 ejus
2964 720 3315 794 Serapionem
3358 736 3590 777 consen-

1999 814 2165 879 sisse;
2197 822 2292 869 aut
2318 813 2364 869 si
2388 828 2497 869 non
2524 820 2609 869 est
2636 813 2709 868 ita
2729 810 2995 884 Serapion
3021 813 3217 869 edicat.
3241 811 3588 883 —-—Serapion

2001 905 2137 961 dixit
2167 923 2180 958 :
2214 903 2327 974 Ego
2357 903 2652 960 Arnobium
2675 902 2814 958 scire
2834 903 3045 967 studeo,
3070 912 3375 959 utrumnam
3394 904 3448 959 in
3474 901 3591 958 aliis

2003 1012 2112 1053 non
2141 1006 2286 1052 erret
2317 996 2448 1052 fides
2487 996 2622 1064 ejus,
2650 1010 2719 1050 ne
2748 995 2886 1050 forte
2915 994 2960 1050 si
2989 994 3093 1049 alia
3124 1005 3321 1066 pneter
3356 996 3455 1051 ista
3478 1036 3493 1061 ,
3524 993 3593 1048 de

2004 1087 2197 1158 quibus
2220 1088 2446 1157 quaestio
2474 1094 2577 1151 est,
2606 1100 2728 1157 qua:
2763 1084 2975 1155 possint
2995 1084 3118 1155 jure
3153 1085 3320 1140 rcfelli
3350 1094 3406 1140 et
3432 1100 3592 1140 occa-

2005 1178 2213 1235 sionem
2260 1177 2419 1247 hujus
2457 1178 2717 1248 temporis
2757 1176 3091 1243 omittentes,
3122 1174 3148 1212 ἀ
3184 1192 3250 1230 ne
3276 1177 3363 1232 hic
3394 1176 3593 1247 aliquid

2006 1270 2182 1338 egisse
2204 1268 2497 1323 videamur.
2516 1301 2587 1312 --
2605 1269 2926 1337 Cognitores
2945 1267 3193 1322 dixerunt
3215 1286 3226 1320 :
3248 1267 3397 1322 hicat
3423 1270 3569 1323 Arno
3584 1297 3601 1309 -

2008 1358 2149 1423 hius,
2180 1367 2360 1415 utrum
2389 1359 2668 1431 permittat
2695 1359 2840 1414 hunc
2879 1357 2983 1412 alia
3013 1372 3277 1427 qua'rcrc,
3310 1366 3508 1429 pla-ter
3534 1374 3597 1413 ca

2010 1450 2078 1508 de
2121 1451 2315 1521 quibus
2342 1458 2461 1505 orta
2492 1449 2704 1505 videtur
2741 1463 2862 1505 esse
2900 1449 3199 1503 contentio.
3232 1478 3303 1489 —-
3332 1445 3600 1503 Arnobius

2011 1543 2183 1600 dixit:
2216 1541 2332 1598 Non
2363 1542 2542 1597 abnuo
2566 1540 2760 1613 inquiri
2783 1539 2852 1595 ab
2871 1555 2939 1595 eo
2967 1538 3035 1594 de
3058 1540 3465 1609 quibuscunque
3503 1553 3601 1593 vo-

2014 1635 2207 1700 luerit,
2249 1650 2319 1690 ne
2363 1633 2542 1689 locum
2569 1632 2702 1688 mihi
2731 1631 3033 1703 inquirendi
3076 1631 3144 1684 ab
3172 1646 3240 1685 eo
3268 1644 3603 1701 quzecnnque

2016 1727 2261 1791 voluero,
2292 1724 2481 1780 videar
2507 1722 2811 1796 amputare.

330 1798 789 1879 Homuncionates
834 1798 1138 1893 arguamus,
1189 1823 1457 1886 dicentes,
1505 1822 1640 1878 duas
1672 1798 1913 1877 vnaturas
1946 1835 1987 1892 Β
2062 1816 2173 1872 γΙΙΙ.
2200 1847 2267 1858 --
2294 1798 2506 1872 iudices
2531 1815 2814 1871 memorati
2842 1814 3095 1870 dixerunt
3122 1832 3134 1868 :
3168 1813 3319 1868 Dicat
3341 1811 3604 1886 Serapion

331 1929 453 1971 esse
475 1915 528 1970 in
551 1914 785 1981 Christo,
809 1916 1049 1985 duasque
1070 1915 1418 1979 substantias,
1440 1915 1600 1984 cupio
1620 1915 1778 1978 scire,
1799 1912 1921 1983 quis

333 2005 538 2061 sis‘l—
565 2006 834 2062 Arnobius
879 2006 1013 2076 dixit
1045 2024 1059 2059 :
1089 2004 1219 2060 Sum
1265 2006 1424 2077 plane
1470 2016 1657 2060 serv‘us
1702 2003 1920 2067 Christi,

334 2106 391 2153 et
439 2106 546 2152 tam
583 2097 863 2153 catholicae
909 2097 1030 2152 lidei
1072 2112 1233 2166 quam
1288 2096 1528 2151 veritatis
1567 2103 1825 2150 assertor.
1855 2125 1926 2136 —-

335 2187 598 2261 Serapion
625 2189 760 2243 dixit
788 2208 801 2241 :
833 2190 951 2260 Ipsa
983 2187 1114 2242 fides
1143 2197 1233 2243 tua
1257 2188 1387 2258 quid
1407 2188 1610 2251 credat,
1634 2187 1929 2241 edicito.—

337 2280 607 2337 Arnobius
633 2266 769 2335 dixi‘t
794 2298 806 2332 :
833 2280 1001 2334 Deum
1029 2280 1480 2348 omnipotentem,
1516 2279 1757 2332 omnium
1778 2292 1930 2332 crea-

338 2384 536 2438 torem,
589 2387 755 2426 unum
805 2370 990 2425 credo.
1040 2403 1110 2413 —
1157 2369 1420 2441 Serapion
1475 2369 1608 2425 dixit
1658 2387 1671 2423 :
1716 2369 1742 2408 δ
1780 2368 1932 2426 Hunc

339 2462 533 2524 Deum,
565 2475 728 2529 quem
758 2476 925 2515 unum
954 2460 1151 2524 credis,
1175 2460 1318 2515 unde
1347 2460 1486 2515 nosti
1515 2461 1657 2530 quod
1681 2460 1929 2531 omnipo-

344 2559 489 2616 tens,
541 2552 889 2623 omniumque
935 2560 1151 2607 creator
1194 2553 1298 2606 sit?
1324 2585 1395 2595 —
1429 2553 1704 2607 Arnobius
1748 2552 1925 2607 dixit:

347 2639 482 2708 Quia
511 2642 623 2713 ipse
652 2642 933 2698 virtutibus
961 2644 1164 2711 magnis
1192 2659 1251 2699 se
1294 2643 1637 2710 manifestare
1680 2643 1929 2715 dignatus

346 2741 428 2789 est
449 2733 632 2801 generi
655 2734 904 2789 humano.
937 2766 1010 2778 —
1034 2734 1294 2807 Serapion
1324 2735 1457 2791 dixit
1484 2755 1497 2790 :
1527 2735 1732 2803 Quibus
1761 2738 1928 2793 virtu-

345 2823 486 2879 tibus
506 2824 618 2878 ?—
640 2824 907 2880 Arnobius
947 2825 1081 2880 dixit
1109 2844 1123 2879 :
1149 2824 1219 2881 Ut
1247 2827 1550 2901 antiquiora
1591 2836 1928 2900 prmteream,

342 2915 633 2987 provincia:
661 2926 767 2971 tua:
796 2925 939 2972 terra
988 2925 1253 2983 testatur,
1284 2930 1307 2957 ε
1337 2919 1482 2989 quod
1527 2920 1715 2976 decem
1759 2922 1933 2993 plagis

342 3022 594 3077 percussa
639 3022 822 3077 regem
868 3022 1023 3063 suum
1068 3010 1305 3080 perdidit
1350 3028 1473 3067 eum
1521 3027 1621 3067 suo
1669 3013 1933 3079 exercitu,

343 3100 696 3155 irascentibus
717 3116 854 3171 pene
879 3101 1129 3157 omnibus
1157 3102 1461 3166 elementis,
1494 3103 1639 3175 quod
1670 3103 1723 3157 in
1765 3101 1933 3157 Deum

2021 1925 2142 1981 qua:
2168 1910 2274 1965 sint
2299 1949 2314 1974 ,
2360 1923 2479 1980 qum
2517 1907 2586 1963 ab
2631 1922 2699 1963 eo
2743 1905 2874 1962 velit
2915 1895 3307 1960 addiscere.—-
3344 1903 3606 1975 Serapion

2023 2002 2158 2058 dixit
2187 2001 2389 2061 :lstum
2432 2015 2597 2056 unum
2646 1999 2815 2055 Deum
2854 1998 3198 2054 liberatorem
3239 1997 3606 2063 Hebr-morum,

2026 2093 2202 2149 solum
2243 2092 2392 2147 dices
2417 2106 2537 2147 esse
2564 2090 2732 2146 Deum
2762 2105 2831 2145 an
2871 2089 3011 2145 forte
3040 2090 3303 2143 alterum?
3328 2119 3402 2132 —
3434 2088 3610 2144 Arno~

2028 2183 2151 2239 hius
2201 2183 2336 2237 dixit
2374 2200 2387 2236 :
2421 2181 2563 2237 Deus
2608 2180 2956 2236 Hebraeorum
2992 2178 3132 2234 Deus
3161 2198 3290 2233 unus
3319 2189 3395 2235 est
3434 2178 3610 2251 (Deut.

2032 2290 2103 2343 vi,
2127 2275 2203 2339 ι».
2234 2274 2462 2343 Quando
2505 2272 2678 2339 audis,
2724 2271 2864 2329 Deus
2890 2289 3023 2328 um
3049 2282 3158 2338 est,
3191 2274 3416 2328 alterum
3447 2271 3614 2328 Deum

2032 2367 2254 2424 omnino
2299 2382 2407 2422 non
2449 2379 2677 2437 quaeras.
2702 2396 2777 2409 -—
2801 2362 3066 2435 Serapion
3094 2364 3268 2420 dixit:
3297 2374 3320 2401 ο
3356 2362 3497 2431 Ergo
3529 2361 3617 2419 Ju-

2028 2460 2180 2515 daica
2226 2467 2309 2513 est
2356 2456 2586 2514 tenenda
2623 2456 2873 2521 assertio,
2913 2469 3019 2526 qua
3046 2456 3192 2510 solus
3234 2463 3289 2509 et
3318 2470 3455 2510 unus
3479 2454 3619 2510 Deus
3668 2484 3677 2491 -

2029 2550 2376 2608 Hebraeorum
2407 2550 2546 2605 Deus
2575 2549 2899 2621 praedicatur
2940 2556 2996 2603 et
3039 2549 3317 2604 creditur?
3341 2580 3413 2591 --
3440 2548 3618 2602 Arno-

2027 2642 2149 2699 bius
2196 2642 2333 2698 dixit
2367 2660 2379 2696 :
2431 2640 2596 2696 Deum
2649 2638 2820 2696 Judaei
2870 2640 2950 2696 sic
2986 2640 3281 2711 pmdicant
3324 2640 3519 2703 solum,
3561 2647 3621 2694 ut

2029 2743 2229 2803 negent
2251 2732 2445 2787 Filium
2464 2731 2614 2800 ejus;
2645 2738 2842 2800 negent
2865 2729 3026 2785 simul
3045 2746 3166 2784 cum
3195 2745 3264 2784 eo
3289 2745 3452 2784 unum
3480 2744 3620 2790 esse,

2030 2827 2123 2897 qui
2155 2833 2314 2881 natus
2340 2832 2423 2879 est
2450 2823 2518 2877 de
2546 2819 2751 2891 Spiritu
2790 2829 2980 2876 sancto
3019 2835 3086 2875 ex
3115 2819 3280 2875 Maria
3307 2820 3533 2889 virgine.
3554 2849 3627 2863 -—

2033 2917 2297 2988 Serapion
2325 2916 2461 2971 dixit
2490 2933 2502 2968 :
2528 2913 2635 2969 Iste
2673 2914 2764 2984 qui
2791 2919 2951 2968 natus
2977 2919 3062 2969 est
3099 2911 3168 2968 de
3195 2909 3397 2983 Spiritu
3437 2920 3626 2967 sancto

2036 3023 2104 3064 ex
2124 3006 2289 3062 Maria
2315 3005 2543 3075 virgine,
2574 3005 2686 3076 ipse
2718 3019 2857 3061 unus
2884 3019 2953 3059 an
2973 3012 3057 3060 est
3077 3003 3248 3059 alius?
3267 3035 3340 3048 --
3358 3003 3628 3060 Arnobius

2039 3101 2172 3156 dixit
2197 3119 2210 3155 :
2236 3100 2293 3156 lu
2322 3100 2530 3155 Deitate
2568 3114 2725 3164 unus,
2763 3096 2782 3138 ί
2815 3099 2868 3155 in
2897 3098 3245 3170 generatione
3272 3111 3405 3155 vero
3441 3097 3518 3154 sic
3543 3105 3630 3153 est

344 3200 644 3247 creatorem
690 3193 930 3246 omnium
973 3191 1187 3247 rebellis
1228 3192 1502 3247 existeret.
1536 3190 1798 3264 Populum
1836 3207 1935 3247 au—
1961 3209 2008 3275 C
2038 3194 2192 3260 alius,
2223 3202 2282 3248 ut
2310 3193 2451 3249 Deus
2481 3209 2619 3251 unus
2660 3206 2781 3249 esse
2820 3205 2930 3248 non
2963 3199 3141 3248 cesset
3169 3188 3330 3246 Pater
3357 3197 3414 3245 et
3438 3188 3624 3245 Filius.

345 3289 473 3348 tem,
500 3293 663 3352 quem
692 3282 761 3339 de
796 3283 976 3353 gladio
1018 3282 1135 3353 ejus
1163 3284 1218 3337 in
1263 3299 1420 3337 manu
1465 3286 1591 3356 {orti
1630 3293 1679 3338 et
1725 3283 1934 3339 brachio

346 3374 548 3428 excelso
595 3374 813 3444 eripuit,
851 3389 951 3444 per
1000 3372 1256 3429 famulum
1303 3390 1458 3429 suum
1506 3374 1745 3448 Moyscm
1784 3376 1930 3442 fecit,

344 3464 491 3533 quod
513 3464 629 3535 ipse
649 3465 719 3519 sit
748 3464 908 3529 Deus,
935 3464 990 3519 et
1026 3481 1130 3520 non
1160 3466 1231 3521 sit
1258 3465 1395 3522 alius
1421 3476 1617 3538 praeter
1655 3468 1848 3540 ipsum.
1876 3467 1934 3525 Si

346 3558 723 3615 contravenire
750 3559 990 3631 disponis
1024 3560 1238 3616 edicito.
1267 3566 1342 3604 ι-
1364 3558 1626 3634 Serapion
1656 3562 1791 3618 dixit
1816 3581 1829 3616 :
1860 3562 1936 3617 De

2040 3286 2183 3343 Deus
2210 3288 2354 3342 enim
2386 3295 2513 3342 tunc
2542 3299 2669 3341 vere
2696 3299 2836 3341 unus
2863 3282 3101 3340 creditur
3133 3290 3189 3337 et
3232 3283 3439 3350 integra
3478 3280 3533 3335 in
3560 3295 3628 3335 eo

2039 3379 2302 3436 Divinitas
2347 3392 2456 3433 non
2498 3385 2742 3446 negatur.
2767 3406 2839 3420 --
2864 3373 3127 3445 Serapion
3173 3372 3310 3427 dixit
3340 3389 3355 3425 :
3386 3368 3453 3424 Et
3494 3385 3631 3441 quo-

2040 3471 2203 3527 modo
2235 3472 2439 3538 integra
2469 3469 2522 3524 in
2550 3483 2618 3524 eo
2644 3466 2907 3522 Divinitas
2932 3461 3201 3521 credenda
3230 3462 3443 3519 est?—
3463 3459 3632 3517 Arno-

2039 3564 2162 3620 bius
2189 3563 2324 3618 dixit
2353 3581 2366 3616 :
2392 3561 2542 3617 Tunc
2568 3562 2777 3630 integra
2796 3559 2851 3615 iu
2877 3573 2945 3615 eo
2968 3556 3232 3613 Divinitas
3252 3572 3361 3613 non
3383 3562 3628 3626 negatur,

1520 3674 1631 3731 FB.
1672 3672 2154 3732 FEU-ARDENTII
2193 3675 2420 3733 ΝΟΤᾹΣ.

351 3764 707 3847 Alexandriae,
737 3780 856 3847 quae
884 3774 1046 3847 caput
1067 3765 1165 3847 fuit
1195 3765 1435 3847 Egypti,
1465 3767 1777 3847 episcopum
1802 3785 1817 3833 ;
1848 3767 1944 3822 sed

352 3843 423 3907 et_
457 3835 655 3889 multos
712 3835 829 3907 ejus
863 3835 1172 3907 provincia:
1220 3835 1524 3907 episcopos,
1568 3835 1946 3892 ac'trecentos

355 3905 518 3960 etiam
546 3905 840 3976 monachos
860 3905 1189 3976 Eutychiana
1220 3905 1781 3976 hieresidepravatos,
1806 3915 1862 3961 et
1881 3922 1944 3960 ea

352 3976 424 4030 de
452 3990 615 4030 causa
644 3975 859 4030 concilii
879 3974 1336 4031 Chalcedonensis
1368 3974 1641 4030 sententia
1667 3990 1946 4032 sacrorum

359 4044 1007 4126 comitiuiiioueprivatos
1036 4043 1219 4126 fuisse,
1250 4045 1580 4126 adeoetiam
1609 4044 1947 4126 inter_@gy-

363 4113 509 4184 ptios
528 4112 630 4185 illa;
644 4112 811 4182 pestis
840 4114 1155 4185 invaltierat.
1186 4114 1445 4185 Apposite
1472 4129 1604 4169 vero
1626 4130 1731 4169 non
1753 4114 1808 4169 hi
1829 4112 1947 4169 tau-

361 4182 501 4246 tum,
541 4183 635 4236 sed
664 4189 721 4235 et
744 4182 924 4253 ceteri
952 4199 1141 4239 omnes
1169 4182 1404 4239 haeretici
1433 4200 1553 4239 cum
1600 4185 1769 4253 magis
1798 4201 1950 4241 com-

359 4261 694 4325 parantur:
745 4252 1176 4325 quandoquidem
1222 4262 1278 4311 et
1321 4254 1515 4310 divina:
1570 4256 1781 4311 veritati
1818 4272 1953 4312 suas

359 4322 659 4398 ῥηιδιίδίρὲ
686 4332 741 4378 et
769 4322 1021 4398 strophas
1049 4324 1386 4398 impudenter
1405 4332 1700 4395 opponant,
1719 4333 1797 4398 Aet
1825 4342 1949 4382 cum

361 4339 659 4398 prmsuglas
686 4339 741 4378 et
769 4339 1021 4444 διε-θάψειε
1049 4339 1386 4395 impudenter
1405 4339 1700 4395 opponant,
1732 4339 1790 4380 et
1825 4342 1949 4382 cum

361 4393 695 4449 (temonibus
723 4393 884 4464 male
903 4394 1087 4464 eisque
1115 4395 1420 4450 hominibus
1441 4410 1685 4463 magnam
1717 4395 1951 4451 habeant

360 4464 792 4535 consensionem.
846 4461 1079 4535 Hocg'de
1125 4464 1343 4520 Simone
1383 4461 1568 4535 mago,
1620 4464 1945 4532 Menandro,

361 4533 566 4605 ματα),
585 4531 934 4605 Carpocrate,
961 4532 1226 4605 Cerdone,
1258 4531 1495 4605 aliisque
1514 4536 1751 4605 priorum
1787 4531 1950 4593 secu-

360 4583 566 4661 om
582 4583 954 4660 na'é'rreéia'r'ciii's
969 4583 1649 4671 ἦῐεῖἰῶιιῖἱιῐῗιὲὲῖιῶἱιξξ
1660 4583 1943 4662 unus;
1978 4583 2027 4644 υ

323 4694 336 4705 ’
362 4691 488 4741 nus,
521 4674 780 4732 Eusebius
808 4691 873 4731 ac
905 4674 1233 4744 Epiphanius
1268 4695 1281 4730 :
1314 4693 1414 4732 nos
1439 4675 1580 4732 idem
1622 4677 1689 4731 de
1730 4679 1952 4734 novissi-

362 4747 471 4802 mis
499 4761 607 4801 nou
636 4762 743 4800 uno
772 4746 936 4801 semel
960 4745 1079 4802 loco
1109 4755 1295 4803 notum
1324 4745 1567 4803 fecimus.
1600 4746 1768 4803 Nemo
1787 4750 1952 4805 etiam

366 4816 595 4888 i_nllciari
615 4824 793 4888 potest
819 4817 1053 4888 magicas
1079 4826 1224 4873 artes
1243 4817 1296 4872 in
1317 4814 1563 4888 Galliam,
1587 4816 1951 4883 Germa:.iam,

367 4884 672 4952 Poloniaiii,
705 4884 1000 4952 Livoniam,
1032 4887 1274 4944 Sueliam
1298 4928 1314 4952 ,
1359 4887 1577 4943 Daciam
1605 4898 1662 4943 et
1688 4888 1955 4957 Angliam,

368 4974 441 5029 ex
490 4958 723 5029 admisso
769 4956 1093 5029 Calvinismo
1134 4958 1256 5029 plus
1301 4973 1338 5029 a_
1378 4956 1959 5029 quinquaginta’annis

370 5028 681 5157 invahtnsse,
712 5043 872 5100 quam
902 5043 934 5082 a
975 5028 1122 5084 mille
1139 5027 1206 5084 'et
1252 5027 1560 5097 quingentis
1604 5027 1762 5084 antea
1803 5029 1957 5084 iuva.

396 5115 522 5153 uera
554 5140 568 5154 .

396 5107 568 5154 uerat.

449 5178 475 5206 ι
514 5168 996 5224 Homnusianorum
1018 5182 1320 5238 cognomen
1347 5167 1627 5222 catholicis
1655 5168 1963 5238 impositum

374 5256 478 5325 per
504 5239 751 5325 Arianos,
784 5239 957 5325 adhuc
988 5240 1079 5325 illo
1105 5239 1305 5325 suaequ
1335 5253 1751 5325 perseverasse,
1781 5239 1965 5295 multis

376 5307 432 5367 in
463 5310 596 5366 locis
624 5310 854 5365 ostendit
894 5307 1081 5366 Victor
1113 5307 1378 5366 Uticmisis
1408 5309 1557 5365 libris
1592 5308 1659 5363 de
1707 5307 1967 5367 Persecu-

377 5383 527 5437 tione
562 5379 893 5435 Wandaliea.
944 5380 1247 5436 Notandum
1299 5391 1476 5436 tamen
1526 5378 1966 5439 Homuncionitas

378 5469 411 5508 a
433 5450 727 5506 Prudentio
754 5468 860 5505 non
883 5451 1199 5514 catholicos,
1224 5452 1317 5507 sed
1340 5449 1638 5521 Ebionitas,
1665 5451 1969 5507 Samosate-

379 5523 575 5578 nianos
616 5523 855 5589 aliosque
904 5521 1184 5577 haereticos
1222 5521 1403 5577 vocari
1450 5529 1506 5575 et
1543 5521 1840 5586 confutari,
1897 5539 1965 5579 eo

380 5593 526 5664 quod
568 5591 838 5664 Christum
882 5590 1374 5664 purumhominem
1422 5590 1841 5664 esse,'_uihilque
1879 5592 1962 5647 di-

383 5660 524 5719 vina:
551 5679 610 5718 es
640 5662 798 5717 entia:
827 5677 891 5713 ac.
916 5660 1126 5715 virtutis
1153 5661 1352 5714 habere
1377 5660 1782 5715 contenderent.

459 5731 488 5774 δ
518 5732 747 5788 Attende
784 5731 845 5815 in
894 5728 1193 5815 serapione
1236 5730 1610 5815 hereticorum
1660 5728 1962 5815 disceptan-

384 5807 522 5865 tium
551 5819 747 5871 mores,
770 5800 836 5865 de
864 5797 1056 5879 quibus
1087 5797 1374 5871 Apostolus
1393 5800 1467 5853 ait
1491 5818 1502 5852 :
1529 5797 1743 5867 Semper
1769 5797 1945 5865 discet:

2047 3777 2145 3836 tes,
2178 3779 2230 3823 et
2258 3784 2520 3836 nunquam
2547 3768 2616 3822 ad
2640 3768 3170 3836 scientiamreritatis
3196 3766 3546 3836 pervenientes
3567 3761 3635 3832 (ll

2050 3834 2184 3893 Tim.
2217 3844 2318 3903 ut).
2351 3834 2418 3891 Et
2461 3837 2822 3892 Tertulliauus
2854 3855 2867 3889 :
2902 3834 3183 3903 Nunquam
3211 3834 3478 3903 ordinari;
3501 3849 3637 3903 quee-

2046 3910 2241 3962 stiones
2283 3900 2540 3967 tractant,
2586 3916 2692 3961 etc.
2731 3905 2886 3985 .(Lib.
2916 3906 2999 3985 Ade
3042 3900 3389 3985 Prtescript.).
3440 3900 3634 3985 Reipsa

2049 3985 2386 4045 compertum
2437 3987 2548 4040 est,
2596 3990 2692 4030 eos
2730 3975 2784 4030 in
2825 3982 2968 4029 statu
3007 3975 3318 4045 qumstionis
3346 3975 3635 4045 propositae

2049 4041 2321 4115 nunquam
2350 4048 2648 4101 consistere
2679 4063 2692 4098 :
2725 4045 2819 4103 sed
2859 4061 2956 4115 pro
2995 4041 3269 4115 vertiginis
3298 4041 3491 4115 spiritu
3528 4058 3637 4112 quo

2052 4114 2268 4188 semper
2295 4116 2583 4186 agitantur,
2627 4115 2788 4188 aliain
2830 4114 3099 4188 aliamque
3126 4114 3349 4188 subinde
3390 4121 3443 4169 et
3470 4127 3637 4188 quar-

2054 4181 2542 4258 tam'quintainque
2567 4181 2842 4258 eumulare
2865 4181 3340 4258 importunissime,
3366 4192 3426 4238 ut
3449 4181 3638 4258 ordine

2052 4253 2362 4328 disputandi
2401 4253 2636 4324 turbato,
2660 4257 2809 4312 velut
2847 4253 3053 4312 colubri
3095 4256 3381 4324 gliscentes
3419 4253 3639 4328 elahan-

2052 4324 2168 4395 tur‘;
2198 4343 2296 4385 ceu
2344 4328 2611 4398 sepiarum
2661 4343 2831 4392 more,
2875 4343 2995 4397 quae
3033 4335 3391 4398 atramentum
3425 4324 3641 4398 _hab_e_ut

2051 4391 2164 4471 pro
2181 4391 2633 4471 sanguineeﬂ'usa
2683 4391 2924 4471 veritatis
2952 4399 3087 4471 luce
3130 4397 3181 4451 in
3230 4395 3467 4471 tenebris
3500 4391 3637 4471 e‘ffu-

2053 4464 2222 4539 giant,
2238 4464 2307 4547 et
2324 4469 2455 4547 ficii
2481 4485 2587 4523 non
2609 4469 2913 4547 videantur.
2938 4468 3237 4547 Cancrum,
3252 4465 3348 4547 Ubi
3370 4464 3638 4547 rergﬁdes
3662 4470 3671 4481 ’

2052 4533 2149 4602 ξιτ.
2200 4533 2278 4594 ait
2315 4540 2731 4611 Chrysostnmns
2760 4538 2941 4609 (Hom.
2982 4539 3001 4591 l
3051 4541 3106 4593 in
3137 4537 3306 4608 Epist.
3344 4536 3413 4590 ad
3456 4533 3637 4611 Τίῳ),

2055 4611 2197 4665 nulla
2222 4605 2558 4682 quiestionum
2588 4605 2867 4666 necessitas
2895 4620 3001 4682 est;
3034 4605 3249 4682 quastio
3280 4623 3460 4682 neinpe
3485 4605 3642 4682 fidem

2056 4676 2349 4754 tollithui
2378 4684 2516 4754 enim
2540 4683 2757 4754 quierit,
2793 4681 3020 4754 nondum
3047 4676 3269 4754 iurenit;
3300 4678 3385 4748 qui
3415 4676 3644 4754 nondum

2056 4753 2268 4816 invenit,
2297 4753 2526 4807 nondum
2550 4747 2746 4815 credit;
2775 4753 2907 4823 [δάιε
2932 4758 3101 4805 autem
3123 4752 3352 4804 animum
3374 4747 3645 4821 cogitatio-

2062 4825 2430 4932 nerziqnefacit
2459 4825 2829 4905 conquiescere.
3249 4868 3263 4903 ι

2150 4961 2158 4963 ᾗ
2203 4891 2343 4960 Quid
2370 4909 2413 4946 sl
2444 4892 2749 4963 legerimus,
2774 4889 3092 4963 ‘ancderem
3122 4889 3330 4963 plagis?

2137 4961 2162 5000 ἀ
2209 4963 2418 5034 [λώβης
2448 4962 2697 5034 legerem,
2730 4961 2968 5034 niln'fhic
2995 4963 3178 5034 egisse.

2143 5043 2166 5071 ε
2180 5102 2191 5107 _
2204 5030 2371 5107 Ju_d;ui
2417 5030 3109 5107 sexcentis_prophetaruu_i
3159 5030 3476 5107 testimoniis
3494 5098 3506 5107 _
3519 5043 3643 5107 cqu-

2066 5101 2222 5164 victi,
2256 5102 2421 5155 Deum
2443 5101 2659 5171 quidem
2690 5098 2901 5160 Phtrém
2918 5120 3046 5165 esse
3076 5104 3340 5164 fatentur;
3370 5099 3462 5154 sed
3494 5098 3639 5161 hujus

2066 5172 2252 5226 mundi
2282 5187 2344 5226 ac
2381 5183 2696 5229 cunctorum
2726 5175 3000 5232 hominum
3045 5174 3341 5233 creatiore,
3378 5181 3649 5234 nunquam

2066 5258 2199 5318 vero
2240 5243 2495 5318 coaeterni
2542 5252 2703 5318 atque
2741 5244 3212 5318 consubstantialis
3257 5240 3629 5318 filiigvugra;

2068 5312 2235 5369 tione.
2269 5312 2579 5381 Quinimmo
2616 5303 2765 5372 'istud
2806 5318 3079 5372 ascribunt
3106 5303 3479 5381 blasphemia},
3505 5303 3633 5359 Chri

2069 5392 2212 5439 stum
2237 5376 2526 5458 lapidibus
2560 5394 2839 5458 petentes,
2889 5384 3033 5454 quod
3079 5376 3630 5458 seipsiinnalliimiare

2069 5469 2190 5509 esse
2221 5446 2427 5527 filium
2477 5446 2619 5512 Dei';
2662 5446 2846 5527 sicque
2896 5446 3245 5527 personarum
3293 5446 3647 5527 pluralitate".
3676 5497 3696 5519 ,

2072 5539 2194 5579 cum
2220 5525 2447 5583 Deitatis
2473 5528 2690 5586 unitate
2702 5522 2967 5587 ducentes
2991 5522 3133 5575 ferre
3161 5533 3267 5573 non
3297 5524 3544 5587 possunt.

2150 5593 2168 5633 τ
2211 5595 2286 5651 De
2323 5607 2526 5657 :eterna
2569 5585 2823 5666 loquitur,
2852 5608 2959 5666 qua
2983 5589 3063 5645 sic
3093 5601 3219 5666 vero
3249 5605 3274 5641 a
3303 5585 3477 5666 Patre
3508 5589 3631 5654 inge

2150 5614 2163 5633 '
2211 5614 2286 5651 ue
2323 5614 2526 5657 aeterna
2569 5614 2587 5653 ι
2662 5614 2823 5657 υιιιιν,
2852 5614 2959 5662 qua
2983 5614 3063 5645 υιυ
3096 5614 3219 5640 ch
3249 5614 3274 5641 λι
3322 5614 3477 5644 ruu't:
3508 5614 3631 5654 lugu

2073 5664 2207 5733 nito,
2234 5675 2289 5721 et
2315 5684 2345 5721 a
2374 5614 2678 5740 Spiritutzh
2702 5661 2931 5736 utroque
2946 5655 3275 5740 procsdente
3304 5658 3408 5715 alia
3429 5669 3511 5717 est
3536 5674 3659 5740 per-

2073 5725 2226 5798 sona,
2258 5747 2316 5790 ut
2362 5725 2540 5793 ta'men
2590 5734 2779 5791 unicus
2805 5725 2859 5797 ei
2887 5725 3048 5803 verus
3072 5725 3217 5799 Deus
3258 5745 3377 5790 esse
3404 5725 3658 5791 cum'eir

2072 5806 2194 5869 dem
2221 5822 2330 5859 non
2356 5804 2583 5863 desinat-
