4108 6348
1844 216 1875 252 ο

546 379 652 434 245

1871 371 2141 426 ARNOBll
2182 370 2482 427 JUNIORIS

3696 372 3797 428 ιιι

548 486 591 541 si
623 486 783 543 Pater
809 504 927 547 cum
958 489 1092 545 Filio
1114 496 1174 543 et
1197 485 1398 559 Spiritu
1421 494 1606 544 sancto
1626 486 1776 542 Deus
1805 501 1941 542 unus
1971 478 2117 556 penis
2150 489 2200 551 Α
2227 487 2280 540 in
2310 487 2418 541 Deo
2454 486 2609 541 Patre
2639 497 2691 542 et
2723 489 2854 543 Filio
2878 506 3003 544 vere
3024 464 3157 545 duas
3183 505 3443 559 personas
3474 499 3495 527 ο
3520 506 3680 544 unam
3701 490 3797 545 ha-

540 586 636 661 ius
674 598 782 637 non
821 592 1058 651 negatur.
1090 579 1445 651 —.—Serapion
1472 580 1607 641 dixit
1648 599 1659 633 :
1694 579 1923 637 Eliciens
1948 595 2036 634 me
2051 580 2125 655 .de

550 687 833 745 synagoga:
853 674 1121 746 synedrio,
1148 684 1173 711 ἰ
1190 671 1489 751 inSabellii
1516 689 1603 735 me
1621 673 1889 735 insaniam
1908 672 2125 729 induxi-

549 763 619 823 sti
644 782 657 816 :
684 766 776 833 qui
817 781 979 820 unum
1019 766 1187 821 Deum
1227 765 1525 825 Patremet
1564 765 1765 828 Filium
1790 753 1846 825 et
1872 765 2127 837 Spiritum

547 863 788 911 sanctum
819 856 1123 913 confitetur.
1147 888 1219 899 --
1242 857 1508 923 Arnobius
1532 857 1666 913 dixit
1691 876 1703 910 :
1724 857 1789 915 Si
1816 872 1941 914 vere
1966 872 2127 915 unum

470 972 492 1008 ,ε
524 940 713 1002 Deum
742 948 947 1004 diceret
973 948 1252 1015 Sabellius,
1283 950 1476 1005 Filium
1497 949 1612 1018 ejus
1636 960 1692 1006 et
1720 950 1975 1020 Spiritum
2005 965 2128 1003 san-

518 1038 691 1123 :ctum
720 1056 827 1094 non
852 1050 1098 1110 negaret.
1148 1041 1316 1112 Negat
1354 1042 1496 1097 enim
1543 1056 1729 1097 verum
1772 1040 2005 1105 Patrem,
2036 1039 2128 1111 qui

487 1124 491 1147 ί
545 1146 729 1187 verum
759 1132 951 1187 Filium
980 1149 1084 1187 non
1107 1134 1258 1199 dicit,
1280 1143 1438 1203 negat
1459 1133 1717 1204 Spiritum
1748 1143 2012 1199 sanctum,
2038 1135 2127 1204 qui

491 1229 494 1233 ‘
546 1221 753 1289 integra
783 1221 1043 1277 Trinitate
1074 1223 1239 1278 Deum
1262 1225 1527 1292 integrum
1553 1239 1672 1278 esse
1712 1239 1818 1278 non
1846 1224 2035 1281 credit.
2058 1256 2130 1265 —

482 1334 489 1345 ·
546 1312 811 1383 Serapion
840 1313 975 1368 dixit
1013 1312 1167 1383 :Ego
1215 1316 1309 1371 tibi
1342 1314 1633 1372 Sabellium
1675 1316 1796 1385 lego
1843 1316 2128 1371 anathema

547 1404 818 1460 dicentem
869 1405 953 1459 his
992 1407 1083 1475 qui
1128 1405 1361 1470 Patrem,
1410 1415 1467 1461 et
1510 1406 1725 1475 Filium,
1770 1415 1828 1462 et
1873 1405 2129 1476 Spiritum

549 1502 795 1559 sanctum
822 1496 940 1551 ausi
968 1506 1094 1551 sunt
1112 1497 1375 1568 denegare
1403 1498 1472 1554 ad
1508 1498 1929 1561 convincendum
1956 1498 2130 1559 Trini-

551 1592 737 1645 tatem.
768 1619 840 1630 —-
865 1586 1132 1643 Arnobius
1175 1588 1309 1647 dixit
1342 1609 1354 1642 :
1384 1589 1411 1627 δ
1439 1588 1545 1649 Sed
1580 1590 1756 1660 ipsum
1788 1604 1852 1645 se
1890 1589 2126 1655 Patrem,

551 1677 724 1747 ipsuun
752 1692 811 1731 se
834 1676 1048 1743 Filium,
1081 1678 1251 1747 ipsum
1276 1694 1335 1733 se
1358 1677 1625 1757 Spiritum
1654 1687 1893 1737 sanctum
1922 1679 2128 1755 impiis-

548 1771 682 1826 sima
712 1769 1021 1827 defensione
1048 1772 1340 1827 contendit.
1383 1771 1500 1831 Nos
1520 1780 1702 1835 autem
1745 1771 1960 1827 Patrem
1997 1772 2130 1829 diei-

2229 580 2356 639 bere
2386 580 2735 639 substantiam
2752 579 3108 651 ?—-Serapion
3132 581 3266 637 dixit
3291 600 3301 633 :
3332 581 3628 649 Incongrua
3654 597 3800 635 com-

2232 671 2440 739 paratio
2469 686 2587 725 esse
2614 669 2960 742 dignoﬁzitur,
2992 680 3052 727 ut
3093 671 3160 729 de
3198 671 3520 743 incorporeo
3548 686 3802 743 corporea

2230 762 2470 823 membra
2508 763 2562 816 in
2594 764 2896 834 exemplum
2926 762 3493 825 assumas.——Jndices
3517 764 3800 819 dixerunt:

2232 854 2447 929 Frustra
2480 857 2736 924 quaereris
2763 856 2829 912 de
2857 858 3133 927 corporeis
3168 857 3422 913 membris
3459 857 3526 912 ab
3573 856 3805 912 Arnobio

2230 954 2499 1016 sumptum
2520 948 2843 1016 exemplum.
2869 944 2923 1005 Si
2955 948 3098 1005 enim
3126 962 3389 1017 corporea
3422 946 3664 1002 membra
3683 962 3807 1003 ocu-

2231 1037 2423 1103 lorum,
2457 1038 2662 1093 narium
2692 1046 2747 1092 et
2775 1038 2981 1095 aurium
3012 1038 3064 1093 in
3093 1038 3201 1097 suis
3231 1037 3414 1097 formis
3452 1037 3639 1101 divisa,
3682 1045 3739 1092 et
3778 1054 3805 1092 a

2230 1142 2291 1182 se
2335 1127 2562 1184 invicem
2591 1128 2744 1198 quasi
2791 1128 2844 1182 in
2896 1128 3007 1183 suis
3047 1127 3306 1185 cubiculis
3340 1127 3629 1191 manentia,
3673 1126 3805 1179 hanc

2232 1220 2476 1279 obtinent
2501 1222 2759 1277 unitatem
2789 1220 3115 1283 substantia),
3166 1227 3227 1276 ut
3276 1236 3384 1279 uno
3431 1219 3654 1285 lumine,
3708 1235 3805 1275 uno

2232 1312 2477 1381 odoratu,
2528 1328 2636 1369 uno
2656 1311 2906 1371 fruantur
2933 1311 3155 1366 auditu:
3195 1318 3398 1381 quanto
3427 1311 3598 1381 magis
3644 1310 3803 1375 Deus,

2230 1404 2322 1474 qui
2348 1405 2701 1475 incorporeus
2729 1419 2848 1461 esse
2875 1402 3125 1459 fatendus
3160 1411 3264 1465 est,
3315 1418 3473 1455 unam
3512 1406 3636 1456 cum
3679 1401 3723 1455 F
3726 1401 3806 1456 ilio

2230 1512 2329 1553 suo
2357 1496 2713 1553 substantiam
2740 1497 2965 1563 habens,
3014 1510 3174 1550 unam
3219 1495 3382 1550 etiam
3424 1510 3545 1550 cum
3575 1510 3642 1550 eo
3671 1495 3806 1550 obti-

2231 1599 2358 1649 neat
2394 1588 2797 1663 omnipotentiae
2840 1586 3179 1657 maiestatem
3195 1587 3219 1642 2
3237 1614 3309 1625 -
3326 1583 3589 1656 Serapion
3637 1585 3802 1640 dixit:

2232 1681 2531 1755 Acquiesco
2550 1680 2765 1751 quidem
2794 1679 2992 1737 rationi
3014 1692 3291 1747 corporea:
3320 1694 3335 1731 :
3371 1676 3466 1733 sed
3491 1676 3596 1731 nisi
3633 1676 3805 1733 incor-

2231 1788 2395 1844 porea
2424 1772 2624 1835 fuerint
2647 1772 2914 1847 exempla,
2942 1771 3011 1826 ad
3031 1771 3406 1841 incorporeum
3434 1769 3525 1824 illa
3553 1769 3680 1847 duci
3708 1785 3805 1827 nou

549 1875 668 1919 mus
708 1868 765 1916 et
807 1861 1076 1917 credimus
1112 1863 1204 1934 qui
1250 1862 1434 1931 genuit
1472 1862 1667 1921 Filium
1687 1881 1711 1922 _:
1736 1871 1798 1919 et
1837 1871 1919 1918 est
1964 1863 2122 1921 Pater
2150 1866 2198 1927 Β
2223 1865 2762 1938 patiam—Arnobius
2781 1846 3254 1934 dixit:Deprecor,
3284 1861 3529 1931 Iudices,
3553 1846 3616 1918 ut
3642 1862 3805 1918 indul-

551 1953 694 2021 unici
721 1951 842 2009 Filii
870 1953 952 2009 sui
981 1962 1105 2010 ante
1126 1964 1375 2028 tempora
1394 1956 1585 2027 geniti.

620 2042 799 2097 IV;—
820 2042 1083 2115 Serapion
1109 2046 1278 2105 dixit:
1312 2044 1447 2103 Nolo
1473 2062 1562 2107 me
1584 2047 1641 2107 in
1659 2047 1824 2103 altum
1846 2047 2039 2115 ducas;
2073 2057 2130 2103 et

550 2135 864 2206 dehocjam
890 2151 1036 2207 agas,
1062 2138 1207 2209 quod
1230 2147 1356 2195 ante
1372 2145 1620 2210 ternpora
1640 2141 1853 2213 genuit.
1878 2140 2016 2195 Hinc
2038 2156 2128 2199 me

548 2228 696 2300 prius
722 2228 901 2298 egredi
928 2228 1109 2296 facito,
1139 2231 1264 2303 quia
1304 2237 1357 2289 te
1376 2238 1489 2293 tres
1509 2230 1640 2289 deos
1665 2231 1844 2289 dicere
1862 2232 2121 2302 intelligo.

549 2349 623 2361 -—
641 2318 907 2375 Arnobius
932 2318 1067 2375 dixit
1098 2338 1109 2372 :
1154 2318 1462 2381 Intellectus
1490 2329 1613 2386 tuus
1634 2337 1877 2379 errorem
1905 2323 2125 2392 patitur.

555 2420 577 2448 ο
609 2408 740 2464 Nam
781 2409 946 2466 debes
973 2424 1061 2465 me
1096 2411 1406 2469 meminisse
1442 2411 1665 2478 dixisse,
1704 2421 1757 2469 te
1796 2428 1922 2468 vere
1970 2431 2129 2477 unum

553 2500 723 2557 Deum
770 2501 1033 2570 integrum
1080 2499 1343 2569 conﬁteri,
1382 2518 1502 2561 cum
1531 2502 1747 2561 Patrem
1776 2513 1831 2560 et
1856 2504 2050 2563 Filium
2078 2514 2133 2563 et

550 2592 809 2667 Spiritum
838 2602 1082 2653 sanctum
1103 2609 1267 2651 unum
1295 2594 1464 2655 Deum
1490 2596 1565 2653 ita
1587 2598 1897 2667 credideris,
1940 2608 2002 2654 ut
2031 2600 2132 2655 nisi

550 2687 789 2759 putative
810 2687 961 2744 dicas
986 2686 1218 2757 Patrem,
1244 2688 1343 2751 sed
1367 2704 1550 2747 verum
1571 2687 1805 2756 Patrem,
1834 2691 1927 2765 qui
1945 2691 2131 2761 genuit

550 2792 735 2839 verum
785 2778 1341 2853 Filium—Serapion
1387 2780 1732 2855 dixit:Ergo
1778 2791 1836 2840 et
1879 2783 2035 2849 alius,
2076 2792 2130 2839 et

552 2869 714 2937 alius,
745 2879 801 2927 et
831 2872 967 2929 alius
1004 2873 1454 2931 ests—rArnobius
1479 2874 1619 2933 dixit
1650 2893 1662 2927 :
1695 2876 1862 2942 Alius,
1892 2884 1950 2935 et
1995 2877 2130 2939 alius

554 2966 668 3027 est;
702 2968 758 3017 et
779 2968 963 3017 tamen
994 2978 1129 3018 unus
1147 2963 1289 3023 Deus
1316 2972 1417 3023 est.
1440 2992 1512 3003 —
1527 2964 1789 3041 Serapion
1809 2966 1982 3023 dixit:
2012 2967 2131 3027 Hoc

548 3059 699 3109 stare
736 3068 845 3115 non
878 3061 1081 3124 potest,
1108 3062 1173 3117 ut
1208 3056 1349 3118 alius
1374 3057 1446 3112 sit
1482 3055 1663 3126 Pater,
1706 3060 1799 3131 qui
1831 3044 2046 3128 genuit;
2076 3069 2133 3121 et

556 3143 693 3203 alius
717 3146 792 3201 sit
816 3144 999 3216 Filius,
1041 3148 1135 3218 qui
1156 3148 1371 3217 genitus
1402 3158 1492 3207 est
1521 3167 1535 3203 :
1567 3150 1642 3207 ita
1670 3160 1747 3206 -ut
1778 3168 1887 3209 non
1919 3155 1990 3211 sit
2014 3155 2131 3225 ipse

2231 1965 2421 2029 genter
2466 1956 2647 2013 feratis
2673 1964 2909 2014 vestram
2947 1964 3265 2015 renuentem
3309 1956 3655 2013 sententiam.
3699 1956 3802 2013 Non

2230 2049 2374 2104 enim
2396 2062 2701 2123 expavesco
2727 2047 2818 2105 illa
2844 2047 3164 2119 incorporea
3190 2046 3443 2117 exempla
3461 2054 3799 2118 querentem,

2230 2157 2354 2197 cum
2387 2156 2571 2197 verum
2598 2137 2834 2205 Patrem,
2864 2154 3048 2207 verum
3089 2136 3304 2202 Filium,
3330 2153 3518 2194 verum
3558 2137 3803 2210 Spiritum

2229 2240 2493 2301 sanctum,
2524 2246 2651 2291 vere
2673 2237 2784 2288 tres
2809 2248 2822 2284 :
2854 2244 2983 2286 vere
3003 2243 3169 2285 unum
3190 2226 3452 2287 conﬁteor
3477 2230 3801 2302 omnipoten-

2230 2331 2339 2383 tem
2367 2331 2422 2379 et
2465 2321 2700 2381 credam.
2735 2318 3105 2390 Compellatur
3149 2334 3278 2374 sane
3318 2315 3577 2389 Serapion
3616 2320 3679 2376 de
3700 2320 3796 2378 hac
3888 2304 3893 2311 ’

2232 2422 2651 2491 interrogatione
2676 2419 2918 2492 profiteri
2944 2418 3237 2482 silentium,
3268 2433 3393 2474 cum
3431 2418 3565 2475 sicut
3585 2416 3651 2473 de
3673 2431 3789 2474 coro

2233 2514 2429 2584 porcis,
2454 2514 2526 2568 ita
2548 2519 2603 2568 et
2622 2512 2689 2567 de
2712 2510 3068 2581 incorporeis,
3091 2508 3338 2578 exempla
3364 2509 3657 2581 protulero,
3678 2508 3793 2579 qui-

2231 2606 2332 2669 bus
2374 2612 2607 2661 astruam
2634 2611 2747 2660 tres
2768 2617 3029 2674 personas
3060 2601 3115 2657 in
3144 2617 3248 2659 una
3272 2616 3397 2659 esse
3421 2600 3801 2659 substantia-

2231 2697 2444 2759 Judices
2488 2697 2779 2755 dixenmt:
2830 2693 2850 2733 ί
2877 2694 3072 2751 Edicat
3112 2693 3378 2765 Serapion
3418 2693 3489 2753 ad
3532 2693 3690 2764 huius
3729 2691 3802 2749 rei

2230 2789 2605 2863 probationem
2627 2788 2731 2844 hoc
2753 2768 2931 2844 solum
2948 2785 3156 2851 deesse,
3187 2794 3249 2843 ut
3274 2786 3343 2843 ab
3370 2784 3613 2843 Arnobio
3637 2784 3801 2840 incor-

2231 2893 2399 2952 porea
2426 2876 2769 2948 proferantur
2792 2875 3421 2949 exempla.—Serapion
3450 2874 3624 2931 dixit:
3654 2872 3802 2945 Satis-

2234 2970 2433 3033 factum
2478 2968 2693 3027 fatebor
2736 2980 2871 3025 sane
2912 2984 3038 3025 cum
3082 2969 3399 3041 incorporea
3443 2954 3691 3039 exempla
3735 2966 3802 3023 ita

2230 3061 2429 3123 fuerint
2452 3061 2594 3123 sicut
2622 3075 2886 3133 corporea
2906 3059 3183 3123 evidenter
3200 3057 3801 3135 expressa—Arnobius

2233 3154 2369 3217 dixit
2400 3173 2413 3209 ε
2442 3151 2692 3224 Nunquid
2716 3166 3003 3225 paganus
3030 3152 3085 3213 in
3114 3166 3223 3207 uno
3240 3150 3459 3211 homine
3485 3150 3665 3221 aliquo
3690 3164 3800 3221 per-

553 3235 734 3304 Pater,
764 3238 858 3309 qui
877 3246 961 3299 est
984 3239 1170 3309 Filius,
1198 3248 1454 3307 ettamen
1478 3258 1615 3301 unus
1634 3243 1775 3300 Deus
1796 3245 2135 3305 siL—Arnor
2161 3245 2207 3310 Ε
2234 3248 2430 3309 tectam
2481 3244 2663 3305 dicere
2715 3242 3032 3314 sapientiam
3072 3256 3211 3308 esse,
3252 3241 3307 3296 in
3342 3255 3455 3311 quo
3496 3240 3714 3297 minime
3739 3238 3800 3295 sit

548 3326 674 3391 bius
695 3329 828 3393 dixit
852 3348 865 3384 :
886 3329 1003 3400 Ego
1023 3332 1078 3391 in
1098 3333 1273 3407 teipso
1292 3334 1577 3407 assignabo
1600 3335 1694 3395 tibi
1716 3335 1853 3393 duas
1872 3352 2133 3407 personas

442 3500 451 3515 θ
484 3486 489 3491 ,
554 3418 1674 3515 haberetmam'substantiam.—-Serapion
1698 3427 1867 3482 dixit:
1892 3425 1919 3465 ά
1948 3427 2135 3487 Cesset

556 3528 645 3575 ars
670 3513 1309 3573 dialectica-rhenum
1327 3516 1464 3579 dixit
1494 3535 1508 3571 :
1539 3518 1641 3579 Ars
1664 3517 1948 3575 dialectica
1974 3520 2027 3574 in
2047 3536 2133 3577 re—

555 3603 659 3659 bus
686 3603 924 3660 obscuris
948 3606 1260 3673 ingreditur,
1288 3615 1348 3661 ut
1367 3608 1610 3662 videatur
1631 3624 1749 3663 esse
1779 3625 1962 3665 verum
1988 3612 2132 3682 quod

560 3707 744 3749 verum
786 3702 886 3749 est.
917 3694 1029 3765 Ego
1074 3704 1253 3752 autem
1282 3699 1651 3768 promittome
1672 3700 1726 3754 in
1756 3702 1927 3772 teipso
1948 3712 2132 3758 osten-

552 3798 739 3845 surum
765 3799 1024 3856 personas
1048 3785 1180 3843 duas
1209 3802 1368 3845 uuam
1409 3788 1608 3853 habere
1645 3790 1997 3851 substantiam
2023 3812 2035 3848 :
2078 3794 2135 3851 in

559 3883 630 3944 te,
678 3876 912 3947 inquam,
967 3878 1093 3947 quia
1141 3878 1415 3939 dialexeos
1443 3879 1637 3952 [Forte
1661 3882 2010 3957 διαλεκτικῶς]
2046 3902 2134 3943 me

559 3981 732 4037 agere,
764 3977 821 4025 et
857 3984 966 4025 non
993 3971 1308 4041 simpliciter
1333 3975 1932 4047 autumas.—-Serapion
1961 3978 2131 4033 dixit:

561 4059 701 4116 Doce
746 4076 874 4131 ergo
918 4056 1230 4134 simpliciter
1274 4066 1482 4133 aliquas
1520 4067 1687 4124 inme
1711 4069 1843 4124 duas
1875 4085 2133 4140 personas

563 4165 723 4205 unam
749 4150 947 4208 habere
974 4154 1687 4217 substantiam.-~Arnobius
1702 4160 1840 4217 dixit
1868 4178 1881 4213 :
1920 4160 2058 4218 Ecce
2078 4163 2132 4225 in

563 4255 672 4296 uno
718 4243 896 4313 capite
941 4251 1033 4298 tuo
1077 4244 1185 4300 duo
1233 4253 1359 4301 sunt
1392 4246 1555 4311 ouili,
1602 4248 1697 4302 sed
1734 4258 1819 4304 est
1841 4252 2139 4307 substantia

566 4348 915 4400 eorumunus
944 4342 1189 4407 aspectus
1214 4354 1227 4389 :
1258 4334 1376 4390 duae
1398 4350 1575 4403 nares,
1606 4337 1699 4395 sed
1723 4356 1857 4395 unus
1885 4342 2141 4400 odoratus

566 4431 651 4479 est
680 4442 694 4478 :
723 4423 853 4480 dure
871 4440 1046 4489 aures,
1078 4426 1171 4483 sed
1188 4443 1332 4485 unus
1358 4427 1573 4485 auditus
1599 4438 1699 4487 est.
1730 4430 1885 4500 Quod
1912 4434 1955 4488 si
1988 4436 2143 4493 unius

2238 3337 2498 3394 memoria
2522 3342 2619 3393 aut
2640 3333 2934 3407 ingenium.
2971 3327 3071 3391 aut
3101 3332 3440 3389 intellectus?
3459 3362 3529 3374 —
3541 3331 3797 3405 Serapion

2234 3426 2513 3499 respondit
2536 3423 2858 3493 :,Quomodo
2882 3423 3121 3501 perfecta
3150 3431 3331 3495 potest
3355 3424 3617 3495 sapientia
3640 3422 3795 3489 aedi,

2238 3518 2324 3579 cui
2353 3530 2516 3575 unum
2545 3515 2613 3573 de
2638 3515 2721 3571 his
2748 3512 2921 3575 tribus
2946 3513 3133 3571 deesse
3174 3513 3443 3587 potuerit?
3460 3512 3792 3571 ——Arnobius

2238 3609 2373 3671 dixit
2401 3626 2413 3662 :
2445 3604 2589 3677 Ergo
2611 3606 2657 3663 si
2680 3606 2754 3661 ita
2783 3614 2884 3671 est,
2909 3605 3073 3660 immo
3097 3605 3222 3675 quia
3243 3606 3315 3659 ita
3337 3613 3447 3671 est;
3471 3605 3597 3661 sicut
3618 3603 3668 3656 in
3688 3614 3784 3656 una

2238 3700 2499 3773 sapientia
2526 3705 2637 3757 tres
2659 3699 2773 3753 ista:
2800 3698 3132 3768 incorporea
3159 3712 3403 3766 personae
3429 3696 3724 3757 subsistunt,
3744 3690 3795 3747 id

2239 3802 2323 3851 est
2340 3792 2620 3857 memoria,
2653 3797 2707 3849 et
2734 3790 3027 3860 ingenium,
3059 3789 3460 3859 etlintellectus,
3483 3795 3684 3846 etcum
3701 3793 3801 3841 tres

2236 3886 2366 3951 sint,
2394 3900 2504 3943 non
2532 3890 2642 3940 tres
2669 3882 2887 3959 faciunt,
2916 3881 3013 3939 sed
3066 3897 3226 3938 unam
3267 3881 3582 3952 sapimtiam
3635 3880 3801 3951 perfe—

2237 3987 2399 4043 ctam,
2422 3976 2468 4031 si
2494 3983 2608 4031 tota
2636 3975 2739 4029 tria
2758 3972 2992 4044 perfecta
3013 3971 3246 4029 fuerint:
3276 3974 3351 4027 ita
3373 3976 3478 4028 una
3504 3971 3805 4041 Deitasper-

2238 4070 2377 4127 fecta
2428 4067 2531 4124 erit
2559 4068 2613 4121 in
2642 4064 2745 4122 fide
2770 4072 2974 4131 nostra,
3025 4080 3144 4122 cum
3173 4063 3466 4137 perfectum
3489 4062 3665 4119 Deum
3692 4075 3802 4118 cre-

2234 4160 2427 4217 damus
2454 4155 2689 4223 Patrem,
2716 4165 2774 4213 et
2791 4153 3003 4224 Filium,
3028 4153 3358 4226 etSpiritum
3382 4154 3631 4215 sanctum
3660 4168 3807 4210 unam

2240 4251 2463 4306 Deitatis
2488 4249 2934 4319 omnipotentiam
2978 4248 3238 4304 obtinere.
3282 4246 3351 4302 Et
3391 4249 3531 4304 sicut
3570 4262 3687 4303 non
3732 4252 3808 4301 est

2239 4345 2446 4413 integra
2472 4341 2755 4415 sapientia,
2788 4339 2878 4395 ubi
2902 4338 3173 4412 quidpiam
3214 4339 3282 4396 de
3326 4339 3562 4410 ingenio,
3613 4349 3710 4395 aut
3751 4337 3810 4393 de
3880 4407 3889 4411 _

2243 4436 2521 4505 memoria,
2547 4442 2640 4492 aut
2660 4432 2726 4490 de
2752 4432 3101 4504 intelligentia
3121 4432 3377 4500 defuerit;
3408 4434 3486 4491 sic
3506 4449 3610 4490 nec
3640 4442 3724 4493 est
3740 4432 3815 4488 in-

566 4514 877 4571 substantize
898 4517 954 4573 in
972 4524 1028 4573 te
1054 4517 1155 4574 ista
1181 4518 1308 4575 bina
1327 4520 1607 4576 continent
1630 4523 1906 4589 unitatem,
1935 4541 2043 4583 non
2063 4528 2143 4585 vis
2172 4521 2215 4589 D
2242 4536 2393 4597 tegra
2414 4527 2546 4582 ﬁdes
2571 4527 2627 4582 in
2647 4526 2863 4582 homine
2890 4540 2977 4591 eo,
3001 4525 3092 4598 qui
3113 4527 3167 4581 in
3218 4525 3375 4581 Patre
3398 4526 3701 4597 quidpiam,
3728 4530 3816 4580 aut

1724 4656 1835 4713 ru.
1877 4658 2359 4721 FEB-ABDENTH
2396 4658 2624 4718 now.
2957 4618 2962 4623 ’

637 4773 664 4802 ι
699 4762 963 4838 Sabellius
979 4766 1170 4838 nolens
1194 4765 1388 4823 .ludreis
1410 4767 1627 4822 omnino
1649 4768 2002 4838 subscribere,
2024 4769 2137 4826 Tri-

568 4835 789 4889 nitatem
821 4838 872 4889 in
900 4835 1013 4892 Deo
1041 4836 1326 4904 fatebatur,
1366 4837 1459 4893 sed
1498 4838 1792 4904 nominum,
1842 4835 2137 4896 oﬂiriorum

565 4920 632 4981 ac
683 4905 1068 4975 proprietatum
1118 4907 1498 4981 solummodo,_
1533 4925 1637 4964 non
1685 4918 1863 4965 autem
1918 4913 2137 4981 proprie

564 4976 826 5045 diptarum
856 4990 1224 5045 personarum,
1266 4978 1428 5032 veluti
1469 4978 1535 5034 de
1580 4995 1646 5034 eo
1688 4989 1743 5034 et
1783 4976 2135 5037 sectatoribus

564 5043 920 5122 testificantur
973 5046 1253 5122 Dionysius
1300 5049 1724 5122 Alexandrinus,
1774 5050 2101 5122 Epiphanius
2118 5094 2143 5119 ,κ

564 5115 799 5170 Hilarius
826 5122 987 5185 atque
1016 5115 1402 5185 Theodoretus,
1438 5127 1535 5174 etc.
1570 5115 2137 5177 Viderint-Calviniani

564 5201 811 5257 personae
833 5202 1011 5243 veram
1057 5187 1353 5262 ﬁnitionem
1378 5206 1497 5262 cum
1534 5208 1631 5247 suo
1659 5189 1881 5262 Calvino
1920 5206 2138 5262 perver-

565 5266 760 5328 tentes,
791 5272 947 5328 quam
980 5258 1203 5328 turpiter
1227 5260 1295 5314 ad
1322 5258 1653 5318 Sabellianos
1675 5258 1940 5317 deficiant.

639 5327 666 5367 ι’
700 5327 889 5384 Codex
916 5327 1077 5384 vetus
1099 5329 1327 5384 nominis
1360 5329 1580 5385 Arnobii
1616 5332 1842 5396 oblitus,
1871 5329 2007 5385 istud
2037 5329 2139 5385 Se-

570 5399 779 5471 r_apioni
809 5400 1010 5471 tribuit.
1060 5399 1259 5454 Deinde
1299 5400 1458 5455 tertio
1496 5401 1721 5471 repetit,
1753 5404 1798 5453 si
1835 5401 2062 5471 Patrem,
2093 5401 2139 5454 si

467 5483 484 5504 ο
570 5464 855 5542 Filium,__si
884 5470 1164 5541 Spiritum;
1194 5486 1294 5542 nos
1332 5487 1400 5542 se
1433 5464 1791 5542 reposuimus.
1835 5468 2133 5536 Postremo,

573 5539 853 5611 contendit,
876 5539 1265 5611 procanteggdis
1288 5539 1621 5611 scripsimus.

648 5616 672 5644 ο
710 5605 1102 5665 Vetus'codex:
1128 5606 1268 5663 Nam
1291 5605 1441 5662 debes
1466 5625 1547 5662 me
1570 5607 1861 5663 meminisse
1882 5608 2072 5665 dixisse
2092 5617 2140 5663 te

577 5689 690 5737 vere
706 5692 863 5751 unum
880 5675 1044 5751 Deum
1060 5680 1313 5751 integrum
1334 5679 1611 5751 conﬁteris,
1628 5694 1748 5751 eunt
1755 5677 1984 5751 Patrem,
2009 5686 2133 5745 etc.,

578 5759 681 5820 nos
703 5746 954 5820 ορηριςή,
985 5760 1098 5820 cum
1124 5746 1337 5820 Patrem
1356 5746 1635 5819 legendum
1657 5747 2027 5820 judicayimus.

646 5813 675 5855 ιι
713 5813 847 5871 Cum
870 5816 1099 5872 heretici
1116 5813 1488 5890 paralogismis
1515 5828 1569 5876 et
1585 5813 1747 5875 meris
1774 5818 1994 5874 fallaciis
2012 5828 2134 5874 tans

2201 5072 2210 5086 -
2239 5059 2355 5105 arte
2383 5051 2586 5121 peritus
2614 5057 2670 5104 et
2696 5050 2931 5104 munitus
2944 5058 3119 5121 esset.

2239 4780 2350 4827 tum
2391 4785 2518 4825 suos
2557 4782 2768 4826 errores
2787 4770 3025 4827 stabilire
3045 4777 3326 4837 conentur,
3358 4785 3464 4825 non
3495 4770 3695 4827 mirum
3723 4764 3767 4826 si
3793 4785 3821 4822 a

2237 4841 2540 4911 dialectica,
2562 4839 3289 4911 quiesopliismataidetegere
3308 4849 3362 4895 et
3374 4839 3623 4911 refellere
3645 4841 3818 4899 docet.

2238 4920 2296 4983 ut
2332 4911 2620 4983 plurimum
2650 4909 3006 4983 abhorreant.
3026 4909 3161 4965 Hinc
3180 4909 3328 4983 enim
3370 4910 3663 4983 Donatistae
3705 4926 3821 4983 cum

2238 4979 2535 5050 Augustino
2580 4979 2831 5049 congredi
2870 4980 3143 5044 nolebant,
3170 4980 3329 5050 quod
3374 4981 3476 5035 hac
3525 4980 3823 5050 disserendi

3214 5058 3237 5105 t
3282 5064 3544 5104 novorum
3596 5049 3823 5106 Ubiuui-

2238 5117 2621 5191 starumalter
2668 5122 2892 5191 antistes
2937 5117 3279 5186 Smidelinus,
3322 5120 3376 5174 in
3417 5120 3694 5191 colloquio
3723 5117 3825 5191 Ba-

2243 5190 2414 5262 densi,
2439 5188 2619 5262 jussus
2651 5190 2963 5262 (secundum
2983 5191 3159 5262 pacta)
3191 5191 3243 5262 in
3271 5190 3432 5262 modo
3458 5196 3513 5244 et
3533 5188 3708 5258 figura
3730 5190 3831 5262 syl-

2243 5259 2500 5330 logismos
2519 5259 2754 5328 nectere,
2779 5268 2834 5315 et
2865 5259 3157 5316 secundum
3185 5259 3583 5315 dialecticormn
3613 5259 3831 5330 regulas

2242 5332 2545 5402 disputare;
2577 5345 2697 5402 cum
2727 5331 2779 5384 id
2798 5338 3054 5401 praestare
3082 5344 3188 5383 non
3213 5337 3415 5402 posset,
3443 5330 3498 5383 in
3526 5330 3672 5402 hanc
3700 5344 3832 5402 pne-

2242 5399 2443 5469 claram
2463 5399 3069 5469 disciplinam’invectus,
3087 5415 3209 5457 cum
3225 5400 3468 5455 fanaticis
3482 5399 3832 5469 opinionibus

2241 5468 2590 5543 suis_theatro
2604 5468 2921 5543 ’exsibilatus
2943 5477 2997 5543 et
3015 5471 3198 5543 pulsus
3222 5488 3235 5523 :
3261 5469 3422 5540 paulo
3442 5468 3563 5543 post
3585 5485 3830 5527 mirarere

2240 5538 2513 5597 confectus
2542 5541 2775 5595 animam
2806 5538 3096 5596 exhalavit.

2317 5620 2341 5648 ε
2381 5608 2579 5664 Vocem
2607 5626 2764 5664 unam
2786 5610 3096 5679 adjecimus.
3425 5672 3432 5679 ,

2322 5678 2339 5717 τ
2378 5678 2546 5751 Vetus
2570 5680 2737 5733 codex
2764 5698 2776 5732 :
2811 5677 3001 5734 Edicat
3022 5678 3275 5751 Serapion
3296 5679 3366 5733 ad
3392 5677 3541 5751 hujus
3570 5677 3833 5751 reproba-

2243 5751 2429 5822 tiouem
2456 5749 2673 5822 hocrnon
2696 5751 2857 5805 solum
2880 5751 3068 5817 deesse,
3102 5749 3202 5805 etc.
3238 5749 3635 5822 Etpaulopost
3656 5769 3677 5822 ς
3730 5750 3837 5806 Sa-

2220 5818 2501 5889 ‘tisfc‘tctum
2543 5821 2727 5886 fateor,
2768 5836 2869 5891 pro
2907 5835 3019 5891 quo
3060 5836 3156 5877 nos
3194 5818 3389 5891 fatebor
3415 5818 3837 5877 collocavimus.

3584 6056 3613 6082 0
