4108 6348
549 323 652 380 ’ὶιῖ

1909 323 2178 380 ARNOBII
2217 323 2520 380 JUNIORIS

3721 324 3836 380 948

553 438 605 492 in
656 437 764 491 Deo
814 435 1010 490 ﬁndunt
1058 435 1315 500 invenies,
1365 450 1524 504 quam
1573 437 1714 505 quod
1737 444 1834 490 est.
1873 436 1982 491 lloc
2011 445 2090 489 est.
2119 455 2130 489 :
2167 449 2208 500 Α
2243 453 2308 490 ne
2331 439 2521 491 iterum
2551 451 2810 507 corporea
2833 437 2962 492 mihi
2991 437 3166 507 aliqua
3207 437 3451 507 exempla
3481 437 3676 493 afferas
3701 439 3831 508 qui-

555 527 714 582 Pater
726 527 867 580 enim
882 528 1040 579 Pater
1067 541 1221 604 verus
1241 533 1341 590 est,
1368 542 1527 582 verus
1555 528 1764 595 genitor
1791 527 1907 582 Filii
1935 547 1946 580 :
1973 545 2132 582 verus

550 619 732 684 Filius,
773 635 928 672 verus
975 618 1279 685 unigenitus
1323 617 1514 673 Patris.
1547 645 1616 662 ---
1641 619 1900 690 Serapion
1949 620 2127 674 dixit:

550 720 574 748 η
596 713 892 778 Antequam
913 718 1196 776 generaret
1216 709 1426 775 Filium,
1453 711 1820 765 tantummodo
1842 711 1983 766 Deus
1999 709 2128 775 fuit;

547 817 654 856 non
677 809 853 854 tamen
874 798 1034 854 Pater
1049 801 1415 856 ‘t—Arnobius
1437 802 1571 858 dixit
1596 821 1608 856 :
1643 801 1802 858 Erras
1823 804 1875 858 in
1903 804 2134 857 interro-

544 892 761 960 gatione
786 909 798 943 :
831 906 1047 961 semper
1073 893 1215 946 enim
1246 904 1301 947 et
1329 893 1470 948 Deus
1497 902 1553 948 et
1591 892 1750 948 Pater
1779 892 2133 949 fuit.—-Sera-

545 986 672 1056 pion
719 983 996 1054 respondit
1021 1003 1032 1036 :
1067 983 1208 1054 Ergo
1237 1001 1342 1040 non
1392 1001 1518 1041 vere
1546 987 1744 1054 genuit.
1772 1019 1843 1028 —-
1865 985 2133 1041 Arnobius

543 1075 716 1130 dixit:
768 1077 907 1132 Vere
943 1079 1143 1146 genuit.
1175 1106 1249 1116 —
1275 1077 1534 1150 Serapion
1581 1078 1858 1149 respondit
1883 1078 1984 1132 :.Si
2006 1094 2134 1134 vere

543 1160 745 1238 genuit,
798 1181 1087 1240 antequam
1139 1180 1422 1240 generaret
1474 1172 1636 1235 Deus,
1690 1172 1830 1227 Deus
1849 1170 1944 1226 fuit
1977 1190 1988 1225 :
2021 1188 2132 1226 non

545 1269 723 1317 tamen
753 1270 808 1316 et
831 1260 992 1316 Pater
1012 1263 1168 1317 simul
1197 1278 1316 1318 esse
1339 1263 1511 1334 potuit
1539 1273 1826 1334 antequam
1848 1275 2133 1334 generaret

544 1355 664 1419 iste,
696 1356 789 1424 qui
828 1356 1376 1423 genuit.—-Arnobius
1407 1356 1576 1412 dixit:
1624 1357 1748 1413 Ideo
1776 1373 2014 1414 errorem
2042 1375 2134 1431 pa-

544 1448 696 1511 teris,
719 1447 844 1516 quia
871 1447 1115 1502 humanae
1143 1447 1446 1517 fragilitatis
1470 1451 1929 1520 comparationem
1958 1452 2132 1506 omni-

546 1539 799 1608 potentiae
845 1538 1036 1593 divinae
1093 1539 1358 1610 impingis.
1418 1540 1591 1596 Homo
1645 1541 1813 1596 enim-
1843 1549 2131 1612 antequam

548 1628 738 1685 Filium
769 1630 964 1685 habeat
995 1633 1364 1688 tantummodo
1409 1633 1574 1688 homo
1621 1643 1704 1688 est
1736 1652 1748 1687 :
1781 1641 1968 1704 postea
2000 1650 2130 1690 vero

545 1737 705 1792 quam
729 1723 918 1778 Filium
942 1724 1143 1781 habere
1170 1727 1412 1796 cmperit,
1437 1735 1493 1782 et
1512 1727 1674 1782 homo
1703 1735 1804 1793 est,
1837 1728 1980 1796 quod
1996 1727 2125 1794 fuit;

2237 532 2336 584 bus
2383 531 2568 586 nitaris
2598 531 2914 601 incorporea
2943 539 3217 599 coartare.
3240 557 3310 568 -ο
3331 530 3597 586 Arnobius
3643 530 3784 588 dixit
3808 550 3825 587 :

2235 621 2351 677 Jam
2393 624 2556 679 timeo
2585 623 2923 694 prudentiam
2954 635 3098 677 tuam
3129 625 3181 677 in
3222 624 3321 678 hac
3349 631 3503 693 parte
3523 622 3825 682 offendere.

2235 712 2567 783 -—Serapion
2591 714 2764 769 dixit:
2797 713 2913 769 Non
2946 728 3118 768 meam
3159 712 3518 783 prudentiam,
3569 713 3665 768 sed
3704 729 3830 769 om-

2236 805 2381 858 nium
2415 805 2753 874 cognitorum
2784 812 2840 860 et
2862 803 3464 874 judicum.-—Arnobius
3485 803 3621 858 dixit
3645 821 3658 856 :
3685 802 3829 860 Audi

2235 909 2364 964 ergo
2384 896 2756 967 incorporeum
2783 891 3187 967 generationem
3207 894 3274 951 de
3293 910 3558 966 corporeo
3579 897 3823 953 homine.

2232 986 2568 1058 ——Serapion
2599 988 2770 1043 dixit:
2802 988 2861 1044 in
2894 988 3232 1044 dialecticum
3275 987 3546 1060 sophisma
3575 1005 3832 1060 prorum-

2233 1083 2334 1152 pis.
2359 1083 2719 1138 —-Arnobius
2766 1083 2938 1139 dixit:
2989 1077 3339 1138 Dialecticum
3385 1081 3660 1153 sophisma
3689 1082 3834 1137 duas

2234 1173 2397 1231 facies
2419 1175 2611 1246 recipit
2637 1193 2650 1228 :
2683 1183 2739 1230 et
2764 1182 2819 1229 ut
2851 1190 3039 1230 verum
3067 1175 3326 1244 probetur
3351 1173 3496 1242 quod
3541 1173 3826 1238 astruitur,

2233 1273 2289 1322 et
2316 1282 2424 1322 non
2454 1282 2642 1321 verum
2669 1282 2736 1322 ex
2755 1266 2933 1336 aliqua
2957 1274 3113 1337 parte
3139 1273 3414 1332 arguatur.
3465 1263 3618 1320 Nunc
3641 1274 3827 1320 autem

2232 1358 2378 1428 quod
2406 1357 2613 1422 dixero,
2645 1374 2766 1413 cum
2793 1359 3074 1413 veritatem
3123 1357 3297 1412 solum
3327 1356 3626 1422 ostendam,
3657 1365 3715 1411 et
3754 1374 3829 1413 ex

2233 1451 2377 1505 nulla
2425 1458 2578 1521 parte
2619 1449 2837 1505 fallaciae
2883 1459 3064 1505 notam
3107 1449 3363 1515 incurrat,
3409 1447 3684 1518 quomodo
3725 1464 3832 1516 po-

2232 1544 2359 1600 terit
2405 1544 2742 1600 dialecticum
2770 1543 2917 1614 quod
2956 1543 3162 1612 ingero,
3211 1541 3402 1612 argui?
3426 1539 3673 1613 Nunquid
3698 1557 3829 1597 nam

2231 1636 2277 1692 si
2301 1635 2510 1696 dixero.
2544 1651 2649 1690 vox
2694 1636 2926 1690 hominis
2964 1636 3283 1706 incorporea
3313 1642 3415 1700 est,
3465 1634 3830 1690 mentior?—

2231 1728 2495 1800 Serapion
2519 1728 2653 1783 dixit
2677 1747 2690 1782 :
2723 1727 2854 1796 Quis
2873 1728 3016 1782 enim
3037 1742 3226 1783 vocem
3247 1741 3482 1796 unquam
3504 1741 3826 1795 corpoream

545 1824 599 1871 et
617 1804 769 1886 pater
797 1832 916 1872 esse
946 1817 1152 1888 incipit,
1181 1819 1326 1888 quod
1349 1827 1638 1890 antequam
1660 1817 1824 1874 tilium
1845 1829 2129 1888 generaret
2232 1821 2430 1877 dixerit
2455 1820 2780 1892 aliquando?
2801 1847 2874 1859 ——
2897 1821 3167 1875 Arnobius
3200 1819 3337 1875 dixit
3367 1837 3380 1872 :
3413 1819 3531 1875 Non
3557 1819 3694 1875 dixit
3719 1821 3828 1876 hoc

545 1923 662 1964 esse
691 1923 798 1963 non
832 1911 1024 1980 potuit.
1061 1909 1209 1966 Hanc
1236 1911 1487 1979 iniuriam
1513 1911 1623 1966 Deo
1653 1927 1721 1966 ne
1748 1909 1956 1966 feeeris.
1992 1913 2132 1968 Deus

546 2011 627 2059 est
653 2004 1000 2068 immutabilis
1029 2013 1082 2059 et
1111 2020 1449 2075 permanens,
1483 2005 1614 2060 nihil
1637 2007 1690 2060 in
1714 2021 1771 2061 se
1810 2007 2002 2076 recipit
2029 2021 2130 2062 no-

546 2110 669 2151 vum
695 2115 708 2150 :
741 2112 952 2167 semper
977 2098 1119 2152 enim
1151 2096 1250 2152 fuit
1269 2107 1323 2152 et
1353 2098 1493 2153 Deus
1514 2107 1570 2153 et
1599 2099 1775 2164 Pater,
1803 2113 1902 2154 nec
1930 2099 2004 2154 illi
2026 2098 2132 2154 hoc

547 2201 742 2245 nomen
771 2191 1107 2260 paternitatis
1136 2190 1360 2246 accessit
1384 2210 1394 2242 :
1422 2191 1674 2262 quoniam
1697 2205 1857 2246 omne
1885 2189 2028 2262 quod
2049 2205 2132 2246 ao-

546 2283 730 2338 cidens
749 2291 851 2348 est,
879 2284 1130 2338 recedere
1159 2292 1366 2353 potest;
1399 2295 1454 2339 et
1482 2285 1626 2354 quod
1650 2285 1905 2340 recedere
1931 2291 2129 2355 potest,

548 2374 708 2430 etiam
730 2374 962 2429 deticere
990 2382 1186 2443 potest.
1217 2375 1477 2430 Divinitas
1505 2384 1703 2437 autem,
1737 2389 1856 2446 qua:
1885 2375 2135 2430 immuta-

549 2466 672 2522 bilis
692 2475 1020 2536 perseverat,
1054 2467 1124 2520 nil
1151 2467 1201 2520 in
1231 2483 1289 2521 se
1311 2484 1376 2521 ex
1406 2467 1669 2522 accidenti
1691 2467 1893 2537 aliquid
1921 2467 2132 2538 recipit.

551 2557 666 2612 Hoc
694 2559 837 2614 enim
867 2567 949 2613 est
977 2558 1155 2624 hodie,
1205 2559 1348 2629 quod
1388 2573 1600 2630 semper
1643 2558 1755 2613 fuit.
1813 2559 1956 2614 Nihil
1992 2559 2134 2615 enim

551 2651 689 2706 sicut
715 2650 827 2716 tibi,
879 2666 912 2704 ο
946 2649 1130 2715 homo,
1160 2649 1371 2704 deﬁciet
1400 2665 1468 2707 ex
1488 2651 1782 2721 pueterito,
1815 2652 2056 2723 nihilque
2086 2652 2137 2707 ei

551 2741 620 2798 de
639 2743 818 2797 futuro
845 2751 1120 2798 excrescet
1147 2759 1157 2794 :
1189 2758 1291 2797 nec
1318 2743 1398 2798 sic
1425 2741 1479 2801 ei
1506 2750 1748 2813 tempora
1791 2743 2138 2799 dominantur

551 2841 610 2888 ut
657 2834 771 2900 tibi,
813 2835 903 2905 qui
932 2833 1075 2889 fuisti
1101 2834 1249 2904 prius
1289 2832 1602 2901 infantulus,
1634 2841 1820 2905 postea
1860 2835 2133 2906 puerulus,

551 2924 746 2980 deinde
768 2923 1000 2994 juvenis,
1033 2935 1221 2996 postea
1261 2941 1447 2989 senex,
1495 2935 1620 2997 post
1661 2935 1994 2982 senectutem
2042 2928 2137 2983 tibi

555 3017 674 3072 linis
720 3019 972 3072 occurrit.
1028 3018 1142 3073 Hoc
1176 3019 1388 3089 penitus
1408 3020 1462 3074 in
1484 3020 1651 3076 Deum
1672 3021 1717 3075 si
1745 3022 2018 3091 putaveris
2043 3037 2138 3078 ve—

555 3109 689 3171 nire,
713 3117 770 3163 et
795 3109 990 3164 stultus
1012 3110 1331 3177 ostenderis,
1356 3119 1412 3167 et
1431 3111 1774 3183 blasphemus
1819 3115 2137 3171 execrabilis

2238 1911 2396 1976 ullus,
2423 1921 2602 1966 tamen
2632 1925 2733 1980 ego
2760 1911 2867 1967 hoc
2909 1911 3034 1967 volo
3064 1911 3243 1967 dicere
3271 1911 3414 1981 quod
3456 1927 3560 1967 vox
3589 1912 3829 1967 hominis

2237 2003 2555 2074 incorporea
2583 2003 2654 2058 sit
2675 2001 3011 2074 —Serapion
3033 2003 3169 2059 dixit
3193 2021 3207 2056 :
3232 2002 3348 2059 Hoc
3375 2003 3510 2058 dicis
3536 2003 3682 2074 quod
3705 2004 3829 2059 nul.

2237 2095 2320 2150 lus
2348 2095 2576 2163 ignorat.
2599 2123 2672 2134 —
2689 2092 2958 2148 Arnobius
2983 2093 3118 2148 dixit
3146 2111 3160 2147 :
3200 2092 3281 2148 Ex
3307 2109 3442 2150 voce
3469 2095 3692 2149 verbum
3725 2111 3823 2149 na-

2234 2186 2423 2252 scitur,
2456 2202 2525 2241 an
2571 2203 2676 2241 vox
2703 2201 2770 2242 ex
2797 2184 3339 2257 veerY—Serapion
3383 2185 3558 2242 dixit:
3591 2186 3669 2242 Ex
3691 2203 3829 2245 voce

2248 2280 2556 2336 verbum.-—
2566 2280 2832 2337 Arnobius
2845 2280 2980 2335 dixit
2994 2298 3008 2334 :
3025 2280 3256 2336 Verbum
3267 2281 3412 2351 quod
3423 2297 3489 2358 ex
3506 2282 3825 2352 incorporea

2252 2378 2372 2429 Voce
2425 2382 2610 2428 natum
2639 2381 2723 2429 est
2757 2387 3112 2444 corporeum,
3165 2387 3234 2427 an
3284 2372 3653 2443 incorporeum
3695 2377 3826 2428 est?

2237 2465 2576 2536 —Serapion
2604 2465 2776 2520 dixit:
2807 2464 3212 2536 incorporeum.
3231 2493 3304 2504 ——
3324 2465 3592 2520 Arnobius
3637 2464 3773 2520 dixit
3807 2483 3824 2519 :

2238 2557 2378 2614 Ecce
2418 2573 2486 2613 ex
2537 2559 2854 2629 incorporea
2888 2572 3024 2614 voce
3059 2573 3238 2613 sermo
3276 2565 3432 2612 natus
3475 2557 3828 2627 incorporeus

2240 2649 2380 2704 ﬁlius
2407 2649 2552 2706 vocis
2577 2659 2677 2706 est.
2713 2649 2738 2689 δ
2762 2650 2843 2704 An
2873 2650 3043 2721 possit
3071 2651 3340 2720 posterior
3365 2650 3634 2704 inveniri?
3671 2648 3827 2716 Quod

2239 2742 2286 2797 si
2332 2750 2540 2812 tempus
2593 2741 2796 2796 nullum
2826 2742 2967 2797 inter
3017 2737 3237 2796 verbuin
3267 2750 3336 2817 ‘et
3363 2755 3552 2796 vocem
3584 2741 3827 2795 invenire

2240 2833 2520 2904 praevales,
2544 2831 2816 2901 quomodo
2838 2833 2979 2887 inter
2996 2830 3210 2888 Patrem
3237 2841 3293 2887 et
3321 2831 3512 2887 Filium
3537 2831 3706 2887 Deum
3730 2831 3828 2885 im-

2239 2925 2553 2979 mutabilem
2577 2924 2813 2979 medium
2842 2924 3057 2994 aliquod
3088 2933 3298 2996 tempus
3318 2924 3561 2978 invenire
3588 2923 3827 2993 poteris?

2239 3015 2299 3070 In
2319 3015 2422 3070 hac
2447 3022 2627 3069 autem
2650 3015 2764 3085 ipsa
2788 3015 3057 3084 indagine,
3080 3017 3240 3070 etiam
3270 3015 3503 3085 Spiritus
3524 3015 3698 3070 sancti
3720 3030 3826 3069 non

2241 3114 2324 3162 est
2370 3105 2768 3161 intermittenda
2801 3107 2958 3161 tertia
3006 3121 3253 3176 persona.
3285 3104 3420 3172 Quia
3447 3120 3569 3160 cum
3591 3120 3662 3161 ex
3696 3120 3827 3161 voce

553 3201 940 3271 comprobaris.
962 3229 1033 3240 -—-
1056 3202 1318 3274 Serapion
1361 3205 1637 3274 respondit
1668 3223 1683 3260 :
1731 3206 1955 3261 Avertat
1995 3207 2135 3262 hanc
2161 3194 2207 3257 C
2237 3199 2476 3254 nascitur
2501 3213 2697 3264 sermo,
2721 3196 2878 3254 ﬂatus
2907 3215 3015 3255 non
3045 3199 3332 3264 nascendo,
3365 3199 3460 3256 sed
3485 3198 3844 3269 procedendo,

553 3293 940 3365 blasphemiam
958 3296 1114 3361 Deus,
1140 3311 1259 3365 qua:
1281 3313 1421 3352 nunc
1435 3298 1660 3353 stultitia
1678 3307 1803 3354 nata
1830 3300 1885 3354 in
1912 3299 2136 3356 ridiculo

553 3384 1013 3456 blasphemantem
1044 3388 1582 3456 arguit.—-Arnobius
1609 3390 1742 3445 dixit
1768 3408 1780 3444 :
1813 3389 1954 3460 Ergo
1996 3385 2138 3449 Deus

554 3477 898 3533 immutabilis
938 3489 1038 3544 est,
1086 3495 1152 3533 an
1180 3489 1417 3536 mutatur
1457 3483 1510 3536 in
1539 3483 1759 3552 aliquo?
1784 3483 2136 3553 4-Serapion

554 3569 868 3640 respondit:
922 3569 1271 3628 lmmutabilis
1314 3582 1398 3628 est
1446 3574 1633 3630 Deus:
1681 3575 1777 3632 sed
1838 3584 2015 3631 tamen
2084 3585 2137 3632 te

555 3668 830 3716 astruente
873 3661 1014 3732 quod
1056 3665 1241 3731 genuit
1281 3664 1490 3731 Filium,
1516 3667 1786 3722 mutabilis
1813 3669 2130 3722 ostenditur.

553 3752 895 3810 --Aruobius
934 3753 1068 3810 dixit
1106 3775 1118 3808 :
1164 3756 1377 3814 Reverti
1427 3759 1684 3816 habemus
1728 3762 1796 3816 ad
1849 3777 2134 3832 compara-

553 3847 728 3901 tiones
743 3846 972 3919 aliquas,
998 3864 1095 3919 per
1108 3865 1241 3918 quas
1261 3851 1608 3907 ostendamus
1630 3853 1707 3909 sic
1726 3855 1894 3918 nasci,
1919 3863 1978 3908 ut
1999 3855 2138 3909 inter

551 3947 898 4005 generantem
919 3947 975 3995 et
995 3951 1309 4010 generatum
1329 3944 1472 3998 nulla
1493 3945 1664 4014 possit
1695 3953 1994 4016 temporum
2017 3962 2136 4003 esse

551 4029 765 4086 divisio.

628 4119 1074 4193 Vll.—Serapion
1104 4125 1240 4180 dixit
1267 4143 1280 4178 :
1312 4124 1516 4180 Novam
1545 4142 1658 4182 rem
1689 4127 1870 4193 audio,
1911 4137 1971 4182 ut
2000 4129 2138 4183 inter

552 4223 902 4282 generantem
931 4225 986 4270 et
1008 4225 1316 4284 generatum
1337 4218 1539 4272 nullum
1565 4219 1798 4273 medium
1829 4221 1996 4288 pcssit
2011 4217 2151 4275 tem-'

554 4320 657 4380 pus
686 4307 1262 4364 ostendi.—-!Arnobius
1289 4309 1461 4364 dixit:
1491 4310 1620 4366 ideo
1645 4313 1952 4380 cognitores
1979 4313 2137 4369 habe-

556 4413 676 4456 mus
704 4410 760 4454 nt
781 4399 1010 4470 iudices,
1042 4407 1100 4453 ut
1139 4416 1419 4456 vereamur
1459 4419 1560 4458 nos
1600 4403 1778 4460 dicere
1825 4401 2136 4464 o'stensuros

558 4490 700 4560 quod
724 4489 1007 4545 ostendere
1037 4506 1143 4544 non
1164 4491 1759 4566 valemus.—Serapion
1782 4495 1919 4552 dixit
1950 4515 1962 4550 :
1994 4498 2137 4554 Cave

2241 3292 2530 3360 egreditur,
2553 3307 2650 3362 per
2667 3307 2828 3361 quem
2847 3292 2996 3348 vocis
3016 3293 3163 3347 verbi
3194 3293 3473 3361 integritas
3491 3293 3821 3347 custoditur:

2245 3385 2316 3438 ita
2345 3393 2401 3438 et
2428 3382 2657 3454 Spiritus
2679 3391 2896 3438 sanctus
2920 3386 3218 3454 procedens
3236 3399 3304 3438 ex
3334 3381 3512 3447 Patre,
3550 3398 3648 3453 per
3665 3396 3825 3452 quem

2243 3476 2449 3546 integra
2476 3485 2531 3530 et
2550 3475 2785 3546 perlecta
2798 3475 3032 3530 Trinitas
3053 3475 3104 3528 in
3127 3475 3406 3531 catholicis
3427 3475 3821 3530 deﬁnitionibus

2241 3567 2560 3630 custoditur,
2587 3567 2840 3638 patefacit
2865 3583 2973 3622 non
3005 3566 3169 3622 fuisse
3197 3583 3434 3636 unquam
3453 3568 3562 3621 sine
3592 3566 3698 3619 tilio
3726 3579 3816 3635 pa-

2242 3671 2398 3718 trem.
2423 3693 2492 3703 —
2511 3660 2726 3716 Iudices
2753 3661 2864 3716 dati
2894 3662 3147 3716 dixerunt
3179 3680 3191 3713 :
3226 3660 3575 3716 Prnbabiliter
3597 3659 3823 3713 Aruobii

2241 3757 2466 3812 assertio
2490 3764 2734 3811 sanctum
2755 3767 2972 3826 quoque
3000 3754 3257 3826 Spiritum
3279 3771 3400 3810 cum
3424 3752 3581 3808 Patre
3609 3761 3664 3806 et
3685 3751 3826 3808 Filio

2241 3848 2517 3904 evidenter
2545 3849 2794 3918 exposuit
2825 3867 2838 3901 :
2871 3849 2914 3903 si
2943 3856 3068 3902 sunt
3097 3847 3199 3901 alia
3247 3863 3366 3916 qua:
3403 3843 3638 3900 nondum
3683 3844 3828 3900 dicta

2240 3950 2385 4008 sunt,
2411 3939 3108 4012 proferantur.——Serapiou
3131 3941 3267 3995 dixit
3290 3959 3302 3993 :
3328 3939 3458 4006 Qua:
3484 3954 3570 3992 me
3585 3945 3825 4000 movent,

2239 4033 2285 4088 si
2314 4050 2421 4088 non
2451 4035 2747 4104 protulero,
2779 4034 3132 4090 cassabuntur
3159 4033 3212 4086 in
3243 4033 3424 4087 animo
3455 4047 3576 4086 meo
3605 4047 3669 4086 ea
3709 4046 3830 4100 qua:

2239 4127 2524 4198 explanata
2561 4136 2702 4191 sunt,
2747 4142 2845 4197 per
2883 4141 2948 4181 ea
2995 4141 3115 4196 qua:
3145 4126 3363 4180 minime
3391 4125 3600 4194 prolata
3632 4124 3698 4178 ad
3729 4141 3827 4180 ex-

2239 4221 2585 4291 plicationem
2601 4218 2905 4288 pertingere
2927 4215 3337 4287 potuerunt.-—J
3347 4217 3526 4271 udiees
3550 4217 3660 4271 dati
3684 4216 3829 4272 dixe-

2240 4321 2364 4368 runt
2397 4330 2410 4366 :
2445 4310 2754 4366 Videbimur
2803 4318 2858 4364 et
2912 4325 3012 4364 nos
3065 4325 3206 4363 vano
3248 4308 3432 4363 labore
3471 4307 3680 4376 fatigari
3731 4324 3828 4362 au-

2239 4403 2458 4468 diendo,
2485 4410 2540 4458 et
2566 4419 2663 4457 vos
2690 4403 2810 4458 sine
2829 4416 2991 4458 causa
3011 4401 3259 4456 laborare
3285 4399 3537 4463 dicendo,
3567 4399 3610 4455 si
3641 4413 3704 4453 ea
3741 4415 3830 4454 re-

2242 4505 2495 4558 petantur
2520 4511 2641 4551 cum
2669 4493 2819 4552 ﬁnita
2844 4502 3156 4552 noscuntur.
3191 4491 3343 4548 Unde
3386 4492 3682 4549 cavendum
3733 4493 3831 4547 tibi

1719 4630 1829 4687 FB.
1871 4629 2361 4686 FEU-ARDENTH
2399 4627 2628 4688 NOTE.

632 4757 656 4786 ι
694 4745 1017 4816 Huiusmodi
1034 4745 1194 4800 fuisse
1222 4744 1537 4816 Arianorum
1567 4741 1940 4802 delirationem
1972 4753 2137 4802 testa-
2167 4749 2213 4808 D
2238 4761 2354 4816 qua
2385 4743 2525 4800 Deus
2549 4755 2646 4808 est,
2685 4743 2956 4801 intervalla
3006 4754 3289 4816 teniporum
3340 4742 3488 4816 nulla
3540 4749 3707 4816 sunt,“
3742 4763 3837 4814 per

557 4826 646 4872 tur
665 4815 967 4873 Alexander
987 4815 1628 4886 EcclesiaeAlexandrinaa
1650 4818 1970 4886 patriarcha,
1991 4817 2136 4870 velut

557 4905 625 4942 ex
647 4887 762 4956 ejus
783 4889 848 4942 ad
870 4903 1058 4956 omnes
1075 4885 1368 4941 catholicos
1389 4887 1613 4956 epistola
1632 4886 1868 4942 referunt
1887 4886 2139 4942 Socrates

560 4955 701 5028 (Lib.
728 4975 746 5012 ι
775 4956 939 5022 Hist,
962 4975 1006 5011 ο.
1033 4955 1087 5024 6)
1110 4965 1164 5012 et
1184 4955 1517 5028 Nicephorus
1539 4956 1675 5028 (Lib.
1710 4973 1827 5028 1ηςζ
1858 4956 1932 5028 81.
1961 4957 2134 5028 Atha-

556 5024 739 5085 nasius
754 5029 834 5082 his
849 5029 1024 5082 vrrbis
1043 5041 1160 5080 eam
1181 5024 1336 5081 offert
1359 5025 1493 5095 (Lib.
1511 5027 1574 5080 de
1589 5027 1728 5081 Unit.
1748 5026 1853 5081 SS.
1881 5025 2092 5093 Trinit.)
2119 5043 2132 5080 :

557 5097 716 5162 Deus,
747 5097 1108 5170 ἱηιιιιὶι-Αγῆιη2
1139 5099 1366 5167 potentia
1393 5099 1595 5169 quidem
1609 5113 1825 5166 semper,
1843 5095 1934 5150 sed
1955 5095 2137 5164 eﬁ‘ectu

557 5185 659 5240 non
689 5166 886 5240 semper
907 5166 1066 5222 Pater
1085 5166 1183 5240 fuit
1208 5184 1224 5222 :
1247 5178 1296 5221 et
1323 5166 1597 5240 antequam
1617 5176 1881 5240 generaret
1900 5181 2004 5240 non
2024 5177 2136 5240 erat

557 5238 737 5303 Pater,
787 5237 878 5292 sed
921 5249 1034 5292 erat
1085 5235 1408 5308 omnipotens
1445 5237 1596 5308 Deus.
1619 5235 1732 5308 Sed
1764 5237 1886 5308 huic
1915 5236 2134 5308 insaniae

555 5310 633 5363 sic
657 5309 795 5364 idem
829 5308 1148 5363 Athanasius
1169 5305 1402 5363 occurrit
1419 5306 1556 5377 (Lib.
1583 5322 1650 5360 xv
1669 5307 1733 5378 de
1760 5306 1928 5378 ’lfrin.,
1948 5305 2126 5378 c326):

568 5378 752 5433 Verum
805 5378 1010 5433 Patrem
1066 5376 1447 5442 sempiternum,
1503 5393 1646 5430 uerus
1687 5377 1914 5431 derlarat
1967 5376 2131 5432 Filius

554 5453 913 5504 semm‘terrms.
940 5451 1025 5520 qui
1047 5450 1118 5520 de
1135 5459 1368 5520 conatus
1389 5459 1466 5501 est
1492 5463 1508 5500 :
1539 5458 1587 5500 et
1607 5465 1775 5500 rerum
1801 5446 1844 5499 F
1850 5449 1990 5501 ilium
2012 5466 2132 5520 srm-

557 5521 828 5589 piteruum,
863 5518 1005 5574 verus
1039 5518 1211 5589 Pater_
1233 5519 1552 5571 demonstrat
1604 5519 1956 5589 sempiternus.
2010 5518 2135 5573 Ideo

558 5587 816 5660 nunquam
855 5590 1008 5643 Pater
1028 5591 1137 5643 sine
1168 5587 1326 5648 Filio,
1357 5590 1486 5660 qui:
1504 5604 1702 5660 semper
1726 5587 1890 5641 Fitéus
1915 5592 2136 5658 fuitcum

567 5655 738 5710 Puero.
773 5660 1092 5730 Augustinus
1121 5675 1250 5712 vero
1281 5655 1400 5712 ait':
1437 5655 1598 5712 Nulla
1616 5655 1691 5712 ibi
1721 5655 1948 5727 tempora
1997 5662 2139 5730 cogi-

565 5735 745 5799 tentur,
773 5745 912 5799 (qut!
961 5729 1146 5799 habent
1190 5732 1331 5797 prius
1378 5740 1427 5784 et
1466 5731 1712 5799 posterius
1744 5732 1901 5799 :quia
1929 5729 2138 5784 omnino

565 5746 745 5790 temur,
798 5746 912 5797 qut!
961 5746 1145 5782 navent
1190 5746 1331 5797 prius
1378 5746 1427 5784 et
1501 5746 1712 5784 ostentis
1744 5746 1901 5799 :qma
1929 5747 2137 5784 omnino

561 5797 703 5851 nulla
743 5796 812 5853 ibi
864 5806 1028 5870 sunt;
1051 5797 1120 5852 Et
1167 5800 1362 5855 iterum
1397 5818 1407 5854 :
1443 5746 1508 5856 lt)!
1537 5801 1628 5856 illa
1654 5816 1854 5856 summa
1886 5799 2137 5856 Trinitate

2240 4812 2354 4888 qua
2392 4817 2552 4886 possit
2578 4816 2797 4882 ostendi,
2831 4827 2920 4870 aut
2947 4812 3156 4940 reguiri,
3187 4824 3361 4868 utrum
3388 4815 3530 4885 prius
3559 4812 3624 4867 de
3667 4812 3838 4869 Patre

2241 4896 2394 4940 natus
2421 4889 2488 4940 sit
2509 4886 2700 4940 Filius.
2731 4897 2781 4940 et
2800 4896 2976 4940 postea
3032 4903 3061 4940 e
3087 4883 3334 4940 ambobus
3361 4885 3668 4940 processerit
3697 4885 3827 4940 Sni-

2241 4883 2400 4968 natus'
2421 4889 2488 4942 sit
2509 4886 2700 4968 Filius,
2731 4897 2781 4941 et
2799 4896 2976 4957 postea
2997 4883 3061 4940 de
3087 4883 3334 4940 ambobus
3361 4883 3668 4957 processerit
3697 4885 3827 4957 Spio

2240 4966 2368 5011 ritus
2387 4969 2616 5019 sanctus,
2643 4966 2743 5014 etc.
3523 5007 3526 5010 .

2311 5026 2338 5064 δ
2365 5025 2548 5083 Codex
2581 5038 2732 5084 vetus
2764 5045 2777 5080 :
2807 5025 2978 5081 Filius
3004 5028 3140 5082 vocis
3154 5034 3248 5090 est,
3280 5027 3443 5096 possit
3469 5024 3838 5096 posterior-ju-

2237 5099 2419 5152 veniri.
2451 5097 2586 5153 Cum
2615 5115 2681 5153 ex
2707 5099 2791 5153 his
2819 5097 3022 5152 nullum
3050 5095 3328 5160 possemus
3353 5095 3568 5150 senSum
3605 5095 3832 5160 elicere,

2239 5168 2556 5230 addidimus,
2588 5170 2680 5240 An,
2708 5169 2885 5240 possit.
2915 5167 2989 5221 De
3027 5167 3151 5240 Fi_ll_
3180 5182 3342 5240 porro
3370 5174 3568 5240 ἕψει-ηε
3597 5177 3838 5240 genera:

2242 5239 2391 5292 tione
2428 5240 2613 5294 scribit
2641 5235 3005 5293 Naiianzeuds
3045 5235 3262 5300 (Lib.’m
3286 5237 3349 5304 de
3373 5235 3649 5307 Theolog.)
3685 5255 3699 5289 :
3737 5236 3837 5291 Dei

2235 5310 2508 5380 generatio.
2529 5310 2732 5380 silentio
2775 5319 2852 5363 est
2890 5307 3124 5362 colenda.
3150 5307 3218 5361 Et
3238 5307 3373 5380 quod
3399 5323 3525 5360 sane
3551 5319 3836 5377 generatas

2240 5377 2308 5432 sit
2332 5377 2376 5430 F
2378 5379 2499 5432 ilius
2529 5379 2769 5434 didicisse
2798 5390 2846 5433 te
2871 5395 3114 5450 magnum
3133 5377 3378 5450 quiddam
3406 5393 3518 5430 esse
3556 5393 3836 5432 concesse-

2243 5465 2549 5523 ro_:Areru_m
2595 5450 2849 5523 quomodo
2887 5449 3275 5523 generatus_sit_
3311 5464 3491 5523 nosse,_
3521 5449 3838 5523 negngelis

2275 5519 2443 5574 itidem
2472 5515 2648 5576 datum
2675 5538 2786 5575 esse
2813 5515 3126 5575 concessero.
3159 5518 3224 5573 Et
3250 5518 3562 5572 Ambrosius
3592 5515 3743 5587 (Lib.
3775 5519 3841 5572 de

2294 5591 2388 5653 id.,
2414 5591 2481 5644 ad
2510 5589 2684 5663 Grut.)
2717 5609 2730 5645 :
2763 5591 3047 5663 Sciregticet
3073 5592 3208 5663 quod
3242 5599 3394 5663 nauis
3420 5590 3520 5646 sit:
3546 5591 3837 5663 quomodo,

2242 5662 2493 5732 discutere
2530 5679 2634 5716 non
2665 5661 2800 5716 tiret.
2833 5661 3064 5731 Ephrem
3085 5658 3274 5732 'Syrus
3289 5658 3602 5732 elegantem
3631 5658 3838 5732 librum

2240 5731 2692 5854 edidit‘adversus
2718 5747 2832 5798 eos,
2863 5726 2958 5802 qui
3000 5726 3248 5787 naturam
3288 5728 3407 5784 Filii
3449 5726 3546 5784 Dei
3591 5730 3839 5786 scrutari

2240 5817 2308 5854 νο
2331 5819 2399 5854 “ﬂ
2431 5841 2446 5854 .

2239 5809 2446 5857 volunt.
