4108 6348
579 262 681 325 251

1910 255 2179 312 ARNOBII
2221 255 2520 310 JUNIORIS

3754 249 3866 304 9.5!

582 358 767 437 Filius.
796 378 1065 453 perfectus
1118 378 1289 441 Deus,
1340 363 1571 448 Spiritus
1624 384 1842 432 sanctus
1900 376 2165 446 perfectus
2193 381 2240 437 Α
2270 377 2405 431 dixit
2440 395 2450 429 :
2484 377 2559 458 ita
2588 384 2689 431 est.
2725 408 2797 420 —
2825 376 3093 433 Arnobius
3120 375 3293 432 dixit:
3328 374 3445 458 Lux
3473 388 3599 449 qua:
3622 387 3719 428 eos
3747 388 3864 428 ma-

580 474 742 530 Dens.
776 472 852 528 ita
878 472 1047 526 dicis?
1074 504 1143 513 —-
1170 471 1435 526 Arnobius
1475 470 1612 527 dixit
1645 489 1657 524 :
1689 470 1768 525 ita
1790 469 1934 531 dico.
1968 498 2040 508 --
2063 469 2165 551 Se—

582 566 772 643 rapion
820 563 955 623 dixit
1003 581 1015 615 :
1062 561 1200 621 Etsi
1230 563 1304 621 ita
1332 562 1485 631 dicis,
1521 572 1548 600 ι
1588 562 1862 635 quomodo
1894 570 2005 618 tres
2036 562 2168 618 deos

586 674 702 717 esse
742 673 848 715 non
879 656 1087 713 credis?
1112 684 1185 695 —-
1225 656 1495 712 Arnobius
1536 656 1673 713 dixit
1714 675 1728 710 :
1769 654 1839 713 Et
1874 656 1919 713 si
1967 655 2167 711 oblivio

580 751 655 815 tui
686 750 1008 819 dominatur,
1036 765 1144 805 non
1165 749 1474 807 dominatur
1504 749 1559 803 in
1596 749 1860 807 universis
1882 748 2169 818 cognitori-

576 844 679 900 bus
701 850 755 897 et
770 841 1041 917 judicibus
1062 841 1353 896 attributis.
1378 840 1569 899 Sciunt
1588 841 1731 897 enim
1753 856 1840 897 me
1864 850 1920 897 et
1939 841 2166 897 duorum

580 934 880 1001 oculorum,
912 950 1078 989 unum
1113 941 1422 1009 aspectum;
1455 934 1681 993 duarum
1729 935 1956 999 aurium,
2002 950 2166 993 unum

579 1027 847 1096 auditum;
895 1036 949 1082 et
998 1027 1226 1081 duarum
1268 1043 1541 1091 manuum,
1586 1042 1749 1082 unum
1788 1035 2076 1094 attactum;
2113 1034 2170 1084 et

577 1120 801 1175 duorum
823 1120 1041 1193 pedum,
1079 1136 1240 1173 unum
1271 1133 1542 1189 gressum;
1574 1128 1628 1172 et
1653 1118 1881 1174 duorum
1904 1119 2166 1179 labiorum

576 1198 738 1285 atque
767 1210 926 1267 unius
955 1210 1165 1281 linguae,
1192 1222 1354 1271 unum
1376 1224 1705 1264 memorasse
1734 1224 2039 1264 sermonem
2067 1228 2079 1263 :
2115 1217 2167 1264 et

576 1294 872 1370 memoriae,
906 1310 1067 1370 atque
1099 1301 1483 1373 intelligentiae,
1517 1308 1571 1359 et
1610 1300 1825 1375 ingenii,
1869 1300 1953 1356 his
1998 1301 2168 1357 tribus

576 1398 737 1447 imam
779 1393 1128 1467 sapientiam;
1177 1399 1230 1449 et
1273 1400 1352 1446 tot
1393 1392 1650 1447 membris
1689 1392 1969 1463 corporeis
2011 1392 2168 1448 unius

578 1484 701 1536 vitm
730 1482 1115 1551 substantiam;
1147 1491 1201 1536 et
1242 1482 1295 1535 in
1336 1482 1570 1557 quinque
1599 1483 1844 1537 sensibus
1873 1498 2039 1538 unum
2087 1484 2163 1538 in-

578 1574 853 1629 tellectum
873 1591 887 1640 ;
911 1573 1002 1643 qui
1032 1589 1129 1643 per
1147 1574 1334 1628 oculos
1364 1573 1614 1641 videndo,
1631 1589 1729 1644 per
1755 1589 1914 1630 aures
1945 1574 2168 1630 audien-

573 1661 667 1733 do,
692 1682 787 1737 per
812 1682 872 1720 os
899 1665 1250 1734 degustando,
1274 1681 1372 1741 per
1394 1681 1553 1721 nares
1576 1666 1855 1721 odorando
1880 1667 2161 1735 intelligat.

2268 454 2538 523 nifestavit
2568 475 2710 523 totos
2737 476 2849 524 tres
2888 468 3114 541 lapides,
3147 483 3252 523 una
3278 454 3382 532 est,
3412 480 3480 521 an
3509 465 3629 521 dua:
3656 481 3726 520 an
3753 474 3865 520 tres

2266 560 2415 616 luces
2445 569 2572 616 sunt
2597 561 2827 617 diei?—
2850 558 3115 632 Serapion
3145 559 3280 617 dixit
3312 577 3326 614 :
3354 557 3487 629 Quis
3523 559 3687 629 legat
3713 559 3865 633 quod

2266 669 2372 708 una
2402 654 2491 708 lux
2523 669 2618 709 eos
2652 651 2998 709 manifestare
3036 659 3237 724 potest,
3277 650 3491 708 etiamsi
3530 650 3679 705 mille
3718 650 3865 705 sint?

2260 759 2338 789 '—
2365 744 2636 801 Arnobius
2665 743 2804 799 dixit
2839 760 2853 797 :
2895 741 3010 813 Ego
3035 742 3255 814 quidem
3293 750 3408 799 tres
3441 741 3591 807 dixi;
3617 750 3677 797 tu
3706 742 3864 797 mille

2268 837 2540 895 concedis.
2573 836 2631 892 Si
2658 850 2788 907 ergo
2827 837 2975 893 mille
3004 822 3209 908 lapides
3231 831 3461 908 pretiosi
3485 850 3596 890 uno
3623 833 3731 890 diei
3778 835 3863 891 lu-
3887 884 3891 888 .

2269 930 2414 986 mine
2439 927 2468 969 ιι
2509 940 2757 989 ornatum
2786 930 2870 987 sui
2902 930 3205 1003 splendoris
3245 929 3558 993 ostendunt,
3586 929 3862 1000 quomodo

2270 1037 2378 1081 non
2411 1022 2572 1080 Pater
2598 1032 2654 1080 et
2681 1024 2847 1081 Filius
2889 1032 2945 1080 et
2970 1023 3204 1096 Spiritus
3232 1035 3450 1081 sanctus
3472 1024 3631 1080 unius
3664 1024 3863 1080 divini-

2272 1119 2396 1174 tatis
2422 1135 2531 1173 suae
2553 1119 2997 1191 onmipotentiam
3026 1132 3134 1173 uno
3172 1116 3418 1201 pandunt
3442 1117 3671 1183 lumine,
3692 1116 3865 1180 deita-

2271 1223 2378 1270 tem
2415 1233 2521 1270 non
2548 1214 2719 1271 oculis
2744 1214 3041 1289 corporeis,
3074 1214 3170 1269 sed
3198 1213 3369 1269 oculis
3396 1211 3596 1279 cordis,
3629 1211 3673 1266 si
3705 1208 3866 1265 fuerit

2271 1307 2702 1363 ﬁdeicatholicze
2743 1307 2977 1364 fenestra
3007 1306 3285 1377 adaperta,
3314 1313 3374 1359 ut
3416 1303 3583 1358 intret
3609 1317 3709 1377 per
3744 1316 3863 1356 eam

2270 1399 2353 1455 sol
2393 1398 2634 1469 iustitiae,
2674 1406 2728 1453 et
2757 1413 2856 1453 suo
2898 1397 3101 1452 lumine
3130 1393 3444 1451 radiantur?
3492 1392 3637 1447 Vere
3680 1390 3861 1462 itaque

2270 1500 2381 1548 tres
2410 1491 2613 1563 lapides
2639 1491 2902 1565 pretiosos
2930 1488 3089 1543 unius
3121 1486 3319 1555 meriti,
3350 1485 3510 1541 unius
3542 1483 3857 1563 majestatis,

2271 1585 2427 1639 unius
2454 1582 2886 1656 pulchritudinis,
2917 1581 3074 1635 unius
3102 1577 3438 1641 diadematis,
3463 1575 3624 1631 unius
3649 1590 3862 1645 quoque

2271 1685 2326 1731 et
2352 1674 2503 1745 regni
2530 1672 2809 1729 evidenter
2827 1668 3098 1743 ostendat,
3130 1684 3239 1725 non
3267 1676 3329 1724 ut
3351 1682 3515 1723 unum
3534 1667 3764 1732 bonum,
3794 1665 3860 1719 al-

577 1757 713 1815 Cum
742 1756 869 1829 ergo
900 1759 1002 1813 ista
1032 1759 1212 1813 omnia
1241 1759 1534 1829 disputatio
1565 1768 1747 1814 nostra
1778 1767 2079 1826 tractasset,
2112 1768 2165 1815 et
2197 1758 2240 1825 Β
2268 1772 2443 1820 terum
2482 1764 2758 1818 meliorem
2787 1769 2945 1834 putes
2976 1779 2988 1814 :
3020 1769 3081 1815 ut
3107 1760 3186 1815 sic
3228 1773 3394 1814 unum
3434 1756 3768 1826 magniﬁcas,
3799 1762 3852 1811 ut

576 1853 647 1907 sit
675 1852 742 1907 de
771 1853 976 1906 unitate
1021 1849 1257 1917 ilnltum;
1302 1867 1418 1925 qua:
1460 1852 1599 1907 ratio
1640 1868 1739 1907 nos
1767 1853 1962 1907 iterum
2008 1852 2075 1909 ad
2103 1868 2167 1909 ea

575 1952 813 2017 revocat,
843 1960 962 2015 quae
989 1945 1097 1999 sint
1121 1952 1177 2001 et
1202 1953 1389 2000 mutuo
1415 1961 1699 2011 consensu,
1721 1954 1777 2001 et
1795 1945 2038 2017 judicum
2059 1948 2165 2003 lata

576 2038 717 2092 inter
740 2046 922 2109 partes
948 2039 1214 2093 sententia
1236 2038 1348 2121 jam
1364 2037 1529 2121 'ilnita
1545 2041 1568 2093 ἲ
1583 2038 1717 2095 Cum
1735 2039 2010 2109 dixissem,
2028 2042 2168 2098 sicut

576 2132 856 2200 memoria,
886 2139 941 2188 et
978 2117 1707 2205 ingeniumfet'intellectus,
1741 2149 1908 2189 unum
1946 2135 2165 2205 sapien-

577 2224 662 2277 tize
700 2224 983 2279 obtineant
1024 2225 1238 2292 mu'nus,
1289 2224 1363 2279 ita
1414 2224 1574 2280 Pater
1609 2242 1731 2281 cum
1772 2225 1906 2281 Filio
1951 2234 2005 2281 et
2044 2227 2169 2282 cut‘

575 2312 781 2386 Spiritu
809 2324 997 2371 sancto
1018 2319 1185 2370 unum
1211 2317 1616 2391 omnipotentiae
1637 2333 1747 2372 suae
1766 2327 2050 2389 permanet
2075 2333 2158 2373 re-

579 2421 765 2475 gnum.
794 2438 867 2449 —
892 2406 1156 2480 Serapion
1201 2410 1337 2465 dixit
1366 2428 1379 2463 :
1412 2411 1487 2466 De
1521 2412 1939 2482 uniuscujusque
1986 2411 2165 2483 perfe-

577 2498 759 2553 ctione
776 2499 1012 2565 deitatls,
1043 2514 1143 2556 nec
1164 2516 1265 2570 ego
1292 2501 1641 2571 interrogavi.
1669 2519 1769 2558 nec
1794 2512 1851 2558 tu
1875 2503 2000 2559 inde
2024 2503 2164 2558 dixi-

571 2588 667 2645 sti.
700 2589 801 2646 Aio
849 2606 989 2646 nunc
1038 2593 1182 2647 enim
1228 2611 1240 2647 :
1294 2592 1455 2649 Pater
1497 2593 1769 2666 perfectus
1810 2598 1967 2661 Deus,
2000 2597 2167 2653 Filius

574 2680 843 2757 perlectus
864 2669 1022 2748 Deus,
1064 2682 1295 2755 Spiritus
1324 2688 1543 2756 sanctus
1568 2686 1838 2756 perfectus
1866 2687 2026 2753 Deus,
2059 2696 2167 2744 tres

575 2771 776 2829 faciunt
802 2774 952 2853 deos.
979 2775 1008 2815 ι’
1038 2775 1144 2832 Aut
1171 2779 1314 2833 enim
1344 2780 1561 2853 tertiam
1601 2786 1813 2851 partem
1858 2797 1995 2836 unus
2024 2781 2167 2838 Deus

569 2863 755 2932 habet,
786 2873 843 2921 ut
863 2851 959 2938 p‘er
983 2877 1276 2940 quaternas
1294 2871 1478 2925 uncias
1504 2851 1715 2926 tantum
1736 2880 1847 2928 tres
1868 2889 2031 2927 unam
2050 2873 2166 2929 dei-

576 2962 742 3011 tatem
770 2958 1041 3022 habeant;
1087 2969 1180 3014 aut
1207 2970 1317 3017 tres
1345 2962 1420 3016 dii
1457 2963 1583 3029 sint,
1635 2964 1680 3018 si
1717 2966 2084 3035 unusquisque
2110 2968 2165 3020 in

575 3062 672 3103 sua
696 3048 899 3105 deitate
927 3050 1197 3121 perfectus
1217 3061 1317 3109 est.
1335 3053 1690 3115 -—Arnobius
1717 3057 1885 3117 dixit:
1908 3058 2166 3119 Brevitati

2274 1858 2341 1912 ad
2371 1857 2617 1927 injuriam
2639 1856 2859 1911 alterius
2881 1856 3106 1911 alterum
3134 1850 3653 1923 magniﬁcentiam
3674 1849 3831 1905 existi

2274 1965 2407 2005 mes.
2444 1948 2823 2019 Unusquisque
2879 1948 3021 2004 enim
3052 1947 3189 2020 lapis
3215 1960 3376 2002 verus
3406 1945 3480 2000 ita
3509 1951 3613 2010 est,
3644 1953 3709 2000 ut
3734 1943 3859 1999 nihil

2276 2052 2299 2079 ο
2327 2041 2593 2096 dehabeat
2619 2054 2728 2111 quo
2753 2041 2926 2112 possit
2961 2040 3098 2095 alius
3128 2038 3307 2096 verior
3332 2037 3617 2103 aestimari;
3650 2045 3853 2092 tantum

2271 2142 2327 2188 et
2355 2132 2483 2187 iides
2512 2132 2721 2207 aperiat
2750 2129 3007 2185 fenestras
3037 2134 3357 2195 animorum,
3380 2144 3517 2199 quas
3535 2127 3654 2201 sine
3675 2126 3855 2183 credu-

2270 2227 2322 2281 lit
2452 2235 2634 2280 nostra
2665 2239 2767 2280 nec
2796 2224 2938 2279 Deus
2966 2224 3080 2296 ipse
3110 2219 3396 2293 aliquando
3424 2219 3701 2291 patefecit.
3739 2218 3850 2275 Non

2238 2302 2323 2420 ei
2380 2319 2733 2409 wsalvabitur
2767 2317 2869 2372 nisi
2897 2317 2988 2387 qui
3037 2315 3409 2372 credulitatem
3436 2329 3591 2369 suam
3622 2314 3742 2369 ﬁdei
3768 2330 3851 2369 re-

2273 2406 2714 2489 clmfsubdiderit,
2742 2407 2798 2464 et
2824 2409 2940 2480 ipsa
2965 2408 3237 2480 aperuerit
3268 2408 3534 2463 fenestras
3558 2406 3848 2481 intelligen-

2270 2504 2376 2568 tize,
2410 2511 2468 2556 ut
2490 2502 2673 2557 videas
2691 2501 2830 2556 .istas
2860 2510 2971 2559 tres
2993 2498 3382 2571 pulcherrimas
3404 2512 3647 2568 gemmas
3673 2498 3726 2551 in
3746 2512 3850 2552 uno

2269 2609 2436 2665 regno
2482 2580 2836 2658 constructas,
2884 2608 3048 2649 unum
3096 2586 3342 2646 diadema
3384 2588 3563 2645 facere
3602 2596 3659 2644 et
3694 2603 3850 2643 unum

2270 2687 2568 2757 maiestatis
2614 2684 3193 2755 imperium'obtinere.
3235 2714 3307 2726 -—-
3342 2680 3611 2753 Serapion
3663 2680 3793 2735 dixit
3834 2698 3845 2732 :

2268 2779 2360 2836 isti
2402 2787 2510 2834 tres
2554 2778 2760 2848 lapides
2805 2776 2930 2831 licet
2976 2775 3135 2829 unius
3174 2772 3530 2844 pretiositatis
3596 2773 3851 2841 uniusque

2267 2873 2375 2928 sint
2402 2869 2834 2942 pulchritudinis,
2862 2876 3042 2922 tamen
3078 2881 3110 2920 a
3139 2881 3200 2922 se
3228 2864 3385 2920 divisi
3413 2872 3557 2919 sunt.
3591 2886 3663 2906 -τ-
3692 2862 3853 2916 Arno-

2269 2966 2388 3022 bius
2430 2964 2567 3019 dixit
2610 2980 2622 3016 :
2665 2961 2745 3016 Tu
2783 2961 3100 3017 divisionem
3130 2959 3308 3015 vidisti
3349 2958 3531 3022 trium,
3561 2956 3659 3012 sed
3700 2970 3851 3010 unum

2268 3071 2491 3125 regnum
2544 3056 2698 3109 unius
2745 3052 3062 3113 diadematis
3115 3066 3224 3109 non
3273 3049 3441 3109 vides.
3475 3080 3546 3095 -—
3595 3047 3850 3118 Serapion

576 3141 812 3195 studenti
851 3142 1013 3213 mihi,
1049 3143 1306 3200 laciniosa
1343 3145 1707 3218 disputatione
1750 3152 2021 3218 occurris;
2070 3152 2165 3208 sed
2189 3142 2237 3209 C
2268 3149 2402 3212 dixit
2434 3167 2446 3201 :
2480 3146 2657 3203 Unum
2685 3144 2930 3200 diadema
2960 3144 3136 3210 video,
3181 3143 3279 3199 sed
3315 3143 3371 3197 in
3411 3143 3532 3212 ipso
3556 3140 3851 3209 ἀίιάθηπείθ

579 3237 842 3307 quantum
869 3240 927 3286 tu
955 3232 1007 3288 in
1033 3233 1303 3303 prolixum
1333 3236 1413 3311 ire
1452 3237 1561 3303 vis,
1615 3246 1821 3297 tantum
1862 3246 1916 3301 te
1958 3251 2059 3311 ego
2110 3242 2166 3299 in

568 3320 726 3383 brevi
752 3324 1085 3387 concludam.
1110 3336 1133 3369 α
1164 3324 1312 3384 Pone
1341 3310 1449 3385 tres
1468 3330 1886 3398 pretiosissimas
1907 3310 2166 3403 margari-

574 3420 659 3469 ιιι
687 3415 1156 3486 incomparabiles,
1190 3419 1345 3474 unius
1392 3428 1573 3475 tamen
1604 3422 1802 3486 meriti,
1848 3423 1900 3483 in
1933 3425 2165 3481 obscuro

574 3502 716 3568 loco,
750 3515 844 3560 aut
866 3507 917 3560 in
941 3523 1081 3567 acea
1111 3518 1270 3565 nocte
1298 3512 1586 3585 repositas.
1619 3510 1753 3568 Cum
1790 3522 1969 3573 tamen
2002 3532 2165 3575 vene-

564 3596 647 3663 rit
676 3596 855 3655 lumen
880 3598 987 3657 diei
1016 3608 1071 3656 et
1095 3600 1226 3655 solis
1254 3602 1768 3675 splendor,‘quanto
1797 3606 2027 3679 amplior
2049 3606 2163 3669 fne-

577 3686 648 3741 rit
673 3687 935 3744 serenitas
964 3689 1197 3757 luminis,
1230 3699 1382 3749 tanto
1407 3695 1512 3749 erit
1541 3697 1772 3767 amplior
1792 3698 1964 3754 oculis
1984 3708 2161 3755 atten-

575 3777 825 3832 dentibus
846 3778 1037 3833 horum
1059 3781 1218 3836 trium
1248 3783 1481 3855 lapidum
1504 3787 1862 3857 pretiosorum
1885 3790 2158 3860 splendor.

575 3868 854 3941 Interrogo
895 3887 1037 3929 nunc
1095 3892 1107 3928 :
1161 3873 1254 3932 isti
1306 3884 1417 3941 tres
1461 3878 1666 3949 lapides
1715 3881 2165 3955 incomparabiles

577 3967 866 4031 antequam
896 3963 1373 4029 manifestaretttut'
1397 3984 1430 4024 a
1457 3969 1678 4037 lumine,
1701 3972 1754 4029 in
1780 3988 1878 4029 sua
1911 3976 2163 4044 pretiosi-

576 4059 687 4107 tate
720 4055 1028 4122 manebant,
1060 4065 1114 4110 et
1144 4058 1484 4133 pulchritudo
1527 4078 1716 4118 eorum
1754 4065 1808 4120 in
1853 4067 1984 4138 ipsis
2028 4077 2162 4133 erat,

576 4146 747 4201 oculis
783 4155 965 4201 tamen
1009 4148 1285 4209 hominum
1324 4170 1432 4211 non
1464 4157 1775 4226 parebant?
1803 4188 1874 4201 —
1903 4159 2167 4232 Serapion

2274 3239 2295 3279 ί
2325 3238 2759 3312 cataclyzomatis
2806 3243 2921 3297 arte
2968 3243 3094 3299 sunt
3139 3249 3363 3307 gemmae
3413 3240 3754 3305 constructas.
3784 3262 3849 3273 —-

2271 3333 2541 3395 Arnobius
2564 3331 2698 3393 dixit
2730 3348 2744 3384 :
2791 3329 2942 3389 Sicut
2972 3330 3067 3389 tibi
3086 3327 3536 3400 'cataclysomatis
3574 3333 3698 3384 arte
3731 3333 3850 3391 sunt

2269 3438 2494 3494 gemmae
2520 3428 2859 3479 constructae.
2884 3422 2957 3475 ita
2987 3420 3075 3476 hic
3101 3420 3421 3475 naturaliter
3449 3418 3505 3474 in
3541 3433 3652 3477 uno
3681 3417 3847 3473 omni—

2270 3515 2524 3592 potentize
2553 3515 2806 3571 thesauro
2835 3513 3044 3587 positze,
3069 3511 3175 3567 illis
3194 3519 3405 3566 tantum
3442 3507 3844 3567 manifestantur

2266 3626 2499 3680 quorum
2547 3607 2837 3665 credulitas
2878 3606 3068 3676 egerit.
3114 3613 3171 3663 ut
3217 3603 3349 3661 ﬁdes
3395 3604 3592 3675 integra
3635 3599 3838 3677 aperiat

2261 3701 2482 3772 januam
2537 3698 2775 3754 thesauri
2819 3697 2979 3767 hujus
3027 3696 3302 3773 perpetui,
3353 3710 3419 3750 ac
3468 3691 3747 3785 patefaciet
3791 3698 3847 3785 et

2266 3789 2424 3861 istam
2446 3791 2723 3847 Trinitatis
2743 3789 3005 3845 unitatem
3027 3787 3339 3863 perfectam,
3364 3795 3419 3847 et
3441 3782 3607 3859 ipsius
3633 3782 3847 3839 unitatis

2266 3884 2663 3955 integerrimam
2702 3884 2963 3947 unitatem
3007 3900 3022 3937 ε
3052 3896 3241 3941 verum
3278 3879 3495 3945 I’atrem
3522 3878 3615 3957 qui
3644 3890 3850 3948 semper

2267 3975 2428 4032 fuerit
2472 3973 2651 4041 Pater,
2693 3980 2749 4030 et
2784 3989 2970 4031 verum
3010 3972 3224 4038 Filium,
3268 3971 3423 4041 cujus
3457 3984 3676 4041 semper
3702 3966 3853 4029 fuerit

2272 4069 2449 4124 Pater.
2482 4078 2508 4116 tt
2537 4068 2655 4124 Non
2685 4068 2830 4123 enim
2875 4067 3016 4141 siput
3054 4074 3182 4121 ante
3228 4064 3397 4121 Filius
3444 4062 3491 4120 si
3536 4079 3650 4119 non
3699 4060 3880 4129 fuerit

2271 4158 2446 4217 Patris
2472 4160 2576 4227 sui,
2600 4176 2709 4221 non
2732 4165 2913 4231 potest
2938 4157 3077 4221 efﬁci
3096 4156 3258 4219 Pater
3278 4155 3400 4221 Filii
3418 4157 3518 4219 sui.
3542 4155 3691 4217 Nihil
3718 4153 3851 4212 enim

1737 4294 1847 4349 rn.
1890 4274 2377 4357 FEU-ARDEN’fII
2416 4297 2645 4357 NOTAE.

650 4394 814 4475 {Non
841 4397 1140 4475 defuerunt
1172 4390 1364 4471 priscis
1393 4406 1726 4475 temporibus
1762 4408 1999 4462 hmretici
2040 4409 2159 4464 Tri-

577 4466 799 4531 tbeistm,
838 4469 928 4538 qui
960 4466 1227 4543 extribus
1253 4466 1807 4543 personis'tresdeos
1840 4479 2160 4535 architecta-

580 4544 798 4627 rentur:
826 4547 894 4627 ‘nt
937 4555 1002 4594 ex
1042 4541 1343 4627 Nicepbgro
1372 4543 1598 4627 aliisque
1639 4547 1938 4627 colligitur;
1983 4551 2085 4627 qui
2105 4560 2159 4606 et

576 4622 719 4693 pune
750 4611 804 4677 (ο
826 4617 1068 4693 tempora
1089 4612 1129 4693 l_)
1161 4611 1214 4666 in
1245 4611 1645 4693 Transylvania,
1671 4611 1938 4687 Hungaria
1967 4611 2022 4675 et
2051 4620 2158 4677 Po-
2190 4627 2243 4693 ι)
2267 4622 2433 4693 altare
2463 4611 2563 4675 tres
2589 4637 2736 4692 aqua!
2762 4611 2952 4691 ἰιαιεαεν

576 4677 718 4731 lonia
747 4693 812 4732 ex
844 4677 953 4735 illis
976 4677 1121 4736 velut
1158 4684 1398 4738 scarabei
1418 4677 1496 4739 'ex
1517 4677 1757 4742 stercore
1786 4677 2155 4747 renascuntur.

578 4747 684 4801 Nos
720 4748 1331 4823 horumconfutavimus
1361 4755 1641 4823 insaniam,
1672 4759 1761 4813 ubi
1804 4758 1995 4815 Bezam
2025 4762 2161 4817 divi-

577 4832 699 4900 nam
730 4822 1015 4900 essgnitiam
1038 4824 1091 4900 i_n
1117 4824 1285 4879 tribus
1312 4827 1558 4900 personis
1570 4828 1803 4900 realiter
1829 4829 2160 4900 distinguen-

578 4896 715 4969 tem,
737 4897 792 4943 et
820 4889 1155 4969 Barthasium
1185 4889 1430 4969 eaindem
1462 4897 1837 4968 triplicantem,
1869 4908 1925 4954 et
1965 4889 2021 4955 ἰιῖ
2047 4902 2158 4958 Deo

576 4959 838 5032 triplicem
867 4962 1113 5030 spiritum
1140 4959 1547 5032 coniingentem'
1564 4984 1664 5023 con
1677 4959 1980 5025 futavimus.

646 5027 672 5067 δ
695 5027 1021 5098 Augustinus
1049 5034 1300 5089 adversus
1322 5027 1461 5091 hanc
1487 5037 1805 5093 Arianorum
1830 5040 2154 5097 dementiam

572 5108 626 5185 et
652 5098 1039 5185 blasphemiam
1078 5104 1161 5158 his
1184 5106 1366 5185 verbis
1397 5105 1642 5185 fulminat
1672 5128 1684 5163 :
1716 5109 2026 5185 Dialedictus
2069 5115 2155 5185 qui

569 5171 847 5251 indivisa"!
893 5172 1144 5251 deitatem
1176 5174 1352 5251 [tetris
1388 5188 1438 5231 et
1473 5177 1600 5233 Filii
1639 5190 1688 5234 et
1728 5179 1960 5251 Spiritus
1987 5171 2155 5237 san'cti

568 5259 677 5303 pan
705 5244 996 5322 conﬁtetur.
1030 5244 1341 5301 Haledictus
1379 5251 1464 5322 qui
1494 5251 1707 5322 propria
1735 5244 1951 5322 nomine
1978 5270 2156 5322 perso-

569 5329 772 5393 zumlm,
809 5314 1211 5393 τῖες-θερμαί
1240 5325 1343 5373 tres
1370 5314 1642 5393 Dominus,
1675 5331 1765 5374 aut
1790 5332 1894 5393 tre:
1925 5314 2156 5393 Spiritus

567 5386 863 5468 .ienﬁt‘e‘lur.
896 5384 1112 5468 Etalibi
1134 5403 1347 5468 rursum
1375 5407 1388 5442 :
1415 5388 1477 5445 Si
1506 5384 2155 5468 quis__non_di.writ'Patrls

510 5460 529 5465 ί
566 5454 778 5527 "lilii
805 5465 851 5510 et
895 5454 1124 5527 Spiritus
1170 5460 1338 5515 sancti
1380 5454 1542 5514 unam
1591 5461 1930 5524 divinitatem,
1976 5479 2153 5527 parem

568 5526 891 5594 mirjutatem
918 5526 969 5581 et
994 5531 1297 5602 potentiam,
1327 5546 1485 5584 unam
1517 5531 1738 5602 gloriam
1766 5539 1816 5583 et
1842 5526 2157 5587 dominatio—

572 5606 895 5719 nzmta‘uum
917 5600 1133 5671 regnum
1162 5610 1312 5673 atque
1331 5617 1489 5654 unam
1508 5600 1839 5663 uoluntatem,
1877 5602 2155 5657 anathema

572 5680 615 5719 lt
645 5705 657 5719 .
683 5680 713 5719 e
738 5682 785 5719 e.
1850 5702 1855 5707 ι

572 5680 657 5726 ω.
683 5680 785 5722 ete.
1850 5702 1855 5707 ι

676 5735 836 5792 .lluic
862 5740 1112 5810 exemplo
1140 5743 1385 5815 apposite
1413 5741 1668 5797 convenit
1693 5742 1838 5811 quod
1862 5740 2153 5811 Gregorius

2269 4410 2596 4465 Turonensis
2618 4418 2673 4463 et
2704 4408 3016 4477 Sigebertus
3048 4409 3324 4464 referunt:
3359 4401 3632 4473 nimirum,
3667 4409 3853 4463 inuat-

2266 4490 2418 4551 pente
2443 4483 2499 4535 in
2530 4479 2731 4551 Gallias
2759 4480 3054 4534 Ariauismo
3096 4496 3212 4534 cum
3253 4482 3520 4551 episcopus
3551 4477 3851 4551 Yaeatcmis
3884 4536 3893 4543 ,

2265 4548 2472 4606 sacrum
2492 4549 2748 4623 publicum
2769 4552 2977 4622 faceret,
3019 4568 3049 4604 ε
3073 4548 3308 4623 supernis
3337 4548 3666 4623 descendisse
3704 4566 3853 4623 super

3054 4638 3110 4674 as
3137 4619 3263 4677 eum
3286 4621 3436 4675 vellet
3461 4619 3724 4691 colligere.
3747 4619 3852 4674 illa

2263 4692 2319 4745 in
2344 4701 2443 4746 tres
2471 4692 2799 4763 ﬁrmissimas
2828 4701 2877 4745 et
2904 4692 3183 4763 pellucidus
3211 4707 3436 4763 gemmas
3463 4707 3744 4763 conversa;
3775 4693 3850 4763 de:

2263 4764 2416 4835 atque
2454 4758 2511 4816 in
2549 4764 2857 4835 unicamita
2884 4758 3290 4835 coalueruntfut
3328 4778 3433 4817 non
3455 4762 3569 4832 jam
3601 4772 3723 4829 tres,
3766 4758 3851 4816 sed

2260 4833 2434 4902 unica,
2466 4849 2624 4901 eaque
2648 4833 2868 4902 miriﬁca
2895 4834 3069 4902 palam
3090 4835 3325 4888 evaserit.

2331 4900 2356 4940 τ’
2386 4900 2572 4957 Codex
2596 4900 2775 4968 vetus,
2799 4900 3167 4959 inormitatem.

2314 4983 2358 5011 κο
2390 4972 2537 5029 Nove
2583 4973 2820 5042 dictum,
2868 4984 3224 5043 procurent,
3285 4974 3617 5037 destituatur,
3679 4976 3849 5044 priu-

2259 5053 2359 5105 tur,
2391 5052 2495 5099 etc.

2333 5114 2352 5154 ί
2386 5114 2565 5187 Forte,
2608 5114 2875 5187 quoddam
2907 5114 3191 5171 artiﬁcium
3232 5130 3472 5185 gemmas
3498 5113 3843 5187 disponendi.

2254 5184 2531 5257 iungendi,
2562 5185 2837 5255 sculpendi
2860 5186 2943 5240 vel
2966 5184 3363 5257 pingendi,’hac
3378 5200 3518 5257 voce
3544 5184 3843 5255 significat;

2259 5256 2361 5309 nisi
2391 5256 2545 5327 malis
2570 5256 3028 5327 catarhrysomnlis
3063 5267 3175 5311 arte
3204 5256 3505 5318 legendum.

2331 5335 2355 5372 Β
2384 5324 2840 5399 Qbscurusiocus,
2871 5335 2925 5381 et
2946 5327 3035 5399 qui
3067 5329 3250 5399 codice
3279 5327 3478 5396 indiget
3498 5326 3844 5399 emendatio-

2255 5410 2337 5449 re.
2386 5394 2522 5449 Puto
2570 5404 2747 5451 tamen
2790 5413 2912 5452 eum
2951 5398 3134 5452 velle:
3177 5397 3243 5453 Ut
3286 5394 3461 5453 nullus
3502 5406 3661 5452 antea
3706 5396 3845 5452 illius

2257 5465 2363 5539 dici
2391 5473 2588 5539 potest,
2616 5481 2777 5535 quam
2801 5476 3017 5539 patrem
3048 5468 3260 5533 habeat,
3289 5470 3359 5523 ita
3398 5484 3495 5524 nec
3526 5476 3687 5539 pater
3716 5482 3846 5522 cen-

2257 5536 2363 5589 seri
2388 5536 2486 5589 nisi
2521 5536 2657 5591 filius
2676 5539 2762 5591 sit.
2792 5536 2929 5592 Sunt
2951 5539 3092 5592 enim
3122 5541 3404 5601 correlata,
3429 5536 3547 5609 quae
3576 5538 3753 5608 posita
3785 5554 3844 5592 se

2258 5616 2485 5690 ponunt,
2530 5616 2584 5690 et
2631 5617 2906 5690 perempta
2943 5619 3229 5690 premunt;
3272 5611 3739 5690 itaqueuinsauum
3781 5625 3844 5663 ac

2260 5677 2480 5751 impium
2511 5677 2909 5751 estimagipari
2939 5679 3105 5734 Deum
3146 5677 3578 5735 Patrem'Filium
3608 5694 3840 5751 princes-

2260 5748 2413 5813 sisse,
2438 5759 2529 5802 aut
2555 5749 2747 5802 Filium
2780 5747 2937 5803 Patre
2966 5752 3318 5818 posteriorem
3339 5765 3478 5805 esse.
