4108 6348
171 384 271 444 253

912 388 1333 449 CONFLICTUS
1370 389 1460 445 or:
1492 364 1633 446 beo
1670 388 1875 447 ramo
1915 389 2002 445 ετ
2045 389 2198 451 uno.
2244 393 2392 451 mc.
2438 393 2563 451 us.
2594 394 2636 451 ι.

3340 389 3451 449 256

170 509 409 558 mutatur
448 503 599 558 ineo
633 505 723 575 qui
764 521 917 562 verus
956 506 1099 561 Deus
1132 513 1236 572 est,
1267 506 1361 561 sed
1404 507 1752 563 inmutabilis
1778 508 1826 568 Δ
1854 506 2211 565 -—-At'nobius
2262 511 2579 579 respondit:
2632 510 2794 569 Pater
2840 511 3070 583 [limum
3112 510 3322 568 obtinet
3356 511 3442 567 lo-

171 596 309 652 idem
335 610 552 666 semper
590 602 693 663 est,
722 606 777 652 et
804 613 911 669 quo
940 612 1155 669 semper
1194 596 1295 653 fuit
1322 597 1483 667 Deus,
1506 599 1598 669 qui
1627 613 1754 653 vere

170 706 305 744 unus
331 697 387 743 et
428 689 600 743 trinus
621 697 722 755 est,
756 704 862 745 non
892 697 1073 761 potest
1094 689 1236 745 Dens
1263 690 1409 745 credi
1437 690 1529 761 qui
1569 690 1755 761 incipit

168 798 285 838 esse
304 782 447 853 quod
474 797 580 837 non
605 781 721 837 fuit.
756 792 781 820 λ
810 781 891 838 Ex
918 799 1027 853 quo
1058 782 1201 837 enim
1223 790 1305 839 est
1327 782 1472 854 quod
1497 782 1639 839 Deus
1672 790 1754 837 est

170 874 231 944 (si
265 884 444 929 tamen
474 872 577 929 dici
617 874 800 944 debet)
831 891 897 930 ex
925 890 1037 946 quo
1083 883 1167 932 est
1204 875 1310 933 hoc
1353 892 1462 947 quo
1488 874 1632 933 Dens
1671 883 1756 931 est

169 964 336 1037 (quod
378 966 558 1037 inopia
600 965 819 1023 humani
853 968 1134 1024 sermonis
1161 967 1267 1023 dici
1316 966 1600 1039 permittit)
1645 982 1753 1022 non

168 1059 276 1129 ipsa
302 1058 441 1113 ratio
462 1057 760 1127 majestatis
788 1077 801 1112 :
826 1074 892 1114 ex
922 1074 990 1115 eo
1016 1059 1163 1117 enim
1187 1059 1331 1129 quod
1379 1059 1521 1116 Deus
1550 1067 1652 1123 est.
1682 1074 1755 1115 ex

167 1167 227 1205 co
260 1159 319 1205 et
347 1149 524 1214 Pater,
550 1166 618 1206 ex
643 1166 711 1206 eo
742 1160 796 1207 et
826 1150 991 1209 Filius
1029 1151 1164 1221 ejus,
1196 1166 1265 1207 ex
1293 1166 1402 1223 quo
1427 1160 1485 1206 et
1526 1151 1672 1207 Deus
1699 1159 1756 1209 et

169 1244 329 1301 Pater
353 1254 455 1301 est.
489 1244 629 1301 Nihil
648 1246 795 1302 enim
835 1245 890 1300 in
918 1261 977 1302 se
1018 1260 1116 1316 per
1157 1244 1513 1301 substantiam
1558 1244 1757 1301 haltere

167 1338 349 1409 coepit,
380 1338 523 1408 quod
552 1347 679 1395 ante
707 1354 814 1393 non
845 1337 1050 1393 habuit.
1083 1337 1308 1408 Semper
1332 1336 1478 1392 enim
1499 1352 1618 1392 cum
1652 1337 1757 1393 vir-

169 1438 278 1486 tute
322 1429 440 1495 fuit,
472 1446 591 1500 qua:
619 1441 704 1490 est
720 1429 914 1494 Filius;
944 1446 1160 1502 semper
1190 1446 1313 1486 cum
1345 1430 1476 1486 ﬂatu
1503 1446 1624 1497 suo,
1663 1431 1756 1502 qui

169 1530 247 1577 est
288 1520 520 1593 Spiritus
560 1530 799 1578 sancuts.
831 1552 901 1563 —-
926 1519 1188 1592 Serapion
1228 1522 1364 1578 dixit
1397 1540 1409 1577 :
1454 1521 1535 1577 Ad
1574 1523 1756 1579 omnia
1806 1570 1811 1575 .

171 1613 408 1681 quiesco.
433 1622 487 1668 et
511 1628 725 1685 semper
748 1612 911 1669 fuisse
939 1621 1105 1681 totam
1135 1612 1453 1671 Trinitatem
1471 1614 1757 1673 conﬁteor.

168 1704 270 1760 Sed
325 1704 589 1776 majorem
628 1704 845 1761 Patrem
872 1721 1042 1779 quare
1085 1721 1193 1763 non
1228 1705 1466 1775 credam,
1497 1722 1622 1762 cum
1648 1721 1759 1761 me

169 1796 405 1853 nascitur
430 1788 593 1853 Pater
612 1796 679 1852 de
706 1795 864 1863 Filio,
887 1797 985 1853 sed
1003 1797 1172 1875 Filius
1201 1805 1457 1854 nascatur
1483 1812 1553 1853 ex
1571 1794 1762 1853 Patre?

1853 618 1997 659 cum.
2022 635 2096 647 -—
2121 602 2387 674 Serapion
2413 604 2548 660 dixit
2574 623 2587 659 :
2620 605 2695 661 De
2731 605 2867 662 Filio
2894 605 3023 679 quid
3048 605 3181 662 dicis
3199 605 3224 659 ἳ
3240 634 3315 648 -
3340 604 3444 659 Ar-

1854 694 2048 751 nobius
2093 694 2269 753 dixit:
2301 694 2328 735 ι’
2358 693 2427 751 Et
2464 695 2582 765 ipse
2618 696 2868 769 primum.
2888 695 3241 768 --Serapion
3265 696 3440 751 dixit:

1856 784 1996 852 Quid
2024 787 2188 843 etiam
2215 787 2285 845 de
2312 786 2517 860 Spiritu
2540 789 2770 845 sancto?
2790 821 2865 834 --
2882 790 3152 845 Arnobius
3176 789 3347 844 dixit:
3380 787 3448 843 Bt

1856 879 1971 949 ipse
1998 879 2228 949 primum
2257 879 2467 939 obtinet
2494 879 2694 939 locum.
2714 911 2788 925 —-
2806 879 3072 951 Serapion
3100 880 3236 937 dixit
3259 899 3272 934 :
3300 879 3448 960 ~Ergo

1832 974 1963 1029 'non
1993 981 2077 1029 est
2104 972 2360 1033 Trinitas.
2390 1005 2463 1019 --
2489 973 2760 1030 Arnobius
2776 973 2950 1029 dixit:
2981 972 3215 1030 Trinitas
3243 974 3317 1030 ita
3341 981 3445 1038 est,

1857 1074 1917 1123 ut
1962 1080 2070 1123 non
2118 1065 2396 1131 dicamne,
2444 1065 2679 1136 primos,
2725 1064 3027 1123 secundos.
3072 1066 3304 1123 tertius:
3353 1065 3449 1121 sed

1858 1172 2053 1223 unum,
2103 1156 2245 1221 duo,
2279 1155 2779 1227 trem—Serapion
2825 1155 2999 1212 dixit:
3046 1154 3207 1211 Pater
3242 1156 3448 1227 primus

1856 1254 1973 1312 est,
2003 1254 2060 1302 et
2087 1246 2253 1303 Filius
2279 1248 2482 1318 primus
2504 1254 2620 1311 est.
2651 1254 2709 1303 et
2743 1245 2974 1316 Spiritus
3001 1255 3218 1303 unctus
3242 1248 3448 1317 primus

1856 1347 1979 1397 est:
2019 1348 2131 1399 tres
2176 1340 2363 1410 primi,
2406 1347 2516 1397 tres
2551 1338 2629 1397 dii
2667 1347 2910 1399 sunt.—-
2938 1337 3208 1395 Arnobius
3259 1339 3399 1397 dixit
3425 1336 3463 1395 :'

1862 1440 1883 1469 ο
1900 1427 2049 1485 Pone
2065 1438 2174 1484 tres
2184 1430 2539 1500 imperatores
2551 1431 2607 1487 in
2625 1446 2732 1489 uno
2747 1443 2933 1499 regno,
2947 1431 3002 1487 in
3015 1444 3124 1486 una
3134 1428 3444 1495 concordia,
3502 1463 3513 1474 ο

1861 1522 1913 1577 in
1942 1536 2047 1577 una
2074 1521 2223 1591 sede,
2256 1522 2310 1577 in
2338 1538 2441 1577 una
2474 1523 2761 1587 suavitate,
2791 1521 2846 1577 in
2875 1535 2986 1577 uno
3004 1520 3207 1577 amoris
3227 1518 3444 1585 allecto,

1859 1613 2366 1685 inunapotestate,
2409 1613 2754 1683 etquarein
2793 1613 2922 1684 ipsis
2958 1612 3053 1681 qui
3092 1610 3446 1683 primume

1860 1720 1982 1762 cum
2025 1707 2309 1776 potestatis
2366 1704 2629 1763 obtineat.
2676 1704 2804 1761 Sine
2849 1703 3014 1761 dubio
3058 1704 3149 1774 qui
3198 1702 3301 1759 toti
3340 1710 3450 1760 ινα

1862 1796 2076 1867 augusti
2105 1804 2264 1861 sunt,
2313 1796 2410 1853 toti
2452 1804 2564 1855 tres
2602 1796 2761 1868 primi
2788 1806 2913 1854 sunt
2936 1814 2957 1852 :
2986 1795 3280 1854 mundum
3320 1810 3450 1852 vero

171 1920 228 1929 —
260 1889 537 1946 Arnobius
571 1888 711 1946 dixit
744 1907 757 1942 :
787 1887 906 1947 Jam
932 1889 1166 1947 diximus
1202 1906 1275 1947 ex
1295 1904 1432 1946 voce
1469 1889 1620 1944 nasci
1650 1904 1769 1970 ser-_
1791 1896 1834 1954 Β
1863 1890 2039 1949 locum
2063 1929 2079 1956 .
2125 1900 2182 1947 et
2232 1891 2447 1949 tertium
2491 1891 2774 1962 potestatis
2808 1891 2877 1947 ab
2904 1889 3147 1960 ιυαυιίι
3193 1888 3452 1946 ordinata

170 1995 408 2043 nionem,
440 1995 539 2037 nec
566 1979 689 2036 ideo
718 1995 824 2036 vox
850 1980 1027 2051 major
1061 1979 1318 2053 estquod
1347 1996 1414 2036 ex
1439 1980 1558 2051 ipso
1589 1980 1762 2037 nasci-

172 2079 256 2151 tur
284 2086 467 2128 sermo
509 2088 521 2122 :
561 2086 668 2127 uno
695 2070 998 2140 eodemque
1025 2079 1303 2127 momento
1331 2077 1386 2125 et
1413 2086 1519 2126 vox
1563 2086 1766 2127 sermo-

173 2180 279 2235 que
307 2164 470 2220 simul
514 2164 761 2221 oriuntur
800 2171 855 2218 et
894 2162 1075 2220 ﬂatus.
1120 2161 1312 2221 Cessat
1354 2161 1675 2232 amplitudo,
1716 2170 1773 2217 et

172 2256 483 2321 diminutio,
512 2253 656 2326 quod
681 2262 893 2326 tempus
921 2253 1125 2309 nullum
1170 2252 1465 2324 interpolat
1490 2252 1635 2307 inter
1673 2267 1772 2307 vo-

173 2364 293 2403 cem
321 2357 379 2404 et
421 2360 733 2403 sermonem
774 2351 832 2401 et
873 2343 1080 2403 ﬂatum.
1126 2343 1261 2401 Nam
1302 2358 1612 2401 sermonem
1657 2358 1776 2401 esse

172 2442 372 2499 Filium
413 2441 680 2513 approbat
732 2437 911 2504 Pater,
963 2452 1115 2493 sacra
1160 2435 1442 2510 Scriptura
1483 2444 1717 2493 testante
1755 2453 1771 2490 :

176 2531 450 2587 Eructavit
487 2546 576 2584 cor
612 2545 779 2585 meum
821 2527 1037 2585 Verbum
1079 2527 1265 2585 bonum
1296 2527 1467 2601 (Paul.
1500 2544 1644 2593 μιν,
1692 2527 1769 2599 l).

176 2623 245 2676 Et
277 2621 405 2692 quid
437 2629 567 2676 tam
589 2622 789 2677 unum
819 2635 980 2691 quam
1010 2619 1192 2689 Filius,
1226 2636 1258 2679 a
1285 2636 1396 2695 quo
1423 2621 1598 2679 omnis
1624 2621 1773 2677 boni.

177 2714 303 2770 tas?
332 2712 561 2773 Verbum
591 2720 769 2769 autem
797 2714 1090 2773 eructaatis
1136 2728 1207 2771 ex
1251 2713 1434 2781 corde,
1480 2715 1600 2771 sine
1646 2712 1767 2786 Spi-

173 2809 303 2863 ritu'
329 2807 642 2874 eructantis,
685 2813 740 2865 et
772 2805 902 2862 llatu
927 2807 1075 2865 nasci
1097 2823 1206 2864 non
1236 2808 1433 2879 potuit.
1479 2807 1664 2865 Flstus
1689 2816 1771 2866 est

172 2900 321 2955 enim
345 2900 438 2969 qui
456 2899 719 2971 procedit,
750 2899 966 2973 quando
992 2901 1234 2957 nascitur
1263 2902 1505 2957 verbum.
1532 2900 1687 2959 Unde
1716 2910 1773 2960 et

1865 1983 2161 2041 habebunt.
2186 2015 2257 2027 --
2276 1984 2538 2054 Serapion
2565 1983 2698 2041 dixit
2731 2002 2745 2037 :
2779 1982 2919 2052 Ergo
2938 1983 3144 2054 primus
3164 1981 3219 2039 in
3241 1980 3323 2039 bis
3352 1980 3454 2038 ill-

1868 2076 2209 2149 peratoribus
2260 2091 2366 2130 non
2412 2084 2523 2139 est,
2570 2075 2662 2143 qui
2706 2074 2845 2129 inter
2874 2072 3263 2143 istosprimtttn
3289 2071 3456 2141 om

1869 2167 2071 2223 habere
2101 2168 2421 2237 imperium?
2442 2198 2516 2211 —-
2534 2166 2802 2223 Arnobius
2839 2165 3012 2223 dixit:
3040 2163 3187 2221 Inter
3212 2163 3459 2223 homines

1870 2260 2090 2332 quidem
2121 2261 2236 2331 ipse
2273 2269 2355 2315 est
2386 2260 2539 2331 prior
2563 2268 2854 2328 augmine,
2880 2258 2975 2328 qui
3002 2257 3151 2328 prior
3176 2256 3342 2327 erant
3366 2270 3458 2313 re-

1872 2367 2042 2423 gnare
2068 2354 2246 2418 solus;
2275 2360 2333 2409 et
2360 2360 2545 2422 postea
2575 2353 2707 2409 istos
2745 2360 2841 2409 aut
2864 2349 3201 2420 generando,
3243 2357 3336 2405 aut
3356 2348 3458 2405 eli-

1871 2443 2049 2513 gendo
2075 2443 2396 2501 constituit:
2428 2443 2481 2523 in
2508 2443 2693 2501 divino
2720 2451 2899 2500 autem
2926 2442 3155 2513 imperio
3182 2455 3459 2510 nunquam

1870 2535 2115 2593 invenies
2140 2549 2208 2591 ex
2238 2535 2324 2591 his
2349 2534 2518 2593 tribus
2538 2550 2703 2592 unum
2741 2548 2969 2604 regnare
2994 2533 3113 2589 sine
3140 2530 3459 2590 alim—Se-

1870 2628 2061 2701 rapion
2091 2626 2267 2692 dixit:
2310 2626 2381 2685 Et
2415 2642 2584 2698 quare
2620 2627 2781 2684 trium
2822 2628 3237 2698 imperatorum,
3266 2625 3318 2681 in
3347 2640 3457 2693 quo

1868 2720 2051 2779 dicere
2077 2735 2399 2793 possumus,
2429 2720 2664 2791 primus,
2693 2718 2989 2781 seruandus,
3019 2716 3243 2781 tertius,
3273 2730 3460 2771 exem-

1870 2815 2019 2885 plum
2048 2814 2208 2875 nobis
2237 2814 2290 2871 in
2317 2812 2554 2871 modium
2577 2811 2884 2881 protulisti?
2906 2840 2981 2853 --
3002 2807 3269 2863 Arnobius
3294 2806 3459 2862 dixit:

1874 2906 1947 2965 Ut
1964 2907 2307 2965 ostenderem
2336 2907 2435 2963 tibi
2464 2904 2807 2973 fragilitatem
2827 2903 3116 2957 humanam
3140 2906 3345 2955 tantam
3366 2898 3465 2953 ha-

177 2991 343 3062 paulo
379 2999 504 3049 ante
522 2991 640 3063 jam
666 2990 816 3047 dixi:
848 2990 1016 3055 Verbo
1037 2991 1251 3049 Domini
1279 2992 1392 3049 cali
1422 2994 1620 3064 ﬁrmati
1659 3010 1773 3048 esse
1875 3000 2007 3063 bere
2051 2999 2280 3068 gratiam
2327 2998 2382 3055 in
2429 3010 2626 3067 mna,
2673 3004 2733 3051 ut
2758 3010 2880 3052 cuin
2907 3008 3006 3067 pro
3033 3002 3183 3049 certo
3208 2992 3465 3048 doceatur

174 3102 201 3141 a
227 3086 510 3157 prophetis
535 3084 804 3154 dicuntur,
830 3094 883 3145 et
910 3084 1115 3158 Spiritu
1141 3089 1247 3143 oris
1275 3087 1388 3160 ejus
1416 3088 1583 3145 omnis
1602 3089 1774 3145 virtu
1877 3091 2114 3162 primm,
2143 3072 2439 3157 secundus,
2469 3089 2692 3154 tertius,
2731 3088 2818 3144 hic
2841 3088 2977 3144 ordo
3000 3102 3097 3158 per
3121 3084 3464 3142 concordiam

174 3197 353 3235 eorum
377 3180 548 3251 (Psat.
579 3196 745 3247 xxxn,
785 3179 860 3253 6).
894 3212 967 3222 —
991 3179 1209 3236 iudices
1236 3180 1347 3235 dati
1376 3180 1627 3235 dixerunt
1653 3198 1664 3233 :
1698 3179 1777 3235 Ex
1879 3184 2092 3255 imperii
2120 3183 2387 3249 exclusus,
2418 3197 2701 3238 numerum
2733 3179 3104 3236 tantummodo
3134 3186 3345 3245 teneat;
3374 3195 3466 3233 or-

176 3272 472 3328 abundanti
499 3271 566 3328 de
588 3272 840 3327 invisibili
861 3271 1147 3342 majestate
1169 3271 1445 3327 Trinitatis
1466 3270 1669 3327 dictum
1700 3271 1771 3327 sit
1798 3266 1846 3332 Ο
1873 3274 2057 3332 dinem
2104 3290 2234 3331 vero
2276 3275 2499 3347 penitus.
2537 3290 2644 3329 non
2694 3273 2961 3328 admittat.
3013 3268 3212 3326 Omnes
3238 3271 3383 3326 enim
3410 3271 3465 3326 hi

177 3368 242 3422 ab
286 3366 547 3433 Arnobio,
579 3368 726 3438 quod
752 3366 1000 3437 repetitis
1036 3365 1427 3423 intentionibus
1460 3364 1774 3437 Serapionis
1875 3377 1986 3425 tres
2016 3383 2178 3425 unum
2207 3379 2452 3436 regnum,
2483 3380 2648 3423 unum
2677 3364 2985 3435 imperium,
3013 3377 3179 3419 unum
3221 3368 3460 3429 augusta:

178 3477 236 3515 ex
270 3460 639 3540 integrosatis
658 3459 1013 3530 cognovimus
1037 3458 1257 3519 factum.
1278 3458 1336 3515 Si
1356 3467 1440 3517 est
1459 3460 1605 3517 aliud
1625 3458 1773 3530 quod
1879 3459 2159 3531 dignitatis
2187 3459 2454 3529 fastigium
2485 3456 2822 3528 possidentes
2839 3492 2857 3518 ,
2886 3453 3029 3508 hunc
3056 3453 3256 3507 habent
3278 3466 3469 3540 secun-

178 3550 442 3622 SI‘I‘tPiOIl
473 3539 700 3617 intima,
733 3550 951 3622 pandat-
1880 3553 2006 3610 dum
2033 3592 2050 3619 ,
2078 3553 2171 3623 qui
2213 3551 2422 3623 primus
2467 3564 2575 3604 non
2622 3546 2811 3613 fuerit,
2842 3544 2981 3601 sicut
3007 3543 3110 3616 ipsi
3136 3550 3261 3598 sunt
3287 3539 3462 3615 primi.

246 3644 319 3700 Χ.
364 3679 435 3688 -
471 3643 734 3716 Serapion
777 3643 950 3700 dixit:
1000 3642 1117 3699 Non
1167 3644 1236 3698 sit
1282 3643 1634 3715 incongruum
1670 3642 1774 3701 hoc
1878 3644 2236 3715 —Serapion
2284 3642 2459 3715 dixit:
2493 3639 2612 3698 Tibi
2662 3637 2901 3709 nunquid
2950 3636 3160 3695 videtur
3204 3636 3469 3707 integrum

175 3738 329 3808 'lllOd
375 3737 541 3795 allimi
585 3735 816 3810 ὶωριιιιυ
864 3736 1097 3806 inquiro,
1147 3745 1208 3795 ut
1254 3738 1525 3807 expliunt
1569 3738 1625 3792 in
1674 3737 1775 3795 hac
1880 3751 2031 3803 esse,
2066 3741 2126 3791 ut
2165 3733 2363 3791 divinat
2403 3741 2460 3787 et
2484 3731 2691 3789 cmlesti
2717 3729 3014 3799 maiestati,
3044 3727 3339 3798 temporale
3367 3726 3470 3782 hoc

173 3837 367 3903 saneta
397 3828 678 3895 Trinitate,
707 3828 829 3899 quis
854 3835 940 3882 est
956 3827 1048 3897 qui
1073 3829 1303 3896 primum
1329 3823 1537 3884 obtinet
1565 3828 1781 3882 locum!
1889 3842 2116 3898 regnum
2146 3828 2398 3898 aptetur?
2425 3856 2498 3870 —
2520 3824 2785 3880 Arnobius
2812 3821 2983 3875 dixit:
3011 3818 3078 3873 Et
3103 3819 3149 3873 si
3175 3816 3472 3888 temporale

1365 3974 1478 4029 PR.
1516 3971 1999 4029 FEU-ARDENT“
2037 3970 2267 4027 NOTAE.

258 4129 290 4161 ιι
313 4116 561 4171 Arbitror
576 4114 724 4168 hunc
742 4127 960 4168 sensum
988 4126 1107 4167 esse
1141 4129 1153 4163 :
1188 4110 1329 4164 Deus
1358 4108 1522 4165 Pater
1551 4124 1660 4163 non
1687 4109 1788 4165 fuit

171 4190 375 4259 aliquo
405 4184 628 4259 instanti
647 4197 744 4237 seu
764 4191 1047 4259 momento
1061 4181 1218 4259 prius
1233 4179 1374 4259 Deus
1398 4192 1562 4259 quam
1583 4177 1742 4235 Pam
1768 4198 1783 4234 ε

171 4247 382 4318 sed-ab
410 4256 559 4311 omni
598 4254 904 4308 aeternitate
930 4260 985 4307 et
1012 4247 1155 4307 Deus
1172 4250 1331 4306 simul
1358 4247 1431 4306 et'
1443 4247 1603 4305 Pater
1626 4268 1641 4303 :
1662 4264 1786 4306 cum

174 4330 357 4387 Filius
378 4328 434 4383 ei
472 4324 949 4381 oonsubstantialis
975 4330 1031 4378 et
1052 4328 1353 4378 coaeternus
1378 4335 1593 4391 semper
1622 4336 1788 4377 coex-

178 4401 407 4459 stiterit.
454 4396 570 4451 Hoc
604 4395 784 4465 palam
808 4395 1063 4466 praedicat
1092 4400 1157 4466 et
1177 4392 1435 4466 adversus
1457 4405 1647 4466 omnes
1676 4391 1784 4446 Ine-

179 4488 333 4529 reses
364 4468 555 4524 asserit
580 4461 823 4521 tremens
841 4473 1065 4536 martyr,
1096 4462 1360 4536 nimirum
1395 4461 1634 4536 Verbum
1656 4473 1783 4536 ante

178 4557 375 4600 omnes
400 4547 678 4595 creaturas
701 4550 917 4607 semper
943 4531 1065 4607 cum
1094 4533 1254 4607 Patre
1282 4532 1573 4607 exstitisse.
1609 4531 1780 4607 Attia-

181 4615 370 4671 nasius
398 4618 616 4679 quoque
641 4602 848 4679 alicubi
882 4606 1067 4661 laudat
1106 4604 1441 4679 Dionysium
1463 4602 1781 4679 Alexandri-

184 4698 317 4741 num
366 4672 692 4736 eminentem
742 4696 755 4730 :
795 4676 1080 4746 Nunquam
1125 4676 1224 4746 fuit
1250 4672 1473 4746 quando
1509 4672 1647 4728 Deus
1676 4690 1781 4728 non

182 4765 299 4811 erat
328 4752 512 4815 Pater,
545 4749 682 4818 quod
704 4746 871 4805 Filias
898 4745 1009 4818 ejus
1042 4745 1286 4818 Verbum,
1311 4745 1583 4818 sapientia,
1607 4754 1656 4798 et
1676 4746 1781 4818 pir-

185 4837 262 4881 tus
292 4815 694 4892 umquamnon
721 4821 903 4892 fuerit.
922 4815 995 4871 Et
1022 4816 1185 4887 paulo
1217 4823 1358 4884 post,
1375 4815 1469 4892 ita
1492 4815 1562 4869 de
1589 4816 1781 4892 eodem

183 4896 314 4952 dicit
366 4912 378 4947 :
420 4885 542 4962 llam
571 4891 692 4962 quia
720 4885 968 4961 splendor
1003 4885 1079 4941 est
1120 4895 1328 4940 (eterna!
1369 4885 1516 4962 lucis,
1548 4885 1782 4962 omnibus

183 4981 389 5039 quoque
416 4954 595 5017 modis
612 4964 721 5030 ipse
747 4954 946 5084 me
973 4968 1195 5013 internus
1215 4966 1292 5009 est
1315 4972 1342 5038 :_
1365 4954 1475 5008 luce
1502 4958 1639 5009 enim
1659 4971 1787 5037 sem-

184 5055 275 5084 Μ
316 5036 577 5084 existente
612 5039 662 5084 et
692 5047 753 5084 so
877 5046 937 5084 or
964 5042 1164 5084 δεῖπνον
1191 5028 1386 5079 existit.
1427 5024 1493 5079 Et
1534 5026 1785 5084 Augusti-

184 5024 275 5107 ῥετ
296 5024 577 5107 'eajstentf
612 5024 662 5084 et
692 5024 937 5101 splendor
964 5042 1164 5107 semper
1191 5027 1386 5107 existit.
1427 5024 1493 5107 Et
1534 5026 1785 5093 Augusti-

187 5094 321 5162 nus:
358 5104 505 5173 Sicut
526 5101 683 5155 Pater
702 5094 965 5173 nunquam
988 5094 1085 5171 {sit
1110 5113 1214 5151 non
1244 5094 1405 5160 Deus,
1429 5097 1503 5149 ita
1526 5112 1788 5167 nunquam

187 5180 285 5235 fuit
313 5188 428 5230 non
455 5172 628 5226 Pater.
1244 5210 1255 5227 ι

190 5234 196 5249 λ
256 5247 283 5287 δ
326 5245 531 5301 Notum
562 5250 645 5296 est
675 5253 778 5307 tam
807 5256 874 5296 ex
904 5241 1007 5296 hoc
1037 5241 1357 5308 loco,quam
1376 5250 1446 5308 ex
1469 5234 1783 5308 Athanasio,

190 5316 401 5372 Hilario
432 5328 496 5368 ac
523 5306 849 5383 Epiphanio,
882 5312 1109 5366 Arianos
1136 5306 1343 5383 tantum
1371 5306 1788 5383 inaequalitatem

191 5389 331 5443 inter
372 5375 585 5454 divinas
610 5375 870 5454 personas
897 5381 1240 5454 constituisse
1259 5421 1274 5446 ,
1322 5386 1381 5434 ut
1410 5375 1557 5454 Patri
1583 5377 1789 5454 solum-

190 5459 362 5515 modo
390 5447 691 5510 tribuerent
708 5454 939 5523 primum
962 5453 1183 5507 honoris
1202 5459 1258 5505 et
1276 5448 1563 5523 potestatis
1583 5447 1781 5515 locum,

140 5542 145 5598 ;
190 5528 329 5586 Filio
363 5526 457 5580 vix
484 5519 775 5598 secundum
801 5562 815 5586 ,
839 5522 1085 5598 Spiritui
1123 5519 1340 5598 tertium
1364 5519 1780 5598 relinquerent:

138 5589 145 5712 ί
193 5615 358 5671 quam
390 5594 636 5651 hmresim
665 5607 810 5647 nunc
836 5589 1135 5646 instaurare
1172 5589 1469 5645 Calviniani
1497 5597 1782 5670 conantur;

195 5669 416 5712 manndn
444 5680 566 5712 mm
595 5678 696 5712 suo
731 5669 954 5712 auctore
988 5661 1349 5712 contendunt.
1382 5673 1578 5712 nomen
1608 5658 1702 5712 Det
1732 5667 1782 5712 et

340 5669 416 5724 do
444 5680 567 5721 cum
595 5678 696 5720 suo
731 5669 954 5718 auctore
988 5661 1349 5725 contendunt,
1382 5673 1578 5713 nomen
1608 5658 1702 5712 Dei
1732 5658 1788 5713 ει

336 5738 480 5795 toris
523 5749 639 5807 per,
664 5731 1095 5807 antonomasiam
1141 5731 1242 5785 soli
1288 5730 1435 5807 Patri
1472 5728 1784 5807 convenire,

198 5797 333 5869 Filio
383 5797 716 5879 improprie:
764 5803 958 5879 filium
1008 5802 1171 5879 etiam
1214 5798 1505 5879 secundum
1550 5797 1789 5879 divinam

202 5868 729 5940 naturam-futurum
764 5872 911 5935 Patri
946 5872 1244 5932 subditum:
1289 5868 1505 5925 Patrem
1533 5883 1651 5924 esse
1678 5868 1789 5938 pri-

1890 4128 2033 4169 mam
2057 4123 2275 4167 causam
2306 4121 2485 4179 rerum
2514 4105 2785 4179 omnium,
2800 4100 2994 4179 Filium
3020 4102 3328 4179 secundum,
3359 4101 3474 4179 Spi-

1889 4149 3472 4245 351173721133}':"cii¥isii5§{i'iii'hét'iiééiri'ﬁﬁé'é'éiiiuﬂiiii

1891 4255 1975 4310 vel
2025 4252 2330 4326 proximum
2357 4265 2409 4326 _a
2452 4247 2609 4305 Patre
2656 4248 2876 4326 honoris
2924 4264 2986 4303 ac
3016 4248 3222 4326 imperii
3250 4248 3471 4326 gradum

1889 4317 2178 4396 occupare,
2212 4328 2315 4377 etc.
2348 4319 2550 4396 Contra
2580 4317 3012 4396 vero_§r_riptura
3041 4317 3216 4396 divina
3248 4318 3467 4375 clamat:

1892 4394 1964 4450 lii
1990 4388 2091 4451 tr'es
2119 4410 2275 4446 unum
2307 4402 2445 4448 sunt.
2487 4389 2555 4444 Et
2586 4388 2677 4445 Dei
2719 4388 2881 4453 Filius
2910 4388 3241 4446 sanctissime
3270 4396 3325 4443 et
3351 4404 3471 4459 gra-

1887 4466 2105 4521 vissime
2133 4470 2484 4523 contestatur,
2510 4460 2634 4534 Ego
2659 4470 2723 4534 Δει
2762 4459 2922 4515 Pater
2961 4477 3115 4515 unum
3145 4476 3352 4534 sumus.
3391 4460 3473 4534 Att

1885 4553 1999 4592 eam
2033 4536 2203 4607 (pium
2234 4530 2845 4607 hominemlueniemus,
2894 4530 3472 4607 et__mattsionem_apa_d

1885 4553 1999 4592 eam
2055 4537 2203 4607 pium
2234 4536 2542 4657 hominemg1
2558 4536 2845 4597 veniemus,
2894 4538 2943 4584 et
2988 4536 3306 4586 mansionem
3335 4536 3472 4601 apud

1885 4624 2000 4664 eum
2031 4536 2298 4678 ﬁdamus.
2324 4601 2476 4678 _Hi_n_c
2547 4601 2743 4678 yriilus
2758 4602 2831 4655 ait
2862 4620 2876 4654 ι
2925 4599 3042 4678 Una
3076 4600 3256 4678 Deitas
3278 4601 3473 4678 __Trini-

1888 4680 2005 4732 tatis
2028 4669 2259 4747 'est,_una
2280 4669 2614 4747 gloriﬁcatio,
2645 4672 2923 4747 eaquue
2948 4671 3250 4726 dominatio.
3278 4669 3343 4747 lit
3358 4686 3475 4747 rur-

1886 4762 2007 4823 sum
2032 4766 2057 4801 :-
2080 4739 2342 4823 Abraham
2376 4739 2431 4799 in
2466 4742 2625 4823 tribus
2653 4743 2779 4797 uiris
2809 4743 2871 4823 ab
2907 4742 3324 4823 ipso-conspectis
3356 4739 3474 4794 Tri-

1888 4818 2097 4872 nitatem
2128 4813 2613 4870 consubstantialem
2634 4809 2943 4883 cognoﬁt‘e't
2972 4809 3223 4883 adoravit.
3273 4809 3471 4883 Asseno

1890 4888 1954 4941 tit
1982 4894 2037 4943 et
2067 4887 2176 4941 Leo
2207 4884 2430 4955 Magnus
2480 4884 2561 4937 his
2588 4878 2804 4955 verbis:
2841 4878 2962 4955 Non
2993 4881 3107 4955 alia
3120 4890 3238 4935 sunt
3268 4878 3468 4943 Patris,

1813 4931 1864 4991 ο
1888 4931 2179 5020 signa“,
2207 4931 2777 5026 ".Isfa"s‘;.t.‘iz._;.j.‘..;;g.
2792 4931 2823 5026 '.-_
2842 4931 3475 5026 se.1...‘.;.,;',..‘.;..;..4.;:

1890 5027 2040 5081 habet
2069 5019 2248 5089 Pater,
2281 5019 2501 5102 (iubetet
2523 5021 2710 5102 filius,
2734 5019 2883 5102 liabet
2902 5019 3202 5102 et_§piritus
3232 5019 3473 5102 sanctius:

1888 5112 1983 5151 nec
2010 5112 2236 5163 unquam
2284 5095 2340 5149 in
2381 5094 2475 5148 illa
2526 5091 2784 5163 Trinitate
2828 5091 2995 5163 defuit
3023 5091 3133 5163 ista
3163 5091 3470 5163 communio.

1895 5165 2057 5221 Nulla
2087 5161 2155 5222 ibi
2186 5176 2433 5238 tempora,
2464 5161 2843 5286 nutiidgradus,
2878 5161 3032 5217 nulla:
3054 5162 3363 5286 diﬂ‘rrentia’
3390 5173 3475 5210 co-

1895 5239 2138 5286 nitentur-
2189 5244 2293 5286 etc.
2343 5234 2512 5286 Item:
2560 5230 2590 5286 Ι
2629 5236 2687 5286 ἑο
2728 5232 2929 5286 beatam
2971 5230 3095 5286 Trin
3122 5242 3275 5285 tatem
3316 5243 3471 5280 unum

1891 5239 2139 5309 gitentur,
2189 5230 2295 5309 et_c.'
2343 5230 2929 5309 ltemaltféobcatam
2971 5230 3275 5309 Trinitatem
3316 5243 3471 5309 miunt

1890 5296 2195 5378 Eonﬁtcm'ur
2226 5305 2386 5360 Deum
2410 5346 2423 5370 ,
2457 5305 2575 5378 quia
2605 5306 2659 5361 in
2694 5304 2782 5378 his
2804 5303 2961 5378 tribus
2983 5303 3215 5373 personis
3238 5296 3476 5378 necauit—

1888 5365 2119 5444 stantite,
2159 5393 2251 5431 nec
2273 5365 2534 5447 potentiae,
2574 5390 2665 5429 nec
2700 5365 3007 5438 voluntatis,
3040 5387 3133 5424 nec
3161 5365 3475 5441 Operatiom's

1890 5458 1967 5503 est
1992 5449 2101 5504 ulla
2129 5449 2399 5503 diversitas
2417 5487 2430 5511 ,
2463 5453 2568 5501 etc.

1965 5529 1989 5559 ¢
2032 5502 2349 5589 llujusmodi
2375 5502 2589 5589 [uerunt
2615 5529 2732 5589 pro__
2752 5521 2995 5589 tempore
3033 5502 3472 5589 Aug‘ustusL'An:

1891 5591 2072 5645 tonius
2110 5574 2172 5660 Et
2229 5587 2458 5660 Lepidus
2482 5629 2496 5651 ,
2544 5604 2573 5640 a
2618 5574 2845 5660 quibus“
2860 5574 3248 5660 iriumv‘igratqs.
3304 5574 3475 5660 Simul

1893 5644 2057 5716 etiam
2104 5644 2501 5731 impera}emnt
2529 5644 3146 5731 tres'tilii'nConstantini
3186 5644 3391 5731 Magni;
3423 5662 3479 5706 et

1894 5740 2082 5801 postea
2111 5717 2409 5801 Honorius,
2444 5723 2703 5801 Arcadius
2724 5761 2738 5784 ,
2769 5717 3342 5801 GratianquAzutametsi
3371 5717 3478 5777 non

1894 5781 2428 5856 iaiiii'ééiisénsiéhé
2456 5781 2756 5847 animorum
2785 5792 2985 5855 quanta
3014 5781 3301 5845 decuisset.
3525 5809 3531 5817 -
