4108 6348
661 322 767 379 255

2006 325 2274 381 ARNOBII
2312 325 2619 383 JUNIORIS

658 416 948 511 imperium
987 440 1090 495 hoc
1128 439 1382 506 mortale,
1415 447 1617 495 tantam
1661 440 1713 495 in
1754 455 1812 496 sc
1841 440 2082 495 continet
2108 454 2241 495 con-
2270 444 2318 501 Α
2345 438 2449 496 dici
2498 442 2697 512 possit,
2747 441 2890 514 quod
2935 449 3061 497 ante
3102 449 3347 513 tempora
3374 442 3599 497 exstitit.
3638 439 3776 498 Cum
3802 457 3933 513 ergo

661 533 906 591 cordiam
928 532 1090 603 pacis,
1125 541 1149 567 ⁸·
1180 536 1238 584 ut
1264 532 1356 601 qui
1384 530 1505 587 aliis
1529 539 1690 587 aetate
1716 532 1791 604 sit,
1818 531 1990 601 major
2021 546 2245 586 nascen-

661 624 755 688 do,
787 632 844 679 et
870 622 1182 693 imperando
1211 623 1359 693 prius
1384 641 1397 677 :
1429 623 1518 680 hic
1555 624 1753 690 minor,
1776 625 1867 694 qui
1895 632 2018 694 post
2047 624 2244 679 multos

661 732 836 774 annos
861 733 924 773 ac
947 715 1105 773 hodie
1132 717 1359 787 sumpsit
1385 717 1699 788 imperium;
1731 718 1799 774 ab
1826 731 1888 772 ea
1914 727 2091 771 tamen
2114 717 2244 772 hora

664 794 768 878 qua
800 816 881 863 est
921 816 1174 876 augustas
1203 804 1451 873 ell'eetus,
1492 809 1672 863 minor
1695 823 1762 863 eo
1790 809 1883 878 qui
1908 809 2057 879 prior
2078 821 2245 876 gene-

661 900 873 955 ratione
900 900 1084 970 coepit,
1117 914 1237 955 esse
1265 915 1372 956 non
1401 900 1571 970 possit
1597 919 1610 954 :
1641 907 1843 969 quanto
1871 900 2039 969 magis
2069 901 2121 955 in
2146 900 2248 956 hac

658 1001 857 1048 sancta:
886 990 1164 1046 Trinitatis
1190 991 1369 1047 divina
1392 991 1703 1057 concordia,
1734 992 1788 1046 in
1815 1006 1920 1061 qua
1950 1007 2086 1046 unus
2112 1007 2247 1046 nun-

659 1099 821 1155 quam
871 1083 1036 1153 cmpit
1079 1084 1314 1139 ctelestis
1357 1084 1653 1154 asternique
1696 1085 1816 1140 solii
1864 1093 2051 1139 tenere
2076 1085 2246 1155 impe-

659 1177 829 1243 rium;
880 1184 1029 1230 tanta
1076 1185 1161 1231 est
1205 1178 1413 1242 unitas,
1444 1185 1506 1232 ut
1533 1192 1760 1232 numero
1787 1185 1901 1232 tres
1928 1178 2243 1248 computati,

659 1284 828 1323 unum
858 1270 1438 1341 uniusquepotestatis
1465 1270 1727 1325 habentes
1756 1270 2071 1341 imperium,
2108 1286 2247 1327 unus

661 1362 804 1419 Deus
831 1371 887 1416 et
914 1377 1050 1418 unus
1088 1363 1344 1418 Dominus
1385 1365 1800 1435 nuncupentur?
1828 1363 1885 1419 In
1925 1365 2073 1419 nullo
2101 1365 2242 1420 eiiim

596 1488 603 1493 υ
660 1471 691 1511 a
737 1470 795 1510 se
834 1454 999 1518 distat
1042 1455 1220 1510 divina
1267 1464 1479 1510 natura.
1522 1454 1591 1510 Et
1617 1458 1660 1511 si
1693 1456 1932 1513 ordinem
1956 1498 1970 1523 ,
2002 1471 2160 1525 quem
2190 1455 2243 1511 in

661 1547 966 1603 hominibus
1016 1548 1164 1618 prior
1209 1557 1340 1603 tetas
1368 1548 1622 1615 admisit,
1657 1550 1934 1620 aequalitas
1963 1550 2245 1630 potestatis

660 1639 923 1707 excludit;
966 1647 1169 1710 quanto
1216 1641 1383 1710 magis
1428 1638 1608 1695 divina
1643 1641 2029 1712 omnipotentia
2072 1641 2161 1696 ubi
2191 1642 2243 1697 in

662 1731 921 1787 Trinitate
967 1733 1143 1788 nullus
1183 1734 1440 1799 anterior,
1470 1731 1498 1772 δ
1527 1734 1704 1789 nullus
1751 1742 1835 1789 est
1876 1735 2096 1790 omnino
2142 1750 2242 1805 po-

2347 531 2544 602 gradus
2572 532 2685 591 ﬁeri
2715 549 2780 589 ex
2812 533 3057 604 passibus
3083 534 3258 589 omnis
3296 550 3401 588 non
3431 532 3629 605 possit,
3661 534 3754 605 qui
3779 535 3934 591 subdi

2348 642 2455 680 non
2502 633 2718 697 potest,
2770 640 3053 680 numerum
3100 631 3281 680 servat
3327 623 3645 689 Trinitatis,
3683 625 3933 681 ordinem

2345 733 2475 773 vero
2503 733 2669 774 unum
2696 718 3016 788 aequalitatis
3043 718 3297 788 assignat.
3343 718 3409 772 Et
3438 717 3587 781 ideo,
3619 725 3682 774 ut
3705 718 3816 774 dixi
3838 735 3930 774 sn-

2346 798 2546 882 perius,
2583 822 2605 851 ε
2628 812 2752 882 quia
2777 827 2885 867 non
2914 810 3077 866 habet
3105 810 3420 875 secundum,
3463 810 3554 879 qui
3584 811 3792 881 primus
3817 822 3926 875 est;

2347 921 2448 960 nec
2476 904 2724 970 tertium,
2769 903 2859 974 qui
2907 901 3200 967 secundus,
3240 902 3308 956 de
3330 901 3506 972 primo
3536 917 3645 956 non
3673 901 3925 957 nascitur.

2348 995 2500 1051 Tolle
2546 995 2891 1059 distantiam,
2937 1002 2992 1049 et
3038 993 3182 1064 quod
3226 994 3279 1048 in
3327 992 3592 1048 Trinitate
3619 992 3930 1060 credideris,

2344 1089 2578 1160 primum
2611 1075 2848 1145 invenies
2867 1127 2884 1153 ,
2913 1094 2973 1142 ut
3003 1087 3206 1142 nullum
3233 1086 3548 1151 secundum,
3577 1085 3667 1140 vel
3696 1087 3929 1152 tertitun,

2345 1180 2438 1235 sed
2467 1196 2630 1235 unum
2660 1181 2827 1236 Deum
2855 1180 3057 1235 habere
3083 1180 3390 1249 gratulcris.

2416 1269 2505 1325 XI.
2532 1271 2884 1342 —-Serapion
2929 1270 3100 1325 dixit:
3133 1269 3332 1324 Fateor
3378 1269 3509 1324 mihi
3554 1270 3624 1327 de
3673 1271 3932 1326 universis

2345 1376 2464 1432 quae
2510 1362 2735 1432 opposui
2782 1361 3110 1417 satisfactum
3158 1359 3589 1417 rationabiliter:
3621 1360 3720 1417 sed
3745 1377 3926 1433 super-

2344 1463 2468 1509 sunt
2495 1454 2626 1510 mihi
2653 1455 2818 1509 multa
2848 1453 3331 1523 interrogationum
3367 1455 3601 1525 capitula
3621 1494 3634 1516 ,
3669 1463 3723 1510 et
3752 1458 3929 1526 pacci-

2343 1559 2449 1615 pue
2491 1545 2873 1600 incarnationis
2919 1544 3210 1600 Dominica:
3257 1546 3607 1601 sacramentis
3630 1587 3645 1612 ,
3679 1544 3706 1583 ά
3735 1563 3855 1617 quae
3887 1549 3925 1603 si

2344 1637 2562 1709 insuper
2607 1653 2715 1692 non
2763 1637 2971 1693 habetis
2996 1679 3009 1702 ,
3079 1652 3165 1691 me
3214 1636 3547 1706 interrogare
3580 1640 3923 1711 .pra'aripite:

2344 1731 2596 1801 quoniam
2646 1729 2782 1785 sicut
2832 1729 3005 1783 fateor
3040 1727 3373 1784 satisfactum
3415 1729 3544 1784 mihi
3575 1729 3644 1784 ab
3675 1732 3922 1799 Arnobio,

658 1823 883 1890 sterior;
938 1824 1015 1878 ita
1064 1825 1271 1891 unitas,
1323 1825 1395 1879 ita
1445 1824 1668 1880 indivisa
1708 1826 1991 1896 majestas,
2038 1835 2095 1881 ut
2122 1842 2245 1882 cum
2276 1817 2323 1878 Β
2349 1822 2421 1877 ita
2450 1822 2620 1877 nostis
2647 1822 2982 1889 cognitorum
3012 1821 3167 1876 electi
3187 1862 3202 1887 ,
3234 1821 3361 1875 nihil
3392 1837 3479 1877 me
3509 1823 3670 1892 legali
3701 1826 3923 1880 auctori-

658 1930 785 1970 vere
813 1916 974 1970 trium
999 1931 1280 1971 numerum
1303 1925 1554 1981 teneant,
1579 1933 1707 1973 vere
1734 1933 1874 1974 unus
1904 1919 2061 1985 Deus,
2080 1919 2244 1987 origo

658 2004 839 2078 pacis,
890 2009 1089 2078 quietis
1145 2018 1201 2064 et
1255 2011 1655 2079 tranquillitatis
1699 2011 2246 2068 existat.-—Judices

657 2098 769 2154 dati
811 2099 1099 2155 dixerunt:
1134 2100 1239 2156 Aut
1268 2100 1549 2173 Serapion,
1600 2104 1643 2159 si
1687 2090 1862 2170 valet,
1914 2113 2100 2160 contra
2132 2105 2244 2161 lucc

656 2188 895 2261 proferat
920 2192 1146 2261 aliquid,
1180 2201 1274 2247 aut
1303 2192 1569 2250 Arnobius
1596 2194 1754 2265 hujus
1782 2196 2097 2251 assertionis
2125 2213 2238 2253 suae

656 2282 894 2339 breviter
920 2284 1137 2353 colligat
1173 2296 1453 2340 summam.
1476 2317 1551 2329 ——-
1571 2285 1813 2357 Cumque
1849 2287 2103 2345 diuturno
2143 2288 2243 2344 Se-

656 2375 848 2444 rapion
904 2382 1146 2429 uteretur
1190 2376 1435 2442 silentio,
1480 2377 1749 2433 Arnobius
1776 2379 1945 2433 dixit:
1978 2381 2119 2437 Deus
2148 2399 2246 2437 no-

658 2471 769 2519 ster
799 2480 938 2518 unus
965 2473 1050 2519 est
1075 2483 1088 2517 :
1122 2480 1243 2518 nam
1272 2481 1395 2520 cum
1424 2467 1492 2521 sit
1519 2465 1682 2522 Pater
1707 2476 1761 2524 et
1800 2469 1964 2525 Filius
1991 2481 2047 2526 et
2072 2471 2243 2543 Spiri-

659 2564 746 2611 tus
774 2565 991 2610 sanctus
1009 2597 1023 2620 ,
1068 2572 1229 2611 nemo
1276 2566 1454 2611 autem
1497 2556 1836 2615 Christianus
1858 2568 1975 2616 tres
2002 2563 2134 2619 deos
2163 2566 2243 2620 vel

658 2648 841 2702 dicere
867 2648 1030 2703 audet
1058 2650 1143 2702 vel
1180 2649 1433 2712 credere;
1461 2652 1717 2721 quoniam
1747 2654 1830 2725 (ut
1855 2654 1988 2723 dixi)
2015 2657 2068 2710 in
2099 2658 2244 2714 nullo

656 2744 689 2796 ιι
715 2756 775 2797 se
802 2741 981 2796 divina
1009 2742 1173 2797 distat
1199 2751 1387 2797 natura
1414 2762 1426 2797 :
1465 2745 1693 2814 primum
1716 2747 1859 2802 enim
1878 2755 1933 2802 et
1953 2749 2242 2805 secundum

655 2832 743 2888 vel
773 2833 990 2888 tertium
1019 2833 1293 2898 ordinem,
1332 2849 1494 2904 quem
1532 2837 1806 2892 inchoatio
1847 2839 2017 2909 prima
2045 2841 2131 2897 vel
2158 2848 2244 2898 se-

654 2924 828 2979 cunda
858 2925 944 2978 vel
973 2927 1131 2979 tertia
1164 2914 1216 2980 in
1246 2926 1554 2986 hominibus
1591 2944 1690 2999 per
1717 2930 1997 2986 intervalla
2028 2944 2241 3004 tempo-

656 3028 777 3067 rum
806 3014 961 3076 facit,
1013 3016 1065 3069 in
1117 3017 1253 3081 Deo,
1286 3033 1405 3087 qum
1446 3029 1572 3074 ante
1608 3029 1850 3090 tempora
1894 3034 1975 3078 est
2021 3026 2242 3095 aequalis

660 3104 929 3159 inchoatio
949 3144 961 3163 ς
1010 3107 1060 3159 in
1094 3115 1297 3161 tantum
1328 3124 1435 3165 non
1465 3110 1727 3179 admittit,
1758 3122 1940 3170 utnec
1967 3104 2240 3173 inchoatio

2344 1922 2458 1976 tate
2503 1915 2754 1983 gessisse.
2815 1913 2984 1969 Video
3032 1914 3176 1969 enim
3222 1924 3331 1968 tam
3378 1917 3579 1971 veteris
3606 1914 3924 1979 Testamenti

2346 2022 2507 2076 quam
2538 2008 2693 2075 novi,
2736 2007 2878 2062 hunc
2906 2006 3074 2061 Deum
3103 2004 3319 2062 Patrem
3349 2009 3680 2086 ingenitum.
3734 2012 3804 2066 ita
3842 2027 3923 2083 ge-

2347 2098 2461 2153 nito
2490 2098 2730 2169 prteponi
2754 2139 2768 2163 ,
2814 2106 2872 2151 ut
2911 2098 3205 2153 secundum
3234 2107 3361 2169 post
3388 2097 3604 2154 Patrem
3635 2100 3811 2158 locum
3836 2105 3924 2157 ob-

2346 2188 2531 2245 tineat.
2555 2190 2913 2245 -—Arnobius
2949 2189 3121 2244 dixit:
3162 2189 3351 2246 Profer
3387 2206 3518 2261 ergo
3562 2192 3725 2262 Legis
3745 2194 3923 2249 divine

2346 2281 2683 2347 testimonia,
2725 2280 2918 2350 quibus
2962 2278 3176 2334 Patrem
3206 2281 3464 2349 majorem
3494 2282 3633 2338 Filio
3661 2284 3922 2339 ostendas.

2346 2372 2697 2443 —Serapion
2746 2371 2919 2426 dixit:
2979 2379 3003 2409 ο
3053 2370 3228 2442 Ipsum
3277 2370 3466 2427 Filium
3517 2373 3608 2429 Dei
3654 2375 3924 2432 considera

2344 2462 2649 2519 Salomonis
2678 2478 2773 2517 ore
2802 2470 3091 2518 testantem
3118 2481 3131 2515 :
3164 2460 3420 2517 Dominus
3448 2467 3635 2519 crearit
3666 2482 3745 2520 me
3773 2467 3925 2522 initio

2344 2559 2539 2611 viarum
2569 2573 2780 2611 suarum
2809 2557 2863 2610 in
2879 2573 3054 2628 opera,
3079 2564 3200 2609 ante
3221 2557 3413 2610 siccata
3434 2559 3626 2611 creauit
3644 2573 3723 2612 me
3750 2554 3919 2629 (Prov.

2347 2665 2453 2712 vni,
2488 2647 2601 2719 12).
2642 2647 2761 2719 Ipse
2789 2655 2968 2703 autem
2998 2648 3140 2702 Deus
3168 2646 3331 2702 Pater
3358 2647 3426 2702 de
3457 2647 3595 2703 Filio
3622 2664 3721 2720 per
3744 2648 3921 2704 Isaiam

2342 2743 2664 2815 prophetam
2691 2741 2858 2797 dicit:
2901 2740 2919 2778 ί
2959 2739 3097 2795 Ecce
3123 2757 3312 2811 ponam
3342 2743 3395 2796 in
3428 2741 3555 2796 Sion
3594 2743 3815 2816 lapidem
3848 2746 3921 2817 of-

2343 2838 2614 2910 fensionis,
2646 2846 2696 2891 et
2734 2844 2931 2907 petram
2969 2834 3203 2889 scandali
3227 2852 3249 2889 :
3273 2844 3324 2889 et
3342 2838 3509 2891 omnis
3543 2839 3634 2910 qui
3665 2838 3920 2893 crediderit

2342 2931 2396 2984 in
2417 2946 2496 2994 eo,
2521 2945 2625 2983 non
2654 2927 2999 3001 confundetur
3022 2925 3156 2999 (Isa.
3192 2942 3302 2991 vm,
3337 2927 3448 2999 14).
3481 2927 3561 2983 Ita
3587 2928 3755 2985 David
3772 2930 3837 2986 de
3860 2945 3919 2985 eo

2343 3020 2520 3076 canit:
2552 3017 2804 3091 Lapidem
2838 3034 2984 3090 quem
3018 3017 3416 3089 reprobarerunt
3445 3019 3795 3092 wdiﬁcantes,
3822 3029 3916 3076 etc.

2344 3115 2459 3191 (Ps.
2498 3129 2667 3181 cxvn,
2715 3111 2828 3183 22).
2880 3110 3032 3167 Unde
3078 3119 3133 3167 et
3178 3110 3341 3167 Isaias
3380 3112 3515 3168 dixit
3548 3133 3561 3168 :
3597 3124 3624 3163 tt
3656 3113 3785 3171 Haec
3809 3114 3921 3169 dicit

1836 3272 1945 3328 FR.
1985 3238 2476 3331 πωπω
2514 3270 2745 3328 noras.

732 3410 757 3481 ξ
797 3399 974 3481 Codex
1004 3398 1194 3481 vetus:
1232 3399 1439 3481 (locum
1462 3403 1582 3481 aliis
1604 3413 1662 3481 et
1682 3421 1717 3481 a_
1742 3412 1790 3458 te
1814 3406 2098 3481 sit__major,
2127 3417 2235 3481 etc.
2271 3410 2471 3481 C'nein
2500 3388 3451 3481 creaturarumcogerenitebantur,
3506 3417 3692 3481 ntgex_
3722 3409 3923 3481 scriptis

666 3508 671 3509 ν
728 3471 754 3509 δ
793 3469 1320 3545 Confirmaturistud
1348 3470 1605 3545 Symbolo
1634 3474 1940 3541 Athanasii,
1971 3469 2242 3545 quo'dici-

659 3549 781 3615 tur:
818 3540 883 3594 In
907 3541 1293 3615 Itac_Trinitate
1321 3540 1460 3615 nihit
1473 3545 1768 3615 primaut
1803 3540 2080 3615 posterius,
2111 3549 2243 3603 nihil

657 3610 827 3685 majus
855 3612 1163 3685 autminus,
1194 3620 1297 3666 etc.
1339 3610 1406 3665 Et
1443 3610 1700 3669 Martialis
1744 3610 1968 3685 epistola
2008 3610 2073 3672 ad
2107 3619 2240 3673 Bur—

657 3679 969 3752 dcgalenses
1013 3682 1170 3752 docet
1219 3690 1326 3735 tres
1367 3697 1626 3752 personas
1671 3679 1876 3741 divinas
1915 3703 2031 3741 esse
2085 3690 2240 3745 unius

537 3812 555 3821 ⁵
649 3751 994 3823 asternitatis,
1026 3750 1186 3823 unius
1203 3750 1515 3817 voluntatis,
1549 3755 1706 3810 unius
1733 3759 2000 3823 essentiaz,
2031 3768 2133 3815 etc.

730 3830 752 3858 ο
777 3819 921 3892 Aant
947 3821 1000 3874 in
1024 3820 1220 3892 dividis
1267 3823 1495 3892 primum
1540 3840 1647 3880 non
1674 3826 1780 3881 dici
1808 3819 2033 3883 relative
2059 3828 2128 3884 ad
2154 3846 2242 3886 se-

653 3890 885 3964 cundum
933 3890 1281 3964 aut_tertiuni
1318 3910 1331 3945 :
1376 3892 1808 3964 quandoquidem
1852 3914 2105 3954 numerus
2151 3901 2238 3957 ille

652 3960 743 4085 aui
772 3961 838 4014 ad
867 3961 1079 4044 generis
1122 3970 1216 4016 aut
1234 3960 1552 4032 quantitatis
1590 3960 1855 4024 rationem
1884 3970 2240 4053 attinet,_ibi-

689 4045 776 4085 em
820 4032 998 4085 nullus
1025 4040 1096 4085 snt
1123 4050 1134 4084 :
1185 4036 1279 4085 sed
1325 4033 1587 4085 duntaxat
1615 4038 1999 4085 transcenderis
2026 4055 2089 4085 sm
2116 4041 2239 4085 Inﬁ-

689 4045 776 4085 em
820 4032 998 4086 nullus
1025 4032 1134 4086 sit:
1185 4036 1279 4087 sed
1325 4033 1587 4090 duntaxat
1615 4038 1999 4094 transcendens
2025 4032 2239 4095 ac'inti-

654 4101 818 4184 nitus:
843 4103 940 4184 qui
968 4102 1193 4184 ab_ipsis
1237 4103 1407 4184 tribus
1452 4108 1706 4184 personis
1738 4125 1844 4184 non
1865 4110 2235 4184 distinguitur.

656 4166 828 4248 Quod
842 4166 925 4248 his
953 4166 1129 4248 verbis
1156 4171 1315 4248 docet
1341 4166 1560 4248 Boetius
1599 4176 1737 4248 (Lib.
1769 4179 1834 4233 de
1862 4178 2009 4234 Trin.
2039 4166 2091 4235 ἕι
2116 4181 2243 4236 Uni-

654 4246 752 4315 tat_.
784 4239 906 4315 Dei)
932 4240 1211 4315 :__‘Deus_au
1241 4241 1544 4315 Deoﬂnullis
1573 4239 1651 4300 uel
1697 4249 2121 4315 occidentalibus,
2164 4255 2239 4307 vel

653 4308 1077 4386 substantialibus
1110 4311 1411 4386 iii/ferendis
1451 4315 1504 4386 in
1536 4316 1762 4386 subjecto
1814 4321 1998 4386 positis
2054 4308 2236 4375 distat.

656 4377 754 4460 {ibi
782 4396 901 4433 vero
929 4380 1071 4435 nulla
1102 4377 1188 4435 est
1217 4381 1534 4460 di/ferentia,
1565 4377 1707 4460 nulla
1737 4377 2040 4443 est'omnino
2069 4390 2241 4460 plura-

651 4448 813 4503 litas:
842 4467 999 4525 quare
1019 4467 1110 4505 nec
1130 4448 1404 4525 trama,
1425 4448 1583 4525 igitur
1602 4456 1801 4525 unitas.
1833 4448 2239 4515 tantum.'Nam

651 4533 766 4601 cum
796 4521 944 4574 tertio
973 4523 1227 4601 repetitur
1254 4520 1414 4591 Deus,
1442 4520 1575 4578 Eunt'
1586 4524 1751 4601 Pater
1776 4536 1826 4583 et
1853 4526 2023 4583 Filius
2044 4541 2095 4584 et
2116 4531 2239 4601 Spi-

650 4588 781 4671 ritus
811 4588 1047 4671 .sanctus'
1092 4588 1595 4671 nuncupatum-tres
1616 4599 1840 4671 unitates
1863 4617 1991 4671 Anon
2039 4588 2239 4671 faciunt

646 4658 1246 4739 pluralitaternnumeri,
1265 4658 1382 4718 'etc.
1419 4658 1482 4739 _N
1484 4682 1551 4720 on
1578 4667 1736 4739 igitur
1763 4670 1809 4722 si
1836 4668 1901 4724 de
1928 4658 2106 4735 Patre,
2140 4669 2239 4727 Fi-

646 4730 736 4805 lio,
776 4743 827 4785 et
875 4730 1075 4801 Spiritu
1105 4742 1284 4788 sancto
1314 4736 1463 4793 tertio
1484 4730 1801 4804 prwdicatur
1843 4740 2005 4805 Deus,
2042 4730 2235 4797 idcirco

2346 3476 2666 3550 Athanasii,
2699 3474 2886 3550 Hilarii
2911 3515 2925 3540 ,
2946 3475 3241 3550 _Epiphani_i
3265 3515 3284 3544 ,
3314 3476 3615 3550 Augustini,
3648 3474 3922 3550 Fulgentii,

2344 3557 2400 3603 et
2429 3547 2607 3616 Vigilii
2636 3546 2792 3618 facile
2818 3556 2902 3618 est
2928 3546 3352 3618 deprehendere.
3395 3546 3472 3603 De
3489 3546 3926 3618 germano'sensu

2344 3619 2559 3674 illorum
2608 3617 2721 3672 suis
2766 3616 2901 3671 locis
2945 3616 3225 3673 dicemus:
3276 3617 3364 3673 hic
3392 3616 3592 3674 tantum
3618 3618 3686 3673 de
3711 3618 3922 3677 diversa

2342 3687 2697 3761 quorumdam
2722 3686 2977 3761 lectione
3008 3687 3212 3761 aliquid
3247 3688 3661 3761 observabimus.
3712 3688 3793 3745 Ac
3816 3695 3928 3761 pti-

2343 3754 2492 3814 mum
2510 3760 2577 3814 de
2598 3754 3137 3813 hoeProverbioruin
3161 3759 3303 3826 loco,
3336 3757 3591 3814 Dominus
3616 3762 3807 3815 creauit
3821 3754 3921 3828 ἰιιε,

2343 3830 2563 3914 etc.,_.in
2587 3842 2699 3914 quo
2721 3827 2913 3914 Ariani
2941 3830 3224 3914 sententia:
3251 3844 3362 3884 sua:
3375 3846 3606 3914 proram
3625 3843 3691 3911 'et
3717 3833 3924 3914 puppim

2342 3896 2773 3972 constituebant;
2800 3906 2953 3972 recte
2980 3896 3242 3972 Basilius,
3273 3915 3337 3971 ac
3374 3896 3923 3972 Epiphanius-judica-

2341 3977 2556 4043 verunt,
2587 3984 2651 4043 es
2676 3968 2881 4043 Aquila:
2910 3968 3373 4043 interpretatione,
3400 3968 3584 4043 rma.
3597 3993 3663 4043 με
3690 3989 3705 4038 ;
3732 3968 3791 4043 et
3817 3987 3923 4027 vcr-

2343 4040 2424 4094 bis
2455 4036 2755 4102 Hebraicis,
2785 4037 2988 4095 Anon.“
3015 4036 3223 4105 CANANI,
3258 4039 3541 4107 legendum
3565 4036 3724 4105 esse,
3762 4042 3919 4098 Domi-

2342 4128 2440 4165 nus
2464 4108 2693 4180 possedit
2736 4125 2843 4175 me,
2859 4125 2973 4183 seu
3009 4111 3180 4183 instar
3206 4109 3336 4183 ραιζρ
3361 4112 3587 4183 εῳσιιιεῦς
3613 4128 3682 4165 ac
3707 4114 3923 4183 possedit

2342 4179 2470 4243 me,
2503 4188 2559 4234 ut
2605 4187 2661 4233 et
2688 4194 2830 4234 nunc
2859 4179 2988 4249 legit
3015 4179 3261 4235 universa
3290 4179 3531 4236 Ecclesia
3560 4179 3759 4238 Latina
3787 4203 3798 4237 :
3826 4200 3921 4239 non

2340 4260 2520 4321 autem
2551 4249 2721 4321 imas
2752 4268 2844 4321 ps;
2876 4252 3066 4321 creavit
3086 4267 3185 4315 me,
3229 4258 3286 4304 ut
3308 4251 3491 4305 Ariani
3511 4253 3917 4309 contendebant.

2339 4319 2409 4374 Et
2436 4336 2567 4394 sane
2595 4319 2846 4394 perfacile
2873 4319 2972 4394 fuit
3000 4321 3083 4376 his
3106 4321 3505 4394 Scripturarmn
3525 4325 3924 4394 corruptoribus

2340 4405 2406 4445 ex
2436 4382 2881 4465 aorist'os'mag;
2912 4382 3272 4465 descendente
3312 4406 3349 4465 a7
3368 4393 3536 4447 verbo
3565 4382 3758 4465 «at,
3789 4396 3923 4465 quod

2340 4469 2442 4525 est,
2472 4460 2757 4531 possideo;
2789 4460 3001 4533 ellicere
3030 4463 3290 4523 aoristum
3316 4461 3512 4527 ἔκτισε,
3544 4460 3925 4533 procedentem

2340 4548 2372 4584 a
2400 4533 2567 4586 verbo
2615 4536 2800 4598 urite,
2845 4532 2989 4600 quod
3034 4548 3243 4597 creare,
3290 4532 3561 4599 condere,
3586 4544 3642 4589 et
3671 4534 3927 4591 fabricare

2340 4600 2607 4670 significat
2630 4642 2644 4667 ,
2695 4618 2800 4657 non
2831 4599 3030 4657 difﬁcili
3053 4625 3084 4663 η
3113 4604 3166 4657 in
3196 4625 3214 4657 ι
3240 4601 3736 4660 transformatione.
3769 4607 3928 4663 Acce-

2338 4671 2416 4726 dit
2444 4671 2704 4728 Eusebius
2729 4671 3074 4728 Caasariensis
3100 4672 3310 4729 consilii
3330 4688 3370 4733 ,a
3400 4674 3700 4730 cluereseos
3726 4678 3929 4736 Arianae

2340 4750 2467 4815 ante
2513 4743 2727 4815 concilii
2776 4741 2976 4815 Nigeni
3024 4744 3302 4815 decretum
3346 4743 3639 4815 particeps,
3672 4747 3764 4815 qui
3793 4747 3929 4802 libro

648 4791 784 4883 ηςείια
801 4791 1102 4883 πειηιεταμίο
1424 4791 1569 4883 facit.
1589 4879 1601 4883 _
1622 4806 1690 4883 si
1727 4791 2233 4883 causisin;
2265 4791 2316 4850 ι)
2342 4791 2977 4869 remacruerant;
3024 4791 3931 4883 éﬁiiissiﬁe'ébiiieiﬁit,‘&'i52i

645 4880 767 4952 ctat.
800 4872 868 4952 59
907 4874 962 4927 in
1006 4872 1228 4945 Joann.)
1263 4892 1274 4927 :
1312 4872 1638 4952 Est'diqttid
1676 4881 1726 4934 in
1762 4872 2019 4952 TFinitate
2041 4872 2232 4952 incia-

645 4941 744 4995 b.'le
767 4983 780 5006 ,
812 4951 867 4994 ut
914 4952 965 4997 et
1005 4941 1249 4998 numerus
1278 4947 1366 5008 sit,
1406 4956 1457 4999 et
1502 4941 1746 5004 numerus
1775 4967 1878 5005 non
1899 4954 1967 5005 sit
1992 4941 2154 5006 Pater
2182 4962 2231 5007 et

644 5010 814 5092 lj'il‘ius
839 5020 887 5065 et
920 5012 1150 5083 Spiritus
1172 5024 1383 5092 sanctus
1414 5015 1665 5073 Trinitas.
1709 5020 1769 5076 Si
1787 5033 1907 5087 tres,
1938 5022 2061 5092 quid
2091 5026 2231 5078 tres?

642 5082 816 5158 deﬁcit
867 5082 1160 5137 numerus:
1174 5083 1455 5158 [taDeus
1485 5104 1577 5142 nec
1604 5092 1797 5144 recedit
1819 5110 1850 5145 a
1870 5082 2102 5158 nurnero,
2134 5110 2229 5149 nec

640 5155 842 5226 capitur
868 5169 1117 5226 numero.
1161 5152 1469 5226 Quidusunt
1512 5160 1599 5213 isti
1628 5170 1759 5226 tres,
1792 5159 1953 5216 Pater
1980 5173 2029 5216 et
2055 5152 2103 5215 Ρ
2106 5164 2228 5219 ilius

640 5232 685 5293 ct
732 5224 960 5293 Spiritus
1006 5225 1255 5293 sanctus?
1303 5223 1425 5281 Non
1472 5236 1574 5283 tres
1604 5223 1923 5285 Dat/Non.
1971 5230 2091 5287 Non
2121 5243 2226 5288 tres

653 5292 1069 5364 '_}_mnipotentes.’
1089 5292 1235 5349 Non.
1260 5293 1385 5351 Non
1413 5306 1516 5353 tres
1538 5301 1715 5354 mundi
1737 5299 2048 5358 Creatores?
2079 5301 2220 5358 Non.

646 5362 756 5416 {loc
782 5362 904 5438 ergo
935 5364 1104 5442 solun:
1142 5382 1355 5442 numero
1395 5370 1663 5431 insinuat.
1718 5373 1854 5442 quod
1898 5373 1967 5427 ad
2008 5375 2221 5428 invicem

645 5442 791 5507 sunt,
810 5435 914 5492 non
937 5435 1074 5507 quod
1093 5436 1163 5490 ad
1190 5453 1244 5491 se
1271 5447 1409 5493 sunt.

709 5503 735 5540 ιι
776 5503 992 5583 Lubens
1020 5508 1299 5574 adderem,
1337 5510 1620 5566 molestum
1651 5522 1743 5566 aut
1771 5513 2056 5583 ingratum,
2088 5523 2215 5579 etc.,

640 5582 700 5628 ιιι
728 5581 902 5648 oratio
930 5580 1135 5648 integra
1164 5588 1326 5635 esset.

715 5652 749 5721 ξ
777 5645 876 5705 Hic
906 5645 1536 5721 plurima‘congeruntur
1573 5648 1862 5721 Scripturlu
1892 5653 2216 5717 testimonia,

640 5715 833 5785 quibus
880 5715 1088 5774 veteres
1135 5715 1564 5777 Samosateniani
1588 5764 1602 5787 ,
1636 5715 1856 5789 Ariani,
1890 5715 2215 5789 l’hotiniani,

639 5788 929 5858 ceterique
949 5790 1245 5846 divinitatis
1272 5790 1470 5852 Christi
1510 5788 1800 5849 adversarii
1840 5788 1962 5849 eum
1992 5795 2047 5848 in
2074 5788 2218 5848 ordi-

2339 4898 2446 4936 non
2492 4898 2611 4938 esse
2661 4884 2980 4951 legendum:
3027 4882 3228 4937 Creavit
3253 4873 3493 4949 me,‘sed
3517 4873 3805 4951 constituit,
3838 4898 3934 4943 aut

2338 4952 2597 5027 ordinavit
2624 4970 2734 5008 me:
2768 4961 2948 5027 ut_est
2974 4953 3117 5024 apud
3130 4953 3427 5027 Socratem
3457 4962 3513 5009 et
3532 4954 3928 5027 Nicephorum.

2413 5022 2447 5094 τί
2474 5023 2650 5081 Locus
2679 5032 2762 5078 est
2802 5024 2875 5094 ab
2919 5022 3366 5094 Apostolol’tom.
3413 5041 3488 5089 ix,
3519 5023 3609 5091 25,
3642 5022 3934 5084 contextus

2336 5108 2403 5149 ex
2432 5093 2579 5151 Isaiae
2608 5110 2717 5160 vni,
2752 5093 2840 5158 M,
2872 5102 2927 5148 et
2959 5093 3120 5150 xxvnl
3140 5134 3154 5159 ,
3188 5093 3274 5159 lti,
3305 5095 3604 5151 secundum
3629 5097 3932 5154 editionem

2336 5163 2703 5236 Septuaginta,
2752 5164 3162 5237 quiiquomodo
3206 5163 3556 5237 faceret,pro
3603 5166 3932 5226 Arianorum

2334 5234 2602 5290 sententia
2636 5251 2742 5289 non
2770 5236 2901 5290 satis
2927 5234 3103 5289 video.

2402 5305 2621 5388 capud
2651 5305 2999 5388 Septuaginta
3031 5306 3226 5388 legitur
3264 5314 3347 5388 ςτῷ
3373 5316 3579 5388 lifting.
3611 5330 3727 5388 pou
3756 5312 3928 5388 εὐρῳ.

2332 5364 2535 5464 Christo
2586 5392 2699 5430 meo
2727 5364 2908 5467 ’ριν-ὃ..
2949 5364 3221 5467 Arnobius
3262 5364 3425 5445 igitur:
3448 5364 3579 5461 legit

2332 5448 2497 5521 κύρῷ,
2522 5460 2631 5514 quo
2668 5445 2830 5502 modo
2858 5455 2912 5501 et
2949 5445 3211 5503 Eusebius
3240 5445 3643 5518 plteparationis
3671 5445 3929 5520 Evange-

2329 5516 2446 5587 lica:
2473 5516 2608 5570 libro
2633 5526 2816 5587 sexto,
2848 5517 3023 5587 capite
3051 5533 3229 5582 nono;
3272 5516 3631 5576 Tertullianus
3660 5521 3932 5580 adversus

2327 5584 2577 5663 Judgcos:
2623 5584 2929 5663 Cyprianus
2969 5587 3225 5663 adversus
3265 5587 3527 5663 ,’
3551 5591 3692 5647 libro
3720 5594 3929 5663 primo,

2326 5657 2501 5730 capite
2528 5656 2785 5730 vigesimo
2815 5659 3017 5730 primo;
3056 5656 3367 5730 Lactantius
3396 5659 3541 5730 libro
3576 5656 3797 5730 quarto,
3824 5656 3930 5721 ca;

2324 5730 2437 5802 pile
2465 5727 2813 5802 duodecimo;
2846 5727 3173 5802 Augustinus
3197 5726 3344 5785 Orat.
3376 5729 3446 5788 de
3470 5726 3712 5802 quidque
3734 5726 3931 5794 Hiere-

2324 5796 2502 5864 sibus;
2531 5797 2782 5869 Cyrillus,
2812 5807 2871 5852 et
2898 5798 3007 5852 alii.
