4108 6348
168 336 275 396 26⁸1

934 329 1354 391 οοΝιιίιοτυδ
1394 329 1485 384 In:
1520 328 1659 384 nso
1693 312 1899 384 riuno
1935 327 2023 382 nr
2066 323 2221 389 uno,
2264 326 2415 383 me.
2458 325 2585 380 un.
2629 324 2669 380 ι.

3332 320 3437 376 258

168 454 427 509 Dominus
469 448 676 506 Christo
710 466 821 505 meo
867 445 1088 502 Domino
1135 445 1271 517 (Isa.
1319 461 1442 511 ην,
1478 444 1551 514 1).
1596 442 1751 499 Unde
1779 448 1822 506 Α
1855 442 2127 497 Amenon
2155 456 2270 495 sum
2298 439 2530 503 locutus;
2557 438 2649 494 sed
2693 438 2777 512 qui
2804 436 2944 491 misit
2988 450 3068 490 me
3111 433 3290 498 Pater,
3333 434 3442 503 ipse

165 545 283 616 ipse
314 542 475 599 Pater
495 542 651 612 jubet
670 541 805 596 Filio
823 540 1007 595 dicens
1032 556 1045 593 :
1083 538 1228 593 Dixit
1252 536 1502 593 Dominus
1533 534 1758 591 Domino

165 653 299 702 meo,
347 634 471 689 sede
504 650 537 687 a
583 632 778 687 dextris
815 636 961 698 meis,
984 640 1089 686 etc.
1124 629 1241 702 (Ps.
1274 645 1380 694 (ιιι,
1416 627 1490 698 1).
1525 627 1678 683 Unde
1704 635 1760 682 et

164 727 476 800 Stephanus
500 726 570 781 de
599 724 733 780 Filio
759 724 925 780 dicit:
967 721 1130 778 Video
1156 720 1335 777 Iesum
1369 737 1401 775 a
1431 719 1626 781 dextris
1663 718 1758 774 Dei

168 823 312 895 (Act.
340 837 433 886 vn,
466 817 554 887 56)
581 836 595 871 :
628 817 723 873 Dei
760 817 945 886 utique
974 815 1180 883 Patris,
1224 815 1315 886 qui
1359 822 1442 870 est
1488 815 1759 883 (testimo-

171 912 265 968 nio
294 909 447 965 Pauli
474 906 688 981 apost.)
718 914 873 980 caput
900 902 1129 972 Christi,
1176 903 1409 960 Christus
1443 911 1613 957 autem
1644 902 1757 968 viri,

167 1005 243 1060 uir
282 1010 455 1057 autem
491 1008 647 1071 caput
678 1008 755 1053 est
793 998 1025 1053 nuutieris
1055 994 1112 1069 (l
1136 994 1257 1051 Cor.
1302 1010 1392 1060 xu,
1425 994 1513 1065 ὅ).
1553 991 1651 1047 llic
1677 998 1762 1048 est

169 1095 338 1151 Pater
361 1093 457 1165 qui
483 1092 614 1148 dicit
641 1090 779 1146 Filio
807 1107 820 1144 :
856 1100 881 1127 η
916 1090 1051 1144 Ante
1078 1089 1351 1160 luciferum
1377 1086 1530 1159 genui
1563 1094 1611 1139 te
1641 1084 1756 1156 (Ps.

175 1203 286 1253 crs,
319 1185 398 1258 '5).
448 1182 602 1241 Unde
641 1193 698 1238 et
723 1181 940 1238 Christo
965 1181 1198 1236 dicitur:
1233 1178 1368 1245 Quia
1411 1179 1608 1252 angelis
1653 1179 1760 1234 suis

169 1278 440 1335 mandarit
467 1278 532 1333 de
573 1286 619 1332 te
660 1275 834 1350 (Psal.
865 1291 952 1341 xc,
986 1274 1061 1347 1).
1121 1272 1217 1329 Est
1253 1288 1385 1344 ergo
1411 1272 1643 1344 amplior
1668 1271 1762 1341 qui

139 1362 428 1438 imandat,
476 1378 533 1426 et
577 1369 647 1425 de
697 1356 806 1438 quo
857 1367 1142 1422 mandatur
1168 1366 1346 1421 minor
1372 1374 1474 1421 est.
1514 1363 1666 1420 Unde
1694 1363 1763 1419 ad

134 1412 149 1491 ί
170 1412 458 1534 ἵρᾩῐῐέε
477 1412 1049 1532 suosvips'e-‘Dominu;
1066 1412 1197 1514 dicit
1220 1475 1233 1510 :
1267 1412 1335 1512 Si

170 1552 484 1626 gaudentis,
514 1552 637 1624 quia
668 1549 798 1605 vado
825 1548 896 1604 ad
928 1547 1142 1603 Patrem
1164 1565 1182 1603 :
1206 1547 1233 1588 δ
1254 1548 1377 1620 quia
1404 1546 1568 1601 Pater
1594 1540 1766 1616 major

171 1662 250 1700 me
297 1653 376 1700 est
415 1642 594 1717 (Joan.
628 1658 736 1709 xiv,
766 1639 880 1712 38).
938 1638 1008 1695 Et
1034 1640 1262 1695 iterum:
1293 1636 1456 1693 Pater
1492 1637 1579 1710 qui
1623 1636 1787 1690 dedit-

172 1737 321 1801 miln',
346 1736 516 1808 major
542 1751 622 1789 me
654 1743 732 1789 est
758 1730 939 1807 (Joan.
972 1747 1026 1795 x,
1060 1727 1174 1802 19).
1215 1730 1347 1785 Item
1364 1727 1506 1819 dicit
1534 1729 1648 1798 ipse
1676 1725 1764 1781 Εἰ-

1859 531 2161 587 mandatum
2198 528 2343 588 dedit
2387 529 2516 584 mihi
2553 530 2677 601 quid
2719 528 2929 593 dicunt,
2980 535 3031 581 et
3082 525 3202 599 quid
3257 524 3453 597 loquar'

1861 624 2040 697 (Joan.
2067 642 2160 692 ιιι,
2190 621 2303 695 «19).
2344 621 2486 678 Ecce
2512 622 2748 692 qualiter
2775 622 2889 694 ipse
2917 619 3065 677 Patri
3084 621 3438 691 obtemperat,

1860 729 1915 776 et
1942 719 2212 775 subditum
2250 732 2370 773 esse
2415 715 2789 772 demonstrat:
2830 732 2928 787 per
2964 715 3110 786 quod
3148 712 3444 768 ostenditur

1858 810 2003 881 quod
2039 809 2376 880 subjectione
2411 822 2508 863 sua
2545 806 2792 862 minister
2827 806 2929 872 sit;
2970 815 3288 862 cancrorum
3319 818 3444 861 vero

1866 903 2126 959 Dominus
2154 900 2500 973 approbetur,
2533 908 2594 955 ut
2620 899 2815 955 merito
2844 896 2986 954 Deus
3012 896 3175 954 Pater
3198 896 3448 968 omnipo-

1863 1002 1982 1067 tens
2003 993 2143 1049 Deus
2161 992 2260 1057 sit,
2292 990 2458 1047 Filius
2486 999 2666 1046 autem
2694 999 3011 1046 cretei-orum
3041 991 3280 1045 omnium
3308 988 3450 1045 Deus

1861 1086 1951 1151 sit,
1980 1100 2197 1141 omnem
2224 1092 2527 1141 creaturam
2555 1081 2852 1151 subjectam
2882 1081 2985 1137 sibi
3013 1081 3249 1147 habens;
3283 1081 3446 1148 Patri,

1861 1176 1955 1246 qui
1983 1175 2061 1231 illi
2090 1173 2324 1231 subdidit
2343 1172 2545 1240 omnia,
2575 1187 2698 1228 cum
2727 1172 2874 1228 omni
2901 1180 3147 1228 creatura
3177 1171 3451 1241 subjectus

1866 1266 1909 1340 (ι
1949 1265 2071 1323 Cor.
2113 1283 2201 1334 xv,
2250 1264 2364 1338 26).
2416 1263 2642 1336 Propter
2689 1263 2833 1335 quod
2877 1263 3019 1321 Deus
3063 1272 3149 1320 est
3191 1264 3455 1321 creaturis

1864 1362 2113 1417 omnibus
2138 1359 2491 1423 constitutus,
2540 1358 2762 1416 dicens:
2794 1356 2912 1431 Ego
2940 1367 3110 1412 autem
3150 1358 3453 1414 constitutus
3520 1373 3530 1386 '

1863 1469 1975 1508 sum
2017 1469 2109 1507 rea:
2136 1451 2201 1506 ab
2230 1469 2309 1519 eo,
2340 1460 2444 1507 etc.
2485 1450 2655 1521 (Psal.
2688 1467 2744 1517 ιι,
2775 1449 2851 1520 6).

1935 1544 2050 1600 XII.
2072 1578 2146 1589 —
2164 1544 2431 1600 Arnobius
2458 1543 2592 1599 dixit
2617 1562 2629 1597 :
2679 1541 2738 1599 Si
2769 1558 2896 1599 vere
2937 1541 3172 1599 studium
3202 1552 3352 1598 tuum
3383 1539 3451 1596 ad

1865 1638 1970 1694 hoc
2019 1636 2294 1702 tenderet,
2350 1646 2410 1691 ut
2455 1643 2549 1690 aut
2591 1634 2860 1697 disceres,
2908 1641 3001 1690 aut
3047 1634 3295 1697 doeeres,
3347 1648 3454 1692 non

1866 1729 2045 1784 omnia
2104 1729 2205 1783 ista
2265 1726 2571 1784 testimonia
2629 1742 2698 1782 ex
2741 1725 2935 1783 divinis
2981 1724 3130 1782 libris
3174 1724 3454 1791 desecans,

174 1831 280 1887 lius
312 1828 406 1884 Dei
432 1827 502 1884 ad
544 1825 799 1882 Patrem:
834 1822 962 1880 licet:
993 1832 1073 1879 est
1113 1823 1217 1878 vita
1246 1817 1443 1878 aeterna
1471 1829 1529 1874 ut
1568 1835 1765 1891 cogno-
1795 1831 1842 1893 3
1867 1822 2021 1892 quasi
2054 1837 2216 1877 unum
2258 1820 2457 1876 fascem
2487 1828 2590 1875 tua!
2629 1819 3089 1891 interpretationis
3130 1817 3456 1875 tortuosissi-

172 1932 326 1979 καίει
353 1932 401 1977 te
416 1937 579 1975 unum
596 1930 647 1976 et
665 1936 838 1974 rerum
858 1918 1167 1983 Dominum,
1201 1927 1253 1971 et
1277 1932 1426 1990 quem
1454 1915 1639 1969 misisti
1667 1911 1763 1968 Je-

173 2030 289 2071 sum
329 2011 593 2068 Christum
637 2009 818 2083 (Joan.
872 2025 996 2074 xvu,
1028 2008 1103 2079 5).
1167 2005 1334 2063 Filius
1374 2020 1504 2075 ergo
1531 2003 1767 2060 secunda

176 2119 410 2177 persona
455 2111 539 2160 est
585 2109 710 2173 post
754 2100 990 2166 Patrem,
1019 2099 1146 2169 quia
1175 2095 1344 2153 Filius
1369 2104 1490 2160 est,
1519 2111 1629 2150 non
1658 2094 1769 2149 eri-

175 2196 334 2268 piens
360 2192 508 2249 Patri
536 2191 696 2257 illud,
735 2206 846 2260 quo
876 2204 1015 2244 unus
1040 2194 1127 2243 est
1145 2184 1316 2241 Deus.
1357 2185 1416 2240 Si
1444 2185 1588 2240 enim
1614 2186 1773 2240 inna-

176 2296 269 2344 tus
294 2286 500 2350 fuisset,
532 2290 877 2353 comparatus
902 2282 954 2336 ei
980 2281 1073 2350 qui
1103 2280 1322 2334 innatus
1339 2284 1439 2343 est,
1472 2293 1569 2347 par
1593 2292 1776 2346 :equa-

177 2380 261 2436 tio
288 2380 343 2434 in
374 2388 634 2448 utrosque
661 2384 879 2431 ostensa
898 2372 1035 2428 duos
1054 2371 1260 2427 laceret
1287 2370 1498 2425 innatus
1530 2387 1543 2423 :
1573 2375 1629 2425 et
1658 2369 1778 2425 ideo

177 2473 324 2529 duos
350 2470 665 2527 ostenderet
701 2467 864 2530 deos,
896 2465 943 2520 si
971 2464 1136 2519 Filius
1163 2463 1303 2520 sicut
1330 2460 1489 2517 Pater
1515 2477 1634 2517 esse
1660 2463 1778 2517 sine

179 2563 400 2632 origine
427 2560 714 2631 potuisset,
746 2566 802 2612 et
829 2556 967 2613 sicut
993 2554 1154 2610 Pater
1180 2554 1460 2610 invisibilis
1487 2560 1542 2609 et
1571 2554 1776 2610 incom-

184 2640 576 2726 prehensibilis
620 2650 929 2706 exstitisset.
989 2647 1140 2702 Nunc
1189 2654 1365 2702 autem
1406 2645 1661 2716 quidquid
1690 2652 1774 2702 est

182 2744 362 2800 Filius
382 2784 398 2810 ,
449 2759 555 2799 non
583 2757 649 2797 ex
677 2757 737 2796 se
764 2747 847 2796 est
866 2780 882 2806 ,
925 2740 1016 2809 qui
1044 2755 1147 2796 nec
1172 2739 1386 2795 innatus
1413 2745 1495 2795 est
1525 2757 1537 2792 :
1568 2739 1662 2795 sed
1690 2749 1774 2796 est

179 2852 258 2893 ex
286 2834 476 2899 Patre,
510 2843 565 2890 et
592 2831 738 2888 Patri
764 2848 866 2889 suo
890 2832 1151 2903 originem
1180 2847 1332 2888 suam
1360 2831 1559 2897 debet,
1610 2848 1772 2905 quam

180 2927 417 2998 sumpsit
461 2924 720 2982 oriundus
763 2939 830 2980 ex
875 2940 970 2991 eo,
1018 2924 1110 2994 qui
1155 2924 1421 2994 originem
1448 2940 1557 2981 non
1584 2925 1768 2982 habet.

185 3018 340 3076 Unus
364 3027 450 3076 est
475 3018 620 3074 enim
648 3017 888 3074 omnium
926 3015 1069 3073 Dens
1097 3017 1214 3073 sine
1243 3018 1539 3088 principio,
1571 3018 1639 3074 de
1665 3034 1775 3088 quo

181 3111 317 3168 dicit
344 3110 507 3166 Filius
544 3110 638 3180 qui
679 3108 1000 3181 principium
1030 3108 1192 3164 habet
1221 3094 1235 3161 ἑ
1286 3107 1446 3163 Pater
1492 3110 1665 3181 major
1694 3125 1777 3163 me

1868 1915 1971 1971 mis
1999 1914 2155 1971 nodis
2186 1914 2405 1985 ligatum
2452 1914 2506 1969 in
2541 1922 2837 1985 colispectu
2866 1912 3205 1983 cognitorum
3233 1920 3289 1968 et
3311 1910 3457 1983 judi<

1868 2022 1992 2063 cum
2021 2007 2094 2062 ita
2124 2006 2409 2076 objiceres.
2465 2005 2804 2077 Quapropter
2848 2005 2914 2060 ad
2961 2020 3059 2061 vos
3104 2004 3233 2060 mihi
3279 2019 3460 2062 sermo

1873 2107 1976 2164 est,
2007 2115 2040 2153 ο
2068 2099 2376 2166 cognitores
2399 2096 2695 2165 etjudices,
2724 2097 3017 2168 praecipita,
3037 2111 3242 2166 quasso,
3270 2106 3460 2167 empta

1876 2189 2251 2259 disputationis
2278 2189 2520 2244 ordinem
2558 2205 2666 2244 non
2696 2189 2922 2255 mutari,
2952 2197 3008 2244 et
3034 2189 3340 2259 singulatim
3367 2206 3460 2247 ca.

1878 2281 2045 2353 pitula
2090 2280 2488 2352 Scripturarum
2527 2297 2590 2336 ea
2638 2295 2759 2351 qua:
2804 2280 2915 2335 dixi
2944 2280 3028 2336 vel
3056 2280 3160 2336 alia
3184 2296 3305 2354 qum
3330 2296 3465 2337 non-

1879 2374 2006 2429 dum
2033 2373 2144 2429 dixi
2173 2390 2203 2429 a
2232 2372 2527 2445 Serapione
2574 2373 2628 2428 in
2675 2381 2967 2444 conspectu
3003 2381 3185 2429 vestro
3212 2372 3465 2446 proponi,

1878 2480 1977 2521 nec
2006 2465 2163 2521 liceat
2210 2464 2259 2519 ei
2307 2465 2465 2520 simul
2513 2464 2740 2521 alterum
2786 2471 2842 2520 et
2886 2463 3382 2543 alterumoprolerre
3409 2464 3464 2523 in

1876 2558 2109 2614 medium
2149 2576 2162 2612 ε
2209 2558 2309 2613 nisi
2353 2574 2515 2613 unum
2562 2557 2709 2629 quod
2754 2558 2901 2629 prius
2927 2559 3267 2630 proposuerit
3295 2558 3464 2631 expli-

1874 2657 2043 2707 cetur.
2072 2684 2147 2695 ——
2170 2648 2386 2706 Judices
2421 2648 2674 2705 dixerunt
2710 2667 2722 2703 :
2755 2648 2886 2718 Quze
2920 2649 3066 2720 juste
3104 2658 3360 2722 petuntur
3397 2649 3467 2705 ab

1875 2744 2140 2811 Arnobio,
2190 2760 2411 2800 necesse
2448 2754 2531 2798 est
2559 2749 2617 2797 ut
2663 2742 2960 2797 sortiantur
3003 2740 3272 2797 effectum.
3316 2739 3468 2797 Unde

1875 2839 2155 2895 exsolvere
2181 2836 2471 2892 maturabit
2490 2833 2754 2905 Serapion
2777 2833 2876 2888 ista
2900 2833 3245 2899 testimonia;
3268 2847 3388 2904 qua:
3414 2833 3469 2888 in

1876 2947 2039 2986 unum
2080 2929 2276 2984 obtulit
2322 2944 2416 2982 sua
2458 2926 2906 2996 interpretatione
2948 2922 3272 2989 constriita,
3302 2932 3359 2978 ut
3404 2922 3472 2981 do

1877 3023 2099 3092 singulis
2125 3022 2429 3093 quibusque
2471 3018 2795 3076 testimoniis
2831 3017 3000 3090 possit
3027 3016 3297 3074 Arnobius
3344 3017 3473 3075 dare

1880 3129 2218 3186 responsum.
2250 3145 2320 3155 --
2345 3098 2771 3183 Serapion'dixit
2799 3128 2812 3166 :
2842 3108 3293 3179 Testimoniigmei
3322 3111 3472 3183 obje-

182 3213 265 3260 est
294 3202 475 3275 (lacn.
507 3219 614 3268 slv,
645 3199 759 3273 28).
790 3200 947 3268 Quod
976 3192 1041 3255 ut
1062 3200 1349 3271 probaret,
1380 3199 1577 3270 adjecit
1603 3217 1617 3253 :
1651 3198 1774 3255 Non
1799 3214 1848 3279 ο
1877 3207 1987 3263 ctio
2009 3206 2179 3279 prima
2205 3214 2306 3272 est,
2338 3220 2499 3275 quam
2528 3220 2593 3260 ex
2618 3203 2757 3259 libro
2783 3200 3196 3260 Proverbionun
3226 3203 3473 3263 Salomo-

184 3302 352 3365 potest
378 3292 552 3349 Filius
589 3310 623 3347 a
655 3295 826 3365 seipso
856 3295 1031 3365 facere
1068 3292 1348 3365 quidquam
1372 3333 1386 3358 ,
1436 3292 1537 3347 nisi
1570 3309 1685 3366 qua
1705 3295 1780 3348 ei-

183 3384 322 3441 derit
346 3384 564 3441 Patrem
591 3386 864 3458 facientem
893 3383 1071 3458 (Joan.
1098 3401 1148 3451 v,
1182 3382 1293 3455 19).
1333 3383 1400 3439 Et
1441 3384 1554 3456 ipse
1580 3385 1776 3441 iterum

183 3476 297 3532 ait:
330 3474 460 3533 Non
510 3494 546 3531 a
585 3479 782 3548 meipso
807 3478 948 3544 veni,
978 3467 1078 3532 sed
1100 3475 1446 3531 illememisit
1468 3476 1647 3550 (Joan.
1678 3494 1774 3544 vn,

184 3568 304 3639 28).
343 3567 413 3625 Et
439 3569 635 3624 iterum
661 3568 830 3624 dicit:
864 3566 1039 3640 Opera
1065 3584 1179 3642 qua
1204 3585 1300 3640 ego
1328 3569 1464 3641 facio
1492 3570 1776 3641 testi/icon-

184 3671 270 3716 ων
296 3661 479 3729 deme,
506 3661 629 3735 quia
656 3659 816 3717 Pater
844 3679 925 3717 me
943 3662 1083 3717 misit
1116 3660 1294 3734 (Joan.
1328 3678 1382 3729 x,
1403 3661 1483 3734 ε).
1528 3662 1662 3719 Item
1689 3663 1773 3718 di-

183 3753 261 3810 cit
290 3771 304 3807 :
337 3750 440 3819 Qui
458 3769 492 3807 α
515 3754 786 3823 semetipso
807 3752 1053 3825 loquitur,
1086 3754 1355 3825 propriam
1387 3754 1612 3825 gloriam
1632 3770 1795 3826 qua:~,

182 3847 257 3902 rit
277 3863 296 3901 :
326 3848 413 3921 qui
431 3856 601 3901 autem
631 3847 815 3919 quaerit
843 3846 1062 3918 gloriam
1097 3846 1209 3918 ejus
1238 3848 1325 3919 qui
1352 3847 1492 3900 misit
1518 3862 1662 3911 um,
1695 3846 1776 3901 hic

181 3920 348 3993 veras:
385 3944 463 3992 est
508 3936 690 4009 (Joan.
730 3952 823 4002 vn,
855 3935 967 4008 l8).
1009 3935 1138 3990 Inde
1166 3941 1250 3990 est
1276 3936 1421 4005 quod
1449 3920 1564 4007 ipse
1594 3937 1705 3991 ait:
1738 3936 1782 3990 Α

178 4032 363 4103 seipse
382 4030 515 4087 nihil
543 4029 723 4102 (locu.
762 4045 874 4096 vnn,
905 4028 1000 4100 28)
1026 4047 1040 4083 :
1072 4028 1169 4085 sed
1198 4029 1437 4099 imperiis
1463 4030 1704 4100 paternis
1731 4039 1787 4087 et

183 4122 479 4195 praeceptis
524 4122 860 4193 obtemperat
906 4123 961 4176 in
1008 4121 1288 4184 omnibus,
1320 4128 1380 4175 ut
1404 4135 1566 4191 quem
1593 4121 1787 4193 probet

181 4213 348 4271 illum
376 4211 627 4268 nativitas
655 4211 867 4280 Filium,
899 4212 1374 4282 tamenmorigera
1402 4213 1665 4285 subjectio
1692 4232 1783 4274 as.

183 4312 339 4364 serat
364 4304 517 4360 illum
555 4312 796 4376 paterna:
828 4303 1101 4371 voluntati,
1120 4303 1433 4375 subjectum.
1482 4305 1635 4367 Unde
1661 4312 1775 4368 ait:

1879 3300 1963 3356 nis
1990 3316 2179 3357 vocem
2208 3298 2327 3356 Filii
2351 3299 2443 3354 Dei
2484 3313 2603 3354 esse
2631 3297 2914 3368 cognoscis
2946 3316 2958 3350 :
3003 3294 3256 3352 Dominus
3285 3300 3475 3354 creauit

1880 3411 1963 3449 me
2004 3394 2210 3449 initium
2262 3393 2460 3448 ciarum
2503 3408 2716 3448 suarum
2764 3388 2943 3463 (Prov.
2992 3407 3121 3457 vm,
3161 3389 3277 3463 22).
3327 3389 3477 3449 Unda

1878 3486 2179 3542 ostenditur
2203 3482 2366 3540 Pater
2392 3481 2568 3552 major
2593 3498 2715 3539 esse
2754 3482 2845 3554 qui
2872 3482 3099 3544 creavit,
3132 3496 3294 3552 quam
3315 3480 3479 3540 Filius

1878 3579 1970 3650 qui
1998 3585 2213 3635 creatus
2229 3584 2313 3633 est
2340 3592 2371 3630 a
2394 3574 2573 3631 Patre.
2597 3606 2670 3618 —
2688 3572 2959 3629 Arnobius
2987 3572 3122 3628 dixit
3154 3589 3168 3626 :
3199 3571 3342 3644 Ergo
3361 3588 3477 3632 cre-

1880 3671 1961 3727 dis
1986 3685 2113 3726 vere
2162 3666 2352 3724 Filium
2397 3682 2466 3723 ex
2514 3664 2690 3747 Patris
2734 3664 3034 3723 substantia
3074 3663 3347 3737 genitum,
3378 3679 3480 3724 nec

1884 3772 1992 3817 tam
2018 3760 2277 3831 genitum,
2310 3775 2471 3830 quam
2498 3767 2738 3813 creatum
2755 3755 3125 3828 't—Serapion
3154 3756 3289 3812 dixit
3319 3774 3331 3809 :
3367 3756 3480 3826 Ego

1885 3851 2077 3907 Filium
2117 3850 2213 3905 Dei
2253 3866 2361 3905 non
2391 3863 2549 3919 nego.
2580 3882 2653 3893 —
2674 3846 2944 3902 Arnobius
2964 3846 3099 3901 dixit
3128 3844 3221 3901 :Si
3252 3861 3360 3900 non
3385 3861 3483 3901 ne-

1884 3959 1981 4014 gas
2009 3959 2192 3999 verum
2222 3942 2412 3998 Filium
2438 3940 2538 3997 Dei
2575 3957 2644 3996 ex
2672 3938 2847 3994 Patris
2874 3937 3174 3994 substantia
3202 3939 3443 4008 genitum
3460 3977 3479 4004 ,

1886 4038 1993 4092 hoc
2013 4032 2378 4090 testimonium
2407 4031 2475 4086 ad
2518 4046 2681 4102 quam
2711 4037 2919 4102 partem
2946 4029 3259 4102 protulisti?
3284 4063 3356 4073 —
3382 4028 3485 4088 Se-

1886 4127 2078 4199 rapion
2098 4125 2232 4181 dixit
2258 4143 2272 4180 :
2296 4135 2319 4165 α
2344 4123 2414 4182 Ut
2438 4124 2781 4182 ostenderem
2801 4123 2989 4182 Filium
3010 4126 3274 4182 minorem
3297 4123 3479 4183 Patre.

1886 4251 1960 4264 —-
1986 4216 2253 4274 Arnobius
2280 4216 2455 4272 dixit:
2497 4213 2525 4254 ά
2554 4215 2665 4273 Nec
2705 4223 2761 4271 tu
2801 4215 3063 4274 minorem
3090 4216 3282 4273 Filium
3321 4217 3485 4275 Patro

1886 4312 2101 4370 conaris
2129 4309 2414 4367 ostendere
2443 4328 2455 4363 :
2490 4308 2584 4366 sed
2603 4316 2906 4367 creaturam
2934 4310 3029 4367 Dei
3055 4311 3262 4370 moliris
3288 4311 3483 4368 Filium

1383 4397 1495 4454 FR.
1538 4398 1623 4454 FE
1632 4399 2015 4460 U-ARDENTII
2052 4398 2279 4457 NOTAE.

260 4500 288 4528 ι
329 4486 662 4575 Athanasius
682 4486 1155 4575 iuratione-contra
1422 4528 1454 4575 τ’
1470 4499 1526 4545 et
1552 4487 1786 4575 [fulgen-
1817 4498 1866 4559 υ
1893 4500 2102 4575 tantum
2124 4531 2139 4559 ,
2165 4491 2342 4575 major
2379 4491 2636 4575 omnibus,
2676 4491 2761 4547 vel
2803 4493 2973 4565 majus
3001 4493 3241 4550 omnibus
3267 4506 3363 4552 est.
3406 4497 3483 4556 De

186 4561 299 4617 tius
344 4557 586 4615 relenmt
630 4556 857 4628 Arianos
904 4557 1013 4614 hoc
1066 4556 1143 4628 de
1187 4559 1458 4628 ωφοηιί
1506 4556 1790 4621 nmmum

190 4629 392 4706 Christi
434 4627 861 4706 interpretando,
899 4626 1183 4706 catholicis
1220 4626 1503 4706 obiecisse.
1546 4630 1791 4706 Respon-

191 4701 322 4756 dent
351 4715 534 4771 porro,
559 4698 628 4755 de
655 4698 833 4771 divina
853 4698 1532 4771 aeternaquegeneratione
1554 4698 1785 4761 dict'mn:

188 4778 241 4827 et
268 4769 492 4826 nomine
528 4769 696 4841 uteri,
730 4784 829 4841 per
871 4769 1335 4841 atropopathiam,
1367 4771 1559 4828 divina:
1586 4784 1790 4832 naturae

191 4842 578 4918 fecunditatem
626 4840 1025 4918 intelligendam
1074 4855 1231 4918 esse:
1276 4840 1423 4918 quod
1468 4851 1525 4899 et
1551 4847 1789 4918 synodus

191 4911 683 4984 Hispalensis,'act.
718 4909 788 4984 15
809 4909 1001 4984 postea
1031 4909 1392 4984 conﬁrmavit.

265 4979 299 5023 ιῖ
340 4982 570 5055 Arianos
596 4979 739 5038 istud
781 4979 1038 5038 adversus
1066 4982 1361 5055 catholicos
1386 4984 1793 5055 importunissiJ

194 5070 286 5128 me
306 5054 514 5109 ursisse
553 5060 819 5128 testantur
861 5067 1050 5128 omnes
1079 5069 1093 5106 :
1124 5051 1429 5128 Alexander
1465 5051 1640 5128 Alex.)
1672 5058 1792 5128 epi-

192 5126 327 5180 stola
377 5138 521 5195 quae
543 5131 627 5179 est
672 5124 812 5195 apud
858 5121 1138 5195 Socratem
1162 5161 1177 5187 ,
1227 5124 1427 5195 aliique
1476 5124 1647 5182 Gnaei
1689 5121 1794 5185 hoc

197 5190 415 5267 tantum
437 5193 679 5267 referunt
698 5190 767 5249 ad
797 5194 846 5249 id
871 5193 1014 5267 quod
1045 5190 1205 5267 Pater
1232 5190 1381 5267 solus
1403 5196 1673 5267 ingenitus
1700 5198 1790 5264 sit,

196 5281 254 5339 ac
281 5265 412 5321 Filii
457 5266 778 5339 principium
830 5263 1206 5339 plfpductivum
1231 5282 1245 5318 :
1276 5264 1443 5339 Filius
1467 5263 1670 5323 'autem
1694 5263 1794 5339 Age-

197 5337 343 5404 nitus
390 5332 475 5390 ρι’
492 5332 787 5406 productus
815 5332 848 5391 ἁ
875 5332 1055 5393 Patre.
1093 5334 1422 5406 Augustinus
1448 5353 1580 5393 vero
1607 5346 1663 5394 et
1691 5332 1794 5395 Ca-

199 5407 291 5463 tini
346 5422 538 5478 omnes
585 5415 809 5464 censent
870 5416 1095 5478 propter
1145 5416 1450 5478 susceptam
1504 5409 1792 5466 humanam

198 5492 418 5533 carnem
464 5477 665 5548 dictum
712 5493 849 5533 esse.
872 5475 960 5548 'In
976 5475 1232 5548 quantum
1252 5475 1395 5535 Deus
1420 5485 1530 5546 est,
1577 5490 1657 5535 a-.t
1685 5482 1794 5536 Au-

200 5548 448 5615 gustinus
496 5547 736 5617 (Encln'r.
788 5565 835 5602 c.
888 5545 1025 5617 55),;
1041 5548 1154 5617 ipse
1171 5558 1222 5604 et
1253 5548 1416 5605 Pater
1446 5545 1615 5606 unum
1643 5560 1793 5617 sunt;

201 5620 251 5673 in
273 5616 529 5691 quantum
556 5627 726 5673 autem
780 5616 980 5692 [romo,_
993 5616 1158 5673 Pater
1182 5621 1353 5692 major
1380 5628 1458 5674 est
1480 5621 1590 5676 illo.
1640 5616 1795 5688 Quod

206 5687 383 5744 autem
424 5704 594 5761 versu
642 5687 888 5761 proximo
934 5687 1146 5751 citatur,
1197 5687 1278 5745 ex'
1304 5689 1499 5761 Joann.
1532 5687 1710 5761 capite
1739 5707 1792 5757 x,

210 5759 472 5831 versiculo
514 5758 604 5827 29,
644 5758 843 5831 major
873 5774 954 5812 me
991 5765 1083 5831 est.
1118 5774 1216 5831 nec
1245 5761 1383 5831 apud
1417 5758 1658 5826 Latinos,
1692 5777 1795 5817 nec

213 5832 348 5900 apud
397 5828 655 5897 Graecos,
703 5828 847 5901 quod
889 5829 1223 5884 meminerim
1246 5828 1390 5895 {sic
1437 5831 1673 5902 legitur:
1700 5832 1797 5889 sed

1891 4564 2011 4620 aliis
2037 4579 2137 4619 suo
2165 4562 2286 4617 loco
2315 4570 2502 4632 postea
2530 4562 2790 4618 dicemus.

1902 4644 1927 4709 ‘_
1968 4647 2010 4709 ¢_
2036 4632 2113 4709 Ex
2140 4633 2657 4709 scriptisAthanasii
2688 4632 2779 4709 (In
2806 4632 3207 4709 Disp.)llilarii
3238 4636 3391 4709 (Lib._
3410 4654 3484 4709 χιι

1893 4704 3483 4789 «retenta»sonantmalemea».Ambustus

1892 4777 1958 4830 de
1989 4774 2188 4848 fide),
2216 4774 2772 4848 AAugustiniiContra
2825 4774 3048 4848 Marini.
3106 4786 3157 4830 et
3197 4774 3483 4848 Felician.)

1892 4854 1948 4903 et
1985 4845 2250 4917 Fulgentii
2278 4845 2535 4917 adversus
2564 4847 2812 4917 Arianos,
2831 4846 3185 4917 manifestum
3229 4855 3329 4912 est,
3363 4845 3485 4906 illos

1894 4933 2002 4972 non
2033 4914 2141 4973 uno
2170 4916 2332 4972 modo
2374 4917 2724 4971 sanctissima!
2754 4914 3031 4971 Trinitatis
3053 4917 3310 4973 unitatem
3342 4920 3485 4977 lace-

1892 5004 2062 5053 rasse,
2088 4986 2314 5056 Filiique
2354 4994 2569 5042 aeterna:
2600 4985 2867 5041 divinitati
2908 4987 3224 5047 detraxisse.
3258 4991 3486 5048 Aiebant

1894 5058 2038 5114 enim
2062 5056 2275 5113 Patrem
2301 5056 2476 5112 solum
2508 5056 2825 5113 invisibilem
2855 5056 3045 5123 Deum,
3079 5058 3131 5115 in
3156 5072 3342 5116 natura
3373 5063 3487 5116 dei-

1898 5129 2022 5199 tatis
2051 5144 2233 5199 parem
2273 5142 2367 5183 seu
2409 5125 2668 5199 aequalem
2717 5145 2824 5183 non
2868 5130 3087 5196 habere,
3137 5150 3242 5186 non
3273 5145 3488 5199 semper

1894 5196 2065 5255 fuisse
2098 5196 2333 5261 Patrem,
2380 5198 2553 5254 solum
2602 5198 2887 5263 colendum
2936 5209 2991 5257 et
3021 5202 3370 5258 adorandum.
3393 5196 3487 5254 De

1894 5266 2031 5333 Filio
2059 5285 2189 5325 vero
2212 5268 2526 5338 inquiebant
2552 5285 2674 5324 eum
2706 5287 2811 5327 non
2834 5287 2953 5327 esse
2979 5272 3045 5328 de
3068 5273 3363 5325 substantia
3386 5266 3487 5319 Pa-

1896 5341 1995 5396 tris
2021 5340 2281 5410 genitum,
2313 5339 2405 5395 sed
2454 5357 2519 5395 ex
2552 5356 2660 5395 non
2691 5343 3047 5398 existentibus
3072 5350 3486 5410 creatum:_non

1895 5407 2107 5471 natura,
2150 5410 2243 5466 sed
2273 5410 2442 5479 gratia
2494 5419 2698 5482 tantum
2729 5422 2784 5467 et
2822 5409 3233 5482 adoptione_Dei
3273 5407 3485 5473 Filium,

1896 5496 2006 5536 non
2035 5497 2250 5554 semper
2277 5476 2443 5537 luisse
2490 5498 2611 5538 cum
2638 5480 2799 5537 Patre
2827 5476 3089 5550 seu'apinl
3118 5476 3353 5554 Patrem,
3381 5493 3486 5533 non

1895 5547 2243 5617 coaeternum,
2293 5562 2389 5607 aut
2408 5554 2854 5622 omnipotentem,
2878 5547 3015 5622 etei,
3047 5561 3273 5622 quarum
3316 5547 3488 5622 luere-

1898 5615 2285 5695 s_eon__magna_
2320 5638 2445 5692 pars
2487 5615 2684 5692 pendet
2722 5620 2789 5672 ab
2838 5619 2920 5672 bis
2965 5615 3275 5695 Serapionis
3301 5620 3491 5695 hypo-

1899 5683 2197 5775 thesibus':
2239 5683 2414 5748 Filius
2475 5683 2553 5746 est
2612 5697 2894 5775 creatura,
2962 5683 3009 5738 F
3014 5685 3134 5741 ilius
3197 5698 3276 5746 est
3330 5683 3492 5747 Patre

1896 5770 2085 5818 minor.
2848 5770 2855 5776 ’

1970 5830 1997 5869 δ
2037 5832 2253 5890 Lubens
2281 5830 2587 5901 adjicerem,
2621 5835 2840 5897 tantum,
2869 5824 3049 5893 sedet,
3080 5834 3187 5890 etc.
