4108 6348
582 439 802 496 ritatem
856 450 882 477 η
934 436 1125 493 divina
1174 436 1424 507 potentia:
1481 452 1646 492 unum
1699 451 1733 492 e
1784 437 2026 505 duobus,
2080 443 2177 493 aut

584 547 697 589 non
739 547 857 587 esse
914 528 966 584 in
1024 529 1349 585 auctoritate
1393 529 1498 587 hoc
1543 529 1913 587 testimonium
1959 538 2171 598 astrue;

583 610 679 679 aut
705 638 870 693 quare
898 620 967 676 sit
992 616 1195 677 dictum
1225 622 1467 678 ostende.
1491 655 1564 665 -.
1584 622 1854 680 Arnobius
1875 622 2045 678 dixit:
2076 623 2177 677 Ad-

583 715 690 771 huc
708 713 868 771 modo
891 710 1079 771 redisti
1097 715 1166 769 ad
1182 714 1449 781 ordinem,
1474 724 1534 772 ut
1560 717 1730 787 possit
1758 715 2179 786 uniuscujusque

1937 230 2214 289 ABNOBB
2244 229 2548 289 JDNIORB

583 348 979 404 demonstrare.
1000 376 1069 386 —-
1090 343 1350 416 Serapion
1375 342 1510 399 dixit
1543 362 1555 397 :
1587 341 1732 415 Ergo
1759 344 1972 414 plenam
1995 352 2177 402 aucto-
2200 348 2257 409 Α
2275 347 2413 403 toris
2433 361 2523 402 ars
2546 346 2842 413 rhetorica,
2860 353 2918 402 et
2937 347 2993 403 in
3029 344 3196 404 corde
3218 346 3555 417 grammatici
3578 360 3669 403 ars
3686 360 3875 417 gram-
3953 394 3963 419 ρ

2276 439 2493 496 matica.
2522 438 2728 495 Dicitur
2752 446 2932 494 autem
2958 453 3174 496 creasse
3196 437 3393 495 librum
3420 438 3552 495 artis
3579 438 3876 497 rhetorica
3950 426 3959 451 ᾗ

2276 541 2481 600 orator,
2501 541 2557 588 et
2574 532 2955 603 grammaticus
2974 532 3173 591 librum
3191 532 3391 588 artium
3407 531 3733 600 condidisse,
3754 549 3874 589 non
3936 512 3955 549 ί

2274 628 2421 735 quod
2447 642 2516 684 ex
2538 642 2609 686 eo
2625 628 2853 699 cmperit
2878 626 3148 735 rhetorica
3175 634 3232 684 et
3257 627 3631 696 grammatica,
3654 643 3729 685 ex
3751 644 3873 699 quo
3914 654 3949 735 ί

2608 720 2677 777 ad
2702 718 2991 790 legendum
3010 728 3095 776 est
3132 719 3346 775 tradita.
3376 719 3485 823 Illis
3509 736 3750 823 namque
3770 725 3875 791 qui
3908 718 3951 823 ς’

2275 826 2399 867 eam
2423 811 2769 883 scripserint,
2792 826 2865 869 ex
2888 827 2954 870 eo
2978 820 3227 883 tempore
3244 828 3354 884 quo
3380 812 3529 869 docti
3553 822 3704 880 sum,
3727 829 3847 870 seu

2276 917 2373 973 per
2391 903 2447 959 in
2466 904 2632 979 corde
2657 903 2777 960 fuit.
2807 903 2973 961 Nobis
3000 912 3182 960 mitem
3202 912 3335 961 tunc
3359 912 3541 961 creata
3569 914 3673 972 est,
3696 921 3872 976 qnan-
3910 888 3941 979 Ϊί

2275 994 2346 1051 do
2371 974 2559 1053 nostra
2596 996 2829 1053 eruditio
2854 996 3085 1066 sumpsit
3100 996 3403 1053 exordium.
3442 996 3574 1053 inde
3599 1006 3687 1054 est
3716 974 3883 1069 quod
3914 974 3925 991 ir

582 806 873 863 testimonii
920 805 1263 878 explanatio,
1294 805 1531 865 donante
1559 807 1692 875 Deo,
1724 807 1880 864 nobis
1926 805 2172 863 concedi.

578 898 931 971 —Serapion
953 898 1124 954 dixit:
1156 889 1322 969 Cujus
1350 912 1480 968 ergo
1522 900 1607 955 vis
1625 900 1764 957 hane
1792 914 1982 955 vocem
2020 897 2177 953 intel-

528 1026 537 1035 -
580 991 671 1063 ligi
721 990 979 1049 Dominus
1033 980 1238 1048 creavit
1276 1007 1365 1049 me
1418 992 1627 1048 initium
1666 992 1879 1049 viarum
1922 991 2175 1047 suarum?

578 1116 653 1129 —
679 1080 948 1141 Arnobius
976 1083 1111 1139 dixit
1138 1102 1151 1136 :
1180 1083 1299 1139 Vox
1338 1093 1423 1141 est
1469 1083 1750 1156 sapientia:
1776 1082 1893 1139 Dei.
1922 1080 2178 1138 ——Sera-

579 1176 708 1249 pion
737 1174 874 1231 dixit
901 1194 915 1229 :
947 1173 1223 1246 Sapientia
1261 1175 1431 1247 ipsius
1469 1190 1589 1245 qua:
1613 1182 1718 1242 est,
1748 1174 1852 1230 nisi
1897 1174 2065 1230 Filius
2092 1174 2177 1244 ip-

532 1336 535 1343 ι
580 1268 820 1325 sius?—
847 1267 1114 1324 Arnobius
1142 1266 1319 1323 dixit:
1365 1265 1503 1324 Cum
1549 1282 1686 1339 opus
1711 1262 1874 1323 fuerit
1919 1266 2041 1322 loco
2077 1280 2175 1323 suo

583 1358 794 1416 dicetur
838 1358 1110 1429 quomodo
1164 1358 1433 1431 sapientia
1484 1358 1601 1414 haec
1655 1356 1820 1413 Filius
1867 1357 2035 1428 ipsius
2085 1356 2171 1412 sit.

584 1452 740 1508 Nunc
766 1438 981 1507 interim
1008 1451 1274 1522 sapientia
1318 1450 1414 1507 Dei
1440 1450 1681 1522 loquitur
1707 1466 1804 1521 per
1847 1448 2177 1521 sapientissi-

2276 1095 2404 1147 ante
2421 1088 2699 1160 paululum
2717 1087 2830 1145 dixi
2844 1095 3172 1158 opportune,
3190 1086 3383 1143 Filium
3402 1088 3503 1144 Dei
3520 1104 3642 1145 esse
3655 1090 3870 1160 sapiet)-
3910 1082 3939 1102 ⁸³

2276 1179 2407 1239 tiam
2431 1176 2470 1219 ἀλ
2489 1187 2783 1249 antequam
2808 1178 2979 1236 ﬁeret.
3015 1178 3155 1248 Ergo
3185 1179 3346 1244 Deus,
3386 1182 3479 1251 qui
3519 1180 3651 1236 facit
3673 1182 3875 1237 ωι-

2277 1280 2577 1343 etterram,
2610 1282 2667 1331 et
2702 1273 3220 1344 emniaqncineis
3256 1273 3509 1340 θυι,ώο
3548 1275 3875 1329 creavitsa-

2278 1363 2539 1436 pientiasn
2564 1364 2707 1421 sicut
2734 1363 2888 1435 (dixi)
2916 1371 3103 1420 orator
3128 1369 3291 1439 creat,
3320 1363 3515 1418 librum
3536 1362 3670 1420 artis
3690 1364 3876 1419 rheto-

2278 1453 2435 1521 ricre,
2468 1453 2755 1524 proterens
2795 1454 2865 1509 de
2888 1453 3054 1511 corde
3079 1462 3203 1521 sua,
3227 1453 3377 1523 quod
3420 1469 3491 1509 ex
3516 1469 3629 1523 quo
3664 1454 3873 1518 didicit,

584 1562 734 1600 mum
782 1544 953 1599 virum
1001 1543 1348 1600 Salomonem
1390 1543 1576 1600 dicens
1607 1562 1621 1596 :
1670 1543 1929 1598 Dominus
1979 1541 2179 1598 creavit
2272 1561 2493 1617 semper
2517 1546 2721 1602 habuit.
2745 1546 2963 1605 ϐιωνῆ
2979 1552 3162 1602 auten
3188 1545 3369 1612 nobis,
3388 1553 3447 1600 ιι
3463 1544 3613 1615 quod
3634 1544 3688 1599 in
3709 1546 3875 1601 corde

584 1653 675 1693 me
732 1635 942 1692 initium
998 1636 1204 1691 viarum
1250 1651 1490 1692 suarum.
1535 1667 1608 1677 —
1658 1633 1924 1704 Serapion
1972 1631 2108 1686 dixit
2162 1650 2176 1685 :

2280 1637 2397 1707 ejus
2422 1646 2543 1695 erat
2573 1638 3420 1711 mamma-ﬁndo,
3464 1646 3524 1694 et
3564 1639 3878 1709 peruenias

587 1727 728 1796 Quid
755 1736 865 1783 tam
906 1724 1147 1795 evidens,
1174 1742 1336 1797 quam
1366 1735 1427 1782 ut
1470 1726 1695 1791 diceret,
1728 1724 1931 1785 creavit
1958 1725 2083 1778 me?
2109 1750 2180 1764 —-
2211 1740 2265 1803 Β
2283 1729 2535 1797 videndo,
2558 1730 2723 1786 etiam
2742 1731 2799 1786 in
2824 1730 2990 1787 corde
3017 1737 3205 1787 mm
3222 1728 3437 1785 initium
3451 1729 3694 1785 daretur.
3721 1730 3798 1784 Ita
3820 1741 3875 1786 ex

584 1820 857 1881 Arnobius
901 1818 1037 1875 dixit
1069 1839 1081 1873 :
1114 1816 1230 1875 Hoc
1257 1817 1401 1891 quod
1449 1818 1610 1885 dixit,
1642 1818 1848 1874 creavit
1892 1831 2008 1884 me,
2038 1812 2185 1887 quod

582 1913 789 1970 moliris
811 1910 1054 1969 ostende.
1082 1944 1155 1955 --
1173 1910 1435 1982 Serapion
1458 1906 1596 1964 dixit
1626 1926 1638 1962 :
1669 1907 1950 1978 Quomodo
1972 1906 2184 1963 initium

585 2015 848 2064 creatura:
878 2005 1102 2062 sortitus
1120 2000 1287 2060 Filius
1314 2018 1346 2056 a
1374 2000 1554 2069 Patre,
1585 2000 1690 2057 hoc
1718 2000 1916 2055 meruit
1944 2006 2002 2055 ut
2030 2000 2182 2069 prin-

586 2100 821 2172 cipatum
852 2096 1114 2154 universa:
1143 2096 1383 2151 obtineat
1409 2101 1693 2154 creaturae.
1722 2126 1791 2134 —
1822 2090 2088 2147 Arnobius
2110 2090 2186 2146 di-

584 2195 662 2251 xit
694 2192 755 2248 :b
784 2188 971 2249 Omnis
998 2200 1146 2248 certe
1167 2198 1414 2245 creatura
1442 2196 1731 2257 antequam
1761 2193 2038 2242 crearetur
2074 2198 2180 2239 non

581 2266 1059 2356 initi—Serapion
1087 2280 1222 2337 dixit
1247 2300 1260 2335 :
1294 2279 1491 2350 Utique
1519 2295 1626 2333 non
1676 2276 1794 2334 fuit.
1819 2308 1889 2319 —
1918 2274 2184 2330 Arnobius

586 2377 748 2433 dixit:
770 2372 922 2431 Tunc
944 2389 1074 2445 ergo
1100 2370 1538 2443 cmpitsapientia
1549 2369 1765 2438 quando
1791 2376 1974 2424 creata
1993 2366 2185 2423 est?—

584 2467 849 2539 Serapion
868 2461 1147 2535 respondit
1181 2482 1193 2516 :
1227 2458 1383 2517 Tunc
1409 2460 1573 2531 cmpit
1600 2459 1817 2530 quando
1838 2466 2018 2515 creata
2057 2458 2205 2533 esti.

586 2593 656 2604 -—-
686 2554 957 2614 Arnobius
983 2555 1120 2612 dixit
1145 2572 1157 2609 :
1210 2551 1353 2624 Ergo
1381 2552 1474 2622 qui
1502 2552 1650 2606 illam
1674 2550 1898 2615 creavit,
1930 2549 2186 2619 insipien-

588 2660 698 2708 tem
726 2650 880 2707 illum
906 2644 1293 2720 blasphemas?
1313 2674 1387 2688 --
1412 2640 1677 2714 Serapion
1704 2642 1841 2698 dixit
1865 2658 1880 2696 :
1910 2641 2135 2696 Avertat
2155 2654 2187 2695 a

585 2761 674 2801 me
694 2744 838 2800 Deus
865 2740 1005 2799 hanc
1030 2738 1517 2813 blasphemiam.-—
1535 2736 1806 2794 Arnobius
1833 2735 1970 2791 dixit
2000 2753 2013 2789 :
2046 2734 2186 2805 Ergo

493 2891 505 2903 ,
585 2837 901 2908 ignorante:
928 2828 1288 2906 blasphemas.
1321 2864 1393 2875 —
1418 2828 1685 2902 Serapion
1712 2818 1851 2886 dixit
1881 2846 1895 2882 :
1931 2826 2046 2898 Ego
2076 2843 2184 2882 non

585 2929 902 3003 blaspheme
928 2948 940 2983 :
973 2926 1068 2984 sed
1101 2928 1272 2996 magis
1310 2937 1332 2966 ο
1365 2923 1524 2981 laudo
1562 2931 1866 2981 creatorem
1888 2921 2183 2994 sapientiae.

588 3022 930 3077 -—Arnobius
951 3018 1123 3076 dixit:
1153 3016 1506 3089 Compelleris
1535 3032 1702 3073 unum
1730 3025 1973 3071 astruere
1993 3030 2023 3068 e
2050 3012 2185 3069 duo-

2282 1819 2447 1887 Dens,
2474 1822 2624 1892 quia
2653 1822 2800 1878 nullo
2843 1822 3051 1887 didicit,
3078 1821 3202 1879 sine
3427 1821 3639 1878 habens
3664 1824 3877 1892 sapien-

2283 1910 2433 1977 tiam,
2448 1926 2583 1968 cum
2609 1911 2779 1969 vellet
2822 1913 3001 1971 facere
3026 1913 3222 1973 calum
3250 1921 3319 1969 et
3353 1920 3557 1969 terram
3592 1921 3661 1969 et.
3695 1916 3875 1969 ornata

2281 2018 2403 2074 quae
2428 2003 2485 2059 in
2512 2005 2591 2061 eis
2615 2013 2763 2071 sunt,
2789 2005 2971 2077 primo
3004 2006 3244 2065 omnium
3271 2006 3873 2076 sapientia:va

2283 2105 2391 2152 tem
2416 2096 2571 2168 iecit,
2598 2105 2660 2154 ut
2704 2098 2881 2169 ipsa.
2923 2097 3149 2155 domum
3190 2113 3354 2168 quan
3395 2097 3873 2156 fabricamvolut.

2282 2186 2444 2245 Pater
2489 2190 2694 2260 primus
2718 2204 2844 2247 eum
2887 2204 3075 2247 acre.
3113 2188 3335 2258 liccat,
3361 2197 3657 2259 antequam
3698 2189 3877 2245 solun

2283 2279 2635 2353 fortissimum
2662 2281 2957 2351 solidaret;
2980 2282 3091 2340 hoc
3123 2290 3235 2348 at,
3257 2282 3406 2353 prius
3429 2280 3630 2339 tam
3653 2282 3873 2341 edam.

2284 2372 2675 2431 etitademum
2702 2366 3056 2432 terrmcum
3080 2371 3877 2431 montibussolidaroLSedde

2286 2463 3874 2538 creaturissnotemporedietndunestmmcdecrca»

2287 2553 3876 2628 toredicamus.i‘.rgedieitipsa

2287 2647 2482 2703 creavit
2498 2664 2579 2702 me
2839 2649 3040 2705 iam
3057 2662 3273 2703 nam
3303 2644 3488 2719 (Prae.
3515 2662 3626 2712 nn,
3650 2644 3771 2715 22);
3793 2654 3873 2702 ιε·

2289 2738 2554 2796 chitectus
2579 2739 3083 2811 plenus-pientia,
3116 2736 3875 2808 immofonsipsesapielﬁa.

591 3115 712 3180 bus,
768 3120 828 3169 ut
882 3119 976 3167 aut
1021 3108 1276 3165 habuisse
1309 3108 1629 3179 sapientiam
1685 3106 1832 3161 dicas
1887 3106 2049 3159 istum
2096 3103 2189 3173 qui
2218 3115 2407 3179 anon
2438 3110 2687 3166 οιιίιιηιω-
2714 3109 2823 3165 nisi
2843 3108 2913 3165 de
2956 3107 3173 3175 diebus,
3198 3107 3314 3165 diu
3341 3112 3523 3164 auem
3548 3107 3625 3183 ag
3662 3106 3874 3169 hunc,

590 3202 795 3261 creavit
846 3201 1171 3274 sapientiam
1226 3200 1405 3264 hanc,
1460 3206 1553 3253 aut
1600 3215 1710 3252 non
1774 3196 2027 3253 habuisse
2070 3209 2193 3251 cum

591 3304 825 3353 crearet.
852 3327 926 3339 —
948 3288 1216 3366 Serapion
1243 3290 1380 3348 dixit
1411 3308 1424 3344 :
1457 3288 1739 3360 Nunquam
1780 3286 1943 3343 Pater
1970 3290 2088 3343 sine
2107 3303 2192 3365 sa-

590 3387 794 3459 pientia
823 3385 943 3442 luit.
966 3388 1039 3428 '—
1063 3382 1334 3441 Arnobius
1354 3380 1529 3439 dixit:
1567 3380 1710 3462 Ergo
1743 3397 1855 3436 non
1885 3380 2088 3435 creavit
2107 3394 2193 3435 sa-

589 3476 1209 3553 pientiam—Serapion
1254 3476 1393 3535 dixit
1433 3494 1446 3530 :
1479 3472 1610 3531 Noli
1648 3474 1819 3537 altum,
1850 3489 2063 3544 sapere,
2103 3471 2193 3527 sed

592 3573 713 3627 time
742 3569 923 3643 (Rom.
969 3587 1045 3638 x1,
1093 3567 1206 3642 ΞΟ).
1228 3600 1302 3614 -
1323 3565 1592 3628 Arnobius
1636 3565 1772 3622 dixit
1802 3584 1815 3620 :
1848 3564 1980 3634 Quis
2025 3563 2191 3618 altum

592 3664 762 3735 sapit,
793 3664 887 3733 qui
932 3662 1273 3735 hlasphemat
1316 3660 1517 3729 Deum,
1550 3676 1620 3716 an
1665 3658 1758 3730 qui
1800 3658 2192 3729 blasphemiam
2220 3696 2233 3705 .

595 3753 875 3812 defendit?
902 3787 975 3797 ——
1000 3752 1265 3825 Serapion
1292 3751 1428 3810 dixit
1455 3771 1468 3807 :
1500 3749 1579 3807 Tu
1617 3750 1859 3807 defendis
1885 3748 2095 3805 Deum?
2120 3779 2193 3791 ——

592 3846 866 3903 Arnobius
894 3846 1030 3902 dixit
1054 3864 1066 3899 :
1094 3842 1362 3917 Tempore
1388 3860 1496 3917 quo
1518 3843 1679 3901 audio
1697 3843 2108 3915 blasphemiam,
2131 3857 2193 3898 os

591 3939 1017 4012 blasphemantis
1059 3926 1305 4012 obiurgo,
1336 3938 1477 3995 sicut
1503 3945 1657 3993 tuum
1677 3953 1740 3994 os
1766 3936 1987 4008 increpo
2007 3942 2063 3992 et
2090 3935 2190 3992 do-

592 4046 690 4087 ceo
724 4038 775 4086 te
814 4029 986 4086 Deum
1028 4027 1247 4085 Patrem
1279 4028 1623 4101 insipientem
1649 4029 1847 4087 dicere.
1884 4026 2018 4095 Cum
2047 4029 2192 4084 enim

592 4122 800 4177 diceres
831 4139 844 4174 :
875 4121 1178 4191 Antequam
1217 4129 1494 4177 crearetur
1520 4120 1806 4194 sapientia,
1834 4136 1943 4175 non
1984 4119 2105 4185 fuit,
2137 4128 2194 4174 et

593 4213 766 4282 ipsam
791 4212 1134 4282 sapientiam,
1163 4228 1285 4282 quae
1313 4219 1396 4267 est
1425 4221 1606 4268 creata
1634 4213 1731 4267 Dei
1759 4228 1879 4268 esse
1906 4212 2193 4267 conﬁrmas

594 4302 837 4360 ostendis
857 4316 968 4359 non
996 4301 1250 4358 habuisse
1275 4302 1594 4373 sapientiam
1623 4318 1748 4358 eum
1775 4302 1869 4371 qui
1896 4300 2041 4359 illam
2061 4318 2194 4358 con.-

593 4394 745 4462 didit,
781 4402 838 4450 et
883 4402 1013 4450 tunc
1057 4394 1285 4467 cmpisse
1323 4393 1523 4450 habere
1556 4402 1841 4467 postquam
1870 4398 2091 4451 creavit.
2121 4430 2192 4439 —

2294 3196 2591 3259 laxantem
2614 3202 2717 3263 nisi
2738 3201 2809 3259 de
2828 3188 3007 3265 cmlo,
3033 3201 3233 3258 cerium
3270 3209 3448 3257 autem
3476 3216 3591 3255 non
3613 3200 3685 3255 sit
3710 3205 3877 3253 orm

2278 3293 2398 3359 ‘nisi
2418 3293 2487 3348 de
2514 3293 2799 3362 sapientia,
2826 3301 2951 3348 ante
2974 3292 3177 3351 emtum
3198 3300 3416 3363 tempe
3439 3291 3660 3362 penita
3680 3304 3787 3346 non
3812 3289 3881 3344 sit

2295 3392 2479 3439 ortum
2502 3384 2605 3441 nisi
2632 3384 2699 3440 de
2725 3384 3020 3454 sapientia,
3048 3391 3176 3441 ante
3201 3382 3403 3442 omium
3425 3389 3638 3454 tmpus
3670 3382 3881 3454 perlitus

2295 3474 2554 3537 nonfuit.
2593 3473 3225 3546 Constatersosetnper
3258 3472 3789 3544 finissem,
3820 3480 3877 3525 et

2292 3568 2373 3625 sic
2420 3575 2659 3624 creatam
2688 3567 2834 3624 sicut
2856 3566 3095 3625 diximus
3132 3565 3310 3625 creari
3362 3564 3553 3622 libram
3591 3561 3873 3632 sapientis-

2292 3662 2430 3747 simo
2445 3660 2673 3718 oratori.
2686 3657 2873 3724 Verbi,
2890 3659 3085 3731 gratia.
3111 3656 3371 3716 Salomon
3382 3657 3573 3714 libriin
3590 3652 3879 3747 sapientia:

2294 3744 2536 3809 condidit
2565 3770 2580 3806 :
2611 3751 2849 3833 nmquid
2895 3765 3007 3807 non
3035 3750 3327 3819 antequam
3353 3747 3615 3805 conderet
3638 3746 3782 3801 huc
3818 3744 3879 3800 li-

2292 3846 2473 3911 brum,
2500 3846 2630 3899 ante
2657 3858 2767 3899 non
2790 3842 2890 3898 fuit
2908 3841 3214 3912 sapientia?
3230 3838 3393 3896 Potes
3420 3837 3638 3915 quidem
3664 3835 3875 3892 dicere:

2295 3936 2434 3995 Ante
2463 3952 2575 3992 non
2603 3934 2734 4000 fuit,
2757 3935 2852 3991 sed
2887 3934 2947 3990 in
2981 3932 3283 3995 Salomone
3299 3939 3588 4001 antequam
3615 3944 3649 3984 a
3676 3927 3793 3985 Deo
3814 3926 3879 3981 il-

2293 4031 2401 4086 lam
2441 4030 2747 4103 aceiperet;
2776 4035 2967 4097 postea
2993 4039 3122 4081 vero
3167 4037 3380 4093 semper
3414 4021 3534 4077 fuit.
3566 4018 3625 4077 Si
3653 4034 3785 4089 ergo
3828 4017 3875 4071 in

2294 4122 2519 4178 homine
2552 4120 2751 4178 misero
2778 4118 2849 4175 ad
2886 4116 3347 4187 comparationem
3377 4113 3491 4176 Dei,
3524 4122 3584 4169 et
3626 4126 3880 4183 perquam

2294 4213 2512 4281 exiguo,
2541 4212 2684 4265 intus
2723 4210 2783 4265 in
2804 4208 2971 4265 corde
3009 4207 3179 4264 semel
3205 4205 3382 4277 posita
3428 4220 3539 4261 non
3573 4202 3807 4265 recedit,
3831 4208 3879 4256 et

2294 4302 2557 4375 quidquid
2576 4302 2779 4359 utiliter
2802 4300 3092 4356 crediderit
3107 4339 3122 4365 ,
3149 4296 3383 4354 'creditur
3403 4294 3669 4365 sapientia
3696 4290 3877 4363 pr:ch

2294 4398 2406 4455 cari
2431 4398 2549 4455 sive
2569 4398 2625 4452 in
2651 4395 2867 4463 litteris,
2896 4395 3015 4450 sive
3050 4394 3107 4448 in
3130 4390 3373 4450 aediliciis
3392 4386 3707 4445 fabrefactis
3729 4393 3880 4454 atque

592 4490 808 4565 iudices
830 4491 1083 4547 dixerunt
1115 4510 1129 4546 :
1170 4491 1461 4547 Acerrimai
1507 4490 1855 4561 blasphemia:
1899 4492 2045 4547 locus
2083 4500 2183 4548 est.
2216 4494 2265 4555 ι)
2288 4489 2519 4562 pictur's
2540 4489 2658 4559 ipsa
2692 4488 2950 4553 eandm,
2978 4492 3039 4541 et
3064 4484 3123 4538 in
3145 4483 3355 4539 eunetis
3381 4479 3590 4535 artibus
3618 4480 3743 4549 ipsa
3778 4478 3884 4531 lao-

593 4579 662 4636 Et
688 4581 820 4652 quid
846 4583 1153 4641 moramur?
1179 4581 1253 4637 Et
1276 4588 1477 4638 nostra
1519 4597 1683 4638 aures
1717 4583 2100 4650 obtumlnntur,
2133 4593 2188 4640 et

593 4682 776 4729 vestra
806 4690 903 4731 ora
931 4674 1283 4746 gradiuntur?
1309 4672 1465 4730 Unde
1484 4688 1583 4745 par
1609 4682 1693 4730 est
1716 4683 1774 4729 ut
1802 4675 2067 4732 Arnobius
2093 4675 2186 4746 qui

596 4764 802 4833 detexit
849 4768 1244 4841 blasphemiam
1290 4764 1660 4841 testimonium
1682 4766 1794 4838 jam
1822 4783 1851 4822 a
1892 4766 2189 4838 Serapione

597 4855 869 4924 prolatum
892 4867 1150 4931 exponat.

669 4947 806 5005 Illi.
828 4983 905 4995 —
927 4951 1196 5008 Arnobius
1235 4951 1373 5007 dixit
1402 4969 1416 5006 :
1447 4950 1674 5022 Semper
1703 4949 1801 5007 fuit
1844 4952 2105 5023 sapientia
2134 4953 2186 5007 in

599 5040 762 5098 corde
784 5039 959 5099 Patris
980 5043 1206 5100 interius
1230 5041 1490 5114 reposita,
1510 5042 1785 5112 quomodo
1808 5043 1862 5097 in
1882 5042 2046 5100 corde
2064 5059 2186 5099 ora-

2285 4582 2462 4649 datur,
2494 4588 2700 4652 quanto
2724 4579 2896 4649 magis
2924 4579 2977 4633 in
3017 4576 3159 4643 Deo,
3195 4574 3288 4649 qui
3326 4581 3472 4630 totus
3513 4571 3784 4641 sapientia
3812 4575 3885 4624 est

2286 4672 2379 4744 qui
2406 4688 2525 4728 eam
2546 4687 2578 4726 a
2600 4671 2747 4727 nullo
2769 4668 3013 4742 accepit?
3042 4666 3213 4732 Hanc,
3226 4666 3463 4738 inquam,
3481 4677 3649 4735 quam
3675 4669 3887 4731 seinper

2286 4765 2497 4831 habuit,
2525 4772 2653 4820 tunc
2672 4763 2895 4828 creavit,
2918 4775 3042 4818 cum
3068 4758 3163 4815 illa
3188 4757 3257 4831 de
3281 4756 3448 4814 ccede
3471 4769 3575 4835 suo
3599 4768 3699 4825 per
3726 4751 3885 4807 labri-

2287 4857 2535 4916 camcmli
2558 4864 2822 4925 terraeque
2842 4852 2861 4891 ί
2880 4851 3178 4925 producere
3204 4849 3428 4915 curavit,
3447 4846 3715 4903 utcmlnm
3738 4845 3885 4901 ﬁeret

2291 4949 2450 5005 simul
2487 4955 2543 5002 et
2579 4946 2760 5004 omnia
2784 4960 2905 5016 qua:
2939 4944 2993 5000 in
3022 4958 3088 5002 eo
3116 4949 3260 5009 sunt,
3288 4955 3412 5015 quin
3436 4954 3547 4995 non
3575 4946 3755 5004 erant,
3788 4950 3885 4990 non

2299 5051 2359 5098 ut
2395 5043 2511 5113 ipse
2549 5039 2816 5109 inciperet
2838 5036 3059 5107 sapiens
3080 5049 3225 5102 esse,
3250 5032 3398 5103 quod
3420 5044 3639 5102 semper
3668 5028 3881 5087 exstite-

1794 5170 1906 5226 ΕΒ.
1947 5169 2426 5231 FEU—ARDENTII
2462 5168 2693 5227 NOTAE.

735 5286 879 5380 Qum
902 5288 953 5346 Ii
971 5280 1285 5354 adderent,
1322 5283 1545 5341 laudm:
1565 5302 1628 5340 ac
1664 5301 1977 5380 proponens,
2018 5293 2134 5356 peto
2162 5300 2200 5338 ο

601 5368 1091 5502 ωτδῗιὲέηνίοηεω
1117 5428 1269 5502 cogit
1292 5427 1361 5502 ad
1385 5427 1495 5502 has
1516 5427 1809 5502 angustias,
1841 5433 1902 5480 ut
1922 5424 2007 5502 vel
2027 5423 2196 5502 fama-

601 5494 687 5554 tur
704 5494 924 5572 Patrem
952 5494 1262 5572 aliquandiu
1282 5498 1449 5555 fuisse
1483 5494 1829 5572 insipientem
1860 5495 1980 5572 :vel
1999 5494 2194 5549 admit-

602 5575 683 5623 tat
702 5569 895 5628 Filium
906 5589 1014 5631 non
1034 5569 1157 5630 csse
1174 5576 1437 5637 creatum.
1469 5584 1505 5638 ιι

603 5639 877 5697 tendebat.
1246 5692 1249 5695 ι

679 5714 701 5747 ⁸
744 5692 904 5777 hstiis
930 5712 1119 5777 codex,
1144 5692 1460 5767 creaturam.

2340 5281 2402 5321 ’ἀ
2440 5281 2701 5337 Nimirum
2724 5323 2739 5349 ,
2796 5296 2953 5337 nonis
3006 5296 3104 5351 per
3155 5287 3378 5336 externa
3442 5292 3605 5350 opera
3661 5274 3885 5331 manife-

2303 5360 2630 5476 8mculmina
2661 5423 2824 5478 editio
2854 5421 2911 5476 in
2939 5421 3093 5477 tertia
3114 5436 3345 5490 persona
3371 5419 3450 5474 sie
3470 5416 3624 5474 eﬂ‘ert
3649 5435 3668 5490 _:
3701 5416 3888 5473 Domi-

2304 5508 2401 5548 nus
2446 5495 2701 5564 sapientia
2750 5492 2989 5564 fundarit
3026 5488 3246 5557 terram,
3278 5490 3524 5545 stabilivit
3563 5488 3715 5543 (telas
3762 5504 3871 5560 pra-

1630 5576 1813 5622 tamen
1835 5565 2054 5620 omnino
2074 5580 2199 5621 con-
2305 5565 2498 5619 tientia.

2384 5636 2400 5674 τ
2446 5630 2608 5689 Vetus
2637 5631 2827 5698 codex,
2860 5630 3065 5686 crearit.
