  <div class='ocr_page' id='page_1' title='image "/cluster/home/n/w/nwhite01/storage/ocr_20150623/53/hvd.32044015471576/136.png"; bbox 0 0 4108 6348; ppageno 0'>
   <div class='ocr_carea' id='block_1_1' title="bbox 219 362 323 424">
    <p class='ocr_par' dir='ltr' id='par_1_1' title="bbox 219 362 323 424">
     <span class='ocr_line' id='line_1_1' title="bbox 219 362 323 424; baseline 0 0"><span class='ocrx_word' id='word_1_1' title='bbox 219 362 323 424; x_wconf 69' lang='grc'><strong>161</strong></span> 
     </span>
    </p>
   </div>
   <div class='ocr_carea' id='block_1_2' title="bbox 1021 362 2754 433">
    <p class='ocr_par' dir='ltr' id='par_1_2' title="bbox 1021 362 2754 433">
     <span class='ocr_line' id='line_1_2' title="bbox 1021 362 2754 433; baseline -0.001 -9"><span class='ocrx_word' id='word_1_2' title='bbox 1021 365 1445 424; x_wconf 80' lang='lat' dir='ltr'><strong>CONFLICTUS</strong></span> <span class='ocrx_word' id='word_1_3' title='bbox 1482 366 1571 421; x_wconf 85' lang='lat' dir='ltr'><strong>DE</strong></span> <span class='ocrx_word' id='word_1_4' title='bbox 1611 364 1747 422; x_wconf 81' lang='lat' dir='ltr'><strong>DEO</strong></span> <span class='ocrx_word' id='word_1_5' title='bbox 1783 362 1989 422; x_wconf 71' lang='lat' dir='ltr'><strong>TRINO</strong></span> <span class='ocrx_word' id='word_1_6' title='bbox 2024 363 2111 420; x_wconf 78' lang='grc' dir='ltr'><strong>ΕΤ</strong></span> <span class='ocrx_word' id='word_1_7' title='bbox 2154 362 2311 433; x_wconf 81' lang='lat' dir='ltr'><strong>UNO,</strong></span> <span class='ocrx_word' id='word_1_8' title='bbox 2351 367 2501 423; x_wconf 79' lang='lat' dir='ltr'><strong>ETC.</strong></span> <span class='ocrx_word' id='word_1_9' title='bbox 2545 367 2670 422; x_wconf 85' lang='lat' dir='ltr'><strong>LIB.</strong></span> <span class='ocrx_word' id='word_1_10' title='bbox 2714 366 2754 423; x_wconf 87' lang='grc' dir='ltr'><strong>Ι.</strong></span> 
     </span>
    </p>
   </div>
   <div class='ocr_carea' id='block_1_3' title="bbox 213 472 3502 554">
    <p class='ocr_par' dir='ltr' id='par_1_3' title="bbox 213 472 3502 554">
     <span class='ocr_line' id='line_1_3' title="bbox 213 472 3502 554; baseline -0.001 -11"><span class='ocrx_word' id='word_1_11' title='bbox 213 496 324 545; x_wconf 87' lang='lat' dir='ltr'><strong>rat.</strong></span> <span class='ocrx_word' id='word_1_12' title='bbox 354 484 572 543; x_wconf 80' lang='lat' dir='ltr'><strong>Creavit</strong></span> <span class='ocrx_word' id='word_1_13' title='bbox 597 494 778 543; x_wconf 87' lang='lat' dir='ltr'><strong>autem</strong></span> <span class='ocrx_word' id='word_1_14' title='bbox 808 491 1004 541; x_wconf 87' lang='lat' dir='ltr'><strong>terram</strong></span> <span class='ocrx_word' id='word_1_15' title='bbox 1045 483 1302 549; x_wconf 74' lang='lat' dir='ltr'><strong>etpmnia</strong></span> <span class='ocrx_word' id='word_1_16' title='bbox 1330 498 1448 554; x_wconf 71' lang='lat' dir='ltr'><strong>qua:</strong></span> <span class='ocrx_word' id='word_1_17' title='bbox 1473 481 1527 537; x_wconf 92' lang='lat' dir='ltr'><strong>in</strong></span> <span class='ocrx_word' id='word_1_18' title='bbox 1566 497 1629 537; x_wconf 87' lang='lat' dir='ltr'><strong>ea</strong></span> <span class='ocrx_word' id='word_1_19' title='bbox 1670 488 1815 548; x_wconf 90' lang='lat' dir='ltr'><strong>sunt,</strong></span> <span class='ocrx_word' id='word_1_20' title='bbox 1850 494 1895 553; x_wconf 76' lang='grc' dir='ltr'><strong>Α</strong></span> <span class='ocrx_word' id='word_1_21' title='bbox 1923 472 2135 545; x_wconf 85' lang='lat' dir='ltr'><strong>lenitas,</strong></span> <span class='ocrx_word' id='word_1_22' title='bbox 2192 478 2401 534; x_wconf 86' lang='lat' dir='ltr'><strong>decima</strong></span> <span class='ocrx_word' id='word_1_23' title='bbox 2449 479 2624 549; x_wconf 87' lang='lat' dir='ltr'><strong>quies,</strong></span> <span class='ocrx_word' id='word_1_24' title='bbox 2683 479 2962 535; x_wconf 83' lang='lat' dir='ltr'><strong>undecima</strong></span> <span class='ocrx_word' id='word_1_25' title='bbox 3010 496 3134 552; x_wconf 89' lang='lat' dir='ltr'><strong>pax,</strong></span> <span class='ocrx_word' id='word_1_26' title='bbox 3185 481 3502 539; x_wconf 79' lang='lat' dir='ltr'><strong>duodecima</strong></span> 
     </span>
    </p>
   </div>
   <div class='ocr_carea' id='block_1_4' title="bbox 211 574 1811 653">
    <p class='ocr_par' dir='ltr' id='par_1_4' title="bbox 211 574 1811 653">
     <span class='ocr_line' id='line_1_4' title="bbox 211 574 1811 653; baseline -0.004 -16"><span class='ocrx_word' id='word_1_27' title='bbox 211 595 340 653; x_wconf 71' lang='lat' dir='ltr'><strong>qum</strong></span> <span class='ocrx_word' id='word_1_28' title='bbox 365 595 480 637; x_wconf 89' lang='lat' dir='ltr'><strong>non</strong></span> <span class='ocrx_word' id='word_1_29' title='bbox 515 588 691 645; x_wconf 85' lang='lat' dir='ltr'><strong>erant,</strong></span> <span class='ocrx_word' id='word_1_30' title='bbox 717 595 827 635; x_wconf 90' lang='lat' dir='ltr'><strong>non</strong></span> <span class='ocrx_word' id='word_1_31' title='bbox 853 583 912 633; x_wconf 89' lang='lat' dir='ltr'><strong>ut</strong></span> <span class='ocrx_word' id='word_1_32' title='bbox 960 578 1074 651; x_wconf 86' lang='lat' dir='ltr'><strong>ipse</strong></span> <span class='ocrx_word' id='word_1_33' title='bbox 1102 577 1365 649; x_wconf 70' lang='lat' dir='ltr'><strong>inciperet</strong></span> <span class='ocrx_word' id='word_1_34' title='bbox 1406 590 1627 648; x_wconf 85' lang='lat' dir='ltr'><strong>sapere,</strong></span> <span class='ocrx_word' id='word_1_35' title='bbox 1666 574 1811 645; x_wconf 90' lang='lat' dir='ltr'><strong>quod</strong></span> 
     </span>
    </p>
   </div>
   <div class='ocr_carea' id='block_1_5' title="bbox 210 669 1807 746">
    <p class='ocr_par' dir='ltr' id='par_1_5' title="bbox 210 669 1807 746">
     <span class='ocr_line' id='line_1_5' title="bbox 210 669 1807 746; baseline -0.003 -17"><span class='ocrx_word' id='word_1_36' title='bbox 210 680 346 729; x_wconf 87' lang='lat' dir='ltr'><strong>ante</strong></span> <span class='ocrx_word' id='word_1_37' title='bbox 374 689 484 729; x_wconf 91' lang='lat' dir='ltr'><strong>non</strong></span> <span class='ocrx_word' id='word_1_38' title='bbox 510 678 782 746; x_wconf 83' lang='lat' dir='ltr'><strong>sapuerat.</strong></span> <span class='ocrx_word' id='word_1_39' title='bbox 810 670 891 728; x_wconf 86' lang='lat' dir='ltr'><strong>Tu</strong></span> <span class='ocrx_word' id='word_1_40' title='bbox 918 680 1100 731; x_wconf 85' lang='lat' dir='ltr'><strong>autem</strong></span> <span class='ocrx_word' id='word_1_41' title='bbox 1147 671 1408 743; x_wconf 83' lang='lat' dir='ltr'><strong>Serapion</strong></span> <span class='ocrx_word' id='word_1_42' title='bbox 1425 712 1439 738; x_wconf 93' lang='lat'><strong>,</strong></span> <span class='ocrx_word' id='word_1_43' title='bbox 1471 669 1564 741; x_wconf 89' lang='lat' dir='ltr'><strong>qui</strong></span> <span class='ocrx_word' id='word_1_44' title='bbox 1603 670 1807 741; x_wconf 81' lang='lat' dir='ltr'><strong>capitu-</strong></span> 
     </span>
    </p>
   </div>
   <div class='ocr_carea' id='block_1_6' title="bbox 209 761 1807 839">
    <p class='ocr_par' dir='ltr' id='par_1_6' title="bbox 209 761 1807 839">
     <span class='ocr_line' id='line_1_6' title="bbox 209 761 1807 839; baseline -0.005 -18"><span class='ocrx_word' id='word_1_45' title='bbox 209 766 331 823; x_wconf 88' lang='lat' dir='ltr'><strong>lum</strong></span> <span class='ocrx_word' id='word_1_46' title='bbox 355 764 463 824; x_wconf 87' lang='lat' dir='ltr'><strong>loci</strong></span> <span class='ocrx_word' id='word_1_47' title='bbox 504 766 770 837; x_wconf 75' lang='lat' dir='ltr'><strong>integrum</strong></span> <span class='ocrx_word' id='word_1_48' title='bbox 799 780 908 820; x_wconf 91' lang='lat' dir='ltr'><strong>non</strong></span> <span class='ocrx_word' id='word_1_49' title='bbox 935 763 1228 836; x_wconf 69' lang='lat' dir='ltr'><strong>protulisti,</strong></span> <span class='ocrx_word' id='word_1_50' title='bbox 1271 761 1395 839; x_wconf 83' lang='lat' dir='ltr'><strong>audi</strong></span> <span class='ocrx_word' id='word_1_51' title='bbox 1426 769 1599 818; x_wconf 78' lang='lat' dir='ltr'><strong>totum</strong></span> <span class='ocrx_word' id='word_1_52' title='bbox 1645 766 1807 834; x_wconf 86' lang='lat' dir='ltr'><strong>caput</strong></span> 
     </span>
    </p>
   </div>
   <div class='ocr_carea' id='block_1_7' title="bbox 206 852 1808 931">
    <p class='ocr_par' dir='ltr' id='par_1_7' title="bbox 206 852 1808 931">
     <span class='ocr_line' id='line_1_7' title="bbox 206 852 1808 931; baseline -0.006 -16"><span class='ocrx_word' id='word_1_53' title='bbox 206 857 378 931; x_wconf 77' lang='lat' dir='ltr'><strong>hujus</strong></span> <span class='ocrx_word' id='word_1_54' title='bbox 402 856 533 925; x_wconf 80' lang='lat' dir='ltr'><strong>loci,</strong></span> <span class='ocrx_word' id='word_1_55' title='bbox 570 864 629 913; x_wconf 89' lang='lat' dir='ltr'><strong>ut</strong></span> <span class='ocrx_word' id='word_1_56' title='bbox 650 856 842 913; x_wconf 88' lang='lat' dir='ltr'><strong>credas</strong></span> <span class='ocrx_word' id='word_1_57' title='bbox 870 854 1001 911; x_wconf 88' lang='lat' dir='ltr'><strong>illud</strong></span> <span class='ocrx_word' id='word_1_58' title='bbox 1030 871 1163 911; x_wconf 66' lang='lat' dir='ltr'><strong>mea:</strong></span> <span class='ocrx_word' id='word_1_59' title='bbox 1192 852 1558 927; x_wconf 87' lang='lat' dir='ltr'><strong>explanationi</strong></span> <span class='ocrx_word' id='word_1_60' title='bbox 1588 867 1808 908; x_wconf 85' lang='lat' dir='ltr'><strong>concor-</strong></span> 
     </span>
    </p>
   </div>
   <div class='ocr_carea' id='block_1_8' title="bbox 205 943 1806 1007">
    <p class='ocr_par' dir='ltr' id='par_1_8' title="bbox 205 943 1806 1007">
     <span class='ocr_line' id='line_1_8' title="bbox 205 943 1806 1007; baseline -0.006 -1"><span class='ocrx_word' id='word_1_61' title='bbox 205 949 366 1007; x_wconf 83' lang='lat' dir='ltr'><strong>dare.</strong></span> <span class='ocrx_word' id='word_1_62' title='bbox 396 947 653 1007; x_wconf 79' lang='lat' dir='ltr'><strong>Dominus</strong></span> <span class='ocrx_word' id='word_1_63' title='bbox 686 948 880 1005; x_wconf 76' lang='lat' dir='ltr'><strong>creauit</strong></span> <span class='ocrx_word' id='word_1_64' title='bbox 917 964 999 1004; x_wconf 89' lang='lat' dir='ltr'><strong>me</strong></span> <span class='ocrx_word' id='word_1_65' title='bbox 1022 947 1229 1002; x_wconf 84' lang='lat' dir='ltr'><strong>initium</strong></span> <span class='ocrx_word' id='word_1_66' title='bbox 1270 947 1466 1001; x_wconf 77' lang='lat' dir='ltr'><strong>viarum</strong></span> <span class='ocrx_word' id='word_1_67' title='bbox 1511 946 1722 999; x_wconf 82' lang='lat' dir='ltr'><strong>suarum</strong></span> <span class='ocrx_word' id='word_1_68' title='bbox 1750 943 1806 996; x_wconf 74' lang='lat' dir='ltr'><strong>in</strong></span> 
     </span>
    </p>
   </div>
   <div class='ocr_carea' id='block_1_9' title="bbox 206 1037 1805 1115">
    <p class='ocr_par' dir='ltr' id='par_1_9' title="bbox 206 1037 1805 1115">
     <span class='ocr_line' id='line_1_9' title="bbox 206 1037 1805 1115; baseline -0.006 -18"><span class='ocrx_word' id='word_1_69' title='bbox 206 1058 374 1115; x_wconf 87' lang='lat' dir='ltr'><strong>opera</strong></span> <span class='ocrx_word' id='word_1_70' title='bbox 400 1058 525 1109; x_wconf 78' lang='lat' dir='ltr'><strong>sua;</strong></span> <span class='ocrx_word' id='word_1_71' title='bbox 556 1049 679 1097; x_wconf 83' lang='lat' dir='ltr'><strong>ante</strong></span> <span class='ocrx_word' id='word_1_72' title='bbox 700 1039 947 1097; x_wconf 67' lang='lat' dir='ltr'><strong>siccatum</strong></span> <span class='ocrx_word' id='word_1_73' title='bbox 977 1038 1213 1111; x_wconf 79' lang='lat' dir='ltr'><strong>[undavit</strong></span> <span class='ocrx_word' id='word_1_74' title='bbox 1241 1052 1339 1104; x_wconf 84' lang='lat' dir='ltr'><strong>me,</strong></span> <span class='ocrx_word' id='word_1_75' title='bbox 1363 1037 1660 1108; x_wconf 74' lang='lat' dir='ltr'><strong>priusquam</strong></span> <span class='ocrx_word' id='word_1_76' title='bbox 1699 1042 1805 1088; x_wconf 85' lang='lat' dir='ltr'><strong>ter-</strong></span> 
     </span>
    </p>
   </div>
   <div class='ocr_carea' id='block_1_10' title="bbox 205 1130 1807 1209">
    <p class='ocr_par' dir='ltr' id='par_1_10' title="bbox 205 1130 1807 1209">
     <span class='ocr_line' id='line_1_10' title="bbox 205 1130 1807 1209; baseline -0.004 -19"><span class='ocrx_word' id='word_1_77' title='bbox 205 1151 330 1191; x_wconf 83' lang='lat' dir='ltr'><strong>ram</strong></span> <span class='ocrx_word' id='word_1_78' title='bbox 381 1136 602 1209; x_wconf 76' lang='lat' dir='ltr'><strong>faceret,</strong></span> <span class='ocrx_word' id='word_1_79' title='bbox 631 1135 933 1209; x_wconf 88' lang='lat' dir='ltr'><strong>priusquam</strong></span> <span class='ocrx_word' id='word_1_80' title='bbox 975 1139 1187 1206; x_wconf 84' lang='lat' dir='ltr'><strong>poneret</strong></span> <span class='ocrx_word' id='word_1_81' title='bbox 1233 1131 1462 1204; x_wconf 82' lang='lat' dir='ltr'><strong>abyssos,</strong></span> <span class='ocrx_word' id='word_1_82' title='bbox 1507 1130 1807 1202; x_wconf 69' lang='lat' dir='ltr'><strong>priusquam</strong></span> 
     </span>
    </p>
   </div>
   <div class='ocr_carea' id='block_1_11' title="bbox 206 1222 1805 1304">
    <p class='ocr_par' dir='ltr' id='par_1_11' title="bbox 206 1222 1805 1304">
     <span class='ocr_line' id='line_1_11' title="bbox 206 1222 1805 1304; baseline -0.004 -22"><span class='ocrx_word' id='word_1_83' title='bbox 206 1227 527 1304; x_wconf 78' lang='lat' dir='ltr'><strong>produceret</strong></span> <span class='ocrx_word' id='word_1_84' title='bbox 545 1229 718 1300; x_wconf 80' lang='lat' dir='ltr'><strong>fontes</strong></span> <span class='ocrx_word' id='word_1_85' title='bbox 747 1242 1018 1299; x_wconf 87' lang='lat' dir='ltr'><strong>aquarum,</strong></span> <span class='ocrx_word' id='word_1_86' title='bbox 1046 1226 1344 1299; x_wconf 85' lang='lat' dir='ltr'><strong>priusquam</strong></span> <span class='ocrx_word' id='word_1_87' title='bbox 1370 1222 1626 1279; x_wconf 84' lang='lat' dir='ltr'><strong>stabiliret</strong></span> <span class='ocrx_word' id='word_1_88' title='bbox 1653 1238 1805 1277; x_wconf 85' lang='lat' dir='ltr'><strong>mon-</strong></span> 
     </span>
    </p>
   </div>
   <div class='ocr_carea' id='block_1_12' title="bbox 208 1314 1807 1395">
    <p class='ocr_par' dir='ltr' id='par_1_12' title="bbox 208 1314 1807 1395">
     <span class='ocr_line' id='line_1_12' title="bbox 208 1314 1807 1395; baseline -0.002 -22"><span class='ocrx_word' id='word_1_89' title='bbox 208 1326 289 1375; x_wconf 86' lang='lat' dir='ltr'><strong>tes</strong></span> <span class='ocrx_word' id='word_1_90' title='bbox 313 1335 335 1374; x_wconf 90' lang='lat'><strong><em>:</em></strong></span> <span class='ocrx_word' id='word_1_91' title='bbox 364 1327 486 1374; x_wconf 84' lang='lat' dir='ltr'><strong>ante</strong></span> <span class='ocrx_word' id='word_1_92' title='bbox 519 1319 674 1375; x_wconf 84' lang='lat' dir='ltr'><strong>colles</strong></span> <span class='ocrx_word' id='word_1_93' title='bbox 702 1320 875 1395; x_wconf 81' lang='lat' dir='ltr'><strong>genuit</strong></span> <span class='ocrx_word' id='word_1_94' title='bbox 903 1335 1002 1373; x_wconf 86' lang='lat' dir='ltr'><strong>me.</strong></span> <span class='ocrx_word' id='word_1_95' title='bbox 1033 1314 1290 1373; x_wconf 59' lang='lat' dir='ltr'><strong>Pratscius</strong></span> <span class='ocrx_word' id='word_1_96' title='bbox 1328 1330 1457 1387; x_wconf 73' lang='lat' dir='ltr'><strong>ergo</strong></span> <span class='ocrx_word' id='word_1_97' title='bbox 1500 1315 1641 1371; x_wconf 90' lang='lat' dir='ltr'><strong>Deus</strong></span> <span class='ocrx_word' id='word_1_98' title='bbox 1682 1314 1807 1386; x_wconf 85' lang='lat' dir='ltr'><strong><em>quia</em></strong></span> 
     </span>
    </p>
   </div>
   <div class='ocr_carea' id='block_1_13' title="bbox 205 1409 1807 1483">
    <p class='ocr_par' dir='ltr' id='par_1_13' title="bbox 205 1409 1807 1483">
     <span class='ocr_line' id='line_1_13' title="bbox 205 1409 1807 1483; baseline -0.002 -17"><span class='ocrx_word' id='word_1_99' title='bbox 205 1409 322 1468; x_wconf 83' lang='lat' dir='ltr'><strong>hoc</strong></span> <span class='ocrx_word' id='word_1_100' title='bbox 345 1411 491 1483; x_wconf 88' lang='lat' dir='ltr'><strong>quod</strong></span> <span class='ocrx_word' id='word_1_101' title='bbox 518 1411 716 1467; x_wconf 84' lang='lat' dir='ltr'><strong>dictum</strong></span> <span class='ocrx_word' id='word_1_102' title='bbox 746 1410 940 1474; x_wconf 85' lang='lat' dir='ltr'><strong>iuerat,</strong></span> <span class='ocrx_word' id='word_1_103' title='bbox 965 1410 1161 1465; x_wconf 78' lang='lat' dir='ltr'><strong>creavit</strong></span> <span class='ocrx_word' id='word_1_104' title='bbox 1180 1424 1277 1476; x_wconf 88' lang='lat' dir='ltr'><strong>me,</strong></span> <span class='ocrx_word' id='word_1_105' title='bbox 1311 1411 1548 1482; x_wconf 89' lang='lat' dir='ltr'><strong>potuisse</strong></span> <span class='ocrx_word' id='word_1_106' title='bbox 1562 1409 1638 1464; x_wconf 86' lang='lat' dir='ltr'><strong>ad</strong></span> <span class='ocrx_word' id='word_1_107' title='bbox 1664 1409 1807 1480; x_wconf 89' lang='lat' dir='ltr'><strong>peri-</strong></span> 
     </span>
    </p>
   </div>
   <div class='ocr_carea' id='block_1_14' title="bbox 204 1502 1811 1575">
    <p class='ocr_par' dir='ltr' id='par_1_14' title="bbox 204 1502 1811 1575">
     <span class='ocr_line' id='line_1_14' title="bbox 204 1502 1811 1575; baseline -0.001 -17"><span class='ocrx_word' id='word_1_108' title='bbox 204 1502 393 1559; x_wconf 85' lang='lat' dir='ltr'><strong>culum</strong></span> <span class='ocrx_word' id='word_1_109' title='bbox 439 1503 781 1575; x_wconf 76' lang='lat' dir='ltr'><strong>blasphemia:</strong></span> <span class='ocrx_word' id='word_1_110' title='bbox 828 1504 1129 1573; x_wconf 79' lang='lat' dir='ltr'><strong>pervenire,</strong></span> <span class='ocrx_word' id='word_1_111' title='bbox 1161 1502 1358 1572; x_wconf 85' lang='lat' dir='ltr'><strong>adjecit</strong></span> <span class='ocrx_word' id='word_1_112' title='bbox 1390 1521 1402 1555; x_wconf 91' lang='lat'>:</span> <span class='ocrx_word' id='word_1_113' title='bbox 1449 1504 1586 1557; x_wconf 78' lang='lat' dir='ltr'><strong>Ante</strong></span> <span class='ocrx_word' id='word_1_114' title='bbox 1630 1518 1811 1557; x_wconf 83' lang='lat' dir='ltr'><strong>omnes</strong></span> 
     </span>
    </p>
   </div>
   <div class='ocr_carea' id='block_1_15' title="bbox 203 1593 1809 1669">
    <p class='ocr_par' dir='ltr' id='par_1_15' title="bbox 203 1593 1809 1669">
     <span class='ocr_line' id='line_1_15' title="bbox 203 1593 1809 1669; baseline -0.001 -18"><span class='ocrx_word' id='word_1_115' title='bbox 203 1595 369 1651; x_wconf 86' lang='lat' dir='ltr'><strong>colles</strong></span> <span class='ocrx_word' id='word_1_116' title='bbox 395 1598 570 1669; x_wconf 81' lang='lat' dir='ltr'><strong><em>genuit</em></strong></span> <span class='ocrx_word' id='word_1_117' title='bbox 610 1614 689 1653; x_wconf 88' lang='lat' dir='ltr'><strong>me</strong></span> <span class='ocrx_word' id='word_1_118' title='bbox 715 1596 896 1669; x_wconf 77' lang='lat' dir='ltr'><strong>(Prov.</strong></span> <span class='ocrx_word' id='word_1_119' title='bbox 930 1613 1038 1663; x_wconf 79' lang='lat' dir='ltr'><strong>vni,</strong></span> <span class='ocrx_word' id='word_1_120' title='bbox 1083 1593 1195 1667; x_wconf 70' lang='lat'><strong>25).</strong></span> <span class='ocrx_word' id='word_1_121' title='bbox 1229 1595 1345 1651; x_wconf 82' lang='lat' dir='ltr'><strong>Hoc</strong></span> <span class='ocrx_word' id='word_1_122' title='bbox 1387 1612 1639 1652; x_wconf 84' lang='lat' dir='ltr'><strong>sermone</strong></span> <span class='ocrx_word' id='word_1_123' title='bbox 1664 1594 1809 1666; x_wconf 90' lang='lat' dir='ltr'><strong>quod</strong></span> 
     </span>
    </p>
   </div>
   <div class='ocr_carea' id='block_1_16' title="bbox 204 1678 1808 1760">
    <p class='ocr_par' dir='ltr' id='par_1_16' title="bbox 204 1678 1808 1760">
     <span class='ocr_line' id='line_1_16' title="bbox 204 1678 1808 1760; baseline 0.001 -19"><span class='ocrx_word' id='word_1_124' title='bbox 204 1686 376 1754; x_wconf 91' lang='lat' dir='ltr'><strong>dixit,</strong></span> <span class='ocrx_word' id='word_1_125' title='bbox 409 1705 507 1751; x_wconf 87' lang='lat' dir='ltr'><strong>me,</strong></span> <span class='ocrx_word' id='word_1_126' title='bbox 540 1684 666 1743; x_wconf 87' lang='lat' dir='ltr'><strong>illud</strong></span> <span class='ocrx_word' id='word_1_127' title='bbox 714 1678 1062 1759; x_wconf 80' lang='lat' dir='ltr'><strong>interpretata</strong></span> <span class='ocrx_word' id='word_1_128' title='bbox 1091 1696 1177 1744; x_wconf 84' lang='lat' dir='ltr'><strong>est</strong></span> <span class='ocrx_word' id='word_1_129' title='bbox 1214 1690 1331 1760; x_wconf 89' lang='lat' dir='ltr'><strong>ipsa</strong></span> <span class='ocrx_word' id='word_1_130' title='bbox 1372 1688 1634 1759; x_wconf 90' lang='lat' dir='ltr'><strong>sapientia</strong></span> <span class='ocrx_word' id='word_1_131' title='bbox 1664 1685 1808 1759; x_wconf 91' lang='lat' dir='ltr'><strong>quod</strong></span> 
     </span>
    </p>
   </div>
   <div class='ocr_carea' id='block_1_17' title="bbox 200 1778 1807 1851">
    <p class='ocr_par' dir='ltr' id='par_1_17' title="bbox 200 1778 1807 1851">
     <span class='ocr_line' id='line_1_17' title="bbox 200 1778 1807 1851; baseline -0.001 -15"><span class='ocrx_word' id='word_1_132' title='bbox 200 1778 437 1845; x_wconf 82' lang='lat' dir='ltr'><strong>dixerat,</strong></span> <span class='ocrx_word' id='word_1_133' title='bbox 469 1784 659 1835; x_wconf 80' lang='lat' dir='ltr'><strong>creauit</strong></span> <span class='ocrx_word' id='word_1_134' title='bbox 691 1798 789 1835; x_wconf 69' lang='lat' dir='ltr'><strong>tne.</strong></span> <span class='ocrx_word' id='word_1_135' title='bbox 836 1780 987 1836; x_wconf 85' lang='lat' dir='ltr'><strong>Unde</strong></span> <span class='ocrx_word' id='word_1_136' title='bbox 1018 1789 1073 1836; x_wconf 90' lang='lat' dir='ltr'><strong>et</strong></span> <span class='ocrx_word' id='word_1_137' title='bbox 1098 1780 1343 1851; x_wconf 82' lang='lat' dir='ltr'><strong>sequitur</strong></span> <span class='ocrx_word' id='word_1_138' title='bbox 1374 1799 1387 1833; x_wconf 90' lang='lat'>:</span> <span class='ocrx_word' id='word_1_139' title='bbox 1425 1779 1554 1835; x_wconf 81' lang='lat' dir='ltr'><strong>Cum</strong></span> <span class='ocrx_word' id='word_1_140' title='bbox 1579 1778 1807 1851; x_wconf 77' lang='lat' dir='ltr'><strong><em>parabat</em></strong></span> 
     </span>
    </p>
   </div>
   <div class='ocr_carea' id='block_1_18' title="bbox 1911 575 3501 649">
    <p class='ocr_par' dir='ltr' id='par_1_18' title="bbox 1911 575 3501 649">
     <span class='ocr_line' id='line_1_18' title="bbox 1911 575 3501 649; baseline -0.001 -17"><span class='ocrx_word' id='word_1_141' title='bbox 1911 576 2242 643; x_wconf 84' lang='lat' dir='ltr'><strong>obedientia,</strong></span> <span class='ocrx_word' id='word_1_142' title='bbox 2275 577 2433 632; x_wconf 89' lang='lat' dir='ltr'><strong>tertia</strong></span> <span class='ocrx_word' id='word_1_143' title='bbox 2464 576 2673 633; x_wconf 75' lang='lat' dir='ltr'><strong>declina</strong></span> <span class='ocrx_word' id='word_1_144' title='bbox 2703 578 3109 648; x_wconf 79' lang='lat' dir='ltr'><strong>longanimitas,</strong></span> <span class='ocrx_word' id='word_1_145' title='bbox 3138 585 3329 649; x_wconf 83' lang='lat' dir='ltr'><strong>quarta</strong></span> <span class='ocrx_word' id='word_1_146' title='bbox 3355 575 3501 632; x_wconf 87' lang='lat' dir='ltr'><strong>deci-</strong></span> 
     </span>
    </p>
   </div>
   <div class='ocr_carea' id='block_1_19' title="bbox 1911 668 3503 741">
    <p class='ocr_par' dir='ltr' id='par_1_19' title="bbox 1911 668 3503 741">
     <span class='ocr_line' id='line_1_19' title="bbox 1911 668 3503 741; baseline 0 -17"><span class='ocrx_word' id='word_1_147' title='bbox 1911 686 1999 724; x_wconf 86' lang='lat' dir='ltr'><strong>ma</strong></span> <span class='ocrx_word' id='word_1_148' title='bbox 2039 668 2271 726; x_wconf 91' lang='lat' dir='ltr'><strong>solitudo</strong></span> <span class='ocrx_word' id='word_1_149' title='bbox 2313 675 2518 736; x_wconf 87' lang='lat' dir='ltr'><strong>sancta,</strong></span> <span class='ocrx_word' id='word_1_150' title='bbox 2551 670 2735 738; x_wconf 88' lang='lat' dir='ltr'><strong>quinta</strong></span> <span class='ocrx_word' id='word_1_151' title='bbox 2762 669 2970 725; x_wconf 86' lang='lat' dir='ltr'><strong>decima</strong></span> <span class='ocrx_word' id='word_1_152' title='bbox 2997 677 3337 741; x_wconf 82' lang='lat' dir='ltr'><strong>contemptus</strong></span> <span class='ocrx_word' id='word_1_153' title='bbox 3370 683 3503 724; x_wconf 85' lang='lat' dir='ltr'><strong>ven-</strong></span> 
     </span>
    </p>
   </div>
   <div class='ocr_carea' id='block_1_20' title="bbox 1911 759 3499 831">
    <p class='ocr_par' dir='ltr' id='par_1_20' title="bbox 1911 759 3499 831">
     <span class='ocr_line' id='line_1_20' title="bbox 1911 759 3499 831; baseline -0.001 -13"><span class='ocrx_word' id='word_1_154' title='bbox 1911 762 2025 829; x_wconf 88' lang='lat' dir='ltr'><strong>tris,</strong></span> <span class='ocrx_word' id='word_1_155' title='bbox 2069 762 2275 819; x_wconf 87' lang='lat' dir='ltr'><strong>decima</strong></span> <span class='ocrx_word' id='word_1_156' title='bbox 2302 771 2456 818; x_wconf 82' lang='lat' dir='ltr'><strong>sexta</strong></span> <span class='ocrx_word' id='word_1_157' title='bbox 2502 760 2747 818; x_wconf 78' lang='lat' dir='ltr'><strong>studium</strong></span> <span class='ocrx_word' id='word_1_158' title='bbox 2780 762 2996 826; x_wconf 81' lang='lat' dir='ltr'><strong>mentis,</strong></span> <span class='ocrx_word' id='word_1_159' title='bbox 3024 761 3233 817; x_wconf 82' lang='lat' dir='ltr'><strong>decima</strong></span> <span class='ocrx_word' id='word_1_160' title='bbox 3273 759 3499 831; x_wconf 81' lang='lat' dir='ltr'><strong>septima</strong></span> 
     </span>
    </p>
   </div>
   <div class='ocr_carea' id='block_1_21' title="bbox 1908 851 3499 923">
    <p class='ocr_par' dir='ltr' id='par_1_21' title="bbox 1908 851 3499 923">
     <span class='ocr_line' id='line_1_21' title="bbox 1908 851 3499 923; baseline -0.004 -10"><span class='ocrx_word' id='word_1_161' title='bbox 1908 855 2144 923; x_wconf 80' lang='lat' dir='ltr'><strong>castitas,</strong></span> <span class='ocrx_word' id='word_1_162' title='bbox 2178 854 2385 911; x_wconf 65' lang='grc' dir='ltr'><strong>ᾱθείωδ</strong></span> <span class='ocrx_word' id='word_1_163' title='bbox 2414 861 2605 911; x_wconf 87' lang='lat' dir='ltr'><strong>octava</strong></span> <span class='ocrx_word' id='word_1_164' title='bbox 2635 851 2956 922; x_wconf 69' lang='lat' dir='ltr'><strong>benignitas,</strong></span> <span class='ocrx_word' id='word_1_165' title='bbox 2998 851 3203 909; x_wconf 85' lang='lat' dir='ltr'><strong>decima</strong></span> <span class='ocrx_word' id='word_1_166' title='bbox 3233 867 3370 909; x_wconf 83' lang='lat' dir='ltr'><strong>nova</strong></span> <span class='ocrx_word' id='word_1_167' title='bbox 3398 851 3499 907; x_wconf 81' lang='lat' dir='ltr'><strong>mi-</strong></span> 
     </span>
    </p>
   </div>
   <div class='ocr_carea' id='block_1_22' title="bbox 1907 944 3497 1019">
    <p class='ocr_par' dir='ltr' id='par_1_22' title="bbox 1907 944 3497 1019">
     <span class='ocr_line' id='line_1_22' title="bbox 1907 944 3497 1019; baseline -0.005 -12"><span class='ocrx_word' id='word_1_168' title='bbox 1907 950 2218 1017; x_wconf 82' lang='lat' dir='ltr'><strong>sericordia,</strong></span> <span class='ocrx_word' id='word_1_169' title='bbox 2248 949 2505 1019; x_wconf 80' lang='lat' dir='ltr'><strong>vigesima</strong></span> <span class='ocrx_word' id='word_1_170' title='bbox 2526 946 2752 1018; x_wconf 67' lang='lat' dir='ltr'><strong>iustitia,</strong></span> <span class='ocrx_word' id='word_1_171' title='bbox 2774 946 3032 1015; x_wconf 74' lang='lat' dir='ltr'><strong>vigesima</strong></span> <span class='ocrx_word' id='word_1_172' title='bbox 3062 947 3234 1017; x_wconf 82' lang='lat' dir='ltr'><strong>prima</strong></span> <span class='ocrx_word' id='word_1_173' title='bbox 3262 944 3497 1002; x_wconf 81' lang='lat' dir='ltr'><strong>liberali-</strong></span> 
     </span>
    </p>
   </div>
   <div class='ocr_carea' id='block_1_23' title="bbox 1907 1038 3497 1113">
    <p class='ocr_par' dir='ltr' id='par_1_23' title="bbox 1907 1038 3497 1113">
     <span class='ocr_line' id='line_1_23' title="bbox 1907 1038 3497 1113; baseline -0.004 -14"><span class='ocrx_word' id='word_1_174' title='bbox 1907 1052 2011 1110; x_wconf 90' lang='lat' dir='ltr'><strong>tas,</strong></span> <span class='ocrx_word' id='word_1_175' title='bbox 2043 1042 2299 1113; x_wconf 74' lang='lat' dir='ltr'><strong>vigesima</strong></span> <span class='ocrx_word' id='word_1_176' title='bbox 2328 1040 2560 1098; x_wconf 87' lang='lat' dir='ltr'><strong>secunda</strong></span> <span class='ocrx_word' id='word_1_177' title='bbox 2590 1039 2823 1096; x_wconf 87' lang='lat' dir='ltr'><strong>studium</strong></span> <span class='ocrx_word' id='word_1_178' title='bbox 2844 1039 3082 1095; x_wconf 73' lang='lat' dir='ltr'><strong>scientia:</strong></span> <span class='ocrx_word' id='word_1_179' title='bbox 3110 1039 3243 1108; x_wconf 74' lang='lat' dir='ltr'><strong>legis</strong></span> <span class='ocrx_word' id='word_1_180' title='bbox 3280 1038 3395 1107; x_wconf 89' lang='lat' dir='ltr'><strong>Dei,</strong></span> <span class='ocrx_word' id='word_1_181' title='bbox 3416 1039 3497 1093; x_wconf 85' lang='lat' dir='ltr'><strong>vi-</strong></span> 
     </span>
    </p>
   </div>
   <div class='ocr_carea' id='block_1_24' title="bbox 1907 1130 3500 1206">
    <p class='ocr_par' dir='ltr' id='par_1_24' title="bbox 1907 1130 3500 1206">
     <span class='ocr_line' id='line_1_24' title="bbox 1907 1130 3500 1206; baseline -0.004 -14"><span class='ocrx_word' id='word_1_182' title='bbox 1907 1137 2112 1206; x_wconf 77' lang='lat' dir='ltr'><strong>gesima</strong></span> <span class='ocrx_word' id='word_1_183' title='bbox 2135 1136 2290 1191; x_wconf 89' lang='lat' dir='ltr'><strong>tertia</strong></span> <span class='ocrx_word' id='word_1_184' title='bbox 2314 1150 2466 1189; x_wconf 89' lang='lat' dir='ltr'><strong>amor</strong></span> <span class='ocrx_word' id='word_1_185' title='bbox 2486 1133 2810 1205; x_wconf 90' lang='lat' dir='ltr'><strong>optimarum</strong></span> <span class='ocrx_word' id='word_1_186' title='bbox 2837 1144 3035 1195; x_wconf 87' lang='lat' dir='ltr'><strong>rerum,</strong></span> <span class='ocrx_word' id='word_1_187' title='bbox 3057 1130 3311 1201; x_wconf 76' lang='lat' dir='ltr'><strong>vigesima</strong></span> <span class='ocrx_word' id='word_1_188' title='bbox 3339 1144 3500 1200; x_wconf 83' lang='lat' dir='ltr'><strong>quar-</strong></span> 
     </span>
    </p>
   </div>
   <div class='ocr_carea' id='block_1_25' title="bbox 1911 1221 3492 1298">
    <p class='ocr_par' dir='ltr' id='par_1_25' title="bbox 1911 1221 3492 1298">
     <span class='ocr_line' id='line_1_25' title="bbox 1911 1221 3492 1298; baseline -0.004 -17"><span class='ocrx_word' id='word_1_189' title='bbox 1911 1235 1963 1281; x_wconf 90' lang='lat' dir='ltr'><strong>ta</strong></span> <span class='ocrx_word' id='word_1_190' title='bbox 1986 1235 2328 1298; x_wconf 87' lang='lat' dir='ltr'><strong>contemptus</strong></span> <span class='ocrx_word' id='word_1_191' title='bbox 2356 1224 2669 1295; x_wconf 85' lang='lat' dir='ltr'><strong>temporalis</strong></span> <span class='ocrx_word' id='word_1_192' title='bbox 2698 1223 2898 1294; x_wconf 64' lang='lat' dir='ltr'><strong>gloriaz,</strong></span> <span class='ocrx_word' id='word_1_193' title='bbox 2928 1221 3185 1291; x_wconf 78' lang='lat' dir='ltr'><strong>vigesima</strong></span> <span class='ocrx_word' id='word_1_194' title='bbox 3212 1221 3399 1292; x_wconf 84' lang='lat' dir='ltr'><strong>quinta</strong></span> <span class='ocrx_word' id='word_1_195' title='bbox 3431 1221 3492 1275; x_wconf 78' lang='lat' dir='ltr'><strong>af</strong></span> 
     </span>
    </p>
   </div>
   <div class='ocr_carea' id='block_1_26' title="bbox 1906 1298 3511 1389">
    <p class='ocr_par' dir='ltr' id='par_1_26' title="bbox 1906 1298 3511 1389">
     <span class='ocr_line' id='line_1_26' title="bbox 1906 1298 3511 1389; baseline -0.002 -15"><span class='ocrx_word' id='word_1_196' title='bbox 1906 1319 2067 1376; x_wconf 82' lang='lat' dir='ltr'><strong>fectio</strong></span> <span class='ocrx_word' id='word_1_197' title='bbox 2087 1319 2269 1389; x_wconf 74' lang='lat' dir='ltr'><strong>gloria:</strong></span> <span class='ocrx_word' id='word_1_198' title='bbox 2297 1319 2656 1388; x_wconf 62' lang='lat' dir='ltr'><strong>sempiternas.</strong></span> <span class='ocrx_word' id='word_1_199' title='bbox 2682 1315 2774 1372; x_wconf 76' lang='lat' dir='ltr'><strong>lia:</strong></span> <span class='ocrx_word' id='word_1_200' title='bbox 2803 1331 2990 1371; x_wconf 87' lang='lat' dir='ltr'><strong>omnes</strong></span> <span class='ocrx_word' id='word_1_201' title='bbox 3019 1315 3118 1371; x_wconf 67' lang='lat' dir='ltr'><strong>vite</strong></span> <span class='ocrx_word' id='word_1_202' title='bbox 3146 1315 3241 1371; x_wconf 83' lang='lat' dir='ltr'><strong>Dei</strong></span> <span class='ocrx_word' id='word_1_203' title='bbox 3271 1322 3415 1379; x_wconf 83' lang='lat' dir='ltr'><strong>sunt,</strong></span> <span class='ocrx_word' id='word_1_204' title='bbox 3443 1298 3511 1370; x_wconf 53' lang='lat' dir='ltr'><strong>in&#39;</strong></span> 
     </span>
    </p>
   </div>
   <div class='ocr_carea' id='block_1_27' title="bbox 1906 1407 3493 1481">
    <p class='ocr_par' dir='ltr' id='par_1_27' title="bbox 1906 1407 3493 1481">
     <span class='ocr_line' id='line_1_27' title="bbox 1906 1407 3493 1481; baseline -0.002 -16"><span class='ocrx_word' id='word_1_205' title='bbox 1906 1410 2101 1481; x_wconf 84' lang='lat' dir='ltr'><strong>quibus</strong></span> <span class='ocrx_word' id='word_1_206' title='bbox 2150 1411 2261 1481; x_wconf 87' lang='lat' dir='ltr'><strong>ipse</strong></span> <span class='ocrx_word' id='word_1_207' title='bbox 2314 1407 2475 1464; x_wconf 83' lang='lat' dir='ltr'><strong>Pater</strong></span> <span class='ocrx_word' id='word_1_208' title='bbox 2514 1408 2755 1479; x_wconf 88' lang='lat' dir='ltr'><strong>quotidie</strong></span> <span class='ocrx_word' id='word_1_209' title='bbox 2783 1408 3180 1474; x_wconf 82' lang='lat' dir='ltr'><strong>deambulabat,</strong></span> <span class='ocrx_word' id='word_1_210' title='bbox 3212 1410 3353 1463; x_wconf 83' lang='lat' dir='ltr'><strong>sicut</strong></span> <span class='ocrx_word' id='word_1_211' title='bbox 3400 1423 3493 1478; x_wconf 79' lang='lat' dir='ltr'><strong>per</strong></span> 
     </span>
    </p>
   </div>
   <div class='ocr_carea' id='block_1_28' title="bbox 1908 1499 3495 1574">
    <p class='ocr_par' dir='ltr' id='par_1_28' title="bbox 1908 1499 3495 1574">
     <span class='ocr_line' id='line_1_28' title="bbox 1908 1499 3495 1574; baseline -0.001 -18"><span class='ocrx_word' id='word_1_212' title='bbox 1908 1502 2229 1573; x_wconf 82' lang='lat' dir='ltr'><strong>prophetam</strong></span> <span class='ocrx_word' id='word_1_213' title='bbox 2259 1501 2390 1557; x_wconf 86' lang='lat' dir='ltr'><strong>dicit</strong></span> <span class='ocrx_word' id='word_1_214' title='bbox 2422 1520 2433 1554; x_wconf 91' lang='lat'>:</span> <span class='ocrx_word' id='word_1_215' title='bbox 2474 1499 2599 1556; x_wconf 80' lang='lat' dir='ltr'><strong>Vivo</strong></span> <span class='ocrx_word' id='word_1_216' title='bbox 2626 1517 2722 1574; x_wconf 85' lang='lat' dir='ltr'><strong>ego</strong></span> <span class='ocrx_word' id='word_1_217' title='bbox 2752 1500 3023 1563; x_wconf 85' lang='lat' dir='ltr'><strong>Dominus,</strong></span> <span class='ocrx_word' id='word_1_218' title='bbox 3051 1502 3175 1573; x_wconf 78' lang='lat' dir='ltr'><strong>quia</strong></span> <span class='ocrx_word' id='word_1_219' title='bbox 3191 1516 3287 1573; x_wconf 90' lang='lat' dir='ltr'><strong>ego</strong></span> <span class='ocrx_word' id='word_1_220' title='bbox 3313 1500 3495 1554; x_wconf 74' lang='lat' dir='ltr'><strong>ambu-</strong></span> 
     </span>
    </p>
   </div>
   <div class='ocr_carea' id='block_1_29' title="bbox 1909 1590 3495 1662">
    <p class='ocr_par' dir='ltr' id='par_1_29' title="bbox 1909 1590 3495 1662">
     <span class='ocr_line' id='line_1_29' title="bbox 1909 1590 3495 1662; baseline -0.001 -15"><span class='ocrx_word' id='word_1_221' title='bbox 1909 1593 2027 1647; x_wconf 85' lang='lat' dir='ltr'><strong>labo</strong></span> <span class='ocrx_word' id='word_1_222' title='bbox 2070 1594 2123 1646; x_wconf 86' lang='lat' dir='ltr'><strong>in</strong></span> <span class='ocrx_word' id='word_1_223' title='bbox 2146 1593 2240 1659; x_wconf 85' lang='lat' dir='ltr'><strong>eis,</strong></span> <span class='ocrx_word' id='word_1_224' title='bbox 2278 1600 2328 1646; x_wconf 86' lang='lat' dir='ltr'><strong>et</strong></span> <span class='ocrx_word' id='word_1_225' title='bbox 2369 1609 2456 1646; x_wconf 87' lang='lat' dir='ltr'><strong>ero</strong></span> <span class='ocrx_word' id='word_1_226' title='bbox 2478 1590 2684 1647; x_wconf 83' lang='lat' dir='ltr'><strong>illorum</strong></span> <span class='ocrx_word' id='word_1_227' title='bbox 2714 1590 2893 1655; x_wconf 85' lang='lat' dir='ltr'><strong>Pater,</strong></span> <span class='ocrx_word' id='word_1_228' title='bbox 2918 1592 3086 1662; x_wconf 82' lang='lat' dir='ltr'><strong>etipsi</strong></span> <span class='ocrx_word' id='word_1_229' title='bbox 3123 1602 3275 1646; x_wconf 68' lang='lat' dir='ltr'><strong>erant</strong></span> <span class='ocrx_word' id='word_1_230' title='bbox 3291 1592 3415 1646; x_wconf 79' lang='lat' dir='ltr'><strong>mihi</strong></span> <span class='ocrx_word' id='word_1_231' title='bbox 3444 1594 3495 1645; x_wconf 81' lang='lat' dir='ltr'><strong>in</strong></span> 
     </span>
    </p>
   </div>
   <div class='ocr_carea' id='block_1_30' title="bbox 1906 1684 3494 1762">
    <p class='ocr_par' dir='ltr' id='par_1_30' title="bbox 1906 1684 3494 1762">
     <span class='ocr_line' id='line_1_30' title="bbox 1906 1684 3494 1762; baseline -0.001 -18"><span class='ocrx_word' id='word_1_232' title='bbox 1906 1691 2045 1762; x_wconf 76' lang='lat' dir='ltr'><strong>ﬁlias</strong></span> <span class='ocrx_word' id='word_1_233' title='bbox 2072 1700 2121 1744; x_wconf 88' lang='lat' dir='ltr'><strong>et</strong></span> <span class='ocrx_word' id='word_1_234' title='bbox 2158 1691 2324 1761; x_wconf 78' lang='lat' dir='ltr'><strong>ﬁlias,</strong></span> <span class='ocrx_word' id='word_1_235' title='bbox 2358 1689 2485 1742; x_wconf 80' lang='lat' dir='ltr'><strong>dicit</strong></span> <span class='ocrx_word' id='word_1_236' title='bbox 2524 1686 2781 1742; x_wconf 76' lang='lat' dir='ltr'><strong>Dominus</strong></span> <span class='ocrx_word' id='word_1_237' title='bbox 2828 1689 3151 1757; x_wconf 84' lang='lat' dir='ltr'><strong>omnipotens</strong></span> <span class='ocrx_word' id='word_1_238' title='bbox 3182 1684 3325 1757; x_wconf 69' lang='lat' dir='ltr'><strong>(Leu.</strong></span> <span class='ocrx_word' id='word_1_239' title='bbox 3355 1701 3494 1749; x_wconf 67' lang='lat' dir='ltr'><strong>xx&quot;,</strong></span> 
     </span>
    </p>
   </div>
   <div class='ocr_carea' id='block_1_31' title="bbox 1908 1777 3497 1849">
    <p class='ocr_par' dir='ltr' id='par_1_31' title="bbox 1908 1777 3497 1849">
     <span class='ocr_line' id='line_1_31' title="bbox 1908 1777 3497 1849; baseline 0 -15"><span class='ocrx_word' id='word_1_240' title='bbox 1908 1780 2004 1845; x_wconf 71' lang='lat'><strong>2‘2;</strong></span> <span class='ocrx_word' id='word_1_241' title='bbox 2057 1780 2101 1835; x_wconf 85' lang='lat' dir='ltr'><strong>ll</strong></span> <span class='ocrx_word' id='word_1_242' title='bbox 2140 1778 2261 1836; x_wconf 83' lang='lat' dir='ltr'><strong>Cor.</strong></span> <span class='ocrx_word' id='word_1_243' title='bbox 2313 1780 2407 1849; x_wconf 79' lang='lat' dir='ltr'><strong>v1).</strong></span> <span class='ocrx_word' id='word_1_244' title='bbox 2442 1777 2498 1833; x_wconf 85' lang='lat' dir='ltr'><strong>In</strong></span> <span class='ocrx_word' id='word_1_245' title='bbox 2549 1779 2631 1834; x_wconf 86' lang='lat' dir='ltr'><strong>his</strong></span> <span class='ocrx_word' id='word_1_246' title='bbox 2675 1791 2804 1847; x_wconf 75' lang='lat' dir='ltr'><strong>ergo</strong></span> <span class='ocrx_word' id='word_1_247' title='bbox 2848 1778 3097 1833; x_wconf 86' lang='lat' dir='ltr'><strong>omnibus</strong></span> <span class='ocrx_word' id='word_1_248' title='bbox 3144 1777 3242 1833; x_wconf 79' lang='lat' dir='ltr'><strong>viis</strong></span> <span class='ocrx_word' id='word_1_249' title='bbox 3288 1777 3497 1834; x_wconf 78' lang='lat' dir='ltr'><strong>Domini</strong></span> 
     </span>
    </p>
   </div>
   <div class='ocr_carea' id='block_1_32' title="bbox 202 1870 3499 1949">
    <p class='ocr_par' dir='ltr' id='par_1_32' title="bbox 202 1870 3499 1949">
     <span class='ocr_line' id='line_1_32' title="bbox 202 1870 3499 1949; baseline 0.001 -24"><span class='ocrx_word' id='word_1_250' title='bbox 202 1870 411 1938; x_wconf 60' lang='lat' dir='ltr'><strong>castum,</strong></span> <span class='ocrx_word' id='word_1_251' title='bbox 428 1870 583 1925; x_wconf 84' lang='lat' dir='ltr'><strong>simul</strong></span> <span class='ocrx_word' id='word_1_252' title='bbox 604 1889 719 1926; x_wconf 87' lang='lat' dir='ltr'><strong>cum</strong></span> <span class='ocrx_word' id='word_1_253' title='bbox 739 1871 830 1927; x_wconf 80' lang='lat' dir='ltr'><strong>illo</strong></span> <span class='ocrx_word' id='word_1_254' title='bbox 853 1889 1025 1938; x_wconf 86' lang='lat' dir='ltr'><strong>eram;</strong></span> <span class='ocrx_word' id='word_1_255' title='bbox 1047 1880 1095 1926; x_wconf 88' lang='lat' dir='ltr'><strong>et</strong></span> <span class='ocrx_word' id='word_1_256' title='bbox 1121 1882 1144 1909; x_wconf 74' lang='grc' dir='ltr'><strong><em>η</em></strong></span> <span class='ocrx_word' id='word_1_257' title='bbox 1167 1889 1282 1927; x_wconf 88' lang='lat' dir='ltr'><strong>cum</strong></span> <span class='ocrx_word' id='word_1_258' title='bbox 1308 1873 1611 1945; x_wconf 85' lang='lat' dir='ltr'><strong>segregabat</strong></span> <span class='ocrx_word' id='word_1_259' title='bbox 1631 1871 1805 1927; x_wconf 78' lang='lat' dir='ltr'><strong>sedem</strong></span> <span class='ocrx_word' id='word_1_260' title='bbox 1835 1877 1883 1938; x_wconf 77' lang='grc' dir='ltr'><strong>Β</strong></span> <span class='ocrx_word' id='word_1_261' title='bbox 1908 1874 2058 1949; x_wconf 89' lang='lat' dir='ltr'><strong>prior</strong></span> <span class='ocrx_word' id='word_1_262' title='bbox 2095 1882 2274 1931; x_wconf 87' lang='lat' dir='ltr'><strong>creata</strong></span> <span class='ocrx_word' id='word_1_263' title='bbox 2306 1883 2389 1929; x_wconf 85' lang='lat' dir='ltr'><strong>est</strong></span> <span class='ocrx_word' id='word_1_264' title='bbox 2433 1873 2707 1945; x_wconf 88' lang='lat' dir='ltr'><strong>Sapientia</strong></span> <span class='ocrx_word' id='word_1_265' title='bbox 2726 1915 2739 1937; x_wconf 94' lang='lat'><strong>,</strong></span> <span class='ocrx_word' id='word_1_266' title='bbox 2771 1886 2880 1944; x_wconf 90' lang='lat' dir='ltr'><strong>quo</strong></span> <span class='ocrx_word' id='word_1_267' title='bbox 2916 1873 3008 1943; x_wconf 89' lang='lat' dir='ltr'><strong>qui</strong></span> <span class='ocrx_word' id='word_1_268' title='bbox 3045 1873 3361 1945; x_wconf 78' lang='lat' dir='ltr'><strong>sapientiam</strong></span> <span class='ocrx_word' id='word_1_269' title='bbox 3406 1872 3499 1928; x_wconf 86' lang='lat' dir='ltr'><strong>Dei</strong></span> 
     </span>
    </p>
   </div>
   <div class='ocr_carea' id='block_1_33' title="bbox 200 1962 1802 2036">
    <p class='ocr_par' dir='ltr' id='par_1_33' title="bbox 200 1962 1802 2036">
     <span class='ocr_line' id='line_1_33' title="bbox 200 1962 1802 2036; baseline 0.001 -20"><span class='ocrx_word' id='word_1_270' title='bbox 200 1977 375 2029; x_wconf 82' lang='lat' dir='ltr'><strong>suam,</strong></span> <span class='ocrx_word' id='word_1_271' title='bbox 415 1963 621 2033; x_wconf 86' lang='lat' dir='ltr'><strong>quando</strong></span> <span class='ocrx_word' id='word_1_272' title='bbox 645 1981 799 2035; x_wconf 81' lang='lat' dir='ltr'><strong>super</strong></span> <span class='ocrx_word' id='word_1_273' title='bbox 838 1971 1013 2020; x_wconf 74' lang='lat' dir='ltr'><strong>ventos</strong></span> <span class='ocrx_word' id='word_1_274' title='bbox 1054 1969 1216 2036; x_wconf 74' lang='lat' dir='ltr'><strong>fortes</strong></span> <span class='ocrx_word' id='word_1_275' title='bbox 1257 1962 1479 2036; x_wconf 75' lang='lat' dir='ltr'><strong>faciebat</strong></span> <span class='ocrx_word' id='word_1_276' title='bbox 1511 1965 1565 2017; x_wconf 88' lang='lat' dir='ltr'><strong>in</strong></span> <span class='ocrx_word' id='word_1_277' title='bbox 1603 1979 1802 2018; x_wconf 79' lang='lat' dir='ltr'><strong>summa</strong></span> 
     </span>
    </p>
   </div>
   <div class='ocr_carea' id='block_1_34' title="bbox 202 2054 1806 2128">
    <p class='ocr_par' dir='ltr' id='par_1_34' title="bbox 202 2054 1806 2128">
     <span class='ocr_line' id='line_1_34' title="bbox 202 2054 1806 2128; baseline -0.001 -19"><span class='ocrx_word' id='word_1_278' title='bbox 202 2054 386 2121; x_wconf 75' lang='lat' dir='ltr'><strong>nubes,</strong></span> <span class='ocrx_word' id='word_1_279' title='bbox 409 2064 457 2110; x_wconf 87' lang='lat' dir='ltr'><strong>et</strong></span> <span class='ocrx_word' id='word_1_280' title='bbox 478 2056 635 2110; x_wconf 76' lang='lat' dir='ltr'><strong>bcum</strong></span> <span class='ocrx_word' id='word_1_281' title='bbox 656 2065 819 2111; x_wconf 87' lang='lat' dir='ltr'><strong>certos</strong></span> <span class='ocrx_word' id='word_1_282' title='bbox 843 2056 1067 2128; x_wconf 89' lang='lat' dir='ltr'><strong>ponebat</strong></span> <span class='ocrx_word' id='word_1_283' title='bbox 1089 2058 1256 2127; x_wconf 73' lang='lat' dir='ltr'><strong>fontes</strong></span> <span class='ocrx_word' id='word_1_284' title='bbox 1287 2056 1380 2110; x_wconf 92' lang='lat' dir='ltr'><strong>sub</strong></span> <span class='ocrx_word' id='word_1_285' title='bbox 1407 2055 1563 2120; x_wconf 69' lang='lat' dir='ltr'><strong>caelo;</strong></span> <span class='ocrx_word' id='word_1_286' title='bbox 1593 2062 1644 2109; x_wconf 87' lang='lat' dir='ltr'><strong>et</strong></span> <span class='ocrx_word' id='word_1_287' title='bbox 1690 2070 1806 2108; x_wconf 82' lang='lat' dir='ltr'><strong>cum</strong></span> 
     </span>
    </p>
   </div>
   <div class='ocr_carea' id='block_1_35' title="bbox 203 2148 1808 2221">
    <p class='ocr_par' dir='ltr' id='par_1_35' title="bbox 203 2148 1808 2221">
     <span class='ocr_line' id='line_1_35' title="bbox 203 2148 1808 2221; baseline -0.002 -17"><span class='ocrx_word' id='word_1_288' title='bbox 203 2150 368 2219; x_wconf 76' lang='lat' dir='ltr'><strong>fortia</strong></span> <span class='ocrx_word' id='word_1_289' title='bbox 420 2148 643 2221; x_wconf 75' lang='lat' dir='ltr'><strong>faciebat</strong></span> <span class='ocrx_word' id='word_1_290' title='bbox 694 2148 1033 2220; x_wconf 77' lang='lat' dir='ltr'><strong>fundamenta</strong></span> <span class='ocrx_word' id='word_1_291' title='bbox 1092 2157 1278 2214; x_wconf 67' lang='lat' dir='ltr'><strong>terra,</strong></span> <span class='ocrx_word' id='word_1_292' title='bbox 1335 2165 1451 2201; x_wconf 89' lang='lat' dir='ltr'><strong>cum</strong></span> <span class='ocrx_word' id='word_1_293' title='bbox 1502 2149 1617 2219; x_wconf 89' lang='lat' dir='ltr'><strong>ipso</strong></span> <span class='ocrx_word' id='word_1_294' title='bbox 1663 2162 1808 2200; x_wconf 86' lang='lat' dir='ltr'><strong>eram</strong></span> 
     </span>
    </p>
   </div>
   <div class='ocr_carea' id='block_1_36' title="bbox 200 2240 1810 2316">
    <p class='ocr_par' dir='ltr' id='par_1_36' title="bbox 200 2240 1810 2316">
     <span class='ocr_line' id='line_1_36' title="bbox 200 2240 1810 2316; baseline -0.004 -17"><span class='ocrx_word' id='word_1_295' title='bbox 200 2252 391 2299; x_wconf 85' lang='lat' dir='ltr'><strong>cuncta</strong></span> <span class='ocrx_word' id='word_1_296' title='bbox 429 2259 774 2316; x_wconf 85' lang='lat' dir='ltr'><strong>componens,</strong></span> <span class='ocrx_word' id='word_1_297' title='bbox 831 2252 853 2281; x_wconf 76' lang='grc' dir='ltr'>ε</span> <span class='ocrx_word' id='word_1_298' title='bbox 906 2242 976 2295; x_wconf 83' lang='lat' dir='ltr'><strong>ad</strong></span> <span class='ocrx_word' id='word_1_299' title='bbox 1022 2259 1177 2313; x_wconf 90' lang='lat' dir='ltr'><strong>quam</strong></span> <span class='ocrx_word' id='word_1_300' title='bbox 1227 2241 1483 2313; x_wconf 80' lang='lat' dir='ltr'><strong><em>gaudebat</em></strong></span> <span class='ocrx_word' id='word_1_301' title='bbox 1520 2243 1577 2294; x_wconf 85' lang='lat' dir='ltr'><strong>in</strong></span> <span class='ocrx_word' id='word_1_302' title='bbox 1624 2240 1810 2311; x_wconf 75' lang='lat' dir='ltr'><strong>facient</strong></span> 
     </span>
    </p>
   </div>
   <div class='ocr_carea' id='block_1_37' title="bbox 199 2329 1804 2405">
    <p class='ocr_par' dir='ltr' id='par_1_37' title="bbox 199 2329 1804 2405">
     <span class='ocr_line' id='line_1_37' title="bbox 199 2329 1804 2405; baseline -0.003 -15"><span class='ocrx_word' id='word_1_303' title='bbox 199 2354 393 2403; x_wconf 87' lang='lat' dir='ltr'><strong>meam,</strong></span> <span class='ocrx_word' id='word_1_304' title='bbox 420 2353 538 2390; x_wconf 87' lang='lat' dir='ltr'><strong>cum</strong></span> <span class='ocrx_word' id='word_1_305' title='bbox 566 2335 835 2390; x_wconf 66' lang='lat' dir='ltr'><strong>laetaretur</strong></span> <span class='ocrx_word' id='word_1_306' title='bbox 856 2332 976 2388; x_wconf 86' lang='lat' dir='ltr'><strong>orbe</strong></span> <span class='ocrx_word' id='word_1_307' title='bbox 1002 2335 1231 2405; x_wconf 75' lang='lat' dir='ltr'><strong>perfecto</strong></span> <span class='ocrx_word' id='word_1_308' title='bbox 1255 2331 1438 2402; x_wconf 85' lang='lat' dir='ltr'><strong>(Prov.</strong></span> <span class='ocrx_word' id='word_1_309' title='bbox 1464 2348 1573 2397; x_wconf 85' lang='lat' dir='ltr'><strong>vm,</strong></span> <span class='ocrx_word' id='word_1_310' title='bbox 1596 2329 1804 2400; x_wconf 64' lang='lat'><strong>27-36).</strong></span> 
     </span>
    </p>
   </div>
   <div class='ocr_carea' id='block_1_38' title="bbox 279 2424 1808 2498">
    <p class='ocr_par' dir='ltr' id='par_1_38' title="bbox 279 2424 1808 2498">
     <span class='ocr_line' id='line_1_38' title="bbox 279 2424 1808 2498; baseline 0 -17"><span class='ocrx_word' id='word_1_311' title='bbox 279 2426 349 2482; x_wconf 85' lang='lat' dir='ltr'><strong>Et</strong></span> <span class='ocrx_word' id='word_1_312' title='bbox 396 2428 592 2498; x_wconf 86' lang='lat' dir='ltr'><strong>adjecit</strong></span> <span class='ocrx_word' id='word_1_313' title='bbox 625 2445 638 2479; x_wconf 93' lang='lat'><strong>:</strong></span> <span class='ocrx_word' id='word_1_314' title='bbox 684 2425 875 2481; x_wconf 87' lang='lat' dir='ltr'><strong>Dicant</strong></span> <span class='ocrx_word' id='word_1_315' title='bbox 913 2441 1055 2482; x_wconf 89' lang='lat' dir='ltr'><strong>nunc</strong></span> <span class='ocrx_word' id='word_1_316' title='bbox 1092 2425 1308 2495; x_wconf 87' lang='lat' dir='ltr'><strong>judices</strong></span> <span class='ocrx_word' id='word_1_317' title='bbox 1337 2425 1599 2496; x_wconf 87' lang='lat' dir='ltr'><strong>objectori</strong></span> <span class='ocrx_word' id='word_1_318' title='bbox 1651 2424 1808 2494; x_wconf 81' lang='lat' dir='ltr'><strong>hujus</strong></span> 
     </span>
    </p>
   </div>
   <div class='ocr_carea' id='block_1_39' title="bbox 200 2516 1803 2589">
    <p class='ocr_par' dir='ltr' id='par_1_39' title="bbox 200 2516 1803 2589">
     <span class='ocr_line' id='line_1_39' title="bbox 200 2516 1803 2589; baseline -0.001 -13"><span class='ocrx_word' id='word_1_319' title='bbox 200 2520 511 2586; x_wconf 62' lang='lat' dir='ltr'><strong>sententias,</strong></span> <span class='ocrx_word' id='word_1_320' title='bbox 541 2534 705 2588; x_wconf 83' lang='lat' dir='ltr'><strong>quam</strong></span> <span class='ocrx_word' id='word_1_321' title='bbox 754 2519 977 2589; x_wconf 89' lang='lat' dir='ltr'><strong>protulit</strong></span> <span class='ocrx_word' id='word_1_322' title='bbox 1004 2519 1071 2575; x_wconf 89' lang='lat' dir='ltr'><strong>ad</strong></span> <span class='ocrx_word' id='word_1_323' title='bbox 1116 2519 1220 2575; x_wconf 84' lang='lat' dir='ltr'><strong>hoc</strong></span> <span class='ocrx_word' id='word_1_324' title='bbox 1263 2528 1323 2576; x_wconf 87' lang='lat' dir='ltr'><strong>ut</strong></span> <span class='ocrx_word' id='word_1_325' title='bbox 1345 2520 1567 2575; x_wconf 87' lang='lat' dir='ltr'><strong>doceret</strong></span> <span class='ocrx_word' id='word_1_326' title='bbox 1588 2519 1683 2574; x_wconf 86' lang='lat' dir='ltr'><strong>Dei</strong></span> <span class='ocrx_word' id='word_1_327' title='bbox 1712 2516 1803 2575; x_wconf 78' lang='lat' dir='ltr'><strong>Fi—</strong></span> 
     </span>
    </p>
   </div>
   <div class='ocr_carea' id='block_1_40' title="bbox 203 2607 1801 2679">
    <p class='ocr_par' dir='ltr' id='par_1_40' title="bbox 203 2607 1801 2679">
     <span class='ocr_line' id='line_1_40' title="bbox 203 2607 1801 2679; baseline -0.001 -13"><span class='ocrx_word' id='word_1_328' title='bbox 203 2611 343 2666; x_wconf 86' lang='lat' dir='ltr'><strong>lium</strong></span> <span class='ocrx_word' id='word_1_329' title='bbox 366 2627 474 2666; x_wconf 85' lang='lat' dir='ltr'><strong>non</strong></span> <span class='ocrx_word' id='word_1_330' title='bbox 504 2624 624 2666; x_wconf 88' lang='lat' dir='ltr'><strong>esse</strong></span> <span class='ocrx_word' id='word_1_331' title='bbox 647 2607 861 2676; x_wconf 83' lang='lat' dir='ltr'><strong>Filium,</strong></span> <span class='ocrx_word' id='word_1_332' title='bbox 883 2610 977 2665; x_wconf 87' lang='lat' dir='ltr'><strong>sed</strong></span> <span class='ocrx_word' id='word_1_333' title='bbox 1003 2617 1305 2666; x_wconf 89' lang='lat' dir='ltr'><strong>creaturam</strong></span> <span class='ocrx_word' id='word_1_334' title='bbox 1336 2609 1479 2679; x_wconf 87' lang='lat' dir='ltr'><strong>ejus;</strong></span> <span class='ocrx_word' id='word_1_335' title='bbox 1511 2609 1652 2665; x_wconf 81' lang='lat' dir='ltr'><strong>dicat</strong></span> <span class='ocrx_word' id='word_1_336' title='bbox 1671 2610 1714 2666; x_wconf 90' lang='lat' dir='ltr'><strong>si</strong></span> <span class='ocrx_word' id='word_1_337' title='bbox 1736 2625 1801 2665; x_wconf 89' lang='lat' dir='ltr'><strong>eo</strong></span> 
     </span>
    </p>
   </div>
   <div class='ocr_carea' id='block_1_41' title="bbox 204 2700 1801 2777">
    <p class='ocr_par' dir='ltr' id='par_1_41' title="bbox 204 2700 1801 2777">
     <span class='ocr_line' id='line_1_41' title="bbox 204 2700 1801 2777; baseline -0.001 -20"><span class='ocrx_word' id='word_1_338' title='bbox 204 2700 401 2759; x_wconf 84' lang='lat' dir='ltr'><strong>ordine</strong></span> <span class='ocrx_word' id='word_1_339' title='bbox 420 2716 528 2773; x_wconf 89' lang='lat' dir='ltr'><strong>quo</strong></span> <span class='ocrx_word' id='word_1_340' title='bbox 547 2708 860 2777; x_wconf 87' lang='lat' dir='ltr'><strong>persecutus</strong></span> <span class='ocrx_word' id='word_1_341' title='bbox 886 2717 1020 2766; x_wconf 87' lang='lat' dir='ltr'><strong>sum,</strong></span> <span class='ocrx_word' id='word_1_342' title='bbox 1048 2709 1250 2755; x_wconf 88' lang='lat' dir='ltr'><strong>textum</strong></span> <span class='ocrx_word' id='word_1_343' title='bbox 1274 2701 1495 2771; x_wconf 74' lang='lat' dir='ltr'><strong>integra:</strong></span> <span class='ocrx_word' id='word_1_344' title='bbox 1523 2703 1801 2756; x_wconf 67' lang='lat' dir='ltr'><strong>sententia:</strong></span> 
     </span>
    </p>
   </div>
   <div class='ocr_carea' id='block_1_42' title="bbox 198 2790 1800 2863">
    <p class='ocr_par' dir='ltr' id='par_1_42' title="bbox 198 2790 1800 2863">
     <span class='ocr_line' id='line_1_42' title="bbox 198 2790 1800 2863; baseline 0.001 -17"><span class='ocrx_word' id='word_1_345' title='bbox 198 2792 467 2862; x_wconf 87' lang='lat' dir='ltr'><strong>percurri,</strong></span> <span class='ocrx_word' id='word_1_346' title='bbox 499 2800 554 2846; x_wconf 90' lang='lat' dir='ltr'><strong>et</strong></span> <span class='ocrx_word' id='word_1_347' title='bbox 592 2791 697 2847; x_wconf 90' lang='lat' dir='ltr'><strong>hoc</strong></span> <span class='ocrx_word' id='word_1_348' title='bbox 724 2791 867 2861; x_wconf 88' lang='lat' dir='ltr'><strong>quod</strong></span> <span class='ocrx_word' id='word_1_349' title='bbox 906 2790 1115 2848; x_wconf 81' lang='lat' dir='ltr'><strong>dixerat</strong></span> <span class='ocrx_word' id='word_1_350' title='bbox 1155 2793 1267 2863; x_wconf 86' lang='lat' dir='ltr'><strong>ipsa</strong></span> <span class='ocrx_word' id='word_1_351' title='bbox 1298 2792 1583 2863; x_wconf 88' lang='lat' dir='ltr'><strong>sapientia,</strong></span> <span class='ocrx_word' id='word_1_352' title='bbox 1619 2791 1800 2849; x_wconf 86' lang='lat' dir='ltr'><strong>Domi-</strong></span> 
     </span>
    </p>
   </div>
   <div class='ocr_carea' id='block_1_43' title="bbox 196 2879 1803 2954">
    <p class='ocr_par' dir='ltr' id='par_1_43' title="bbox 196 2879 1803 2954">
     <span class='ocr_line' id='line_1_43' title="bbox 196 2879 1803 2954; baseline 0.002 -19"><span class='ocrx_word' id='word_1_353' title='bbox 196 2895 301 2935; x_wconf 87' lang='lat' dir='ltr'><strong>nus</strong></span> <span class='ocrx_word' id='word_1_354' title='bbox 331 2881 525 2934; x_wconf 85' lang='lat' dir='ltr'><strong>creaoit</strong></span> <span class='ocrx_word' id='word_1_355' title='bbox 549 2896 663 2945; x_wconf 82' lang='lat' dir='ltr'><strong>me;</strong></span> <span class='ocrx_word' id='word_1_356' title='bbox 695 2879 725 2917; x_wconf 74' lang='grc' dir='ltr'><strong><em>ἀ</em></strong></span> <span class='ocrx_word' id='word_1_357' title='bbox 754 2880 870 2952; x_wconf 85' lang='lat' dir='ltr'><strong>ipsa</strong></span> <span class='ocrx_word' id='word_1_358' title='bbox 898 2881 1192 2952; x_wconf 85' lang='lat' dir='ltr'><strong>subjunxit,</strong></span> <span class='ocrx_word' id='word_1_359' title='bbox 1226 2884 1409 2954; x_wconf 81' lang='lat' dir='ltr'><strong>genuit</strong></span> <span class='ocrx_word' id='word_1_360' title='bbox 1432 2899 1547 2949; x_wconf 88' lang='lat' dir='ltr'><strong>me;</strong></span> <span class='ocrx_word' id='word_1_361' title='bbox 1582 2892 1607 2920; x_wconf 73' lang='grc' dir='ltr'>ε</span> <span class='ocrx_word' id='word_1_362' title='bbox 1627 2890 1684 2938; x_wconf 91' lang='lat' dir='ltr'><strong>et</strong></span> <span class='ocrx_word' id='word_1_363' title='bbox 1701 2890 1803 2938; x_wconf 79' lang='lat' dir='ltr'><strong>‘aut</strong></span> 
     </span>
    </p>
   </div>
   <div class='ocr_carea' id='block_1_44' title="bbox 196 2967 1803 3042">
    <p class='ocr_par' dir='ltr' id='par_1_44' title="bbox 196 2967 1803 3042">
     <span class='ocr_line' id='line_1_44' title="bbox 196 2967 1803 3042; baseline 0.001 -17"><span class='ocrx_word' id='word_1_364' title='bbox 196 2968 389 3025; x_wconf 81' lang='lat' dir='ltr'><strong>credat</strong></span> <span class='ocrx_word' id='word_1_365' title='bbox 416 2985 632 3040; x_wconf 80' lang='lat' dir='ltr'><strong>semper</strong></span> <span class='ocrx_word' id='word_1_366' title='bbox 658 2970 823 3026; x_wconf 80' lang='lat' dir='ltr'><strong>fuisse</strong></span> <span class='ocrx_word' id='word_1_367' title='bbox 843 2970 896 3025; x_wconf 91' lang='lat' dir='ltr'><strong>in</strong></span> <span class='ocrx_word' id='word_1_368' title='bbox 925 2967 1087 3026; x_wconf 88' lang='lat' dir='ltr'><strong>Patre</strong></span> <span class='ocrx_word' id='word_1_369' title='bbox 1114 2973 1456 3042; x_wconf 88' lang='lat' dir='ltr'><strong>sapientiam,</strong></span> <span class='ocrx_word' id='word_1_370' title='bbox 1490 2982 1585 3027; x_wconf 89' lang='lat' dir='ltr'><strong>aut</strong></span> <span class='ocrx_word' id='word_1_371' title='bbox 1606 2973 1803 3029; x_wconf 83' lang='lat' dir='ltr'><strong>doceat</strong></span> 
     </span>
    </p>
   </div>
   <div class='ocr_carea' id='block_1_45' title="bbox 206 3063 1798 3135">
    <p class='ocr_par' dir='ltr' id='par_1_45' title="bbox 206 3063 1798 3135">
     <span class='ocr_line' id='line_1_45' title="bbox 206 3063 1798 3135; baseline -0.001 -15"><span class='ocrx_word' id='word_1_372' title='bbox 206 3063 328 3121; x_wconf 82' lang='lat' dir='ltr'><strong>sine</strong></span> <span class='ocrx_word' id='word_1_373' title='bbox 347 3063 608 3133; x_wconf 87' lang='lat' dir='ltr'><strong>sapientia</strong></span> <span class='ocrx_word' id='word_1_374' title='bbox 627 3063 790 3119; x_wconf 80' lang='lat' dir='ltr'><strong>fuisse</strong></span> <span class='ocrx_word' id='word_1_375' title='bbox 813 3064 979 3119; x_wconf 88' lang='lat' dir='ltr'><strong>Deum</strong></span> <span class='ocrx_word' id='word_1_376' title='bbox 1001 3071 1291 3135; x_wconf 81' lang='lat' dir='ltr'><strong>antequam</strong></span> <span class='ocrx_word' id='word_1_377' title='bbox 1312 3065 1639 3121; x_wconf 83' lang='lat' dir='ltr'><strong>condidisset</strong></span> <span class='ocrx_word' id='word_1_378' title='bbox 1659 3081 1798 3120; x_wconf 85' lang='lat' dir='ltr'><strong>eam.</strong></span> 
     </span>
    </p>
   </div>
   <div class='ocr_carea' id='block_1_46' title="bbox 103 3154 1806 3227">
    <p class='ocr_par' dir='ltr' id='par_1_46' title="bbox 103 3154 1806 3227">
     <span class='ocr_line' id='line_1_46' title="bbox 103 3154 1806 3227; baseline 0 -15"><span class='ocrx_word' id='word_1_379' title='bbox 103 3203 118 3225; x_wconf 87' lang='lat'><strong>,</strong></span> <span class='ocrx_word' id='word_1_380' title='bbox 205 3189 283 3199; x_wconf 94' lang='lat'>—</span> <span class='ocrx_word' id='word_1_381' title='bbox 310 3156 576 3226; x_wconf 84' lang='lat' dir='ltr'><strong>Serapion</strong></span> <span class='ocrx_word' id='word_1_382' title='bbox 596 3156 732 3211; x_wconf 88' lang='lat' dir='ltr'><strong>dixit</strong></span> <span class='ocrx_word' id='word_1_383' title='bbox 764 3174 777 3209; x_wconf 89' lang='lat'><strong>:</strong></span> <span class='ocrx_word' id='word_1_384' title='bbox 802 3154 1001 3212; x_wconf 76' lang='lat' dir='ltr'><strong>Fateor</strong></span> <span class='ocrx_word' id='word_1_385' title='bbox 1023 3165 1079 3211; x_wconf 87' lang='lat' dir='ltr'><strong>et</strong></span> <span class='ocrx_word' id='word_1_386' title='bbox 1106 3157 1312 3225; x_wconf 78' lang='lat' dir='ltr'><strong>integre</strong></span> <span class='ocrx_word' id='word_1_387' title='bbox 1341 3164 1401 3211; x_wconf 91' lang='lat' dir='ltr'><strong>ut</strong></span> <span class='ocrx_word' id='word_1_388' title='bbox 1437 3158 1696 3227; x_wconf 88' lang='lat' dir='ltr'><strong>scriptum</strong></span> <span class='ocrx_word' id='word_1_389' title='bbox 1721 3164 1806 3212; x_wconf 82' lang='lat' dir='ltr'><strong>est</strong></span> 
     </span>
    </p>
   </div>
   <div class='ocr_carea' id='block_1_47' title="bbox 1906 1963 3499 2036">
    <p class='ocr_par' dir='ltr' id='par_1_47' title="bbox 1906 1963 3499 2036">
     <span class='ocr_line' id='line_1_47' title="bbox 1906 1963 3499 2036; baseline 0.001 -17"><span class='ocrx_word' id='word_1_390' title='bbox 1906 1967 2058 2036; x_wconf 90' lang='lat' dir='ltr'><strong>prior</strong></span> <span class='ocrx_word' id='word_1_391' title='bbox 2087 1964 2288 2021; x_wconf 87' lang='lat' dir='ltr'><strong>habere</strong></span> <span class='ocrx_word' id='word_1_392' title='bbox 2328 1964 2514 2036; x_wconf 75' lang='lat' dir='ltr'><strong>cmpit,</strong></span> <span class='ocrx_word' id='word_1_393' title='bbox 2549 1978 2648 2020; x_wconf 89' lang='lat' dir='ltr'><strong>nec</strong></span> <span class='ocrx_word' id='word_1_394' title='bbox 2677 1978 2837 2018; x_wconf 88' lang='lat' dir='ltr'><strong>unam</strong></span> <span class='ocrx_word' id='word_1_395' title='bbox 2864 1963 2933 2019; x_wconf 91' lang='lat' dir='ltr'><strong>de</strong></span> <span class='ocrx_word' id='word_1_396' title='bbox 2962 1964 3062 2019; x_wconf 88' lang='lat' dir='ltr'><strong>viis</strong></span> <span class='ocrx_word' id='word_1_397' title='bbox 3089 1964 3206 2020; x_wconf 83' lang='lat' dir='ltr'><strong>istis</strong></span> <span class='ocrx_word' id='word_1_398' title='bbox 3252 1964 3499 2020; x_wconf 66' lang='lat' dir='ltr'><strong>incedere</strong></span> 
     </span>
    </p>
   </div>
   <div class='ocr_carea' id='block_1_48' title="bbox 1907 2053 3501 2125">
    <p class='ocr_par' dir='ltr' id='par_1_48' title="bbox 1907 2053 3501 2125">
     <span class='ocr_line' id='line_1_48' title="bbox 1907 2053 3501 2125; baseline 0 -15"><span class='ocrx_word' id='word_1_399' title='bbox 1907 2055 2128 2125; x_wconf 89' lang='lat' dir='ltr'><strong>poterit.</strong></span> <span class='ocrx_word' id='word_1_400' title='bbox 2165 2053 2185 2093; x_wconf 72' lang='grc' dir='ltr'>ί</span> <span class='ocrx_word' id='word_1_401' title='bbox 2216 2054 2354 2110; x_wconf 89' lang='lat' dir='ltr'><strong>Sunt</strong></span> <span class='ocrx_word' id='word_1_402' title='bbox 2387 2069 2515 2125; x_wconf 77' lang='lat' dir='ltr'><strong>ergo</strong></span> <span class='ocrx_word' id='word_1_403' title='bbox 2546 2056 2660 2108; x_wconf 76' lang='lat' dir='ltr'><strong>ista:</strong></span> <span class='ocrx_word' id='word_1_404' title='bbox 2684 2055 2784 2109; x_wconf 78' lang='lat' dir='ltr'><strong>vim</strong></span> <span class='ocrx_word' id='word_1_405' title='bbox 2813 2054 2999 2123; x_wconf 76' lang='lat' dir='ltr'><strong>viginti</strong></span> <span class='ocrx_word' id='word_1_406' title='bbox 3031 2060 3283 2125; x_wconf 88' lang='lat' dir='ltr'><strong>quatuor,</strong></span> <span class='ocrx_word' id='word_1_407' title='bbox 3312 2056 3501 2124; x_wconf 76' lang='lat' dir='ltr'><strong>viginti</strong></span> 
     </span>
    </p>
   </div>
   <div class='ocr_carea' id='block_1_49' title="bbox 1908 2132 3496 2219">
    <p class='ocr_par' dir='ltr' id='par_1_49' title="bbox 1908 2132 3496 2219">
     <span class='ocr_line' id='line_1_49' title="bbox 1908 2132 3496 2219; baseline 0.001 -20"><span class='ocrx_word' id='word_1_408' title='bbox 1908 2132 2145 2217; x_wconf 86' lang='lat' dir='ltr'><strong>quatuor</strong></span> <span class='ocrx_word' id='word_1_409' title='bbox 2171 2147 2444 2202; x_wconf 85' lang='lat' dir='ltr'><strong>seniorum</strong></span> <span class='ocrx_word' id='word_1_410' title='bbox 2467 2161 2746 2201; x_wconf 90' lang='lat' dir='ltr'><strong>numerum</strong></span> <span class='ocrx_word' id='word_1_411' title='bbox 2775 2144 3105 2216; x_wconf 67' lang='lat' dir='ltr'><strong>assignantes</strong></span> <span class='ocrx_word' id='word_1_412' title='bbox 3127 2147 3307 2219; x_wconf 79' lang='lat' dir='ltr'><strong>(Apoc.</strong></span> <span class='ocrx_word' id='word_1_413' title='bbox 3334 2163 3402 2209; x_wconf 78' lang='lat' dir='ltr'><strong>tv,</strong></span> <span class='ocrx_word' id='word_1_414' title='bbox 3422 2147 3496 2217; x_wconf 75' lang='grc' dir='ltr'><strong>ι),</strong></span> 
     </span>
    </p>
   </div>
   <div class='ocr_carea' id='block_1_50' title="bbox 1911 2238 3502 2310">
    <p class='ocr_par' dir='ltr' id='par_1_50' title="bbox 1911 2238 3502 2310">
     <span class='ocr_line' id='line_1_50' title="bbox 1911 2238 3502 2310; baseline -0.001 -15"><span class='ocrx_word' id='word_1_415' title='bbox 1911 2240 2006 2310; x_wconf 90' lang='lat' dir='ltr'><strong>qui</strong></span> <span class='ocrx_word' id='word_1_416' title='bbox 2035 2240 2197 2296; x_wconf 89' lang='lat' dir='ltr'><strong>libras</strong></span> <span class='ocrx_word' id='word_1_417' title='bbox 2225 2239 2479 2309; x_wconf 77' lang='lat' dir='ltr'><strong>singulas,</strong></span> <span class='ocrx_word' id='word_1_418' title='bbox 2512 2248 2567 2295; x_wconf 88' lang='lat' dir='ltr'><strong>et</strong></span> <span class='ocrx_word' id='word_1_419' title='bbox 2590 2239 2933 2309; x_wconf 67' lang='lat' dir='ltr'><strong>integerrime</strong></span> <span class='ocrx_word' id='word_1_420' title='bbox 2954 2238 3079 2294; x_wconf 86' lang='lat' dir='ltr'><strong>novi</strong></span> <span class='ocrx_word' id='word_1_421' title='bbox 3106 2247 3160 2295; x_wconf 90' lang='lat' dir='ltr'><strong>et</strong></span> <span class='ocrx_word' id='word_1_422' title='bbox 3182 2238 3377 2295; x_wconf 70' lang='lat' dir='ltr'><strong>veteris</strong></span> <span class='ocrx_word' id='word_1_423' title='bbox 3406 2238 3502 2294; x_wconf 80' lang='lat' dir='ltr'><strong>Tc-</strong></span> 
     </span>
    </p>
   </div>
   <div class='ocr_carea' id='block_1_51' title="bbox 1911 2332 3499 2404">
    <p class='ocr_par' dir='ltr' id='par_1_51' title="bbox 1911 2332 3499 2404">
     <span class='ocr_line' id='line_1_51' title="bbox 1911 2332 3499 2404; baseline 0.001 -16"><span class='ocrx_word' id='word_1_424' title='bbox 1911 2334 2161 2388; x_wconf 85' lang='lat' dir='ltr'><strong>stamenti</strong></span> <span class='ocrx_word' id='word_1_425' title='bbox 2192 2333 2245 2388; x_wconf 92' lang='lat' dir='ltr'><strong>in</strong></span> <span class='ocrx_word' id='word_1_426' title='bbox 2271 2346 2428 2389; x_wconf 87' lang='lat' dir='ltr'><strong>unam</strong></span> <span class='ocrx_word' id='word_1_427' title='bbox 2459 2333 2648 2389; x_wconf 87' lang='lat' dir='ltr'><strong>libram</strong></span> <span class='ocrx_word' id='word_1_428' title='bbox 2669 2332 2951 2389; x_wconf 87' lang='lat' dir='ltr'><strong>duodecim</strong></span> <span class='ocrx_word' id='word_1_429' title='bbox 2975 2334 3339 2404; x_wconf 82' lang='lat' dir='ltr'><strong>apostolorum</strong></span> <span class='ocrx_word' id='word_1_430' title='bbox 3370 2336 3499 2389; x_wconf 82' lang='lat' dir='ltr'><strong>assi-</strong></span> 
     </span>
    </p>
   </div>
   <div class='ocr_carea' id='block_1_52' title="bbox 1908 2425 3497 2495">
    <p class='ocr_par' dir='ltr' id='par_1_52' title="bbox 1908 2425 3497 2495">
     <span class='ocr_line' id='line_1_52' title="bbox 1908 2425 3497 2495; baseline -0.001 -14"><span class='ocrx_word' id='word_1_431' title='bbox 1908 2433 2092 2495; x_wconf 74' lang='lat' dir='ltr'><strong>gnant,</strong></span> <span class='ocrx_word' id='word_1_432' title='bbox 2127 2433 2184 2480; x_wconf 91' lang='lat' dir='ltr'><strong>ut</strong></span> <span class='ocrx_word' id='word_1_433' title='bbox 2230 2434 2340 2481; x_wconf 90' lang='lat' dir='ltr'><strong>tres</strong></span> <span class='ocrx_word' id='word_1_434' title='bbox 2368 2425 2480 2481; x_wconf 63' lang='lat' dir='ltr'><strong>iste</strong></span> <span class='ocrx_word' id='word_1_435' title='bbox 2511 2425 2657 2480; x_wconf 71' lang='lat' dir='ltr'><strong>libra:</strong></span> <span class='ocrx_word' id='word_1_436' title='bbox 2688 2440 2785 2495; x_wconf 90' lang='lat' dir='ltr'><strong>per</strong></span> <span class='ocrx_word' id='word_1_437' title='bbox 2826 2425 2922 2480; x_wconf 88' lang='lat' dir='ltr'><strong>tria</strong></span> <span class='ocrx_word' id='word_1_438' title='bbox 2951 2439 3148 2493; x_wconf 78' lang='lat' dir='ltr'><strong>genera</strong></span> <span class='ocrx_word' id='word_1_439' title='bbox 3181 2425 3497 2495; x_wconf 84' lang='lat' dir='ltr'><strong>populorum</strong></span> 
     </span>
    </p>
   </div>
   <div class='ocr_carea' id='block_1_53' title="bbox 1908 2516 3497 2587">
    <p class='ocr_par' dir='ltr' id='par_1_53' title="bbox 1908 2516 3497 2587">
     <span class='ocr_line' id='line_1_53' title="bbox 1908 2516 3497 2587; baseline 0.003 -18"><span class='ocrx_word' id='word_1_440' title='bbox 1908 2517 2201 2575; x_wconf 81' lang='lat' dir='ltr'><strong>oil&#39;erantnr</strong></span> <span class='ocrx_word' id='word_1_441' title='bbox 2230 2516 2507 2571; x_wconf 76' lang='lat' dir='ltr'><strong>Trinitatis</strong></span> <span class='ocrx_word' id='word_1_442' title='bbox 2547 2517 2775 2583; x_wconf 85' lang='lat' dir='ltr'><strong>auctori,</strong></span> <span class='ocrx_word' id='word_1_443' title='bbox 2804 2516 2855 2571; x_wconf 90' lang='lat' dir='ltr'><strong>id</strong></span> <span class='ocrx_word' id='word_1_444' title='bbox 2901 2529 3013 2583; x_wconf 88' lang='lat' dir='ltr'><strong>est,</strong></span> <span class='ocrx_word' id='word_1_445' title='bbox 3046 2518 3380 2587; x_wconf 65' lang='lat' dir='ltr'><strong>virginitatis,</strong></span> <span class='ocrx_word' id='word_1_446' title='bbox 3414 2526 3497 2573; x_wconf 86' lang='lat' dir='ltr'><strong>at-</strong></span> 
     </span>
    </p>
   </div>
   <div class='ocr_carea' id='block_1_54' title="bbox 1904 2606 3496 2685">
    <p class='ocr_par' dir='ltr' id='par_1_54' title="bbox 1904 2606 3496 2685">
     <span class='ocr_line' id='line_1_54' title="bbox 1904 2606 3496 2685; baseline 0.002 -25"><span class='ocrx_word' id='word_1_447' title='bbox 1904 2622 2009 2676; x_wconf 89' lang='lat' dir='ltr'><strong>que</strong></span> <span class='ocrx_word' id='word_1_448' title='bbox 2056 2607 2331 2685; x_wconf 71' lang='lat' dir='ltr'><strong>viduitatis</strong></span> <span class='ocrx_word' id='word_1_449' title='bbox 2356 2616 2411 2662; x_wconf 88' lang='lat' dir='ltr'><strong>et</strong></span> <span class='ocrx_word' id='word_1_450' title='bbox 2439 2606 2694 2676; x_wconf 69' lang='lat' dir='ltr'><strong>coitjugii.</strong></span> <span class='ocrx_word' id='word_1_451' title='bbox 2726 2606 2877 2661; x_wconf 77' lang='lat' dir='ltr'><strong>Tota:</strong></span> <span class='ocrx_word' id='word_1_452' title='bbox 2919 2618 3099 2663; x_wconf 88' lang='lat' dir='ltr'><strong>autem</strong></span> <span class='ocrx_word' id='word_1_453' title='bbox 3147 2616 3258 2663; x_wconf 83' lang='lat' dir='ltr'><strong>tres</strong></span> <span class='ocrx_word' id='word_1_454' title='bbox 3285 2610 3397 2663; x_wconf 64' lang='lat' dir='ltr'><strong>istm</strong></span> <span class='ocrx_word' id='word_1_455' title='bbox 3429 2609 3496 2663; x_wconf 88' lang='lat' dir='ltr'><strong>Ii-</strong></span> 
     </span>
    </p>
   </div>
   <div class='ocr_carea' id='block_1_55' title="bbox 1904 2699 3494 2770">
    <p class='ocr_par' dir='ltr' id='par_1_55' title="bbox 1904 2699 3494 2770">
     <span class='ocr_line' id='line_1_55' title="bbox 1904 2699 3494 2770; baseline 0.002 -16"><span class='ocrx_word' id='word_1_456' title='bbox 1904 2701 2013 2754; x_wconf 66' lang='lat' dir='ltr'><strong>lnm</strong></span> <span class='ocrx_word' id='word_1_457' title='bbox 2043 2699 2387 2768; x_wconf 85' lang='lat' dir='ltr'><strong>integerrime</strong></span> <span class='ocrx_word' id='word_1_458' title='bbox 2418 2715 2513 2770; x_wconf 89' lang='lat' dir='ltr'><strong>per</strong></span> <span class='ocrx_word' id='word_1_459' title='bbox 2540 2700 2655 2753; x_wconf 87' lang='lat' dir='ltr'><strong>vias</strong></span> <span class='ocrx_word' id='word_1_460' title='bbox 2694 2714 2818 2754; x_wconf 88' lang='lat' dir='ltr'><strong>suas</strong></span> <span class='ocrx_word' id='word_1_461' title='bbox 2850 2702 3205 2763; x_wconf 86' lang='lat' dir='ltr'><strong>ambulantes,</strong></span> <span class='ocrx_word' id='word_1_462' title='bbox 3241 2718 3343 2756; x_wconf 90' lang='lat' dir='ltr'><strong>una</strong></span> <span class='ocrx_word' id='word_1_463' title='bbox 3375 2702 3494 2769; x_wconf 81' lang='lat' dir='ltr'><strong>ﬁde,</strong></span> 
     </span>
    </p>
   </div>
   <div class='ocr_carea' id='block_1_56' title="bbox 1906 2792 3504 2864">
    <p class='ocr_par' dir='ltr' id='par_1_56' title="bbox 1906 2792 3504 2864">
     <span class='ocr_line' id='line_1_56' title="bbox 1906 2792 3504 2864; baseline 0.001 -18"><span class='ocrx_word' id='word_1_464' title='bbox 1906 2810 2009 2847; x_wconf 86' lang='lat' dir='ltr'><strong>una</strong></span> <span class='ocrx_word' id='word_1_465' title='bbox 2055 2810 2169 2864; x_wconf 88' lang='lat' dir='ltr'><strong>spe,</strong></span> <span class='ocrx_word' id='word_1_466' title='bbox 2216 2809 2320 2847; x_wconf 89' lang='lat' dir='ltr'><strong>una</strong></span> <span class='ocrx_word' id='word_1_467' title='bbox 2347 2792 2629 2859; x_wconf 88' lang='lat' dir='ltr'><strong>cbaritate,</strong></span> <span class='ocrx_word' id='word_1_468' title='bbox 2658 2807 2765 2847; x_wconf 92' lang='lat' dir='ltr'><strong>uno</strong></span> <span class='ocrx_word' id='word_1_469' title='bbox 2805 2802 3135 2847; x_wconf 74' lang='lat' dir='ltr'><strong>consecrata:</strong></span> <span class='ocrx_word' id='word_1_470' title='bbox 3180 2794 3504 2863; x_wconf 80' lang='lat' dir='ltr'><strong>baptismate</strong></span> 
     </span>
    </p>
   </div>
   <div class='ocr_carea' id='block_1_57' title="bbox 1904 2882 3503 2953">
    <p class='ocr_par' dir='ltr' id='par_1_57' title="bbox 1904 2882 3503 2953">
     <span class='ocr_line' id='line_1_57' title="bbox 1904 2882 3503 2953; baseline 0 -14"><span class='ocrx_word' id='word_1_471' title='bbox 1904 2885 2234 2949; x_wconf 80' lang='lat' dir='ltr'><strong>subsistunt;</strong></span> <span class='ocrx_word' id='word_1_472' title='bbox 2264 2898 2385 2953; x_wconf 69' lang='lat' dir='ltr'><strong>qua:</strong></span> <span class='ocrx_word' id='word_1_473' title='bbox 2415 2884 2629 2953; x_wconf 81' lang='lat' dir='ltr'><strong>penitus</strong></span> <span class='ocrx_word' id='word_1_474' title='bbox 2657 2882 2888 2953; x_wconf 84' lang='lat' dir='ltr'><strong>pervias</strong></span> <span class='ocrx_word' id='word_1_475' title='bbox 2928 2899 3053 2939; x_wconf 86' lang='lat' dir='ltr'><strong>suas</strong></span> <span class='ocrx_word' id='word_1_476' title='bbox 3091 2883 3368 2939; x_wconf 85' lang='lat' dir='ltr'><strong>ambulare</strong></span> <span class='ocrx_word' id='word_1_477' title='bbox 3395 2900 3503 2939; x_wconf 83' lang='lat' dir='ltr'><strong>non</strong></span> 
     </span>
    </p>
   </div>
   <div class='ocr_carea' id='block_1_58' title="bbox 1906 2975 3498 3046">
    <p class='ocr_par' dir='ltr' id='par_1_58' title="bbox 1906 2975 3498 3046">
     <span class='ocr_line' id='line_1_58' title="bbox 1906 2975 3498 3046; baseline 0.003 -14"><span class='ocrx_word' id='word_1_478' title='bbox 1906 2985 2180 3046; x_wconf 87' lang='lat' dir='ltr'><strong>poterunt,</strong></span> <span class='ocrx_word' id='word_1_479' title='bbox 2215 2977 2319 3031; x_wconf 89' lang='lat' dir='ltr'><strong>nisi</strong></span> <span class='ocrx_word' id='word_1_480' title='bbox 2349 2978 2400 3030; x_wconf 92' lang='lat' dir='ltr'><strong>in</strong></span> <span class='ocrx_word' id='word_1_481' title='bbox 2433 2977 2549 3046; x_wconf 76' lang='lat' dir='ltr'><strong>ipso</strong></span> <span class='ocrx_word' id='word_1_482' title='bbox 2579 2975 2734 3031; x_wconf 89' lang='lat' dir='ltr'><strong>initio</strong></span> <span class='ocrx_word' id='word_1_483' title='bbox 2762 2977 2970 3032; x_wconf 80' lang='lat' dir='ltr'><strong>viarum</strong></span> <span class='ocrx_word' id='word_1_484' title='bbox 2991 2977 3249 3033; x_wconf 86' lang='lat' dir='ltr'><strong>Dominus</strong></span> <span class='ocrx_word' id='word_1_485' title='bbox 3277 2994 3498 3037; x_wconf 78' lang='lat' dir='ltr'><strong>creave-</strong></span> 
     </span>
    </p>
   </div>
   <div class='ocr_carea' id='block_1_59' title="bbox 1909 3067 3501 3139">
    <p class='ocr_par' dir='ltr' id='par_1_59' title="bbox 1909 3067 3501 3139">
     <span class='ocr_line' id='line_1_59' title="bbox 1909 3067 3501 3139; baseline 0.005 -19"><span class='ocrx_word' id='word_1_486' title='bbox 1909 3067 1977 3121; x_wconf 85' lang='lat' dir='ltr'><strong>rit</strong></span> <span class='ocrx_word' id='word_1_487' title='bbox 2015 3067 2067 3122; x_wconf 93' lang='lat' dir='ltr'><strong>in</strong></span> <span class='ocrx_word' id='word_1_488' title='bbox 2116 3067 2386 3124; x_wconf 87' lang='lat' dir='ltr'><strong>mentibus</strong></span> <span class='ocrx_word' id='word_1_489' title='bbox 2431 3082 2617 3124; x_wconf 90' lang='lat' dir='ltr'><strong>eorum</strong></span> <span class='ocrx_word' id='word_1_490' title='bbox 2655 3067 2991 3139; x_wconf 87' lang='lat' dir='ltr'><strong>sapientiam.</strong></span> <span class='ocrx_word' id='word_1_491' title='bbox 3030 3068 3181 3127; x_wconf 80' lang='lat' dir='ltr'><strong>Unde</strong></span> <span class='ocrx_word' id='word_1_492' title='bbox 3221 3068 3501 3128; x_wconf 80' lang='lat' dir='ltr'><strong>Psalmista</strong></span> 
     </span>
    </p>
   </div>
   <div class='ocr_carea' id='block_1_60' title="bbox 1908 3158 3494 3237">
    <p class='ocr_par' dir='ltr' id='par_1_60' title="bbox 1908 3158 3494 3237">
     <span class='ocr_line' id='line_1_60' title="bbox 1908 3158 3494 3237; baseline 0.002 -21"><span class='ocrx_word' id='word_1_493' title='bbox 1908 3168 2028 3217; x_wconf 80' lang='lat' dir='ltr'><strong>cum</strong></span> <span class='ocrx_word' id='word_1_494' title='bbox 2058 3161 2262 3218; x_wconf 86' lang='lat' dir='ltr'><strong>diceret</strong></span> <span class='ocrx_word' id='word_1_495' title='bbox 2291 3180 2303 3216; x_wconf 89' lang='lat'><strong>:</strong></span> <span class='ocrx_word' id='word_1_496' title='bbox 2350 3160 2476 3218; x_wconf 76' lang='lat' dir='ltr'><strong>Vias</strong></span> <span class='ocrx_word' id='word_1_497' title='bbox 2504 3170 2641 3229; x_wconf 83' lang='lat' dir='ltr'><strong>tuas,</strong></span> <span class='ocrx_word' id='word_1_498' title='bbox 2672 3158 2914 3230; x_wconf 82' lang='lat' dir='ltr'><strong>Domine,</strong></span> <span class='ocrx_word' id='word_1_499' title='bbox 2933 3174 3085 3219; x_wconf 85' lang='lat' dir='ltr'><strong>notas</strong></span> <span class='ocrx_word' id='word_1_500' title='bbox 3113 3166 3199 3231; x_wconf 76' lang='lat' dir='ltr'><strong>{ac</strong></span> <span class='ocrx_word' id='word_1_501' title='bbox 3227 3164 3353 3219; x_wconf 73' lang='lat' dir='ltr'><strong>mihi</strong></span> <span class='ocrx_word' id='word_1_502' title='bbox 3376 3161 3494 3237; x_wconf 82' lang='lat' dir='ltr'><strong>(Ps.</strong></span> 
     </span>
    </p>
   </div>
   <div class='ocr_carea' id='block_1_61' title="bbox 198 3238 3496 3328">
    <p class='ocr_par' dir='ltr' id='par_1_61' title="bbox 198 3238 3496 3328">
     <span class='ocr_line' id='line_1_61' title="bbox 198 3238 3496 3328; baseline 0.003 -24"><span class='ocrx_word' id='word_1_503' title='bbox 198 3265 231 3304; x_wconf 92' lang='lat' dir='ltr'><strong>a</strong></span> <span class='ocrx_word' id='word_1_504' title='bbox 259 3238 553 3305; x_wconf 83' lang='lat' dir='ltr'><strong>Salomone</strong></span> <span class='ocrx_word' id='word_1_505' title='bbox 583 3257 926 3319; x_wconf 88' lang='lat' dir='ltr'><strong>prosecutum</strong></span> <span class='ocrx_word' id='word_1_506' title='bbox 944 3289 960 3315; x_wconf 96' lang='lat'><strong>,</strong></span> <span class='ocrx_word' id='word_1_507' title='bbox 997 3254 1053 3303; x_wconf 88' lang='lat' dir='ltr'><strong>et</strong></span> <span class='ocrx_word' id='word_1_508' title='bbox 1081 3258 1202 3303; x_wconf 83' lang='lat' dir='ltr'><strong>ante</strong></span> <span class='ocrx_word' id='word_1_509' title='bbox 1230 3266 1407 3303; x_wconf 85' lang='lat' dir='ltr'><strong>omnes</strong></span> <span class='ocrx_word' id='word_1_510' title='bbox 1445 3249 1601 3304; x_wconf 77' lang='lat' dir='ltr'><strong>cottes</strong></span> <span class='ocrx_word' id='word_1_511' title='bbox 1631 3251 1809 3321; x_wconf 78' lang='lat' dir='ltr'><strong>genuit</strong></span> <span class='ocrx_word' id='word_1_512' title='bbox 1830 3264 1877 3327; x_wconf 74' lang='grc' dir='ltr'>α</span> <span class='ocrx_word' id='word_1_513' title='bbox 1910 3270 2049 3321; x_wconf 78' lang='lat' dir='ltr'><strong>xm,</strong></span> <span class='ocrx_word' id='word_1_514' title='bbox 2074 3253 2149 3327; x_wconf 74' lang='grc'><strong>4),</strong></span> <span class='ocrx_word' id='word_1_515' title='bbox 2181 3254 2306 3327; x_wconf 89' lang='lat' dir='ltr'><strong>quia</strong></span> <span class='ocrx_word' id='word_1_516' title='bbox 2347 3254 2559 3311; x_wconf 79' lang='lat' dir='ltr'><strong>sciebat</strong></span> <span class='ocrx_word' id='word_1_517' title='bbox 2579 3272 2686 3311; x_wconf 91' lang='lat' dir='ltr'><strong>non</strong></span> <span class='ocrx_word' id='word_1_518' title='bbox 2716 3271 2875 3328; x_wconf 81' lang='lat' dir='ltr'><strong>posse</strong></span> <span class='ocrx_word' id='word_1_519' title='bbox 2902 3256 3178 3313; x_wconf 81' lang='lat' dir='ltr'><strong>ambulare</strong></span> <span class='ocrx_word' id='word_1_520' title='bbox 3204 3257 3319 3313; x_wconf 82' lang='lat' dir='ltr'><strong>vias</strong></span> <span class='ocrx_word' id='word_1_521' title='bbox 3348 3257 3496 3327; x_wconf 81' lang='lat' dir='ltr'><strong>istas,</strong></span> 
     </span>
    </p>
   </div>
   <div class='ocr_carea' id='block_1_62' title="bbox 203 3339 1797 3419">
    <p class='ocr_par' dir='ltr' id='par_1_62' title="bbox 203 3339 1797 3419">
     <span class='ocr_line' id='line_1_62' title="bbox 203 3339 1797 3419; baseline 0.002 -25"><span class='ocrx_word' id='word_1_522' title='bbox 203 3356 306 3405; x_wconf 89' lang='lat' dir='ltr'><strong>me,</strong></span> <span class='ocrx_word' id='word_1_523' title='bbox 339 3349 626 3410; x_wconf 86' lang='lat' dir='ltr'><strong>propterea</strong></span> <span class='ocrx_word' id='word_1_524' title='bbox 658 3339 861 3419; x_wconf 82' lang='lat' dir='ltr'><strong>utiliter</strong></span> <span class='ocrx_word' id='word_1_525' title='bbox 883 3339 1244 3410; x_wconf 84' lang='lat' dir='ltr'><strong>subjunxisse,</strong></span> <span class='ocrx_word' id='word_1_526' title='bbox 1277 3349 1335 3395; x_wconf 91' lang='lat' dir='ltr'><strong>ut</strong></span> <span class='ocrx_word' id='word_1_527' title='bbox 1360 3341 1464 3397; x_wconf 83' lang='lat' dir='ltr'><strong>hoc</strong></span> <span class='ocrx_word' id='word_1_528' title='bbox 1482 3341 1627 3411; x_wconf 89' lang='lat' dir='ltr'><strong>quod</strong></span> <span class='ocrx_word' id='word_1_529' title='bbox 1646 3341 1797 3408; x_wconf 84' lang='lat' dir='ltr'><strong>dixit,</strong></span> 
     </span>
    </p>
   </div>
   <div class='ocr_carea' id='block_1_63' title="bbox 197 3432 1803 3506">
    <p class='ocr_par' dir='ltr' id='par_1_63' title="bbox 197 3432 1803 3506">
     <span class='ocr_line' id='line_1_63' title="bbox 197 3432 1803 3506; baseline 0.003 -19"><span class='ocrx_word' id='word_1_530' title='bbox 197 3432 407 3489; x_wconf 80' lang='lat' dir='ltr'><strong>Creavit</strong></span> <span class='ocrx_word' id='word_1_531' title='bbox 425 3450 524 3499; x_wconf 86' lang='lat' dir='ltr'><strong>me,</strong></span> <span class='ocrx_word' id='word_1_532' title='bbox 554 3435 733 3506; x_wconf 85' lang='lat' dir='ltr'><strong>genuit</strong></span> <span class='ocrx_word' id='word_1_533' title='bbox 752 3450 852 3500; x_wconf 69' lang='lat' dir='ltr'><strong>mes,</strong></span> <span class='ocrx_word' id='word_1_534' title='bbox 876 3432 1155 3490; x_wconf 84' lang='lat' dir='ltr'><strong>evidenter</strong></span> <span class='ocrx_word' id='word_1_535' title='bbox 1173 3434 1502 3491; x_wconf 81' lang='lat' dir='ltr'><strong>ostenderet.</strong></span> <span class='ocrx_word' id='word_1_536' title='bbox 1533 3468 1607 3479; x_wconf 96' lang='lat'><strong>—</strong></span> <span class='ocrx_word' id='word_1_537' title='bbox 1626 3434 1803 3492; x_wconf 81' lang='lat' dir='ltr'><strong>Arno-</strong></span> 
     </span>
    </p>
   </div>
   <div class='ocr_carea' id='block_1_64' title="bbox 196 3523 1796 3598">
    <p class='ocr_par' dir='ltr' id='par_1_64' title="bbox 196 3523 1796 3598">
     <span class='ocr_line' id='line_1_64' title="bbox 196 3523 1796 3598; baseline 0.004 -18"><span class='ocrx_word' id='word_1_538' title='bbox 196 3523 324 3581; x_wconf 91' lang='lat' dir='ltr'><strong>bius</strong></span> <span class='ocrx_word' id='word_1_539' title='bbox 349 3526 485 3581; x_wconf 85' lang='lat' dir='ltr'><strong>dixit</strong></span> <span class='ocrx_word' id='word_1_540' title='bbox 516 3545 529 3580; x_wconf 89' lang='lat'><strong>:</strong></span> <span class='ocrx_word' id='word_1_541' title='bbox 561 3524 766 3598; x_wconf 83' lang='lat' dir='ltr'><strong>Nempe</strong></span> <span class='ocrx_word' id='word_1_542' title='bbox 793 3526 959 3598; x_wconf 88' lang='lat' dir='ltr'><strong>priori</strong></span> <span class='ocrx_word' id='word_1_543' title='bbox 983 3524 1239 3585; x_wconf 77' lang='lat' dir='ltr'><strong>conﬂictu</strong></span> <span class='ocrx_word' id='word_1_544' title='bbox 1265 3527 1465 3585; x_wconf 86' lang='lat' dir='ltr'><strong>dixisse</strong></span> <span class='ocrx_word' id='word_1_545' title='bbox 1493 3538 1547 3585; x_wconf 90' lang='lat' dir='ltr'><strong>te</strong></span> <span class='ocrx_word' id='word_1_546' title='bbox 1569 3530 1796 3598; x_wconf 88' lang='lat' dir='ltr'><strong>recoles,</strong></span> 
     </span>
    </p>
   </div>
   <div class='ocr_carea' id='block_1_65' title="bbox 196 3619 1800 3694">
    <p class='ocr_par' dir='ltr' id='par_1_65' title="bbox 196 3619 1800 3694">
     <span class='ocr_line' id='line_1_65' title="bbox 196 3619 1800 3694; baseline 0.004 -21"><span class='ocrx_word' id='word_1_547' title='bbox 196 3633 300 3674; x_wconf 88' lang='lat' dir='ltr'><strong>cur</strong></span> <span class='ocrx_word' id='word_1_548' title='bbox 340 3619 659 3691; x_wconf 88' lang='lat' dir='ltr'><strong>incorporea</strong></span> <span class='ocrx_word' id='word_1_549' title='bbox 698 3635 785 3675; x_wconf 90' lang='lat' dir='ltr'><strong>me</strong></span> <span class='ocrx_word' id='word_1_550' title='bbox 830 3620 1120 3691; x_wconf 87' lang='lat' dir='ltr'><strong>protulisse</strong></span> <span class='ocrx_word' id='word_1_551' title='bbox 1148 3622 1417 3693; x_wconf 85' lang='lat' dir='ltr'><strong>exempla,</strong></span> <span class='ocrx_word' id='word_1_552' title='bbox 1459 3638 1627 3694; x_wconf 88' lang='lat' dir='ltr'><strong>quare</strong></span> <span class='ocrx_word' id='word_1_553' title='bbox 1657 3639 1800 3681; x_wconf 92' lang='lat' dir='ltr'><strong>nunc</strong></span> 
     </span>
    </p>
   </div>
   <div class='ocr_carea' id='block_1_66' title="bbox 197 3710 1801 3795">
    <p class='ocr_par' dir='ltr' id='par_1_66' title="bbox 197 3710 1801 3795">
     <span class='ocr_line' id='line_1_66' title="bbox 197 3710 1801 3795; baseline 0.005 -30"><span class='ocrx_word' id='word_1_554' title='bbox 197 3710 414 3766; x_wconf 90' lang='lat' dir='ltr'><strong>initium</strong></span> <span class='ocrx_word' id='word_1_555' title='bbox 439 3712 640 3769; x_wconf 88' lang='lat' dir='ltr'><strong>viarum</strong></span> <span class='ocrx_word' id='word_1_556' title='bbox 684 3713 778 3769; x_wconf 89' lang='lat' dir='ltr'><strong>Dei</strong></span> <span class='ocrx_word' id='word_1_557' title='bbox 805 3730 903 3785; x_wconf 89' lang='lat' dir='ltr'><strong>per</strong></span> <span class='ocrx_word' id='word_1_558' title='bbox 928 3723 1142 3795; x_wconf 86' lang='lat' dir='ltr'><strong>montes</strong></span> <span class='ocrx_word' id='word_1_559' title='bbox 1181 3724 1238 3771; x_wconf 90' lang='lat' dir='ltr'><strong>et</strong></span> <span class='ocrx_word' id='word_1_560' title='bbox 1261 3718 1445 3784; x_wconf 88' lang='lat' dir='ltr'><strong>colles,</strong></span> <span class='ocrx_word' id='word_1_561' title='bbox 1478 3726 1534 3773; x_wconf 90' lang='lat' dir='ltr'><strong>et</strong></span> <span class='ocrx_word' id='word_1_562' title='bbox 1571 3717 1801 3781; x_wconf 75' lang='lat' dir='ltr'><strong>fabricas</strong></span> 
     </span>
    </p>
   </div>
   <div class='ocr_carea' id='block_1_67' title="bbox 195 3800 1798 3882">
    <p class='ocr_par' dir='ltr' id='par_1_67' title="bbox 195 3800 1798 3882">
     <span class='ocr_line' id='line_1_67' title="bbox 195 3800 1798 3882; baseline 0.005 -24"><span class='ocrx_word' id='word_1_563' title='bbox 195 3804 443 3860; x_wconf 84' lang='lat' dir='ltr'><strong>visibiles</strong></span> <span class='ocrx_word' id='word_1_564' title='bbox 468 3805 750 3863; x_wconf 90' lang='lat' dir='ltr'><strong>docentem</strong></span> <span class='ocrx_word' id='word_1_565' title='bbox 781 3817 1070 3864; x_wconf 90' lang='lat' dir='ltr'><strong>contentus</strong></span> <span class='ocrx_word' id='word_1_566' title='bbox 1097 3824 1175 3875; x_wconf 89' lang='lat' dir='ltr'><strong>es,</strong></span> <span class='ocrx_word' id='word_1_567' title='bbox 1210 3809 1313 3864; x_wconf 88' lang='lat' dir='ltr'><strong>nisi</strong></span> <span class='ocrx_word' id='word_1_568' title='bbox 1340 3810 1485 3878; x_wconf 89' lang='lat' dir='ltr'><strong>quod</strong></span> <span class='ocrx_word' id='word_1_569' title='bbox 1514 3800 1798 3882; x_wconf 83' lang='lat' dir='ltr'><strong>mysticum</strong></span> 
     </span>
    </p>
   </div>
   <div class='ocr_carea' id='block_1_68' title="bbox 196 3893 1798 3967">
    <p class='ocr_par' dir='ltr' id='par_1_68' title="bbox 196 3893 1798 3967">
     <span class='ocr_line' id='line_1_68' title="bbox 196 3893 1798 3967; baseline 0.004 -19"><span class='ocrx_word' id='word_1_570' title='bbox 196 3893 400 3949; x_wconf 63' lang='lat' dir='ltr'><strong>divinae</strong></span> <span class='ocrx_word' id='word_1_571' title='bbox 429 3896 722 3966; x_wconf 67' lang='lat' dir='ltr'><strong>Scriptum</strong></span> <span class='ocrx_word' id='word_1_572' title='bbox 750 3913 971 3954; x_wconf 87' lang='lat' dir='ltr'><strong>sensum</strong></span> <span class='ocrx_word' id='word_1_573' title='bbox 997 3899 1051 3954; x_wconf 91' lang='lat' dir='ltr'><strong>in</strong></span> <span class='ocrx_word' id='word_1_574' title='bbox 1080 3899 1253 3954; x_wconf 88' lang='lat' dir='ltr'><strong>solam</strong></span> <span class='ocrx_word' id='word_1_575' title='bbox 1283 3899 1564 3954; x_wconf 88' lang='lat' dir='ltr'><strong>historiam</strong></span> <span class='ocrx_word' id='word_1_576' title='bbox 1591 3901 1798 3967; x_wconf 89' lang='lat' dir='ltr'><strong>videns,</strong></span> 
     </span>
    </p>
   </div>
   <div class='ocr_carea' id='block_1_69' title="bbox 195 3986 1800 4061">
    <p class='ocr_par' dir='ltr' id='par_1_69' title="bbox 195 3986 1800 4061">
     <span class='ocr_line' id='line_1_69' title="bbox 195 3986 1800 4061; baseline 0.002 -18"><span class='ocrx_word' id='word_1_577' title='bbox 195 3995 258 4043; x_wconf 88' lang='lat' dir='ltr'><strong>et</strong></span> <span class='ocrx_word' id='word_1_578' title='bbox 288 3986 501 4040; x_wconf 90' lang='lat' dir='ltr'><strong>initium</strong></span> <span class='ocrx_word' id='word_1_579' title='bbox 526 3988 734 4043; x_wconf 89' lang='lat' dir='ltr'><strong>viarum</strong></span> <span class='ocrx_word' id='word_1_580' title='bbox 762 3990 1062 4059; x_wconf 88' lang='lat' dir='ltr'><strong>inquirens,</strong></span> <span class='ocrx_word' id='word_1_581' title='bbox 1095 3990 1212 4045; x_wconf 83' lang='lat' dir='ltr'><strong>vias</strong></span> <span class='ocrx_word' id='word_1_582' title='bbox 1241 3991 1385 4059; x_wconf 89' lang='lat' dir='ltr'><strong>ipsas</strong></span> <span class='ocrx_word' id='word_1_583' title='bbox 1411 4007 1519 4046; x_wconf 89' lang='lat' dir='ltr'><strong>non</strong></span> <span class='ocrx_word' id='word_1_584' title='bbox 1542 3992 1800 4061; x_wconf 66' lang='lat' dir='ltr'><strong>quaesisti,</strong></span> 
     </span>
    </p>
   </div>
   <div class='ocr_carea' id='block_1_70' title="bbox 197 4080 1803 4153">
    <p class='ocr_par' dir='ltr' id='par_1_70' title="bbox 197 4080 1803 4153">
     <span class='ocr_line' id='line_1_70' title="bbox 197 4080 1803 4153; baseline 0.003 -20"><span class='ocrx_word' id='word_1_585' title='bbox 197 4084 512 4133; x_wconf 86' lang='lat' dir='ltr'><strong>creatorem</strong></span> <span class='ocrx_word' id='word_1_586' title='bbox 554 4094 683 4153; x_wconf 85' lang='lat' dir='ltr'><strong>vero</strong></span> <span class='ocrx_word' id='word_1_587' title='bbox 729 4080 896 4136; x_wconf 89' lang='lat' dir='ltr'><strong>Deum</strong></span> <span class='ocrx_word' id='word_1_588' title='bbox 945 4097 1064 4137; x_wconf 87' lang='lat' dir='ltr'><strong>esse</strong></span> <span class='ocrx_word' id='word_1_589' title='bbox 1117 4097 1225 4135; x_wconf 91' lang='lat' dir='ltr'><strong>non</strong></span> <span class='ocrx_word' id='word_1_590' title='bbox 1276 4080 1449 4136; x_wconf 90' lang='lat' dir='ltr'><strong>solum</strong></span> <span class='ocrx_word' id='word_1_591' title='bbox 1503 4083 1803 4138; x_wconf 88' lang='lat' dir='ltr'><strong>litterarum</strong></span> 
     </span>
    </p>
   </div>
   <div class='ocr_carea' id='block_1_71' title="bbox 196 4166 1803 4241">
    <p class='ocr_par' dir='ltr' id='par_1_71' title="bbox 196 4166 1803 4241">
     <span class='ocr_line' id='line_1_71' title="bbox 196 4166 1803 4241; baseline 0.006 -22"><span class='ocrx_word' id='word_1_592' title='bbox 196 4166 429 4238; x_wconf 81' lang='lat' dir='ltr'><strong>judicio,</strong></span> <span class='ocrx_word' id='word_1_593' title='bbox 452 4183 637 4223; x_wconf 86' lang='lat' dir='ltr'><strong>verum</strong></span> <span class='ocrx_word' id='word_1_594' title='bbox 660 4170 821 4225; x_wconf 88' lang='lat' dir='ltr'><strong>etiam</strong></span> <span class='ocrx_word' id='word_1_595' title='bbox 851 4171 1019 4241; x_wconf 88' lang='lat' dir='ltr'><strong>ipsius</strong></span> <span class='ocrx_word' id='word_1_596' title='bbox 1043 4179 1242 4227; x_wconf 62' lang='lat' dir='ltr'><strong>nostrae</strong></span> <span class='ocrx_word' id='word_1_597' title='bbox 1266 4172 1524 4227; x_wconf 85' lang='lat' dir='ltr'><strong>naturalis</strong></span> <span class='ocrx_word' id='word_1_598' title='bbox 1552 4172 1803 4229; x_wconf 89' lang='lat' dir='ltr'><strong>conside-</strong></span> 
     </span>
    </p>
   </div>
   <div class='ocr_carea' id='block_1_72' title="bbox 195 4258 1803 4322">
    <p class='ocr_par' dir='ltr' id='par_1_72' title="bbox 195 4258 1803 4322">
     <span class='ocr_line' id='line_1_72' title="bbox 195 4258 1803 4322; baseline 0.005 -8"><span class='ocrx_word' id='word_1_599' title='bbox 195 4258 434 4314; x_wconf 87' lang='lat' dir='ltr'><strong>rationis</strong></span> <span class='ocrx_word' id='word_1_600' title='bbox 462 4260 753 4316; x_wconf 90' lang='lat' dir='ltr'><strong>doceamus</strong></span> <span class='ocrx_word' id='word_1_601' title='bbox 796 4263 1070 4318; x_wconf 87' lang='lat' dir='ltr'><strong>instinctu.</strong></span> <span class='ocrx_word' id='word_1_602' title='bbox 1102 4261 1214 4319; x_wconf 74' lang='lat' dir='ltr'><strong>Vim</strong></span> <span class='ocrx_word' id='word_1_603' title='bbox 1241 4272 1417 4319; x_wconf 90' lang='lat' dir='ltr'><strong>autem</strong></span> <span class='ocrx_word' id='word_1_604' title='bbox 1448 4264 1658 4319; x_wconf 89' lang='lat' dir='ltr'><strong>Domini</strong></span> <span class='ocrx_word' id='word_1_605' title='bbox 1687 4264 1803 4322; x_wconf 67' lang='lat' dir='ltr'><strong>istm</strong></span> 
     </span>
    </p>
   </div>
   <div class='ocr_carea' id='block_1_73' title="bbox 197 4352 1796 4424">
    <p class='ocr_par' dir='ltr' id='par_1_73' title="bbox 197 4352 1796 4424">
     <span class='ocr_line' id='line_1_73' title="bbox 197 4352 1796 4424; baseline 0.003 -16"><span class='ocrx_word' id='word_1_606' title='bbox 197 4360 349 4417; x_wconf 81' lang='lat' dir='ltr'><strong>sunt,</strong></span> <span class='ocrx_word' id='word_1_607' title='bbox 400 4352 568 4421; x_wconf 88' lang='lat' dir='ltr'><strong>prima</strong></span> <span class='ocrx_word' id='word_1_608' title='bbox 629 4352 795 4420; x_wconf 73' lang='lat' dir='ltr'><strong>ﬁdes,</strong></span> <span class='ocrx_word' id='word_1_609' title='bbox 842 4354 1076 4410; x_wconf 88' lang='lat' dir='ltr'><strong>secunda</strong></span> <span class='ocrx_word' id='word_1_610' title='bbox 1122 4370 1275 4424; x_wconf 87' lang='lat' dir='ltr'><strong>spes,</strong></span> <span class='ocrx_word' id='word_1_611' title='bbox 1336 4355 1490 4410; x_wconf 83' lang='lat' dir='ltr'><strong>tertia</strong></span> <span class='ocrx_word' id='word_1_612' title='bbox 1541 4356 1796 4423; x_wconf 84' lang='lat' dir='ltr'><strong>cbaritas,</strong></span> 
     </span>
    </p>
   </div>
   <div class='ocr_carea' id='block_1_74' title="bbox 199 4446 1799 4515">
    <p class='ocr_par' dir='ltr' id='par_1_74' title="bbox 199 4446 1799 4515">
     <span class='ocr_line' id='line_1_74' title="bbox 199 4446 1799 4515; baseline 0.004 -18"><span class='ocrx_word' id='word_1_613' title='bbox 199 4451 398 4515; x_wconf 84' lang='lat' dir='ltr'><strong>quarta</strong></span> <span class='ocrx_word' id='word_1_614' title='bbox 454 4446 875 4514; x_wconf 85' lang='lat' dir='ltr'><strong>perseverantia,</strong></span> <span class='ocrx_word' id='word_1_615' title='bbox 907 4446 1089 4515; x_wconf 88' lang='lat' dir='ltr'><strong>quinta</strong></span> <span class='ocrx_word' id='word_1_616' title='bbox 1149 4446 1380 4510; x_wconf 86' lang='lat' dir='ltr'><strong>bonitas,</strong></span> <span class='ocrx_word' id='word_1_617' title='bbox 1430 4454 1581 4501; x_wconf 84' lang='lat' dir='ltr'><strong>sexta</strong></span> <span class='ocrx_word' id='word_1_618' title='bbox 1640 4449 1799 4504; x_wconf 86' lang='lat' dir='ltr'><strong>timor</strong></span> 
     </span>
    </p>
   </div>
   <div class='ocr_carea' id='block_1_75' title="bbox 199 4534 1793 4613">
    <p class='ocr_par' dir='ltr' id='par_1_75' title="bbox 199 4534 1793 4613">
     <span class='ocr_line' id='line_1_75' title="bbox 199 4534 1793 4613; baseline 0.004 -25"><span class='ocrx_word' id='word_1_619' title='bbox 199 4534 434 4599; x_wconf 84' lang='lat' dir='ltr'><strong>Domini,</strong></span> <span class='ocrx_word' id='word_1_620' title='bbox 469 4536 693 4605; x_wconf 88' lang='lat' dir='ltr'><strong>septima</strong></span> <span class='ocrx_word' id='word_1_621' title='bbox 740 4538 1061 4613; x_wconf 85' lang='lat' dir='ltr'><strong>constantia,</strong></span> <span class='ocrx_word' id='word_1_622' title='bbox 1115 4546 1305 4591; x_wconf 89' lang='lat' dir='ltr'><strong>octava</strong></span> <span class='ocrx_word' id='word_1_623' title='bbox 1335 4538 1610 4607; x_wconf 82' lang='lat' dir='ltr'><strong>patientia,</strong></span> <span class='ocrx_word' id='word_1_624' title='bbox 1652 4554 1793 4594; x_wconf 83' lang='lat' dir='ltr'><strong>nona</strong></span> 
     </span>
    </p>
   </div>
   <div class='ocr_carea' id='block_1_76' title="bbox 1905 3345 3498 3418">
    <p class='ocr_par' dir='ltr' id='par_1_76' title="bbox 1905 3345 3498 3418">
     <span class='ocr_line' id='line_1_76' title="bbox 1905 3345 3498 3418; baseline 0.001 -17"><span class='ocrx_word' id='word_1_625' title='bbox 1905 3345 2008 3402; x_wconf 75' lang='lat' dir='ltr'><strong>nisi</strong></span> <span class='ocrx_word' id='word_1_626' title='bbox 2036 3346 2296 3403; x_wconf 88' lang='lat' dir='ltr'><strong>Dominus</strong></span> <span class='ocrx_word' id='word_1_627' title='bbox 2342 3347 2660 3418; x_wconf 82' lang='lat' dir='ltr'><strong>sapientiam</strong></span> <span class='ocrx_word' id='word_1_628' title='bbox 2703 3356 2942 3405; x_wconf 88' lang='lat' dir='ltr'><strong>creasset</strong></span> <span class='ocrx_word' id='word_1_629' title='bbox 2973 3349 3023 3405; x_wconf 92' lang='lat' dir='ltr'><strong>ei</strong></span> <span class='ocrx_word' id='word_1_630' title='bbox 3066 3350 3122 3405; x_wconf 87' lang='lat' dir='ltr'><strong>in</strong></span> <span class='ocrx_word' id='word_1_631' title='bbox 3169 3350 3350 3414; x_wconf 82' lang='lat' dir='ltr'><strong>corde,</strong></span> <span class='ocrx_word' id='word_1_632' title='bbox 3378 3356 3498 3404; x_wconf 88' lang='lat' dir='ltr'><strong>orat</strong></span> 
     </span>
    </p>
   </div>
   <div class='ocr_carea' id='block_1_77' title="bbox 1903 3437 3493 3511">
    <p class='ocr_par' dir='ltr' id='par_1_77' title="bbox 1903 3437 3493 3511">
     <span class='ocr_line' id='line_1_77' title="bbox 1903 3437 3493 3511; baseline 0 -15"><span class='ocrx_word' id='word_1_633' title='bbox 1903 3437 2071 3496; x_wconf 89' lang='lat' dir='ltr'><strong>Deum</strong></span> <span class='ocrx_word' id='word_1_634' title='bbox 2110 3439 2296 3496; x_wconf 89' lang='lat' dir='ltr'><strong>dicens</strong></span> <span class='ocrx_word' id='word_1_635' title='bbox 2329 3458 2340 3493; x_wconf 92' lang='lat'>:</span> <span class='ocrx_word' id='word_1_636' title='bbox 2384 3439 2486 3495; x_wconf 86' lang='lat' dir='ltr'><strong>Cor</strong></span> <span class='ocrx_word' id='word_1_637' title='bbox 2513 3441 2762 3496; x_wconf 81' lang='lat' dir='ltr'><strong>mundum</strong></span> <span class='ocrx_word' id='word_1_638' title='bbox 2810 3458 2928 3496; x_wconf 80' lang='lat' dir='ltr'><strong>creo</strong></span> <span class='ocrx_word' id='word_1_639' title='bbox 2956 3442 3012 3495; x_wconf 86' lang='lat' dir='ltr'><strong>in</strong></span> <span class='ocrx_word' id='word_1_640' title='bbox 3040 3457 3123 3495; x_wconf 89' lang='lat' dir='ltr'><strong>me</strong></span> <span class='ocrx_word' id='word_1_641' title='bbox 3150 3439 3289 3496; x_wconf 75' lang='lat' dir='ltr'><strong>Deus</strong></span> <span class='ocrx_word' id='word_1_642' title='bbox 3320 3438 3493 3511; x_wconf 76' lang='lat' dir='ltr'><strong>(Psat.</strong></span> 
     </span>
    </p>
   </div>
   <div class='ocr_carea' id='block_1_78' title="bbox 1904 3532 3499 3609">
    <p class='ocr_par' dir='ltr' id='par_1_78' title="bbox 1904 3532 3499 3609">
     <span class='ocr_line' id='line_1_78' title="bbox 1904 3532 3499 3609; baseline 0.001 -20"><span class='ocrx_word' id='word_1_643' title='bbox 1904 3551 1954 3601; x_wconf 81' lang='grc' dir='ltr'><strong>ι,</strong></span> <span class='ocrx_word' id='word_1_644' title='bbox 1982 3533 2067 3603; x_wconf 72' lang='lat' dir='ltr'><strong>i2)</strong></span> <span class='ocrx_word' id='word_1_645' title='bbox 2100 3553 2111 3587; x_wconf 92' lang='lat'>:</span> <span class='ocrx_word' id='word_1_646' title='bbox 2144 3536 2267 3607; x_wconf 87' lang='lat' dir='ltr'><strong>quia</strong></span> <span class='ocrx_word' id='word_1_647' title='bbox 2295 3536 2351 3590; x_wconf 87' lang='lat' dir='ltr'><strong>in</strong></span> <span class='ocrx_word' id='word_1_648' title='bbox 2379 3534 2645 3589; x_wconf 84' lang='lat' dir='ltr'><strong>sordidam</strong></span> <span class='ocrx_word' id='word_1_649' title='bbox 2686 3532 2864 3609; x_wconf 71' lang='lat' dir='ltr'><strong>(Vulg.</strong></span> <span class='ocrx_word' id='word_1_650' title='bbox 2898 3532 3224 3607; x_wconf 79' lang='lat' dir='ltr'><strong>malevolan</strong></span> <span class='ocrx_word' id='word_1_651' title='bbox 3266 3536 3499 3590; x_wconf 80' lang='lat' dir='ltr'><strong>animum</strong></span> 
     </span>
    </p>
   </div>
   <div class='ocr_carea' id='block_1_79' title="bbox 1904 3625 3502 3699">
    <p class='ocr_par' dir='ltr' id='par_1_79' title="bbox 1904 3625 3502 3699">
     <span class='ocr_line' id='line_1_79' title="bbox 1904 3625 3502 3699; baseline 0.001 -18"><span class='ocrx_word' id='word_1_652' title='bbox 1904 3644 2007 3681; x_wconf 88' lang='lat' dir='ltr'><strong>non</strong></span> <span class='ocrx_word' id='word_1_653' title='bbox 2050 3629 2214 3681; x_wconf 83' lang='lat' dir='ltr'><strong>intrat</strong></span> <span class='ocrx_word' id='word_1_654' title='bbox 2239 3627 2528 3697; x_wconf 84' lang='lat' dir='ltr'><strong>sapientia,</strong></span> <span class='ocrx_word' id='word_1_655' title='bbox 2575 3642 2669 3680; x_wconf 87' lang='lat' dir='ltr'><strong>nec</strong></span> <span class='ocrx_word' id='word_1_656' title='bbox 2715 3625 2948 3681; x_wconf 85' lang='lat' dir='ltr'><strong>habitare</strong></span> <span class='ocrx_word' id='word_1_657' title='bbox 2985 3634 3151 3699; x_wconf 83' lang='lat' dir='ltr'><strong>potest</strong></span> <span class='ocrx_word' id='word_1_658' title='bbox 3191 3628 3247 3682; x_wconf 79' lang='lat' dir='ltr'><strong>in</strong></span> <span class='ocrx_word' id='word_1_659' title='bbox 3286 3640 3502 3699; x_wconf 74' lang='lat' dir='ltr'><strong>corpore</strong></span> 
     </span>
    </p>
   </div>
   <div class='ocr_carea' id='block_1_80' title="bbox 1901 3716 3497 3789">
    <p class='ocr_par' dir='ltr' id='par_1_80' title="bbox 1901 3716 3497 3789">
     <span class='ocr_line' id='line_1_80' title="bbox 1901 3716 3497 3789; baseline 0.001 -17"><span class='ocrx_word' id='word_1_660' title='bbox 1901 3717 2106 3772; x_wconf 87' lang='lat' dir='ltr'><strong>subdito</strong></span> <span class='ocrx_word' id='word_1_661' title='bbox 2134 3718 2455 3785; x_wconf 85' lang='lat' dir='ltr'><strong>peccatis.—</strong></span> <span class='ocrx_word' id='word_1_662' title='bbox 2477 3716 2690 3772; x_wconf 69' lang='lat' dir='ltr'><strong>iudices</strong></span> <span class='ocrx_word' id='word_1_663' title='bbox 2719 3717 2970 3773; x_wconf 88' lang='lat' dir='ltr'><strong>dixerunt</strong></span> <span class='ocrx_word' id='word_1_664' title='bbox 2993 3734 3005 3771; x_wconf 89' lang='lat'><strong>:</strong></span> <span class='ocrx_word' id='word_1_665' title='bbox 3036 3717 3160 3773; x_wconf 82' lang='lat' dir='ltr'><strong>Plus</strong></span> <span class='ocrx_word' id='word_1_666' title='bbox 3188 3734 3350 3788; x_wconf 87' lang='lat' dir='ltr'><strong>quam</strong></span> <span class='ocrx_word' id='word_1_667' title='bbox 3374 3735 3497 3789; x_wconf 88' lang='lat' dir='ltr'><strong>per-</strong></span> 
     </span>
    </p>
   </div>
   <div class='ocr_carea' id='block_1_81' title="bbox 1904 3809 3500 3880">
    <p class='ocr_par' dir='ltr' id='par_1_81' title="bbox 1904 3809 3500 3880">
     <span class='ocr_line' id='line_1_81' title="bbox 1904 3809 3500 3880; baseline 0 -16"><span class='ocrx_word' id='word_1_668' title='bbox 1904 3811 2041 3866; x_wconf 77' lang='lat' dir='ltr'><strong>fecte</strong></span> <span class='ocrx_word' id='word_1_669' title='bbox 2086 3809 2349 3865; x_wconf 81' lang='lat' dir='ltr'><strong>satisfecit</strong></span> <span class='ocrx_word' id='word_1_670' title='bbox 2381 3810 2646 3865; x_wconf 81' lang='lat' dir='ltr'><strong>Arnobius</strong></span> <span class='ocrx_word' id='word_1_671' title='bbox 2674 3810 2740 3865; x_wconf 85' lang='lat' dir='ltr'><strong>de</strong></span> <span class='ocrx_word' id='word_1_672' title='bbox 2771 3812 3081 3864; x_wconf 86' lang='lat' dir='ltr'><strong>testimonio</strong></span> <span class='ocrx_word' id='word_1_673' title='bbox 3109 3810 3413 3880; x_wconf 67' lang='lat' dir='ltr'><strong>sapientiae,</strong></span> <span class='ocrx_word' id='word_1_674' title='bbox 3443 3816 3500 3865; x_wconf 86' lang='lat' dir='ltr'><strong>et</strong></span> 
     </span>
    </p>
   </div>
   <div class='ocr_carea' id='block_1_82' title="bbox 1903 3897 3497 3970">
    <p class='ocr_par' dir='ltr' id='par_1_82' title="bbox 1903 3897 3497 3970">
     <span class='ocr_line' id='line_1_82' title="bbox 1903 3897 3497 3970; baseline -0.004 -14"><span class='ocrx_word' id='word_1_675' title='bbox 1903 3899 2048 3970; x_wconf 90' lang='lat' dir='ltr'><strong>quod</strong></span> <span class='ocrx_word' id='word_1_676' title='bbox 2077 3900 2131 3954; x_wconf 92' lang='lat' dir='ltr'><strong>in</strong></span> <span class='ocrx_word' id='word_1_677' title='bbox 2162 3899 2275 3953; x_wconf 90' lang='lat' dir='ltr'><strong>Deo</strong></span> <span class='ocrx_word' id='word_1_678' title='bbox 2300 3913 2516 3969; x_wconf 90' lang='lat' dir='ltr'><strong>semper</strong></span> <span class='ocrx_word' id='word_1_679' title='bbox 2544 3898 2721 3964; x_wconf 83' lang='lat' dir='ltr'><strong>fuerit,</strong></span> <span class='ocrx_word' id='word_1_680' title='bbox 2764 3906 2820 3951; x_wconf 91' lang='lat' dir='ltr'><strong>et</strong></span> <span class='ocrx_word' id='word_1_681' title='bbox 2842 3897 2988 3966; x_wconf 84' lang='lat' dir='ltr'><strong>quod</strong></span> <span class='ocrx_word' id='word_1_682' title='bbox 3016 3906 3198 3952; x_wconf 87' lang='lat' dir='ltr'><strong>creata</strong></span> <span class='ocrx_word' id='word_1_683' title='bbox 3226 3898 3280 3951; x_wconf 90' lang='lat' dir='ltr'><strong>in</strong></span> <span class='ocrx_word' id='word_1_684' title='bbox 3309 3899 3497 3950; x_wconf 84' lang='lat' dir='ltr'><strong>menti-</strong></span> 
     </span>
    </p>
   </div>
   <div class='ocr_carea' id='block_1_83' title="bbox 1906 3987 3497 4058">
    <p class='ocr_par' dir='ltr' id='par_1_83' title="bbox 1906 3987 3497 4058">
     <span class='ocr_line' id='line_1_83' title="bbox 1906 3987 3497 4058; baseline -0.003 -11"><span class='ocrx_word' id='word_1_685' title='bbox 1906 3991 2007 4046; x_wconf 89' lang='lat' dir='ltr'><strong>bus</strong></span> <span class='ocrx_word' id='word_1_686' title='bbox 2036 3991 2105 4046; x_wconf 87' lang='lat' dir='ltr'><strong>sit</strong></span> <span class='ocrx_word' id='word_1_687' title='bbox 2149 4005 2178 4043; x_wconf 90' lang='lat' dir='ltr'><strong>a</strong></span> <span class='ocrx_word' id='word_1_688' title='bbox 2205 3990 2338 4055; x_wconf 89' lang='lat' dir='ltr'><strong>Deo,</strong></span> <span class='ocrx_word' id='word_1_689' title='bbox 2368 3990 2459 4058; x_wconf 89' lang='lat' dir='ltr'><strong>qui</strong></span> <span class='ocrx_word' id='word_1_690' title='bbox 2501 3990 2613 4043; x_wconf 87' lang='lat' dir='ltr'><strong>vias</strong></span> <span class='ocrx_word' id='word_1_691' title='bbox 2640 3989 2863 4058; x_wconf 88' lang='lat' dir='ltr'><strong>cupiunt</strong></span> <span class='ocrx_word' id='word_1_692' title='bbox 2907 3987 3185 4044; x_wconf 81' lang='lat' dir='ltr'><strong>ambulare</strong></span> <span class='ocrx_word' id='word_1_693' title='bbox 3220 3988 3497 4043; x_wconf 83' lang='lat' dir='ltr'><strong>virtutum.</strong></span> 
     </span>
    </p>
   </div>
   <div class='ocr_carea' id='block_1_84' title="bbox 1907 4077 3333 4150">
    <p class='ocr_par' dir='ltr' id='par_1_84' title="bbox 1907 4077 3333 4150">
     <span class='ocr_line' id='line_1_84' title="bbox 1907 4077 3333 4150; baseline -0.003 -13"><span class='ocrx_word' id='word_1_694' title='bbox 1907 4080 1965 4137; x_wconf 89' lang='lat' dir='ltr'><strong>Si</strong></span> <span class='ocrx_word' id='word_1_695' title='bbox 1984 4079 2112 4150; x_wconf 88' lang='lat' dir='ltr'><strong>quid</strong></span> <span class='ocrx_word' id='word_1_696' title='bbox 2140 4086 2222 4135; x_wconf 87' lang='lat' dir='ltr'><strong>est</strong></span> <span class='ocrx_word' id='word_1_697' title='bbox 2250 4078 2396 4148; x_wconf 90' lang='lat' dir='ltr'><strong>quod</strong></span> <span class='ocrx_word' id='word_1_698' title='bbox 2423 4078 2686 4149; x_wconf 83' lang='lat' dir='ltr'><strong>Serapion</strong></span> <span class='ocrx_word' id='word_1_699' title='bbox 2715 4079 3012 4149; x_wconf 78' lang='lat' dir='ltr'><strong>interroget</strong></span> <span class='ocrx_word' id='word_1_700' title='bbox 3036 4077 3333 4135; x_wconf 85' lang='lat' dir='ltr'><strong>audiamus.</strong></span> 
     </span>
    </p>
   </div>
   <div class='ocr_carea' id='block_1_85' title="bbox 1976 4168 3500 4242">
    <p class='ocr_par' dir='ltr' id='par_1_85' title="bbox 1976 4168 3500 4242">
     <span class='ocr_line' id='line_1_85' title="bbox 1976 4168 3500 4242; baseline 0.001 -15"><span class='ocrx_word' id='word_1_701' title='bbox 1976 4169 2453 4242; x_wconf 80' lang='lat' dir='ltr'><strong>XlV.—Serapion</strong></span> <span class='ocrx_word' id='word_1_702' title='bbox 2474 4171 2608 4227; x_wconf 89' lang='lat' dir='ltr'><strong>dixit</strong></span> <span class='ocrx_word' id='word_1_703' title='bbox 2633 4168 2721 4226; x_wconf 83' lang='lat' dir='ltr'><strong>:Si</strong></span> <span class='ocrx_word' id='word_1_704' title='bbox 2752 4170 3052 4242; x_wconf 84' lang='lat' dir='ltr'><strong>priorDeus</strong></span> <span class='ocrx_word' id='word_1_705' title='bbox 3078 4171 3175 4227; x_wconf 72' lang='lat' dir='ltr'><strong>(Sor</strong></span> <span class='ocrx_word' id='word_1_706' title='bbox 3199 4171 3420 4227; x_wconf 85' lang='lat' dir='ltr'><strong>mundat</strong></span> <span class='ocrx_word' id='word_1_707' title='bbox 3441 4181 3500 4229; x_wconf 90' lang='lat' dir='ltr'><strong>et</strong></span> 
     </span>
    </p>
   </div>
   <div class='ocr_carea' id='block_1_86' title="bbox 1905 4258 3493 4342">
    <p class='ocr_par' dir='ltr' id='par_1_86' title="bbox 1905 4258 3493 4342">
     <span class='ocr_line' id='line_1_86' title="bbox 1905 4258 3493 4342; baseline 0.001 -23"><span class='ocrx_word' id='word_1_708' title='bbox 1905 4264 2221 4342; x_wconf 82' lang='lat' dir='ltr'><strong>sapientiam</strong></span> <span class='ocrx_word' id='word_1_709' title='bbox 2240 4278 2348 4317; x_wconf 90' lang='lat' dir='ltr'><strong>non</strong></span> <span class='ocrx_word' id='word_1_710' title='bbox 2368 4270 2534 4330; x_wconf 90' lang='lat' dir='ltr'><strong>creat,</strong></span> <span class='ocrx_word' id='word_1_711' title='bbox 2550 4278 2657 4319; x_wconf 90' lang='lat' dir='ltr'><strong>non</strong></span> <span class='ocrx_word' id='word_1_712' title='bbox 2686 4262 2885 4318; x_wconf 86' lang='lat' dir='ltr'><strong>habent</strong></span> <span class='ocrx_word' id='word_1_713' title='bbox 2905 4258 3115 4334; x_wconf 86' lang='lat' dir='ltr'><strong>culpam</strong></span> <span class='ocrx_word' id='word_1_714' title='bbox 3136 4264 3181 4319; x_wconf 91' lang='lat' dir='ltr'><strong>si</strong></span> <span class='ocrx_word' id='word_1_715' title='bbox 3201 4265 3253 4319; x_wconf 92' lang='lat' dir='ltr'><strong>in</strong></span> <span class='ocrx_word' id='word_1_716' title='bbox 3275 4264 3376 4319; x_wconf 86' lang='lat' dir='ltr'><strong>viis</strong></span> <span class='ocrx_word' id='word_1_717' title='bbox 3398 4265 3493 4322; x_wconf 87' lang='lat' dir='ltr'><strong>Dei</strong></span> 
     </span>
    </p>
   </div>
   <div class='ocr_carea' id='block_1_87' title="bbox 1903 4340 3491 4415">
    <p class='ocr_par' dir='ltr' id='par_1_87' title="bbox 1903 4340 3491 4415">
     <span class='ocr_line' id='line_1_87' title="bbox 1903 4340 3491 4415; baseline 0.002 -4"><span class='ocrx_word' id='word_1_718' title='bbox 1903 4340 2017 4413; x_wconf 85' lang='lat' dir='ltr'><strong>non</strong></span> <span class='ocrx_word' id='word_1_719' title='bbox 2042 4354 2797 4411; x_wconf 60' lang='lat' dir='ltr'><strong>ambulaverint—Arnobius</strong></span> <span class='ocrx_word' id='word_1_720' title='bbox 2815 4355 2948 4411; x_wconf 88' lang='lat' dir='ltr'><strong>dixit</strong></span> <span class='ocrx_word' id='word_1_721' title='bbox 2973 4373 2985 4409; x_wconf 89' lang='lat'><strong>:</strong></span> <span class='ocrx_word' id='word_1_722' title='bbox 3018 4355 3208 4412; x_wconf 87' lang='lat' dir='ltr'><strong>Salvus</strong></span> <span class='ocrx_word' id='word_1_723' title='bbox 3232 4357 3300 4411; x_wconf 90' lang='lat' dir='ltr'><strong>sit</strong></span> <span class='ocrx_word' id='word_1_724' title='bbox 3322 4365 3491 4415; x_wconf 81' lang='lat' dir='ltr'><strong>status</strong></span> 
     </span>
    </p>
   </div>
   <div class='ocr_carea' id='block_1_88' title="bbox 1900 4448 3489 4522">
    <p class='ocr_par' dir='ltr' id='par_1_88' title="bbox 1900 4448 3489 4522">
     <span class='ocr_line' id='line_1_88' title="bbox 1900 4448 3489 4522; baseline 0 -17"><span class='ocrx_word' id='word_1_725' title='bbox 1900 4449 2279 4520; x_wconf 85' lang='lat' dir='ltr'><strong>disputationis</strong></span> <span class='ocrx_word' id='word_1_726' title='bbox 2303 4457 2500 4504; x_wconf 64' lang='lat' dir='ltr'><strong>nostrae</strong></span> <span class='ocrx_word' id='word_1_727' title='bbox 2518 4465 2531 4502; x_wconf 94' lang='lat'>:</span> <span class='ocrx_word' id='word_1_728' title='bbox 2548 4448 2615 4505; x_wconf 90' lang='lat' dir='ltr'><strong>de</strong></span> <span class='ocrx_word' id='word_1_729' title='bbox 2632 4448 2746 4504; x_wconf 84' lang='lat' dir='ltr'><strong>Deo</strong></span> <span class='ocrx_word' id='word_1_730' title='bbox 2766 4449 2911 4503; x_wconf 77' lang='lat' dir='ltr'><strong>enim</strong></span> <span class='ocrx_word' id='word_1_731' title='bbox 2928 4462 3091 4519; x_wconf 79' lang='lat' dir='ltr'><strong>agere</strong></span> <span class='ocrx_word' id='word_1_732' title='bbox 3108 4451 3367 4522; x_wconf 79' lang='lat' dir='ltr'><strong>empimus</strong></span> <span class='ocrx_word' id='word_1_733' title='bbox 3390 4449 3489 4505; x_wconf 81' lang='lat' dir='ltr'><strong>Pu-</strong></span> 
     </span>
    </p>
   </div>
   <div class='ocr_carea' id='block_1_89' title="bbox 1903 4540 3489 4623">
    <p class='ocr_par' dir='ltr' id='par_1_89' title="bbox 1903 4540 3489 4623">
     <span class='ocr_line' id='line_1_89' title="bbox 1903 4540 3489 4623; baseline 0.002 -25"><span class='ocrx_word' id='word_1_734' title='bbox 1903 4550 2003 4607; x_wconf 86' lang='lat' dir='ltr'><strong>tre,</strong></span> <span class='ocrx_word' id='word_1_735' title='bbox 2027 4552 2083 4597; x_wconf 88' lang='lat' dir='ltr'><strong>et</strong></span> <span class='ocrx_word' id='word_1_736' title='bbox 2095 4541 2133 4595; x_wconf 75' lang='lat' dir='ltr'><strong>F</strong></span> <span class='ocrx_word' id='word_1_737' title='bbox 2136 4542 2249 4605; x_wconf 79' lang='lat' dir='ltr'><strong>ilio,</strong></span> <span class='ocrx_word' id='word_1_738' title='bbox 2272 4549 2329 4596; x_wconf 88' lang='lat' dir='ltr'><strong>et</strong></span> <span class='ocrx_word' id='word_1_739' title='bbox 2342 4540 2543 4611; x_wconf 88' lang='lat' dir='ltr'><strong>Spiritu</strong></span> <span class='ocrx_word' id='word_1_740' title='bbox 2558 4548 2763 4606; x_wconf 86' lang='lat' dir='ltr'><strong>sancto,</strong></span> <span class='ocrx_word' id='word_1_741' title='bbox 2777 4548 2831 4623; x_wconf 75' lang='lat' dir='ltr'><strong>et</strong></span> <span class='ocrx_word' id='word_1_742' title='bbox 2847 4551 3178 4613; x_wconf 88' lang='lat' dir='ltr'><strong>assumptum</strong></span> <span class='ocrx_word' id='word_1_743' title='bbox 3201 4551 3284 4600; x_wconf 87' lang='lat' dir='ltr'><strong>est</strong></span> <span class='ocrx_word' id='word_1_744' title='bbox 3298 4542 3365 4599; x_wconf 88' lang='lat' dir='ltr'><strong>ad</strong></span> <span class='ocrx_word' id='word_1_745' title='bbox 3384 4543 3489 4601; x_wconf 87' lang='lat' dir='ltr'><strong>hoc</strong></span> 
     </span>
    </p>
   </div>
   <div class='ocr_carea' id='block_1_90' title="bbox 1395 4627 2298 4689">
    <p class='ocr_par' dir='ltr' id='par_1_90' title="bbox 1395 4627 2298 4689">
     <span class='ocr_line' id='line_1_90' title="bbox 1395 4627 2298 4689; baseline 0.008 -10"><span class='ocrx_word' id='word_1_746' title='bbox 1395 4627 1505 4680; x_wconf 68' lang='lat' dir='ltr'><strong>Fit.</strong></span> <span class='ocrx_word' id='word_1_747' title='bbox 1548 4628 2033 4689; x_wconf 72' lang='lat' dir='ltr'><strong>FEU-ARDENTII</strong></span> <span class='ocrx_word' id='word_1_748' title='bbox 2072 4631 2298 4687; x_wconf 72' lang='lat' dir='ltr'><strong>NOT/E.</strong></span> 
     </span>
    </p>
   </div>
   <div class='ocr_carea' id='block_1_91' title="bbox 276 4717 1800 4813">
    <p class='ocr_par' dir='ltr' id='par_1_91' title="bbox 276 4717 1791 4813">
     <span class='ocr_line' id='line_1_91' title="bbox 276 4717 1791 4813; baseline 0.008 -43"><span class='ocrx_word' id='word_1_749' title='bbox 276 4730 301 4799; x_wconf 50' lang='grc' dir='ltr'><strong>Ρ</strong></span> <span class='ocrx_word' id='word_1_750' title='bbox 345 4717 402 4771; x_wconf 79' lang='lat' dir='ltr'><strong>In</strong></span> <span class='ocrx_word' id='word_1_751' title='bbox 444 4718 673 4787; x_wconf 72' lang='lat' dir='ltr'><strong>vulgatis</strong></span> <span class='ocrx_word' id='word_1_752' title='bbox 702 4717 886 4813; x_wconf 72' lang='lat' dir='ltr'><strong>Bibliis</strong></span> <span class='ocrx_word' id='word_1_753' title='bbox 913 4719 1155 4813; x_wconf 64' lang='lat' dir='ltr'><strong>legimus,</strong></span> <span class='ocrx_word' id='word_1_754' title='bbox 1182 4723 1270 4776; x_wconf 73' lang='grc' dir='ltr'><strong>τὸν</strong></span> <span class='ocrx_word' id='word_1_755' title='bbox 1297 4723 1478 4778; x_wconf 73' lang='grc' dir='ltr'><strong>ἑαυτοῦ</strong></span> <span class='ocrx_word' id='word_1_756' title='bbox 1510 4722 1685 4795; x_wconf 78' lang='grc' dir='ltr'><strong>θρόνον</strong></span> <span class='ocrx_word' id='word_1_757' title='bbox 1709 4724 1791 4781; x_wconf 75' lang='grc' dir='ltr'><strong>ἔπ’</strong></span> 
     </span>
    </p>
   </div>
   <div class='ocr_carea' id='block_1_92' title="bbox 1904 4717 3484 4813">
    <p class='ocr_par' dir='ltr' id='par_1_92' title="bbox 1904 4724 3484 4813">
     <span class='ocr_line' id='line_1_92' title="bbox 1904 4724 3484 4813; baseline 0.004 -32"><span class='ocrx_word' id='word_1_758' title='bbox 1904 4729 2027 4813; x_wconf 48' lang='grc' dir='ltr'>ἔξω]</span> <span class='ocrx_word' id='word_1_759' title='bbox 2053 4724 2194 4780; x_wconf 80' lang='lat' dir='ltr'><strong>LXX</strong></span> <span class='ocrx_word' id='word_1_760' title='bbox 2217 4727 2434 4813; x_wconf 75' lang='lat' dir='ltr'><strong>habent,</strong></span> <span class='ocrx_word' id='word_1_761' title='bbox 2472 4728 2579 4813; x_wconf 37' lang='lat' dir='ltr'><strong>(to.</strong></span> <span class='ocrx_word' id='word_1_762' title='bbox 2600 4730 2745 4813; x_wconf 52' lang='lat' dir='ltr'><strong>77an</strong></span> <span class='ocrx_word' id='word_1_763' title='bbox 2814 4732 3189 4813; x_wconf 42' lang='grc' dir='ltr'><strong>Ἶρρσέχᾳιρενι</strong></span> <span class='ocrx_word' id='word_1_764' title='bbox 3215 4729 3445 4813; x_wconf 56' lang='lat' dir='ltr'><strong>[tempus</strong></span> <span class='ocrx_word' id='word_1_765' title='bbox 3469 4751 3484 4788; x_wconf 88' lang='lat'><strong>:</strong></span> 
     </span>
    </p>
   </div>
   <div class='ocr_carea' id='block_1_93' title="bbox 200 4789 1790 4864">
    <p class='ocr_par' dir='ltr' id='par_1_93' title="bbox 200 4789 1790 4864">
     <span class='ocr_line' id='line_1_93' title="bbox 200 4789 1790 4864; baseline 0.003 -20"><span class='ocrx_word' id='word_1_766' title='bbox 200 4792 411 4864; x_wconf 68' lang='grc' dir='ltr'><strong>ἀνέρεῳν,</strong></span> <span class='ocrx_word' id='word_1_767' title='bbox 427 4806 557 4864; x_wconf 71' lang='lat' dir='ltr'><strong>cum</strong></span> <span class='ocrx_word' id='word_1_768' title='bbox 573 4798 856 4864; x_wconf 73' lang='lat' dir='ltr'><strong>secerneret</strong></span> <span class='ocrx_word' id='word_1_769' title='bbox 873 4789 1041 4864; x_wconf 68' lang='lat' dir='ltr'><strong>sedem</strong></span> <span class='ocrx_word' id='word_1_770' title='bbox 1060 4807 1208 4864; x_wconf 67' lang='lat' dir='ltr'><strong>suam</strong></span> <span class='ocrx_word' id='word_1_771' title='bbox 1228 4808 1378 4862; x_wconf 84' lang='lat' dir='ltr'><strong>super</strong></span> <span class='ocrx_word' id='word_1_772' title='bbox 1393 4789 1584 4864; x_wconf 70' lang='lat' dir='ltr'><strong>uentos,</strong></span> <span class='ocrx_word' id='word_1_773' title='bbox 1608 4804 1659 4847; x_wconf 87' lang='lat' dir='ltr'><strong>et</strong></span> <span class='ocrx_word' id='word_1_774' title='bbox 1677 4812 1790 4849; x_wconf 82' lang='lat' dir='ltr'><strong>cum</strong></span> 
     </span>
    </p>
   </div>
   <div class='ocr_carea' id='block_1_94' title="bbox 200 4858 1790 4935">
    <p class='ocr_par' dir='ltr' id='par_1_94' title="bbox 200 4858 1790 4935">
     <span class='ocr_line' id='line_1_94' title="bbox 200 4858 1790 4935; baseline 0.004 -22"><span class='ocrx_word' id='word_1_775' title='bbox 200 4858 394 4935; x_wconf 61' lang='lat' dir='ltr'><strong>validas</strong></span> <span class='ocrx_word' id='word_1_776' title='bbox 414 4861 604 4935; x_wconf 73' lang='lat' dir='ltr'><strong>faceret</strong></span> <span class='ocrx_word' id='word_1_777' title='bbox 625 4858 840 4935; x_wconf 70' lang='lat' dir='ltr'><strong>desuper</strong></span> <span class='ocrx_word' id='word_1_778' title='bbox 863 4858 1036 4935; x_wconf 54' lang='lat' dir='ltr'><strong>nubq.</strong></span> <span class='ocrx_word' id='word_1_779' title='bbox 1060 4861 1255 4917; x_wconf 87' lang='lat' dir='ltr'><strong>Verum</strong></span> <span class='ocrx_word' id='word_1_780' title='bbox 1282 4858 1421 4931; x_wconf 83' lang='lat' dir='ltr'><strong>apud</strong></span> <span class='ocrx_word' id='word_1_781' title='bbox 1442 4862 1790 4935; x_wconf 85' lang='lat' dir='ltr'><strong>Cyprianum,</strong></span> 
     </span>
    </p>
   </div>
   <div class='ocr_carea' id='block_1_95' title="bbox 200 4928 1795 4991">
    <p class='ocr_par' dir='ltr' id='par_1_95' title="bbox 200 4928 1795 4991">
     <span class='ocr_line' id='line_1_95' title="bbox 200 4928 1795 4991; baseline 0.005 -8"><span class='ocrx_word' id='word_1_782' title='bbox 200 4940 252 4983; x_wconf 90' lang='lat' dir='ltr'><strong>ut</strong></span> <span class='ocrx_word' id='word_1_783' title='bbox 280 4928 449 4984; x_wconf 82' lang='lat' dir='ltr'><strong>habet</strong></span> <span class='ocrx_word' id='word_1_784' title='bbox 478 4930 564 4985; x_wconf 90' lang='lat' dir='ltr'><strong>hic</strong></span> <span class='ocrx_word' id='word_1_785' title='bbox 608 4928 876 4989; x_wconf 80' lang='lat' dir='ltr'><strong>Arnobius</strong></span> <span class='ocrx_word' id='word_1_786' title='bbox 908 4949 920 4984; x_wconf 93' lang='lat'>:</span> <span class='ocrx_word' id='word_1_787' title='bbox 970 4928 1035 4984; x_wconf 82' lang='lat' dir='ltr'><strong>Et</strong></span> <span class='ocrx_word' id='word_1_788' title='bbox 1060 4949 1175 4986; x_wconf 88' lang='lat' dir='ltr'><strong>cum</strong></span> <span class='ocrx_word' id='word_1_789' title='bbox 1218 4928 1675 4990; x_wconf 69' lang='lat' dir='ltr'><strong>secémereisuam</strong></span> <span class='ocrx_word' id='word_1_790' title='bbox 1713 4928 1795 4991; x_wconf 55' lang='lat' dir='ltr'><strong>se;</strong></span> 
     </span>
    </p>
   </div>
   <div class='ocr_carea' id='block_1_96' title="bbox 152 5000 1789 5126">
    <p class='ocr_par' dir='ltr' id='par_1_96' title="bbox 152 5000 1789 5126">
     <span class='ocr_line' id='line_1_96' title="bbox 152 5000 1789 5126; baseline 0.009 -79"><span class='ocrx_word' id='word_1_791' title='bbox 152 5032 159 5047; x_wconf 67' lang='grc' dir='ltr'><strong>ς</strong></span> <span class='ocrx_word' id='word_1_792' title='bbox 201 5000 348 5064; x_wconf 87' lang='lat' dir='ltr'><strong>dem;</strong></span> <span class='ocrx_word' id='word_1_793' title='bbox 379 5016 493 5054; x_wconf 81' lang='lat' dir='ltr'><strong>cum</strong></span> <span class='ocrx_word' id='word_1_794' title='bbox 514 5017 667 5071; x_wconf 86' lang='lat' dir='ltr'><strong>super</strong></span> <span class='ocrx_word' id='word_1_795' title='bbox 696 5010 868 5056; x_wconf 83' lang='lat' dir='ltr'><strong>ventos</strong></span> <span class='ocrx_word' id='word_1_796' title='bbox 916 5002 1336 5126; x_wconf 65' lang='lat' dir='ltr'><strong>validos/aceret</strong></span> <span class='ocrx_word' id='word_1_797' title='bbox 1364 5002 1583 5076; x_wconf 85' lang='lat' dir='ltr'><strong>desuper</strong></span> <span class='ocrx_word' id='word_1_798' title='bbox 1611 5005 1789 5061; x_wconf 83' lang='lat' dir='ltr'><strong>nubes.</strong></span> 
     </span>
     <span class='ocr_line' id='line_1_97' title="bbox 201 5069 1789 5126; baseline 0.002 -3"><span class='ocrx_word' id='word_1_799' title='bbox 201 5069 356 5126; x_wconf 81' lang='lat' dir='ltr'><strong>Anud</strong></span> <span class='ocrx_word' id='word_1_800' title='bbox 385 5069 643 5126; x_wconf 80' lang='lat' dir='ltr'><strong>Hilarium</strong></span> <span class='ocrx_word' id='word_1_801' title='bbox 665 5071 854 5126; x_wconf 89' lang='lat' dir='ltr'><strong>eodem</strong></span> <span class='ocrx_word' id='word_1_802' title='bbox 884 5072 1045 5126; x_wconf 90' lang='lat' dir='ltr'><strong>modo</strong></span> <span class='ocrx_word' id='word_1_803' title='bbox 1079 5090 1090 5125; x_wconf 88' lang='lat'><strong>:</strong></span> <span class='ocrx_word' id='word_1_804' title='bbox 1152 5084 1301 5126; x_wconf 88' lang='lat' dir='ltr'><strong>taaue</strong></span> <span class='ocrx_word' id='word_1_805' title='bbox 1329 5091 1426 5126; x_wconf 65' lang='lat' dir='ltr'><strong>vos:</strong></span> <span class='ocrx_word' id='word_1_806' title='bbox 1448 5074 1632 5126; x_wconf 82' lang='lat' dir='ltr'><strong>fortes.</strong></span> <span class='ocrx_word' id='word_1_807' title='bbox 1656 5078 1789 5126; x_wconf 81' lang='lat' dir='ltr'><strong>refe-</strong></span> 
     </span>
    </p>
   </div>
   <div class='ocr_carea' id='block_1_97' title="bbox 201 5069 1793 5148">
    <p class='ocr_par' dir='ltr' id='par_1_97' title="bbox 201 5069 1793 5148">
     <span class='ocr_line' id='line_1_98' title="bbox 201 5069 1793 5148; baseline 0.005 -25"><span class='ocrx_word' id='word_1_808' title='bbox 201 5069 356 5148; x_wconf 74' lang='lat' dir='ltr'><strong>Apud</strong></span> <span class='ocrx_word' id='word_1_809' title='bbox 385 5069 643 5148; x_wconf 73' lang='lat' dir='ltr'><strong>Hilarium</strong></span> <span class='ocrx_word' id='word_1_810' title='bbox 665 5071 854 5148; x_wconf 79' lang='lat' dir='ltr'><strong>eodem</strong></span> <span class='ocrx_word' id='word_1_811' title='bbox 884 5072 1090 5148; x_wconf 89' lang='lat' dir='ltr'><strong>modo_:</strong></span> <span class='ocrx_word' id='word_1_812' title='bbox 1118 5069 1301 5144; x_wconf 79' lang='lat' dir='ltr'><strong>Itaque</strong></span> <span class='ocrx_word' id='word_1_813' title='bbox 1329 5091 1426 5148; x_wconf 61' lang='lat' dir='ltr'><strong>v03;</strong></span> <span class='ocrx_word' id='word_1_814' title='bbox 1448 5069 1632 5141; x_wconf 78' lang='lat' dir='ltr'><strong>fortes,</strong></span> <span class='ocrx_word' id='word_1_815' title='bbox 1656 5078 1793 5148; x_wconf 80' lang='lat' dir='ltr'><strong>refe-</strong></span> 
     </span>
    </p>
   </div>
   <div class='ocr_carea' id='block_1_98' title="bbox 202 5138 1795 5223">
    <p class='ocr_par' dir='ltr' id='par_1_98' title="bbox 202 5138 1795 5223">
     <span class='ocr_line' id='line_1_99' title="bbox 202 5138 1795 5223; baseline 0.008 -31"><span class='ocrx_word' id='word_1_816' title='bbox 202 5138 485 5223; x_wconf 28' lang='lat' dir='ltr'><strong>re’nda_est</strong></span> <span class='ocrx_word' id='word_1_817' title='bbox 508 5140 582 5223; x_wconf 52' lang='lat' dir='ltr'><strong>ad</strong></span> <span class='ocrx_word' id='word_1_818' title='bbox 614 5142 950 5223; x_wconf 51' lang='lat' dir='ltr'><strong>nubes,nnon_</strong></span> <span class='ocrx_word' id='word_1_819' title='bbox 986 5142 1057 5196; x_wconf 84' lang='lat' dir='ltr'><strong>ad</strong></span> <span class='ocrx_word' id='word_1_820' title='bbox 1095 5138 1291 5223; x_wconf 65' lang='lat' dir='ltr'><strong>ventos</strong></span> <span class='ocrx_word' id='word_1_821' title='bbox 1324 5162 1337 5197; x_wconf 92' lang='lat'>:</span> <span class='ocrx_word' id='word_1_822' title='bbox 1373 5142 1559 5223; x_wconf 55' lang='lat' dir='ltr'><strong>{Iunce</strong></span> <span class='ocrx_word' id='word_1_823' title='bbox 1584 5138 1795 5223; x_wconf 61' lang='grc' dir='ltr'><strong>ξὰχόρά</strong></span> 
     </span>
    </p>
   </div>
   <div class='ocr_carea' id='block_1_99' title="bbox 202 5208 1795 5284">
    <p class='ocr_par' dir='ltr' id='par_1_99' title="bbox 202 5208 1795 5284">
     <span class='ocr_line' id='line_1_100' title="bbox 202 5208 1795 5284; baseline 0.005 -20"><span class='ocrx_word' id='word_1_824' title='bbox 202 5214 335 5284; x_wconf 67' lang='grc' dir='ltr'><strong>νέφη.</strong></span> <span class='ocrx_word' id='word_1_825' title='bbox 364 5208 721 5284; x_wconf 67' lang='lat' dir='ltr'><strong>Tertullinnus</strong></span> <span class='ocrx_word' id='word_1_826' title='bbox 754 5232 765 5266; x_wconf 93' lang='lat'><strong>:</strong></span> <span class='ocrx_word' id='word_1_827' title='bbox 801 5210 986 5267; x_wconf 85' lang='lat' dir='ltr'><strong>Fortia</strong></span> <span class='ocrx_word' id='word_1_828' title='bbox 1017 5212 1208 5268; x_wconf 84' lang='lat' dir='ltr'><strong>nubila.</strong></span> <span class='ocrx_word' id='word_1_829' title='bbox 1238 5213 1503 5283; x_wconf 81' lang='lat' dir='ltr'><strong>Pagninus</strong></span> <span class='ocrx_word' id='word_1_830' title='bbox 1532 5234 1543 5269; x_wconf 91' lang='lat'>:</span> <span class='ocrx_word' id='word_1_831' title='bbox 1574 5208 1795 5281; x_wconf 57' lang='lat' dir='ltr'><strong>Quando</strong></span> 
     </span>
    </p>
   </div>
   <div class='ocr_carea' id='block_1_100' title="bbox 200 5280 879 5353">
    <p class='ocr_par' dir='ltr' id='par_1_100' title="bbox 200 5280 879 5353">
     <span class='ocr_line' id='line_1_101' title="bbox 200 5280 879 5353; baseline 0.003 -18"><span class='ocrx_word' id='word_1_832' title='bbox 200 5280 447 5353; x_wconf 72' lang='lat' dir='ltr'><strong>ﬁrmabat</strong></span> <span class='ocrx_word' id='word_1_833' title='bbox 470 5285 619 5338; x_wconf 68' lang='lat' dir='ltr'><strong>catos</strong></span> <span class='ocrx_word' id='word_1_834' title='bbox 650 5284 879 5352; x_wconf 84' lang='lat' dir='ltr'><strong>desuper.</strong></span> 
     </span>
    </p>
   </div>
   <div class='ocr_carea' id='block_1_101' title="bbox 266 5351 1794 5425">
    <p class='ocr_par' dir='ltr' id='par_1_101' title="bbox 266 5351 1794 5425">
     <span class='ocr_line' id='line_1_102' title="bbox 266 5351 1794 5425; baseline 0.005 -18"><span class='ocrx_word' id='word_1_835' title='bbox 266 5352 291 5390; x_wconf 74' lang='grc' dir='ltr'><strong>ιι</strong></span> <span class='ocrx_word' id='word_1_836' title='bbox 337 5351 504 5425; x_wconf 73' lang='lat' dir='ltr'><strong>Vetus</strong></span> <span class='ocrx_word' id='word_1_837' title='bbox 549 5353 740 5425; x_wconf 74' lang='lat' dir='ltr'><strong>codex,</strong></span> <span class='ocrx_word' id='word_1_838' title='bbox 774 5351 905 5409; x_wconf 77' lang='lat' dir='ltr'><strong>cum</strong></span> <span class='ocrx_word' id='word_1_839' title='bbox 943 5364 1127 5412; x_wconf 82' lang='lat' dir='ltr'><strong>certus.</strong></span> <span class='ocrx_word' id='word_1_840' title='bbox 1162 5357 1427 5425; x_wconf 85' lang='lat' dir='ltr'><strong>Quoniam</strong></span> <span class='ocrx_word' id='word_1_841' title='bbox 1470 5355 1655 5413; x_wconf 67' lang='lat' dir='ltr'><strong>Grtcce</strong></span> <span class='ocrx_word' id='word_1_842' title='bbox 1710 5368 1794 5415; x_wconf 86' lang='lat' dir='ltr'><strong>est</strong></span> 
     </span>
    </p>
   </div>
   <div class='ocr_carea' id='block_1_102' title="bbox 204 5422 1790 5500">
    <p class='ocr_par' dir='ltr' id='par_1_102' title="bbox 204 5422 1790 5500">
     <span class='ocr_line' id='line_1_103' title="bbox 204 5422 1790 5500; baseline 0.004 -22"><span class='ocrx_word' id='word_1_843' title='bbox 204 5422 437 5500; x_wconf 49' lang='lat' dir='ltr'><strong>aqua;</strong></span> <span class='ocrx_word' id='word_1_844' title='bbox 482 5428 667 5500; x_wconf 67' lang='grc' dir='ltr'><strong>πηγὰς.</strong></span> <span class='ocrx_word' id='word_1_845' title='bbox 697 5424 996 5500; x_wconf 59' lang='lat' dir='ltr'><strong>Cyprianus</strong></span> <span class='ocrx_word' id='word_1_846' title='bbox 1018 5445 1053 5500; x_wconf 74' lang='lat'><strong>__:</strong></span> <span class='ocrx_word' id='word_1_847' title='bbox 1086 5425 1158 5500; x_wconf 79' lang='lat' dir='ltr'><strong>Et</strong></span> <span class='ocrx_word' id='word_1_848' title='bbox 1184 5422 1299 5500; x_wconf 72' lang='lat' dir='ltr'><strong>cum</strong></span> <span class='ocrx_word' id='word_1_849' title='bbox 1334 5429 1668 5500; x_wconf 80' lang='lat' dir='ltr'><strong>conﬁrmatos</strong></span> <span class='ocrx_word' id='word_1_850' title='bbox 1696 5448 1790 5498; x_wconf 84' lang='lat' dir='ltr'><strong>po-</strong></span> 
     </span>
    </p>
   </div>
   <div class='ocr_carea' id='block_1_103' title="bbox 205 5493 1790 5566">
    <p class='ocr_par' dir='ltr' id='par_1_103' title="bbox 205 5493 1790 5566">
     <span class='ocr_line' id='line_1_104' title="bbox 205 5493 1790 5566; baseline 0.004 -18"><span class='ocrx_word' id='word_1_851' title='bbox 205 5493 350 5548; x_wconf 65' lang='lat' dir='ltr'><strong>nebat</strong></span> <span class='ocrx_word' id='word_1_852' title='bbox 373 5495 548 5566; x_wconf 81' lang='lat' dir='ltr'><strong>fontes</strong></span> <span class='ocrx_word' id='word_1_853' title='bbox 562 5493 666 5550; x_wconf 64' lang='lat' dir='ltr'><strong>sub</strong></span> <span class='ocrx_word' id='word_1_854' title='bbox 687 5493 827 5566; x_wconf 67' lang='lat' dir='ltr'><strong>aulo.</strong></span> <span class='ocrx_word' id='word_1_855' title='bbox 851 5494 1072 5553; x_wconf 85' lang='lat' dir='ltr'><strong>Tertull.</strong></span> <span class='ocrx_word' id='word_1_856' title='bbox 1098 5499 1216 5553; x_wconf 85' lang='lat' dir='ltr'><strong>adv.</strong></span> <span class='ocrx_word' id='word_1_857' title='bbox 1250 5493 1642 5566; x_wconf 81' lang='lat' dir='ltr'><strong>Hermogenem</strong></span> <span class='ocrx_word' id='word_1_858' title='bbox 1674 5493 1790 5555; x_wconf 57' lang='lat' dir='ltr'><strong>{Et</strong></span> 
     </span>
    </p>
   </div>
   <div class='ocr_carea' id='block_1_104' title="bbox 207 5565 1787 5641">
    <p class='ocr_par' dir='ltr' id='par_1_104' title="bbox 207 5565 1787 5641">
     <span class='ocr_line' id='line_1_105' title="bbox 207 5565 1787 5641; baseline 0.003 -22"><span class='ocrx_word' id='word_1_859' title='bbox 207 5578 313 5641; x_wconf 57' lang='lat' dir='ltr'><strong>cum</strong></span> <span class='ocrx_word' id='word_1_860' title='bbox 340 5565 523 5641; x_wconf 59' lang='lat' dir='ltr'><strong>ﬁrmos</strong></span> <span class='ocrx_word' id='word_1_861' title='bbox 549 5565 771 5641; x_wconf 76' lang='lat' dir='ltr'><strong>ponebat</strong></span> <span class='ocrx_word' id='word_1_862' title='bbox 799 5567 963 5641; x_wconf 72' lang='lat' dir='ltr'><strong>fontes</strong></span> <span class='ocrx_word' id='word_1_863' title='bbox 997 5569 1250 5641; x_wconf 69' lang='lat' dir='ltr'><strong>eju§_quw</strong></span> <span class='ocrx_word' id='word_1_864' title='bbox 1276 5569 1367 5623; x_wconf 81' lang='lat' dir='ltr'><strong>sub</strong></span> <span class='ocrx_word' id='word_1_865' title='bbox 1398 5565 1521 5624; x_wconf 59' lang='lat' dir='ltr'><strong>coilo</strong></span> <span class='ocrx_word' id='word_1_866' title='bbox 1557 5579 1654 5624; x_wconf 85' lang='lat' dir='ltr'><strong>est.</strong></span> <span class='ocrx_word' id='word_1_867' title='bbox 1690 5570 1787 5633; x_wconf 79' lang='lat' dir='ltr'><strong>Hic</strong></span> 
     </span>
    </p>
   </div>
   <div class='ocr_carea' id='block_1_105' title="bbox 206 5631 1784 5695">
    <p class='ocr_par' dir='ltr' id='par_1_105' title="bbox 206 5631 1784 5695">
     <span class='ocr_line' id='line_1_106' title="bbox 206 5631 1784 5695; baseline 0.005 -8"><span class='ocrx_word' id='word_1_868' title='bbox 206 5631 267 5688; x_wconf 79' lang='lat' dir='ltr'><strong>ad</strong></span> <span class='ocrx_word' id='word_1_869' title='bbox 294 5631 519 5692; x_wconf 84' lang='lat' dir='ltr'><strong>verbum</strong></span> <span class='ocrx_word' id='word_1_870' title='bbox 540 5631 981 5693; x_wconf 63' lang='lat' dir='ltr'><strong>transfert&#39;verba</strong></span> <span class='ocrx_word' id='word_1_871' title='bbox 1011 5631 1168 5692; x_wconf 52' lang='lat' dir='ltr'><strong>LXXI</strong></span> <span class='ocrx_word' id='word_1_872' title='bbox 1195 5639 1375 5695; x_wconf 78' lang='lat' dir='ltr'><strong>lremci</strong></span> <span class='ocrx_word' id='word_1_873' title='bbox 1408 5649 1586 5695; x_wconf 85' lang='lat' dir='ltr'><strong>autem</strong></span> <span class='ocrx_word' id='word_1_874' title='bbox 1615 5641 1784 5695; x_wconf 87' lang='lat' dir='ltr'><strong>inter-</strong></span> 
     </span>
    </p>
   </div>
   <div class='ocr_carea' id='block_1_106' title="bbox 348 5698 1783 5796">
    <p class='ocr_par' dir='ltr' id='par_1_106' title="bbox 348 5698 1783 5796">
     <span class='ocr_line' id='line_1_107' title="bbox 348 5698 1783 5796; baseline 0.006 -35"><span class='ocrx_word' id='word_1_875' title='bbox 348 5706 517 5796; x_wconf 64' lang='lat' dir='ltr'><strong>verba</strong></span> <span class='ocrx_word' id='word_1_876' title='bbox 538 5702 751 5796; x_wconf 64' lang='lat' dir='ltr'><strong>Aquilae</strong></span> <span class='ocrx_word' id='word_1_877' title='bbox 766 5713 821 5795; x_wconf 70' lang='lat' dir='ltr'><strong>et</strong></span> <span class='ocrx_word' id='word_1_878' title='bbox 850 5698 1253 5796; x_wconf 57' lang='lat' dir='ltr'><strong>Theodotiunis,</strong></span> <span class='ocrx_word' id='word_1_879' title='bbox 1291 5714 1378 5781; x_wconf 73' lang='lat' dir='ltr'><strong>qui</strong></span> <span class='ocrx_word' id='word_1_880' title='bbox 1412 5709 1636 5766; x_wconf 67' lang='grc' dir='ltr'><strong>ἆϐνστον</strong></span> <span class='ocrx_word' id='word_1_881' title='bbox 1661 5725 1783 5768; x_wconf 81' lang='lat' dir='ltr'><strong>vcr-</strong></span> 
     </span>
    </p>
   </div>
   <div class='ocr_carea' id='block_1_107' title="bbox 357 5776 1101 5853">
    <p class='ocr_par' dir='ltr' id='par_1_107' title="bbox 357 5776 1101 5853">
     <span class='ocr_line' id='line_1_108' title="bbox 357 5776 1101 5853; baseline 0.003 -22"><span class='ocrx_word' id='word_1_882' title='bbox 357 5784 381 5853; x_wconf 68' lang='grc' dir='ltr'>ξ</span> <span class='ocrx_word' id='word_1_883' title='bbox 408 5776 528 5853; x_wconf 81' lang='lat' dir='ltr'><strong>loco</strong></span> <span class='ocrx_word' id='word_1_884' title='bbox 566 5776 625 5853; x_wconf 54' lang='lat' dir='ltr'><strong>ro:</strong></span> <span class='ocrx_word' id='word_1_885' title='bbox 652 5777 751 5833; x_wconf 71' lang='grc' dir='ltr'><strong>ὕπ’</strong></span> <span class='ocrx_word' id='word_1_886' title='bbox 766 5776 993 5853; x_wconf 55' lang='lat' dir='ltr'><strong>adparebit.</strong></span> <span class='ocrx_word' id='word_1_887' title='bbox 1088 5827 1101 5839; x_wconf 67' lang='grc'>,</span> 
     </span>
    </p>
   </div>
   <div class='ocr_carea' id='block_1_108' title="bbox 272 5844 1779 5922">
    <p class='ocr_par' dir='ltr' id='par_1_108' title="bbox 272 5844 1779 5922">
     <span class='ocr_line' id='line_1_109' title="bbox 272 5844 1779 5922; baseline 0.001 -18"><span class='ocrx_word' id='word_1_888' title='bbox 272 5845 296 5885; x_wconf 75' lang='grc'><strong><em>³</em></strong></span> <span class='ocrx_word' id='word_1_889' title='bbox 334 5844 505 5904; x_wconf 73' lang='lat' dir='ltr'><strong>Vetus</strong></span> <span class='ocrx_word' id='word_1_890' title='bbox 525 5844 714 5915; x_wconf 71' lang='lat' dir='ltr'><strong>sodes,</strong></span> <span class='ocrx_word' id='word_1_891' title='bbox 743 5844 987 5920; x_wconf 69' lang='lat' dir='ltr'><strong>ad&#39;quem</strong></span> <span class='ocrx_word' id='word_1_892' title='bbox 1025 5848 1277 5920; x_wconf 70' lang='lat' dir='ltr'><strong>gaudebsu</strong></span> <span class='ocrx_word' id='word_1_893' title='bbox 1305 5852 1357 5904; x_wconf 85' lang='lat' dir='ltr'><strong>in</strong></span> <span class='ocrx_word' id='word_1_894' title='bbox 1380 5852 1567 5922; x_wconf 79' lang='lat' dir='ltr'><strong>{aciem</strong></span> <span class='ocrx_word' id='word_1_895' title='bbox 1594 5863 1779 5906; x_wconf 76' lang='lat' dir='ltr'><strong>meum.</strong></span> 
     </span>
    </p>
   </div>
   <div class='ocr_carea' id='block_1_109' title="bbox 1894 4792 3494 4875">
    <p class='ocr_par' dir='ltr' id='par_1_109' title="bbox 1894 4792 3494 4875">
     <span class='ocr_line' id='line_1_110' title="bbox 1894 4792 3494 4875; baseline 0.004 -23"><span class='ocrx_word' id='word_1_896' title='bbox 1894 4798 2010 4875; x_wconf 66' lang='lat' dir='ltr'><strong>Ego</strong></span> <span class='ocrx_word' id='word_1_897' title='bbox 2038 4814 2181 4875; x_wconf 68' lang='lat' dir='ltr'><strong>erant</strong></span> <span class='ocrx_word' id='word_1_898' title='bbox 2209 4792 2665 4875; x_wconf 64' lang='lat' dir='ltr'><strong>cuiadgaut&#39;tebat.</strong></span> <span class='ocrx_word' id='word_1_899' title='bbox 2700 4792 2941 4864; x_wconf 61' lang='lat' dir='ltr'><strong>Quotidie</strong></span> <span class='ocrx_word' id='word_1_900' title='bbox 2960 4792 3136 4875; x_wconf 53' lang='lat' dir='ltr'><strong>autem</strong></span> <span class='ocrx_word' id='word_1_901' title='bbox 3158 4798 3494 4875; x_wconf 81' lang='lat' dir='ltr'><strong>jucu_udabar</strong></span> 
     </span>
    </p>
   </div>
   <div class='ocr_carea' id='block_1_110' title="bbox 1894 4869 3485 4939">
    <p class='ocr_par' dir='ltr' id='par_1_110' title="bbox 1894 4869 3485 4939">
     <span class='ocr_line' id='line_1_111' title="bbox 1894 4869 3485 4939; baseline 0.006 -18"><span class='ocrx_word' id='word_1_902' title='bbox 1894 4869 1955 4939; x_wconf 76' lang='lat' dir='ltr'><strong>in</strong></span> <span class='ocrx_word' id='word_1_903' title='bbox 1978 4870 2111 4939; x_wconf 78' lang='lat' dir='ltr'><strong>facie</strong></span> <span class='ocrx_word' id='word_1_904' title='bbox 2129 4869 2261 4939; x_wconf 77' lang='lat' dir='ltr'><strong>ejus,</strong></span> <span class='ocrx_word' id='word_1_905' title='bbox 2292 4870 2346 4921; x_wconf 88' lang='lat' dir='ltr'><strong>in</strong></span> <span class='ocrx_word' id='word_1_906' title='bbox 2368 4869 2507 4923; x_wconf 85' lang='lat' dir='ltr'><strong>omni</strong></span> <span class='ocrx_word' id='word_1_907' title='bbox 2532 4869 2775 4939; x_wconf 73' lang='lat' dir='ltr'><strong>tempore,</strong></span> <span class='ocrx_word' id='word_1_908' title='bbox 2807 4886 2922 4925; x_wconf 87' lang='lat' dir='ltr'><strong>cum</strong></span> <span class='ocrx_word' id='word_1_909' title='bbox 2951 4869 3234 4926; x_wconf 64' lang='lat' dir='ltr'><strong>laetaretur.</strong></span> <span class='ocrx_word' id='word_1_910' title='bbox 3260 4871 3485 4931; x_wconf 78' lang='lat' dir='ltr'><strong>Tertull.</strong></span> 
     </span>
    </p>
   </div>
   <div class='ocr_carea' id='block_1_111' title="bbox 1895 4938 3487 5025">
    <p class='ocr_par' dir='ltr' id='par_1_111' title="bbox 1895 4938 3487 5025">
     <span class='ocr_line' id='line_1_112' title="bbox 1895 4938 3487 5025; baseline 0.004 -33"><span class='ocrx_word' id='word_1_911' title='bbox 1895 4938 2103 5025; x_wconf 52' lang='lat' dir='ltr'><strong>advari.</strong></span> <span class='ocrx_word' id='word_1_912' title='bbox 2142 4938 2574 5025; x_wconf 39' lang='lat' dir='ltr'><strong>Hermogenem:</strong></span> <span class='ocrx_word' id='word_1_913' title='bbox 2604 4938 2711 5021; x_wconf 79' lang='lat' dir='ltr'><strong>Ego</strong></span> <span class='ocrx_word' id='word_1_914' title='bbox 2741 4956 2882 4993; x_wconf 85' lang='lat' dir='ltr'><strong>eram</strong></span> <span class='ocrx_word' id='word_1_915' title='bbox 2907 4940 2981 4995; x_wconf 84' lang='lat' dir='ltr'><strong>ad</strong></span> <span class='ocrx_word' id='word_1_916' title='bbox 3004 4959 3156 5025; x_wconf 82' lang='lat' dir='ltr'><strong>quam</strong></span> <span class='ocrx_word' id='word_1_917' title='bbox 3183 4944 3445 5025; x_wconf 68' lang='lat' dir='ltr'><strong>gaudebat</strong></span> <span class='ocrx_word' id='word_1_918' title='bbox 3469 4962 3487 4999; x_wconf 93' lang='lat'><strong><em>:</em></strong></span> 
     </span>
    </p>
   </div>
   <div class='ocr_carea' id='block_1_112' title="bbox 1894 5008 3494 5088">
    <p class='ocr_par' dir='ltr' id='par_1_112' title="bbox 1894 5008 3494 5088">
     <span class='ocr_line' id='line_1_113' title="bbox 1894 5008 3494 5088; baseline 0.008 -29"><span class='ocrx_word' id='word_1_919' title='bbox 1894 5009 2118 5088; x_wconf 68' lang='lat' dir='ltr'><strong>quotidie</strong></span> <span class='ocrx_word' id='word_1_920' title='bbox 2146 5018 2315 5062; x_wconf 86' lang='lat' dir='ltr'><strong>autem</strong></span> <span class='ocrx_word' id='word_1_921' title='bbox 2336 5008 2628 5088; x_wconf 76' lang='lat' dir='ltr'><strong>oblectabar</strong></span> <span class='ocrx_word' id='word_1_922' title='bbox 2652 5008 2710 5088; x_wconf 79' lang='lat' dir='ltr'><strong>in</strong></span> <span class='ocrx_word' id='word_1_923' title='bbox 2739 5026 2955 5079; x_wconf 87' lang='lat' dir='ltr'><strong>persona</strong></span> <span class='ocrx_word' id='word_1_924' title='bbox 2975 5008 3104 5083; x_wconf 83' lang='lat' dir='ltr'><strong>ejus,</strong></span> <span class='ocrx_word' id='word_1_925' title='bbox 3127 5008 3334 5088; x_wconf 60' lang='lat' dir='ltr'><strong>quando</strong></span> <span class='ocrx_word' id='word_1_926' title='bbox 3361 5014 3494 5071; x_wconf 83' lang='lat' dir='ltr'><strong>oble-</strong></span> 
     </span>
    </p>
   </div>
   <div class='ocr_carea' id='block_1_113' title="bbox 1897 5080 2807 5151">
    <p class='ocr_par' dir='ltr' id='par_1_113' title="bbox 1897 5080 2807 5151">
     <span class='ocr_line' id='line_1_114' title="bbox 1897 5080 2807 5151; baseline 0.001 -19"><span class='ocrx_word' id='word_1_927' title='bbox 1897 5080 2133 5151; x_wconf 68' lang='lat' dir='ltr'><strong>ctabatur</strong></span> <span class='ocrx_word' id='word_1_928' title='bbox 2162 5096 2277 5133; x_wconf 90' lang='lat' dir='ltr'><strong>cum</strong></span> <span class='ocrx_word' id='word_1_929' title='bbox 2292 5080 2588 5151; x_wconf 74' lang='lat' dir='ltr'><strong>perfecisset</strong></span> <span class='ocrx_word' id='word_1_930' title='bbox 2616 5080 2807 5134; x_wconf 78' lang='lat' dir='ltr'><strong>orbem.</strong></span> 
     </span>
    </p>
   </div>
   <div class='ocr_carea' id='block_1_114' title="bbox 1969 5149 3485 5225">
    <p class='ocr_par' dir='ltr' id='par_1_114' title="bbox 1969 5149 3485 5225">
     <span class='ocr_line' id='line_1_115' title="bbox 1969 5149 3485 5225; baseline 0.003 -23"><span class='ocrx_word' id='word_1_931' title='bbox 1969 5150 1993 5186; x_wconf 74' lang='grc' dir='ltr'>ά</span> <span class='ocrx_word' id='word_1_932' title='bbox 2034 5149 2393 5225; x_wconf 60' lang='lat' dir='ltr'><strong>Hit‘sronymus</strong></span> <span class='ocrx_word' id='word_1_933' title='bbox 2442 5150 2715 5225; x_wconf 64' lang='lat' dir='ltr'><strong>explicans</strong></span> <span class='ocrx_word' id='word_1_934' title='bbox 2768 5151 2897 5225; x_wconf 80' lang='lat' dir='ltr'><strong>illud</strong></span> <span class='ocrx_word' id='word_1_935' title='bbox 2938 5152 3084 5225; x_wconf 73' lang='lat' dir='ltr'><strong>Isaize</strong></span> <span class='ocrx_word' id='word_1_936' title='bbox 3142 5156 3290 5225; x_wconf 79' lang='lat' dir='ltr'><strong>(Cap.</strong></span> <span class='ocrx_word' id='word_1_937' title='bbox 3328 5157 3438 5223; x_wconf 82' lang='lat' dir='ltr'><strong>un)</strong></span> <span class='ocrx_word' id='word_1_938' title='bbox 3472 5172 3485 5207; x_wconf 90' lang='lat'><strong>:</strong></span> 
     </span>
    </p>
   </div>
   <div class='ocr_carea' id='block_1_115' title="bbox 1900 5217 3487 5295">
    <p class='ocr_par' dir='ltr' id='par_1_115' title="bbox 1900 5217 3487 5295">
     <span class='ocr_line' id='line_1_116' title="bbox 1900 5217 3487 5295; baseline 0.001 -22"><span class='ocrx_word' id='word_1_939' title='bbox 1900 5217 2297 5295; x_wconf 46' lang='lat' dir='ltr'><strong>Certe-rationem</strong></span> <span class='ocrx_word' id='word_1_940' title='bbox 2318 5217 2563 5295; x_wconf 76' lang='lat' dir='ltr'><strong>ejusquis</strong></span> <span class='ocrx_word' id='word_1_941' title='bbox 2593 5221 2895 5279; x_wconf 84' lang='lat' dir='ltr'><strong>enarrabit.’</strong></span> <span class='ocrx_word' id='word_1_942' title='bbox 2915 5225 3019 5279; x_wconf 85' lang='lat' dir='ltr'><strong>ait:</strong></span> <span class='ocrx_word' id='word_1_943' title='bbox 3048 5217 3196 5295; x_wconf 78' lang='lat' dir='ltr'><strong>Istud</strong></span> <span class='ocrx_word' id='word_1_944' title='bbox 3220 5217 3280 5278; x_wconf 77' lang='lat' dir='ltr'><strong>de</strong></span> <span class='ocrx_word' id='word_1_945' title='bbox 3302 5217 3487 5277; x_wconf 73' lang='lat' dir='ltr'><strong>divini-</strong></span> 
     </span>
    </p>
   </div>
   <div class='ocr_carea' id='block_1_116' title="bbox 1896 5289 3489 5365">
    <p class='ocr_par' dir='ltr' id='par_1_116' title="bbox 1896 5289 3489 5365">
     <span class='ocr_line' id='line_1_117' title="bbox 1896 5289 3489 5365; baseline 0.001 -22"><span class='ocrx_word' id='word_1_946' title='bbox 1896 5299 2006 5365; x_wconf 81' lang='lat' dir='ltr'><strong>tate</strong></span> <span class='ocrx_word' id='word_1_947' title='bbox 2029 5289 2153 5365; x_wconf 79' lang='lat' dir='ltr'><strong>ilii</strong></span> <span class='ocrx_word' id='word_1_948' title='bbox 2183 5289 2539 5357; x_wconf 80' lang='lat' dir='ltr'><strong>accipiendum</strong></span> <span class='ocrx_word' id='word_1_949' title='bbox 2573 5301 2669 5358; x_wconf 85' lang='lat' dir='ltr'><strong>est,</strong></span> <span class='ocrx_word' id='word_1_950' title='bbox 2701 5294 2836 5365; x_wconf 77' lang='lat' dir='ltr'><strong>quod</strong></span> <span class='ocrx_word' id='word_1_951' title='bbox 2866 5293 3180 5364; x_wconf 82' lang='lat' dir='ltr'><strong>impossibile</strong></span> <span class='ocrx_word' id='word_1_952' title='bbox 3207 5298 3277 5365; x_wconf 77' lang='lat' dir='ltr'><strong>sit</strong></span> <span class='ocrx_word' id='word_1_953' title='bbox 3301 5294 3489 5365; x_wconf 65' lang='lat' dir='ltr'><strong>dicitur</strong></span> 
     </span>
    </p>
   </div>
   <div class='ocr_carea' id='block_1_117' title="bbox 1896 5361 3487 5445">
    <p class='ocr_par' dir='ltr' id='par_1_117' title="bbox 1896 5361 3487 5445">
     <span class='ocr_line' id='line_1_118' title="bbox 1896 5361 3487 5445; baseline 0.003 -33"><span class='ocrx_word' id='word_1_954' title='bbox 1896 5362 2400 5445; x_wconf 49' lang='lat' dir='ltr'><strong>potiritattsunosse</strong></span> <span class='ocrx_word' id='word_1_955' title='bbox 2462 5361 2724 5435; x_wconf 54' lang='lat' dir='ltr'><strong>mysteria;</strong></span> <span class='ocrx_word' id='word_1_956' title='bbox 2772 5362 2860 5445; x_wconf 56' lang='lat' dir='ltr'><strong>“De</strong></span> <span class='ocrx_word' id='word_1_957' title='bbox 2935 5361 3035 5435; x_wconf 83' lang='lat' dir='ltr'><strong>qua</strong></span> <span class='ocrx_word' id='word_1_958' title='bbox 3093 5366 3199 5445; x_wconf 83' lang='lat' dir='ltr'><strong>ipse</strong></span> <span class='ocrx_word' id='word_1_959' title='bbox 3260 5361 3487 5432; x_wconf 85' lang='lat' dir='ltr'><strong>loquitur</strong></span> 
     </span>
    </p>
   </div>
   <div class='ocr_carea' id='block_1_118' title="bbox 1894 5429 3268 5505">
    <p class='ocr_par' dir='ltr' id='par_1_118' title="bbox 1894 5429 3268 5505">
     <span class='ocr_line' id='line_1_119' title="bbox 1894 5429 3268 5505; baseline -0.001 -21"><span class='ocrx_word' id='word_1_960' title='bbox 1894 5431 1946 5484; x_wconf 84' lang='lat' dir='ltr'><strong>in</strong></span> <span class='ocrx_word' id='word_1_961' title='bbox 1970 5429 2300 5505; x_wconf 65' lang='lat' dir='ltr'><strong>Proverbiis:</strong></span> <span class='ocrx_word' id='word_1_962' title='bbox 2332 5431 2464 5505; x_wconf 64' lang='lat' dir='ltr'><strong>Ante</strong></span> <span class='ocrx_word' id='word_1_963' title='bbox 2498 5429 2672 5490; x_wconf 71' lang='lat' dir='ltr'><strong>omnes</strong></span> <span class='ocrx_word' id='word_1_964' title='bbox 2703 5434 2858 5505; x_wconf 81' lang='lat' dir='ltr'><strong>colles</strong></span> <span class='ocrx_word' id='word_1_965' title='bbox 2884 5429 3146 5505; x_wconf 76' lang='lat' dir='ltr'><strong>generavit</strong></span> <span class='ocrx_word' id='word_1_966' title='bbox 3172 5448 3268 5483; x_wconf 80' lang='lat' dir='ltr'><strong>me.</strong></span> 
     </span>
    </p>
   </div>
   <div class='ocr_carea' id='block_1_119' title="bbox 1958 5498 3484 5627">
    <p class='ocr_par' dir='ltr' id='par_1_119' title="bbox 1958 5498 3484 5627">
     <span class='ocr_line' id='line_1_120' title="bbox 1958 5498 3484 5627; baseline 0.002 -72"><span class='ocrx_word' id='word_1_967' title='bbox 1958 5510 1991 5627; x_wconf 56' lang='grc' dir='ltr'><strong>(ἶ</strong></span> <span class='ocrx_word' id='word_1_968' title='bbox 2032 5500 2120 5557; x_wconf 89' lang='lat' dir='ltr'><strong>Sic</strong></span> <span class='ocrx_word' id='word_1_969' title='bbox 2147 5504 2481 5560; x_wconf 85' lang='lat' dir='ltr'><strong>correximus</strong></span> <span class='ocrx_word' id='word_1_970' title='bbox 2528 5521 2627 5576; x_wconf 92' lang='lat' dir='ltr'><strong>pro</strong></span> <span class='ocrx_word' id='word_1_971' title='bbox 2672 5498 2907 5567; x_wconf 60' lang='lat' dir='ltr'><strong>credam;</strong></span> <span class='ocrx_word' id='word_1_972' title='bbox 2931 5499 3075 5568; x_wconf 88' lang='lat' dir='ltr'><strong>quod</strong></span> <span class='ocrx_word' id='word_1_973' title='bbox 3129 5508 3246 5553; x_wconf 85' lang='lat' dir='ltr'><strong>erat</strong></span> <span class='ocrx_word' id='word_1_974' title='bbox 3274 5498 3324 5554; x_wconf 91' lang='lat' dir='ltr'><strong>in</strong></span> <span class='ocrx_word' id='word_1_975' title='bbox 3377 5510 3484 5558; x_wconf 84' lang='lat' dir='ltr'><strong>vet.</strong></span> 
     </span>
    </p>
   </div>
   <div class='ocr_carea' id='block_1_120' title="bbox 1890 5582 2016 5627">
    <p class='ocr_par' dir='ltr' id='par_1_120' title="bbox 1890 5582 2016 5627">
     <span class='ocr_line' id='line_1_121' title="bbox 1890 5582 2016 5627; baseline 0 0"><span class='ocrx_word' id='word_1_976' title='bbox 1890 5582 1990 5627; x_wconf 74' lang='lat'><strong>000</strong></span> <span class='ocrx_word' id='word_1_977' title='bbox 2001 5612 2016 5627; x_wconf 89' lang='lat'><strong>.</strong></span> 
     </span>
    </p>
   </div>
   <div class='ocr_carea' id='block_1_121' title="bbox 1965 5633 3489 5713">
    <p class='ocr_par' dir='ltr' id='par_1_121' title="bbox 1965 5633 3489 5713">
     <span class='ocr_line' id='line_1_122' title="bbox 1965 5633 3489 5713; baseline 0.001 -15"><span class='ocrx_word' id='word_1_978' title='bbox 1965 5640 1985 5679; x_wconf 66' lang='grc' dir='ltr'>ί</span> <span class='ocrx_word' id='word_1_979' title='bbox 2027 5641 2175 5700; x_wconf 84' lang='lat' dir='ltr'><strong>Hanc</strong></span> <span class='ocrx_word' id='word_1_980' title='bbox 2196 5644 2708 5713; x_wconf 15' lang='lat' dir='ltr'><strong>allegoriamit’ateor</strong></span> <span class='ocrx_word' id='word_1_981' title='bbox 2736 5639 2865 5693; x_wconf 84' lang='lat' dir='ltr'><strong>mibi</strong></span> <span class='ocrx_word' id='word_1_982' title='bbox 2890 5633 3307 5713; x_wconf 77' lang='lat' dir='ltr'><strong>perobscuram;</strong></span> <span class='ocrx_word' id='word_1_983' title='bbox 3344 5644 3489 5701; x_wconf 88' lang='lat' dir='ltr'><strong>arbi-</strong></span> 
     </span>
    </p>
   </div>
   <div class='ocr_carea' id='block_1_122' title="bbox 1888 5707 3487 5798">
    <p class='ocr_par' dir='ltr' id='par_1_122' title="bbox 1888 5707 3487 5798">
     <span class='ocr_line' id='line_1_123' title="bbox 1888 5707 3487 5798; baseline 0.001 0"><span class='ocrx_word' id='word_1_984' title='bbox 1888 5719 2109 5798; x_wconf 59' lang='lat' dir='ltr'><strong>tror.qu</strong></span> <span class='ocrx_word' id='word_1_985' title='bbox 2136 5707 2342 5798; x_wconf 60' lang='grc' dir='ltr'><strong>διίίιεξόι</strong></span> <span class='ocrx_word' id='word_1_986' title='bbox 2359 5712 2590 5798; x_wconf 47' lang='lat'><strong>@9991</strong></span> <span class='ocrx_word' id='word_1_987' title='bbox 2608 5720 2898 5798; x_wconf 47' lang='lat' dir='ltr'><strong>and“</strong></span> <span class='ocrx_word' id='word_1_988' title='bbox 2943 5717 3055 5761; x_wconf 65' lang='grc' dir='ltr'><strong>’που</strong></span> <span class='ocrx_word' id='word_1_989' title='bbox 3100 5707 3204 5769; x_wconf 62' lang='lat' dir='ltr'><strong>nisi</strong></span> <span class='ocrx_word' id='word_1_990' title='bbox 3245 5714 3487 5774; x_wconf 70' lang='grc' dir='ltr'><strong>ωθιίοτίι</strong></span> 
     </span>
    </p>
   </div>
   <div class='ocr_carea' id='block_1_123' title="bbox 1887 5782 2807 5852">
    <p class='ocr_par' dir='ltr' id='par_1_123' title="bbox 1887 5782 2807 5852">
     <span class='ocr_line' id='line_1_124' title="bbox 1887 5782 2807 5852; baseline -0.011 -11"><span class='ocrx_word' id='word_1_991' title='bbox 1887 5782 2091 5842; x_wconf 75' lang='lat' dir='ltr'><strong>codicis</strong></span> <span class='ocrx_word' id='word_1_992' title='bbox 2118 5782 2319 5842; x_wconf 82' lang='lat' dir='ltr'><strong>auxitio</strong></span> <span class='ocrx_word' id='word_1_993' title='bbox 2346 5782 2543 5852; x_wconf 67' lang='lat' dir='ltr'><strong>corrigi</strong></span> <span class='ocrx_word' id='word_1_994' title='bbox 2563 5782 2807 5851; x_wconf 84' lang='lat' dir='ltr'><strong>possunt.</strong></span> 
     </span>
    </p>
   </div>
  </div>
