4108 6348
604 358 705 416 285
1943 343 2215 401 ARNOBH
2253 341 2557 399 JUMORIS
3783 332 3899 389 26‘

603 465 987 529 testimonium,
1003 469 1060 518 ut
1073 459 1380 519 ostenderes
1398 456 1493 515 Dei
1507 458 1695 514 Filium
1709 448 2028 514 creaturam.
2049 456 2191 513 Hac-
2220 463 2263 519 Α
2298 456 2565 511 Arnobius
2580 454 2713 508 dixit
2739 472 2751 507 :
2778 453 2967 508 Pnrtas
2990 450 3180 506 inferni
3213 450 3329 507 illas
3349 450 3576 506 dicimns
3589 464 3727 521 quas
3748 449 3901 519 prino

605 570 761 617 tenus
790 556 1120 613 ostendimus
1157 551 1474 623 sapientiam
1505 551 1559 606 in
1597 551 1710 606 Deo
1741 548 1904 605 fuisse
1947 564 2189 620 semper,
2295 548 2442 618 cipes
2469 546 2628 618 hujus
2656 545 2838 600 mundi
2868 544 3067 599 divitiis
3096 555 3144 597 et
3176 543 3548 615 passinnibus,
3599 543 3900 613 impietati-

602 652 910 719 justumque
938 656 1020 703 est
1047 654 1104 701 ut
1127 645 1193 701 de
1215 645 1418 700 deitate
1439 652 1496 699 et
1514 643 1776 698 Trinitate
1805 628 1988 698 nostra
2010 624 2193 696 currat
2294 642 2394 696 bus
2423 648 2478 696 et
2515 638 2830 694 criminibus
2860 637 2912 692 in
2959 635 3240 691 introitum
3270 643 3544 706 perpetua:
3572 634 3763 689 mortis
3800 649 3904 706 po-

606 742 861 807 iutentio;
893 749 1072 795 tamen
1102 736 1410 793 transitorie
1449 735 1613 791 etiam
1638 735 1725 789 hic
1753 734 1944 789 damus
1970 747 2193 802 respon-
2295 742 2521 795 suerunt,
2546 755 2557 789 :
2592 751 2691 806 per
2717 750 2852 806 quas
2873 733 3247 804 ingrediuntur
3266 731 3568 787 idololatria
3592 729 3904 785 daemonum

604 850 738 890 sum.
780 832 919 887 Deus
965 832 1107 887 sicut
1151 846 1493 899 personarum
1531 836 1780 899 acceptor
1829 826 2042 898 penitus
2090 840 2194 879 non

601 935 677 982 est
708 925 881 997 (Rom.
915 941 971 990 ιι,
1000 922 1096 989 ll;
1140 920 1254 976 Act.
1301 938 1352 976 x.
1389 920 1502 990 54),
1532 920 1612 977 sic
1632 918 1939 975 considerat
1965 925 2192 982 mentes,

603 1026 660 1074 et
684 1017 880 1084 studia,
913 1023 968 1070 et
988 1014 1343 1084 cogitationes
1371 1011 1601 1069 ﬁliorum
1624 1010 1772 1077 Adae,
1796 1018 1851 1065 et
1879 1009 2029 1064 novit
2057 1008 2198 1079 opti-

605 1124 691 1166 me
711 1108 839 1179 quid
859 1107 1054 1164 debeat
1081 1105 1150 1161 de
1172 1105 1424 1160 thesauro
1449 1119 1548 1159 suo
1587 1102 1832 1173 proferre
1878 1120 1889 1155 :
1925 1110 1951 1139 ιι
1981 1108 2036 1154 et
2061 1100 2198 1155 sicut

604 1202 771 1272 exigit
789 1200 907 1271 ejus
945 1199 1190 1269 tequitas,
1220 1198 1301 1253 sic
1343 1197 1567 1251 donare.
1604 1193 1673 1249 Et
1698 1194 1851 1260 ideo,
1884 1193 2022 1249 sicut
2067 1190 2199 1247 dicit

604 1294 897 1366 Apostolus
928 1311 940 1346 :
969 1289 1093 1346 Non
1120 1297 1198 1345 est
1234 1292 1576 1361 personarum
1602 1287 1833 1357 acceptio
1863 1284 2002 1354 apud
2032 1283 2199 1338 Deum

607 1385 767 1458 (Eph.
800 1401 873 1451 vr,
904 1381 969 1451 9;
999 1382 1193 1439 Colon.
1229 1399 1320 1451 ιιι,
1350 1381 1477 1454 25),
1504 1382 1583 1439 sic
1610 1382 1725 1452 ipse
1746 1380 1874 1435 dicit
1901 1397 1913 1433 :
1947 1377 2199 1451 Nunquid

605 1495 781 1554 omnes
809 1477 1066 1550 apostoli?
1088 1474 1341 1549 Nunquid
1368 1492 1543 1531 omnes
1567 1474 1833 1547 propheta:
1862 1471 1905 1544 (Ι
1949 1469 2071 1526 Cor.
2102 1488 2194 1535 xu,

604 1570 705 1637 29;
738 1568 873 1642 Eph.
900 1586 973 1635 ιν,
1003 1567 1127 1639 il)?
1155 1567 1306 1623 Sicut
1332 1580 1462 1637 ergo
1487 1574 1692 1622 certum
1721 1564 1886 1634 geris,
1910 1562 2056 1633 quod
2075 1576 2201 1633 per-

606 1679 860 1720 sonarum
906 1670 1159 1733 acceptor
1204 1677 1313 1717 non
1366 1661 1458 1727 sit,
1506 1660 1585 1715 sic
1629 1667 1836 1715 certum
1882 1672 2010 1728 gere
2054 1654 2201 1727 quod

608 1755 770 1811 etiam
798 1753 1112 1810 distributor
1132 1768 1238 1829 non
1260 1752 1332 1829 sit
1351 1749 1611 1820 injustus:
1646 1746 1907 1819 quidquid
1934 1747 2077 1802 circa
2101 1746 2197 1801 hu-

2298 829 2518 900 templa,
2543 842 2730 882 verum
2758 825 2927 880 Deum
2953 840 3058 879 non
3082 824 3353 887 timentes,
3386 826 3689 876 metuentes
3712 830 3903 876 autem

2301 921 2557 992 ﬁgmenta
2580 918 2887 974 vanissima.
2914 916 3124 972 Habent
3151 925 3207 971 et
3233 915 3367 970 alias
3392 921 3597 987 portas,
3628 927 3728 983 per
3767 927 3905 982 quas

2299 1014 2673 1086 ingrediuntur
2718 1025 3003 1084 synagoga:
3048 1006 3379 1082 synedrium,
3411 1004 3684 1062 Christum
3719 1004 3906 1061 Demi—

2302 1124 2432 1165 num
2478 1108 2645 1164 Deum
2696 1106 3048 1176 denegantes.
3078 1103 3291 1158 Habent
3320 1111 3375 1157 et
3402 1101 3540 1156 alias
3568 1108 3776 1171 portas.
3808 1114 3908 1170 per

2300 1217 2437 1272 quas
2457 1198 2830 1269 ingrediuntur
2843 1195 3243 1252 ad-doctrinam
3267 1194 3646 1250 haereticorum
3666 1201 3721 1248 et
3742 1190 3908 1248 schis-

2301 1292 2623 1349 maticorum
2667 1299 2861 1347 sectas.
2908 1286 3118 1343 Habent
3144 1294 3200 1342 et
3253 1285 3387 1341 alias
3414 1292 3618 1355 portas,
3655 1297 3755 1354 per
3773 1298 3906 1354 quas

2304 1394 2663 1458 stupratores,
2688 1382 2939 1449 adulteri,
2963 1370 3709 1450 fornicatores,'pla'giatores,
3738 1374 3901 1439 fures,

2304 1479 2624 1549 blasphemi,
2658 1475 3009 1543 omniumque
3055 1471 3136 1528 rei
3186 1470 3471 1528 criminum
3507 1467 3899 1539 ingrediuntur.

2305 1568 2399 1625 His
2426 1568 2761 1640 principibus
2791 1567 2844 1620 in
2868 1565 3103 1621 adventu
3134 1562 3346 1619 Domini
3394 1561 3566 1617 nostri
3592 1560 3724 1634 Iesu
3750 1560 3904 1616 Chri-

2306 1663 2374 1718 sti
2398 1662 2687 1718 clamatum
2716 1666 2798 1714 est
2827 1674 2856 1713 a
2886 1657 3089 1729 Spiritu
3119 1666 3309 1713 sancto
3331 1674 3343 1710 :
3363 1652 3547 1711 Tollite
3565 1664 3768 1728 portas,
3802 1663 3900 1709 etc.

2308 1751 2426 1823 (Ps.
2458 1768 2606 1816 xxm,
2642 1751 2693 1817 7,
2728 1748 2812 1821 9).
2846 1749 2927 1805 llli
2956 1749 3099 1805 enim
3127 1764 3255 1805 vere
3286 1747 3613 1819 temporales
3631 1762 3740 1801 non
3761 1754 3903 1812 sunt,

608 1846 823 1902 militum
852 1859 1019 1916 genus
1054 1824 1265 1902 Γθοθτίιο
1291 1824 1506 1914 Deum“
1545 1841 1692 1897 “una
1720 1848 1901 1911 νοιθει
1930 1839 1956 1877 δ
1988 1835 2197 1894 ratione
2232 1846 2277 1906 Β
2304 1848 2361 1903 in
2385 1832 2582 1919 quibus
2621 1845 3004 1900 immortalitas
3052 1844 3127 1898 ita
3167 1850 3376 1912 regnat,
3409 1852 3468 1897 ut
3506 1849 3680 1913 portae
3715 1840 3901 1897 inferni

607 1937 1029 2010 reprehensibile
1049 1936 1296 1991 inveniri.
1321 1936 1465 1992 Sane
1484 1951 1574 1989 cor
1600 1933 1850 1991 mundum
1879 1934 2045 1987 creari
2061 1933 2116 1986 in
2144 1947 2200 1986 se

607 2031 774 2088 David
788 2029 999 2087 fletibus
1009 2036 1066 2085 et
1077 2029 1365 2100 gemitibus
1377 2025 1946 2100 postulavit(Ps.t.,l2)
1955 2066 1968 2079 .
1986 2026 2201 2080 Imitare

605 2123 775 2180 David
802 2120 856 2179 in
897 2120 1210 2194 ptenitendo
1231 2130 1286 2177 et
1305 2122 1360 2175 in
1389 2118 1702 2190 accipiendo
1731 2118 1999 2197 particeps
2028 2116 2201 2172 factus

605 2217 785 2276 cordis
808 2215 1008 2271 mundi
1036 2224 1092 2272 et
1126 2214 1446 2286 sapientiam
1486 2214 1542 2269 in
1584 2221 1638 2268 te
1680 2220 1980 2268 creatorem
2032 2211 2201 2265 Deum

611 2324 634 2352 ε
664 2310 1040 2381 gratulaberis.
1073 2308 1227 2365 Nunc
1253 2316 1432 2363 autem
1461 2306 1528 2361 ad
1561 2306 1867 2362 testimonia
1897 2321 1927 2358 a
1952 2312 2004 2359 te
2027 2303 2200 2374 posita

607 2410 1056 2459 revertamur.-—
1092 2398 1353 2468 Serapion
1394 2398 1529 2452 dixit
1573 2414 1586 2449 :
1637 2394 1930 2450 Memoravi
1976 2392 2201 2464 lapidem

608 2510 756 2566 quem
778 2492 1141 2563 'reprobarunt
1189 2476 1532 2560 aidiﬁcantes,
1564 2500 1631 2541 eo
1659 2485 1804 2555 quod
1853 2486 2019 2556 factus
2052 2486 2119 2537 sit
2148 2485 2203 2537 in

611 2594 765 2657 caput
791 2583 969 2656 anguli
992 2581 1108 2655 (Ps.
1135 2597 1295 2643 cxvu,
1325 2578 1427 2644 22;
1456 2577 1647 2632 Matth.
1682 2593 1793 2641 XX],
1823 2574 1945 2646 42);
1977 2574 2001 2611 ιι
2030 2575 2133 2630 hoc
2171 2590 2203 2629 a

610 2678 838 2736 Domino
862 2675 1062 2731 factum
1082 2682 1165 2729 est
1184 2671 1426 2727 mirabile
1454 2671 1509 2725 in
1530 2669 1701 2725 oculis
1728 2666 2203 2723 nostris—Arno-

609 2771 730 2828 bius
748 2770 883 2826 dixit
901 2787 914 2823 :
940 2768 1064 2824 Tria
1083 2768 1138 2823 in
1153 2768 1259 2822 hoc
1272 2766 1392 2821 loco
1413 2763 1701 2834 quaerenda
1714 2770 1865 2818 sunt:
1883 2762 1975 2830 qui
1992 2770 2114 2815 sunt
2127 2775 2202 2815 aa—

610 2865 904 2937 diﬁcantes,
917 2862 1046 2933 quid
1056 2860 1402 2925 auliﬁcantes,
1415 2866 1471 2913 et
1483 2857 1575 2928 qui
1585 2858 1938 2927 reprobantes
1952 2853 2200 2924 lapidem.

611 2955 961 3014 Ediﬁcantes
972 2968 1201 3023 namque
1212 2950 1239 3006 J
1246 2950 1380 3007 ιιόωὶ
1392 2965 1554 3020 super
1566 2947 1966 3004 fundamentum
1979 2945 2206 3017 prophe—
2266 2949 2277 2956 ‘

610 3058 808 3113 tarum,
826 3046 1113 3103 Dominum
1132 3052 1372 3099 nostrum
1392 3042 1576 3097 Jesum
1596 3039 1869 3096 Christum
1890 3040 1957 3095 de
1977 3054 2202 3094 nurnero

612 3140 770 3211 hujus
797 3138 1303 3194 aediﬁcationisnon
1329 3137 1505 3191 solum
1534 3136 1999 3206 reprobaverunt,
2018 3149 2202 3188 verum

2304 1956 2410 1996 non
2441 1939 2769 2011 praevaleant
2796 1938 3053 1993 adversus
3081 1952 3231 2003 eam;
3264 1953 3362 2008 per
3384 1936 3537 2021 ipsas‘
3557 1935 3704 1990 enim
3735 1935 3901 1992 intro—

2302 2033 2400 2101 ivit
2431 2032 2544 2088 Rex
2573 2032 2757 2102 gloria:
2777 2047 2900 2088 cum
2931 2030 3182 2086 omnibus
3201 2029 3332 2084 suis.

2375 2125 2432 2181 Si
2472 2124 2726 2194 inquiris,
2772 2124 2891 2194 quis
2932 2123 3033 2177 iste
3077 2120 3193 2176 Rex
3238 2119 3454 2190 glorite,
3503 2118 3690 2175 audies
3736 2118 3900 2190 ipsum

2306 2218 2574 2273 dicentem
2597 2216 2857 2286 Spiritum
2879 2223 3123 2270 sanctum
3144 2233 3155 2267 :
3182 2213 3438 2268 Dominus
3458 2214 3611 2285 fortis
3629 2220 3679 2267 et
3697 2221 3897 2284 potens,

2304 2310 2559 2365 Dominus
2586 2316 2769 2382 potens
2790 2310 2844 2363 in
2874 2308 3075 2379 prwlio.
3104 2306 3243 2373 Sunt
3258 2306 3400 2361 enim
3424 2304 3821 2376 poruejustitize
3849 2305 3900 2360 in

2304 2406 2525 2460 auribus
2544 2404 2819 2459 hominum
2837 2404 3046 2474 posiae,
3061 2402 3127 2458 ad
3143 2417 3277 2473 quas
3291 2417 3471 2456 sermo
3491 2400 3611 2457 lidei
3623 2394 3900 2456 cathOlica:

2303 2498 2502 2553 clamat
2522 2496 2706 2552 dicens
2724 2514 2735 2548 :
2751 2495 2959 2567 Aperite
2980 2495 3107 2550 mihi
3121 2501 3302 2565 portas
3316 2494 3559 2565 justitiw,
3575 2501 3621 2547 et
3639 2493 3899 2565 ingressus

2304 2590 2359 2643 in
2379 2605 2468 2642 eas
2499 2586 2784 2658 conﬁtebor
2798 2586 3023 2642 Domino
3051 2585 3220 2658 (Psal.
3246 2602 3406 2650 cxvn,
3432 2583 3544 2657 l9).
3569 2584 3686 2656 Ipse
3724 2593 3897 2640 autem

2304 2692 2484 2734 sermo
2514 2686 2867 2749 posteaquam
2907 2677 3173 2731 introierit
3210 2692 3310 2748 per
3349 2691 3509 2731 aures
3548 2676 3603 2732 in
3633 2660 3893 2731 civitatem

2304 2771 2516 2835 animae,
2530 2769 2765 2825 ostendit
2794 2769 2843 2824 ei
2864 2776 3076 2840 portam
3098 2769 3219 2824 vita:
3244 2762 3491 2835 aeternae;
3516 2777 3574 2824 et
3600 2768 3750 2834 dicit,
3774 2767 3894 2824 Hec

2304 2871 2456 2936 porta
2484 2861 2717 2929 Domini,
2741 2864 2872 2935 justi
2891 2863 3157 2917 intrabunt
3184 2865 3239 2918 in
3266 2881 3402 2919 eam.
3451 2862 3749 2934 Angustum
3775 2879 3895 2923 sane

2304 2957 2584 3012 introitum
2608 2957 2659 3011 in
2676 2958 2780 3012 isto
2796 2957 2998 3011 mundo
3027 2957 3225 3012 habere
3254 2973 3285 3012 a
3308 2958 3542 3029 Domino
3565 2969 3753 3015 nostro
3778 2958 3892 3016 Iesu

2304 3048 2517 3105 Christo
2534 3048 2856 3113 ostenditur,
2872 3048 2966 3103 Sed
2986 3063 3084 3119 per
3095 3049 3235 3103 viam
3257 3047 3374 3118 ejus
3402 3050 3828 3119 angustissimam
3845 3056 3894 3106 et

2305 3152 2509 3198 arctam
2532 3142 2598 3197 ad
2614 3141 2930 3198 latissimum
2960 3141 3083 3196 vitae
3110 3148 3325 3196 aeternae
3349 3140 3628 3196 introitum
3651 3142 3892 3197 asseritur

612 3240 668 3289 et
687 3230 1087 3288 cruciﬁxerunt‘.
1119 3229 1222 3283 Hic
1244 3231 1311 3285 ab
1333 3229 1620 3284 incredulis
1645 3226 1941 3300 reprobatus
1975 3229 2107 3300 (Act.
2128 3244 2196 3295 ιν,
2230 3221 2276 3285 C
2305 3236 2398 3305 qui
2419 3235 2656 3290 ambulat
2672 3234 2972 3305 pervenire.
2989 3233 3045 3288 Si
3065 3234 3282 3304 quidem
3303 3234 3470 3306 ipsius
3488 3251 3585 3291 ore
3597 3235 3805 3293 Domini
3822 3233 3893 3290 af.

612 3325 725 3397 Η),
752 3325 846 3381 sed
867 3341 899 3380 a
919 3324 1031 3379 Deo
1058 3325 1111 3378 in
1134 3332 1289 3395 caput
1316 3323 1494 3393 anguli
1525 3323 1691 3394 factus
1720 3331 1815 3386 est,
1838 3312 1894 3374 ut
1923 3320 2051 3374 duos
2080 3337 2202 3374 con—

530 3422 541 3431 '
612 3418 756 3474 deret
781 3418 837 3472 in
882 3418 1155 3488 semetipso
1182 3413 1343 3487 (Eph.
1388 3429 1444 3480 ιι,
1478 3411 1602 3483 15);
1644 3422 1699 3466 et
1720 3408 1871 3466 ﬁeret
1899 3427 1965 3466 ex
2006 3411 2122 3480 lege
2151 3420 2206 3467 et

611 3510 906 3581 prophetis,
938 3504 1057 3579 qum
1097 3524 1126 3562 a
1155 3505 1341 3579 Moyse
1379 3512 1618 3575 cmperat
1643 3502 1880 3575 perfecta
1907 3503 2108 3558 fabrica
2152 3504 2205 3559 in

614 3599 849 3665 Christo,
879 3600 948 3654 de
972 3614 1098 3670 que,
1128 3599 1253 3653 novi
1276 3596 1605 3652 Testamenti
1634 3596 1814 3665 apices
1851 3612 2005 3650 suum
2032 3596 2208 3667 parie-

614 3699 723 3747 tem
775 3690 1465 3758 hahentes,hoc'angulari
1495 3689 1668 3758 lapide
1707 3705 1865 3743 unum
1914 3688 2208 3744 Ecclesiam

613 3799 682 3840 ex
705 3783 951 3853 utrisque
994 3782 1236 3853 apicibus
1275 3781 1548 3836 dedicaret
1576 3781 1665 3836 ille
1700 3782 1790 3851 qui
1830 3782 1963 3837 dixit
1988 3781 2149 3837 Petro
2194 3801 2205 3835 :

613 3874 783 3949 Super
818 3878 953 3930 hanc
1007 3884 1208 3947 petram
1262 3870 1532 3944 wdiﬁcabo
1583 3871 1875 3927 Ecclesiam
1923 3890 2108 3938 meum,
2160 3884 2211 3929 et

611 3978 773 4039 porta:
815 3968 973 4040 inferi
1019 3983 1125 4023 non
1157 3954 1580 4038 prwcalebuntei'
1622 3964 1833 4037 (Matth.
1861 3965 2110 4039 xv1,18).
2135 3998 2207 4007 —

612 4059 874 4131 Serapion
913 4061 1050 4116 dixit
1076 4078 1088 4114 :
1132 4061 1230 4114 Dic
1258 4060 1413 4115 nobis
1441 4074 1559 4129 quae
1587 4060 1694 4115 sint
1723 4067 1893 4131 portae
1920 4059 2205 4116 inferi?—

613 4152 881 4209 Arnobius
899 4152 1035 4208 dixit
1066 4170 1080 4205 :
1107 4152 1295 4207 Adhuc
1333 4152 1400 4206 de
1428 4159 1580 4221 petra
1620 4152 1847 4207 dicenda
1881 4161 1963 4207 est
1991 4152 2207 4223 exposi-

616 4242 712 4308 tio,
741 4257 861 4311 quae
887 4245 1016 4296 dum
1045 4240 1194 4296 ﬁnita
1229 4242 1420 4307 fuerit,
1453 4250 1580 4297 tunc
1606 4244 1675 4297 de
1709 4228 1880 4313 portis
1901 4243 2092 4299 inferni
2120 4259 2206 4299 re-

615 4332 1014 4406 spondebimus.
1041 4364 1115 4376 ——
1139 4330 1402 4402 Serapion
1428 4333 1563 4387 dixit
1587 4352 1598 4385 :
1635 4332 1703 4387 Ut
1722 4336 1959 4401 breviter
1986 4336 2053 4391 de
2081 4351 2208 4405 por-

616 4424 685 4482 tis
710 4424 903 4481 inferni
946 4424 1093 4481 dicas
1121 4424 1287 4495 exigit
1309 4424 1590 4493 integritas
1630 4424 1786 4481 dictae
1813 4428 2110 4482 sententiae.
2135 4459 2208 4469 -—-

2308 3323 2548 3378 ﬁrmatur
2570 3324 2838 3378 hortantis
2851 3332 3012 3392 atque
3032 3323 3260 3380 dicentis
3278 3342 3291 3378 :
3310 3323 3515 3380 Intrate
3526 3344 3619 3398 per
3632 3334 3893 3400 angustam

2309 3425 2532 3488 portam.
2564 3416 2800 3489 Angusta
2820 3417 2957 3471 enim
2981 3424 3133 3486 porta
3157 3426 3234 3471 est
3262 3434 3377 3491 qua:
3396 3419 3537 3472 ducit
3562 3419 3633 3471 ad
3650 3421 3825 3484 vitam,
3847 3424 3895 3472 et

2310 3509 2462 3577 pauci
2492 3517 2609 3561 sunt
2637 3509 2723 3579 qui
2763 3508 2959 3561 intrant
2984 3524 3078 3578 per
3100 3525 3233 3562 eam.
3269 3507 3405 3564 Lata
3432 3511 3574 3564 enim
3594 3517 3642 3564 ει
3666 3510 3895 3579 spatiosa

2314 3599 2394 3652 via
2423 3606 2499 3651 est
2524 3614 2639 3671 qua:
2665 3598 2808 3652 ducit
2836 3598 2904 3651 ad
2932 3607 3168 3663 mortem,
3192 3609 3240 3654 ct
3269 3600 3417 3655 multi
3446 3609 3562 3655 sunt
3584 3601 3667 3670 qui
3695 3600 3888 3653 intrant

2312 3707 2403 3761 per
2440 3707 2552 3744 eam
2577 3689 2789 3762 (Matth.
2815 3707 2907 3753 vn,
2931 3690 3040 3762 1'5).
3073 3723 3145 3733 -—
3169 3690 3385 3747 Judices
3411 3692 3689 3748 dixerunt:
3713 3688 3892 3745 Arno-

2314 3768 2433 3838 bius
2473 3783 2540 3838 de
2567 3783 2740 3854 portis
2788 3782 2983 3838 inferni
3032 3785 3426 3855 interrogatus,
3469 3794 3524 3841 et
3570 3785 3893 3840 infernorum

2313 3875 2469 3930 nobis
2497 3882 2552 3930 et
2576 3874 2835 3931 caelorum
2865 3876 3069 3947 aperit;
3103 3876 3149 3931 si
3177 3877 3278 3932 alia
3308 3886 3433 3933 sunt
3461 3884 3649 3948 parata
3678 3892 3709 3932 a
3736 3875 3892 3934 Sera-

2313 3969 2500 4040 pione,
2535 3967 2896 4039 proferantur.

2382 4058 2574 4114 XV.-—
2592 4060 2854 4130 Serapion
2875 4060 3038 4116 dixit:
3066 4060 3147 4117 Ad
3166 4063 3485 4133 promissam
3510 4064 3892 4136 expositionem

2310 4159 2362 4207 te
2391 4153 2599 4208 traham
2625 4171 2636 4206 :
2670 4154 2735 4207 ad
2764 4153 2941 4210 locum
2970 4154 3111 4211 unde
3156 4156 3492 4212 deviavimus
3540 4166 3887 4213 revertamur.

2307 4276 2379 4286 —-
2399 4243 2666 4300 Arnobius
2693 4246 2864 4299 dixit:
2896 4245 3186 4302 Dominica‘.
3228 4248 3615 4305 incarnationis
3658 4248 3893 4320 exempla

2309 4336 2635 4408 panduntur,
2653 4336 2870 4408 quando
2891 4338 3047 4408 lapis,
3067 4340 3282 4408 quando
3302 4356 3478 4403 mons,
3496 4340 3713 4412 quando
3732 4342 3892 4412 virga,

2286 4427 2524 4500 quando
2569 4429 2808 4507 angelus,
2859 4429 3074 4499 quando
3123 4431 3304 4496 homo,
3349 4425 3567 4501 quando
3626 4431 3894 4498 sace.dos,

1786 4539 1896 4596 FR.
1939 4539 2428 4597 FEU-ARDENTII
2465 4540 2692 4598 NOTIE.

686 4643 712 4714 fl
742 4633 908 4714 Xetus
934 4632 1126 4714 codex,
1154 4638 1202 4685 et
1230 4615 1509 4714 sic:exiqit.

685 4704 712 4746 δ
742 4704 909 4761 Vetus
937 4701 1560 4773 codex,'repreh_ensione.

689 4789 712 4817 ε
744 4774 911 4846 Yetus
941 4773 1130 4846 codex,
1160 4771 1522 4846 gratulareris.

685 4846 713 4884 εὶ
744 4845 823 4901 Ex
850 4846 954 4902 hoc
980 4844 1101 4901 loco
1122 4844 1345 4916 apparet
1369 4858 1530 4913 quam
1550 4858 1677 4898 vere
1698 4845 1971 4916 scripserit
1993 4844 2201 4901 Tertul-

618 4919 790 4974 lianus
816 4917 1029 4971 lucretio
1052 4932 1092 4970 is
1120 4915 1238 4986 esse
1258 4922 1564 4985 captatores
1590 4915 1993 4971 vocabulorum.
2025 4916 2202 4986 Siqui-

617 4988 738 5044 dem
751 4987 931 5041 Ariani
958 5001 1146 5041 omnes
1173 4985 1321 5042 locos
1341 4994 1450 5039 tam
1470 4985 1670 5041 veteris
1689 5001 1848 5055 quam
1870 4989 1993 5042 novi
2016 4985 2203 5043 TeSta-

618 5058 819 5120 menti,
877 5055 1069 5125 quibus
1112 5057 1200 5112 vel
1248 5055 1465 5126 proprie
1509 5055 1592 5111 vel
1634 5055 1917 5125 allegorice
1961 5056 2205 5114 Christus

616 5129 812 5186 dicitur
839 5127 1032 5189 factus,
1062 5127 1418 5197 venabantur,
1447 5126 1790 5195 colligebant,
1824 5129 2087 5197 urgebant
2113 5131 2205 5183 im-

581 5254 590 5263 ,
616 5198 1017 5271 portunissime,
1040 5205 1106 5271 ut
1125 5197 1246 5271 inde
1268 5196 1418 5251 illum
1440 5205 1679 5271 creatum
1709 5213 1846 5271 esse,
1867 5208 1919 5253 et
1950 5215 2057 5253 non
2085 5216 2209 5255 con-

614 5265 1022 5327 substantialem
1072 5265 1217 5321 Patri
1259 5276 1461 5321 aeterno
1490 5268 1743 5322 adversus
1792 5266 1948 5323 ﬁdem
1978 5271 2205 5323 catholi-

615 5356 733 5396 cam
775 5339 1178 5396 concluderent.
1223 5336 1537 5405 Huiusmodi
1577 5347 1703 5393 sunt
1744 5338 1799 5392 hi
1830 5340 1971 5393 Int'i:
2007 5339 2202 5392 Factus

615 5420 691 5466 est
717 5412 773 5466 in
795 5416 950 5483 caput
971 5409 1176 5483 anguli.
1206 5406 1253 5460 F
1256 5416 1402 5483 actus
1428 5424 1492 5461 ea:
1512 5407 1894 5483 semineDavid
1923 5410 2203 5483 secundum

617 5477 981 5545 carnemeui
1009 5477 1124 5550 post
1152 5494 1233 5533 me
1258 5479 1427 5550 venit,
1445 5487 1565 5533 ante
1592 5496 1672 5533 me
1702 5480 1869 5550 [actus
1888 5486 1990 5532 est.
2037 5477 2203 5550 anto

619 5553 798 5623 melior
832 5547 1031 5623 angelis
1059 5550 1291 5620 eiectus.
1325 5547 1525 5603 Fidelis
1561 5558 1637 5623 est
1677 5547 1723 5602 ei
1751 5551 1837 5623 qui
1877 5551 2000 5620 fecit
2033 5548 2197 5603 illum.

622 5618 864 5691 Pontifex
892 5618 1056 5691 {actus
1084 5618 1139 5675 in
1168 5629 1411 5674 wternum
1439 5628 1550 5691 etc.
1585 5618 1895 5686 Respondet
1912 5633 2061 5691 _v_ero
2089 5635 2203 5674 ma-

619 5702 755 5756 gnus
783 5687 1154 5756 Athanasius,
1207 5692 1318 5745 haec
1371 5687 1647 5743 referenda
1694 5703 1813 5743 esse
1860 5689 1923 5741 a.|
1955 5688 2201 5745 humana:

621 5758 797 5812 carnis
823 5762 1258 5829 assumptioneni,
1288 5775 1393 5829 qua
1442 5776 1565 5815 vere
1605 5770 1815 5815 creatus
1840 5768 1893 5812 et
1919 5757 2088 5813 factus
2114 5767 2197 5815 est

622 5836 677 5883 et
703 5829 885 5893 homo,
928 5836 981 5883 et
1008 5827 1190 5897 frater,
1232 5840 1287 5887 et
1307 5827 1577 5898 ininister,
1609 5839 1664 5887 et
1701 5830 1939 5903 pontifex
1980 5839 2190 5898 noster;

2226 4642 2279 4703 Ι)
2310 4653 2420 4694 non
2453 4644 2635 4692 autem
2664 4635 2732 4691 ad
2759 4635 3036 4702 deitatem,
3081 4651 3187 4705 qua
3216 4651 3343 4691 vere
3372 4643 3454 4690 est
3468 4629 3738 4692 conditor
3781 4638 3898 4695 uni-

2301 4722 2599 4781 versorum,
2625 4706 3057 4781 quandoquidem
3080 4707 3570 4781 omniaperipsum
3595 4709 3739 4781 facta
3760 4719 3892 4766 sunt.

2303 4778 2405 4846 Qui
2425 4785 2480 4833 et
2497 4774 2705 4831 rursum
2728 4778 2803 4830 ait
2823 4775 3087 4854 oannes
3110 4777 3173 4831 de
3186 4774 3326 4831 Filio
3348 4774 3899 4854 theoloqiéangagnoc

2304 4865 2545 4932 {reusque
2593 4863 2773 4902 vocum
2818 4846 3139 4932 discrimina,
3180 4848 3487 4932 non_di.§it,
3521 4846 3594 4932 In
3640 4846 3899 4932 principio

2305 4916 2475 4991 [actus
2519 4926 2624 4980 est,
2672 4928 2762 4971 aut
2806 4918 3041 4991 conditus
3080 4928 3194 4972 est:
3221 4919 3331 4991 sed,
3383 4916 3451 4972 In
3488 4916 3748 4991 principio
3793 4916 3900 4976 erat

2319 4989 2635 5060 Verbum,ut
2661 5004 2750 5059 per
2777 4990 2937 5060 qeniti
2960 4998 3203 5043 naturam
3223 4989 3333 5060 luet:
3353 5005 3451 5043 vox
3479 4989 3635 5059 (erat)
3658 4989 3900 5047 subaudi-

2306 5069 2487 5115 retur:
2518 5059 2573 5113 id
2599 5059 2815 5122 cavens,
2848 5076 2914 5112 ne
2949 5061 3063 5131 quis
3087 5059 3415 5114 intervallum
3452 5061 3892 5131 temporis‘inter-

2304 5132 2517 5184 cessisse
2567 5131 2848 5199 cogitaret,
2896 5128 2988 5183 sed
3035 5146 3234 5200 semper
3278 5139 3328 5183 et
3357 5128 3672 5200 wternaliter
3699 5128 3899 5188 Filium

2304 5204 2525 5255 existere
2551 5200 2809 5273 crederet.
2832 5200 2957 5254 Inde
2982 5208 3107 5273 __lam_
3144 5201 3208 5273 (in
3250 5199 3468 5273 Nicaeuiﬁ
3478 5199 3692 5273 concilii
3734 5217 3900 5273 quam

2307 5272 2582 5324 Athanasii
2606 5271 2850 5341 symbolo
2873 5269 3110 5339 proﬁteri
3135 5270 3405 5339 jubcmur,
3431 5268 3622 5325 Filium
3650 5268 3900 5340 genitum

2309 5357 2447 5403 esse,
2480 5342 2572 5393 sed
2605 5340 2709 5393 non
2743 5340 2959 5404 factum,
2996 5350 3101 5395 etc.

2380 5410 2458 5463 Ad
2504 5411 2628 5483 illud
2676 5426 2856 5483 porro,
2906 5410 3040 5464 Ante
3084 5428 3165 5464 me
3204 5411 3371 5483 factus
3418 5423 3527 5477 est,
3559 5413 3898 5482 respondent

2308 5479 2619 5534 Ambrosius
2658 5488 2711 5533 et
2757 5479 3213 5551 ChrysOstomusj
3234 5482 3285 5535 id
3318 5479 3664 5537 tantumdem
3688 5485 3897 5549 valere,

2310 5558 2469 5631 atque
2499 5550 2626 5632 mihi
2657 5550 2936 5619 praefectus
2967 5564 3015 5607 et
3055 5552 3384 5675 anteBositus
3404 5562 3513 5617 est;
3539 5553 3687 5620 quia,
3720 5554 3901 5626 inquit

2310 5622 2472 5675 Idem.
2494 5638 2638 5675 υνιοι·
2662 5638 2743 5674 me
2762 5630 2871 5673 erat
2894 5633 3145 5675 quatenus
3214 5639 3304 5675 eus
3323 5631 3419 5675 est.
3443 5620 3511 5675 Et
3538 5622 3685 5675 illud.
3723 5623 3901 5675 Tanta

2308 5620 2472 5693 idem,
2494 5623 2638 5692 prior
2658 5638 2743 5693 (me
2762 5630 2871 5693 erat
2894 5633 3145 5693 quatenus
3163 5620 3304 5676 Deus
3323 5631 3419 5677 est.
3443 5620 3685 5693 Etgillnd,
3723 5620 3901 5680 Ta'nto

2306 5690 2709 5763 melior'angelis
2747 5690 2984 5759 effectus,
3022 5692 3391 5763 Chrys0stonii
3417 5701 3472 5748 et
3500 5691 3900 5763 Theophylacti

2302 5761 2600 5831 sententia,
2619 5763 2762 5818 idem
2788 5771 2871 5817 est
2888 5763 3035 5831 quod
3061 5761 3364 5820 declaratus
3384 5770 3439 5821 et
3456 5761 3780 5833 patefactus.
