4108 6348
272 333 379 391 ’δε

270 448 490 517 quando
511 450 675 507 etiam
696 450 1084 519 testimonium;
1105 442 1202 508 sed
1221 459 1279 507 et
1295 450 1477 507 multa:
1495 450 1613 505 alia:
1631 447 1855 519 efﬁgies,
1884 450 1933 512 Δ
1964 448 2317 520 tropologiam
2329 448 2542 506 Domini
2555 450 2903 522 pertinentes,
2917 466 2984 507 ex
2996 450 3190 523 quibus
3201 464 3362 507 unam
3377 450 3536 517 hanc,
3616 461 3629 467 ‘

269 558 408 613 quas
432 546 623 601 sensus
646 544 939 601 catholicus
975 559 1072 617 per
1107 546 1223 601 vias
1260 544 1481 610 lucidas,
1523 549 1580 599 et
1626 541 1857 615 Spiritus

267 637 444 693 sancti
471 635 755 709 splendore
800 636 1046 705 radians,
1098 638 1379 694 ambulans
1395 676 1411 702 ,
1442 636 1648 693 orando
1675 638 1857 708 potius

266 744 432 801 quam
453 728 790 786 discutiendo
817 730 1070 801 reperiat.
1098 729 1235 786 Nam
1259 739 1487 803 petram,
1508 746 1608 804 per
1633 745 1795 803 quam
1822 746 1855 787 e

264 819 513 893 periculo
531 820 648 876 sitis
669 820 875 892 positus
900 821 996 877 Dei
1016 821 1247 894 populus
1273 822 1328 878 in
1354 821 1572 879 deserto
1594 822 1855 880 liberatus

262 918 382 978 est,
412 911 684 969 Christum
711 928 831 971 esse
870 910 1060 971 beatus
1101 916 1376 988 apostolus
1401 915 1600 972 Paulus
1625 916 1856 972 asseruit

257 1005 485 1062 dicens:
504 1003 695 1062 Patres
714 1008 881 1063 nostri
900 1007 1038 1063 idem
1056 1008 1326 1085 spirituale
1341 1007 1578 1080 poculum
1598 1006 1850 1077 biberunt,

255 1094 508 1151 bibebant
536 1096 599 1151 de
624 1097 885 1169 spirituali
906 1101 1233 1170 consequenti
1258 1117 1346 1157 eos
1365 1107 1551 1171 petra:
1579 1109 1726 1170 petra
1753 1117 1851 1155 au-

256 1192 369 1239 tem
397 1193 511 1240 erat
530 1186 764 1243 Christus
786 1186 841 1259 (I
867 1186 1011 1245 Petr.
1049 1204 1082 1243 x
1100 1232 1115 1257 ,
1156 1189 1233 1262 4).
1259 1189 1328 1245 Ει
1352 1190 1405 1246 in
1432 1191 1656 1248 Cantico
1682 1190 1854 1265 Moysi

252 1273 499 1332 dicitur:
531 1275 715 1333 Fluxit
745 1280 821 1334 eis
853 1279 955 1335 mel
984 1280 1049 1336 de
1077 1289 1257 1353 petra,
1298 1290 1348 1337 et
1384 1282 1553 1338 oleum
1588 1282 1652 1338 de
1682 1282 1857 1339 solida’

253 1376 415 1438 petra
436 1367 615 1441 (Deut.
640 1386 819 1438 xxxn,
861 1370 985 1445 l3).
1026 1370 1095 1427 Et
1122 1372 1177 1428 in
1207 1372 1415 1444 psalmo
1444 1374 1848 1445 octuagesimo:

254 1458 350 1515 De
373 1470 521 1533 petra
546 1461 698 1517 melle
727 1464 980 1518 saturavit
1000 1481 1090 1519 eos
1120 1462 1293 1535 (Psal.
1316 1481 1477 1531 Lxxx,
1501 1463 1613 1536 l7).
1636 1464 1770 1522 Item
1796 1466 1850 1522 in

253 1552 474 1624 psalmo
492 1554 884 1624 septuagesimo
902 1555 1131 1625 septimo
1150 1573 1162 1608 :
1183 1553 1380 1609 Eduxit
1398 1572 1587 1627 aquam
1607 1556 1671 1611 de
1683 1564 1847 1624 petra,

253 1651 317 1700 et
356 1642 567 1698 deduxit
606 1654 851 1716 tanquam
876 1646 1093 1715 ﬂumina
1119 1662 1282 1718 aquas
1308 1644 1480 1718 (Psal.
1506 1662 1710 1713 Lxxvn,
1736 1646 1848 1719 l6).

253 1733 399 1792 Item
427 1736 480 1791 in
509 1736 714 1807 psalmo
742 1737 1004 1806 vigesimo
1032 1746 1207 1805 sexto,
1255 1736 1495 1794 Ecclesia
1538 1737 1607 1794 de
1634 1738 1850 1796 Christo

1017 329 1441 391 CONFLICTUS
1477 331 1566 389 DE
1604 328 1743 388 ι)εο
1779 327 1987 387 τηιΝο
2022 327 2108 385 ΕΤ
2154 327 2309 397 UNO,
2349 330 2504 388 ETC.
2545 329 2672 388 LIB.
2712 330 2753 387 I.

3439 330 3541 388 266

1956 555 2119 610 quam
2142 539 2194 594 in
2218 547 2428 611 petram
2449 556 2866 607 memoraveras,
2883 541 3216 598 evidentibus
3233 541 3535 599 divinorum

1955 630 2288 688 voluminum
2318 630 2640 687 testimoniis
2658 632 2952 698 exsolvisti,
2976 632 3061 689 his
3087 631 3303 705 reliquis
3328 641 3534 705 septem

1954 723 2218 796 exemplis
2244 722 2490 794 expletis,
2519 738 2625 778 una
2653 722 2783 778 mihi
2808 723 3116 795 explanatio
3144 724 3432 781 Dominlca:
3454 724 3536 781 in-

1955 816 2281 873 carnationis
2299 815 2580 888 supererit.
2604 814 2830 888 Propter
2849 816 3005 872 istam
3025 818 3167 874 enim
3186 818 3357 875 solam
3375 820 3535 876 istum

1955 919 2208 982 putamus
2237 910 2419 966 iniisse
2448 908 2772 966 conflictum.
2808 907 2960 966 Unde
2987 910 3150 967 etiam
3179 920 3234 968 te
3262 927 3370 968 non
3407 919 3537 984 puto

1956 1000 2207 1060 ell'ectum
2236 1018 2531 1060 memorem
2559 1002 2704 1074 quod
2751 1003 2893 1059 inter
2939 1004 3089 1060 initia
3135 1004 3241 1062 hoc
3285 1005 3534 1073 dixerim,

1950 1091 2157 1164 justum
2185 1110 2303 1151 esse
2330 1102 2392 1150 ut
2411 1101 2589 1151 tecum
2617 1108 2833 1164 agerem
2858 1094 3012 1164 quasi
3039 1109 3176 1162 unus
3201 1109 3269 1152 ex
3298 1094 3531 1159 Arianis.

1956 1192 2049 1240 aut
2075 1181 2449 1250 Eunomianis,
2492 1193 2584 1240 aut
2626 1183 2966 1249 Sabellianis,
2996 1192 3090 1239 aut
3116 1182 3534 1253 Macedonianis,

1954 1287 2011 1334 et
2038 1276 2222 1335 favere
2247 1279 2395 1334 salva
2426 1276 2528 1335 ﬁde
2556 1292 2676 1333 mea
2695 1317 2711 1343 ,
2758 1277 2969 1333 illorum
2999 1278 3402 1335 assertionibus.
3445 1280 3535 1337 ld-

1953 1370 2119 1438 circo,
2150 1376 2209 1426 ut
2235 1369 2366 1436 dixi,
2397 1379 2575 1428 tecum
2603 1383 2689 1426 me
2711 1369 2893 1426 iniisse
2930 1367 3260 1434 conﬂictum,
3291 1378 3351 1425 ut
3375 1370 3421 1425 si
3451 1370 3535 1426 in-

1952 1461 2220 1518 venissem
2239 1469 2293 1518 te
2313 1462 2367 1518 in
2387 1461 2619 1533 aliquem
2642 1462 2928 1518 incurrisse
2948 1475 3206 1528 errorem,
3232 1475 3339 1517 non
3361 1470 3536 1518 tecum

1953 1554 2057 1612 hac
2094 1554 2407 1612 deﬁnitione
2434 1569 2669 1625 agerem,
2699 1553 2767 1611 de
2793 1569 2899 1625 qua
2928 1562 2985 1609 tu
3016 1570 3047 1609 a
3075 1569 3181 1618 me,
3211 1561 3267 1608 et
3293 1567 3394 1623 ego
3421 1569 3453 1608 a
3485 1562 3536 1611 te
3588 1544 3598 1553 ’

1952 1648 2233 1706 dissentio.
2264 1647 2405 1705 Nihil
2431 1648 2564 1705 mihi
2588 1664 2730 1704 nunc
2755 1655 3020 1721 superest.
3051 1646 3151 1702 nisi
3182 1655 3240 1703 ut
3266 1647 3397 1703 istas
3415 1653 3539 1703 octo

1953 1756 2092 1812 quas
2128 1741 2444 1798 memorasti
2473 1737 2848 1796 similitudines
2890 1739 2945 1795 in
2973 1737 3187 1794 Christo
3216 1738 3289 1793 ita
3325 1746 3538 1810 compte

255 1827 432 1886 dicit:
456 1828 524 1883 In
551 1837 697 1898 petra
723 1830 974 1884 exaltasti
995 1847 1078 1885 me
1100 1830 1275 1903 (Psal.
1299 1847 1443 1898 xxvi,
1472 1829 1559 1902 5);
1590 1839 1646 1887 et
1671 1831 1726 1887 in
1755 1833 1851 1888 tri-
1880 1831 1930 1895 Β
1954 1842 2011 1889 et
2036 1830 2581 1904 irreprehensibiliter
2607 1829 2885 1902 expedias,
2917 1837 2977 1885 ut
3002 1830 3263 1898 integram
3291 1826 3538 1883 divinita-

256 1923 469 1994 gesimo
497 1938 641 1979 nono
669 1923 784 1994 ipse
810 1923 975 1997 dicit:
1011 1923 1212 1979 Statuit
1254 1941 1411 1996 supra
1457 1931 1659 1995 petram
1695 1925 1850 1996 pedes

258 2030 407 2069 meos
428 1998 601 2084 (Psal.
636 2031 820 2079 xxxix,
844 2013 936 2086 5);
967 2023 1023 2071 et
1049 2016 1105 2070 in
1146 2015 1354 2086 psalmo
1379 2015 1754 2085 sexagesimo:
1785 2015 1853 2071 In

259 2113 413 2178 petra
431 2107 679 2161 exaltasti
702 2124 780 2161 me
801 2106 973 2177 (Psal.
998 2123 1087 2171 1.x,
1110 2106 1199 2177 '5);
1227 2114 1282 2161 et
1309 2107 1361 2161 in
1391 2108 1598 2176 psalmo
1624 2108 1857 2164 centesi-

261 2212 356 2251 mo
380 2195 590 2252 decimo
618 2196 778 2251 tertio
805 2212 818 2248 :
842 2193 1105 2249 Convertit
1132 2194 1357 2251 solidam
1377 2204 1576 2265 petram
1594 2198 1651 2249 in
1671 2204 1858 2269 stagna

261 2305 540 2360 aquarum,
564 2296 615 2342 et
634 2304 814 2357 rupem
840 2288 895 2341 in
920 2289 1091 2358 fontes
1119 2303 1370 2359 aquarum
1397 2286 1568 2359 (Psal.
1597 2303 1740 2356 cxm,
1763 2286 1855 2361 8);

262 2389 325 2436 et
353 2380 405 2435 in
431 2380 641 2451 psalmo
671 2379 968 2434 centesimo
994 2386 1192 2448 quarto
1217 2396 1230 2430 :
1263 2377 1528 2433 Percussit
1558 2387 1776 2448 petram,
1805 2390 1857 2435 et

272 2473 538 2527 ﬂuxerunt
567 2487 716 2542 aqute
744 2469 924 2542 (Psal.
949 2486 1054 2537 Civ,
1095 2461 1222 2540 41).
1267 2468 1332 2525 Et
1362 2470 1413 2525 in
1450 2469 1673 2527 Cantico
1700 2470 1852 2528 Salo-

268 2561 452 2617 monis
470 2559 701 2632 Spiritus
722 2568 937 2616 sanctus
956 2561 1185 2616 invitans
1203 2560 1270 2615 ad
1290 2575 1347 2617 se
1360 2559 1674 2629 Ecclesiam,
1691 2561 1846 2619 dicit:

281 2650 416 2706 Veni
444 2651 515 2707 ad
539 2669 636 2718 me,
666 2652 905 2724 proxima
924 2668 1056 2717 mea,
1083 2669 1275 2723 sponsa
1297 2669 1430 2720 mea,
1460 2656 1691 2725 formosa
1711 2671 1845 2721 mea,

260 2745 394 2799 etin
413 2743 697 2799 velamento
719 2752 742 2781 ⁸
762 2751 924 2812 petra
943 2744 1262 2821 continuata:
1288 2761 1433 2800 muro
1456 2744 1630 2816 (Cant.
1655 2762 1711 2812 ιι,
1736 2745 1845 2819 id).

256 2833 334 2890 Et
372 2834 427 2890 in
468 2833 601 2890 Isaia
634 2850 735 2890 vox
763 2833 884 2889 Filii
928 2834 1023 2890 Dei
1061 2853 1073 2889 :
1110 2833 1303 2902 Parui,
1333 2837 1440 2903 ait,
1472 2838 1656 2908 faciem
1682 2854 1850 2894 meam

252 2932 464 2999 petram
490 2924 1032 2998 [innissimam(lsai.
1080 2942 1145 2994 i.,
1188 2926 1265 2997 7).
1294 2926 1427 2982 Item
1471 2927 1526 2983 in
1569 2927 1852 2986 Ezechiele

253 3018 523 3093 propheta
543 3018 672 3076 dicit
700 3018 956 3103 Dominus
980 3037 991 3072 :
1019 3017 1188 3091 Super
1220 3020 1548 3095 adamantem
1571 3030 1620 3077 et
1652 3028 1852 3093 petram

250 3111 466 3183 ﬁrmavi
495 3112 682 3184 [aciem
709 3119 851 3167 tuam
878 3110 1091 3184 (Ezech.
1116 3128 1191 3178 ιιι,
1228 3112 1304 3183 9).
1337 3112 1404 3166 Et
1444 3113 1497 3169 in
1538 3114 1850 3185 Evangelia,

1955 1933 2066 1980 tem
2094 1925 2149 1979 in
2172 1923 2389 1999 Christo
2410 1922 2684 1995 expedias,
2715 1922 2965 1995 aperiens
2992 1937 3062 1978 ne
3088 1920 3252 1977 etiam
3277 1921 3383 1977 hoc
3408 1920 3539 1977 mihi

1956 2014 2151 2070 aderas
2189 2029 2299 2069 non
2329 2022 2502 2070 totum
2541 2013 2689 2084 quod
2719 2014 2936 2069 exstitit
2979 2012 3217 2068 divinum
3263 2011 3537 2068 ostendas.

1957 2102 2191 2160 Ostende
2215 2104 2401 2173 itaque
2442 2119 2584 2159 nunc
2614 2116 2635 2143 ε
2667 2119 2835 2173 quare
2883 2111 3093 2159 tantum
3131 2111 3256 2158 octo
3301 2116 3540 2159 comme-

1960 2195 2205 2262 morasti,
2233 2210 2356 2250 cum
2383 2194 2492 2251 sint
2511 2194 2628 2250 alia:
2655 2195 2835 2250 multa!
2856 2194 2910 2250 in
2939 2192 3153 2250 Christo
3174 2192 3396 2262 efﬁgies,
3422 2207 3541 2263 qua:

1959 2287 2065 2344 dici
2093 2294 2360 2359 poterant,
2385 2295 2443 2342 ut
2468 2286 2584 2359 ipse
2610 2285 2887 2342 dixisti.—
2907 2285 3173 2342 Arnobius
3199 2284 3335 2341 dixit
3360 2302 3373 2338 :
3400 2282 3542 2341 Con-

1956 2377 2188 2435 sideravi
2208 2377 2375 2438 multa
2401 2386 2860 2435 sacramentorum
2881 2392 3079 2448 genera
3104 2378 3159 2434 in
3179 2378 3285 2438 isto
3312 2392 3540 2435 numero

1955 2470 2241 2538 contineri,
2264 2470 2439 2543 primo
2459 2470 2732 2541 quomodo
2752 2470 2807 2526 in
2827 2471 2997 2527 veteri
3018 2470 3386 2535 Testamento,
3411 2486 3538 2527 cum
3604 2498 3607 2503 -

1952 2562 2023 2618 sit
2062 2562 2234 2634 prima
2279 2561 2414 2626 dies,
2467 2563 2519 2618 in
2565 2578 2671 2633 qua
2719 2563 2873 2629 dixit,
2902 2561 3031 2619 Fiat
3054 2563 3145 2619 tua:
3177 2563 3342 2635 (Cen.
3371 2582 3415 2631 ι,
3448 2563 3539 2635 3);

1952 2654 2116 2711 etiam
2138 2654 2193 2709 in
2214 2669 2356 2710 novo
2376 2655 2492 2725 ipsa
2520 2655 2719 2710 meruit
2740 2670 2840 2726 per
2863 2656 3311 2711 resurrectionem
3340 2654 3539 2712 Christi

1953 2756 2009 2803 et
2035 2746 2208 2818 prima
2239 2746 2380 2801 ellici
2404 2754 2460 2801 et
2494 2754 2706 2802 octava.
2753 2745 2886 2800 Nam
2932 2736 3073 2802 sicut
3112 2747 3227 2817 ipsa
3254 2746 3343 2802 die
3367 2750 3540 2819 aperti

1953 2846 2080 2894 sunt
2098 2837 2240 2903 coeli,
2264 2845 2324 2892 ut
2352 2835 2661 2893 funderetur
2680 2853 2879 2893 manna
2900 2837 3099 2909 (Exod.
3126 2856 3231 2905 xvr,
3257 2838 3324 2893 ιι
3346 2848 3394 2894 et
3428 2839 3539 2911 lli),

1956 2928 2125 2984 David
2150 2942 2368 2998 quoque
2394 2935 2618 2983 octavus
2645 2934 2729 2983 est
2766 2928 2905 2983 Illius
2929 2928 3021 2999 qui
3049 2944 3147 3001 per
3174 2928 3539 2988 defensionem

1957 3022 2138 3077 ovium
2154 3019 2384 3078 ferarum
2401 3020 2713 3078 interfector
2728 3021 2950 3079 etl'ectus
2973 3022 3119 3095 est(l
3145 3023 3271 3097 Reg.
3296 3040 3401 3089 xvi,
3424 3024 3447 3078 1
3464 3024 3480 3078 l
3496 3028 3535 3095 ),

1956 3123 2013 3172 et
2028 3130 2126 3188 per
2143 3113 2509 3171 defensionem
2531 3114 2732 3188 populi,
2754 3115 3063 3173 interfector
3079 3117 3308 3188 gigantis
3331 3117 3381 3187 (l
3406 3117 3539 3189 Reg.

253 3202 526 3258 Dominus
551 3202 850 3280 sapientem
871 3202 1044 3257 virum
1071 3201 1421 3259 fabricantem
1444 3203 1661 3260 domum
1691 3221 1853 3278 super
1878 3209 1927 3276 α
1956 3223 2063 3263 xvn
2082 3245 2097 3272 ,
2132 3204 2201 3260 49
2226 3215 2275 3261 et
2292 3204 2427 3277 ¹50).
2466 3204 2647 3262 Primo
2673 3223 2796 3263 cum
2824 3207 2997 3264 adhuc
3024 3216 3166 3265 esset
3192 3210 3476 3280 parvulus,
3506 3228 3535 3265 a

252 3304 468 3370 petram
498 3296 628 3352 dicit
659 3296 881 3369 (Matth.
907 3314 1013 3361 vn,
1053 3295 1175 3366 ει).
1219 3296 1389 3365 Quam
1429 3305 1609 3352 autem
1638 3306 1847 3369 petram
1888 3346 1895 3353 .

248 3390 363 3446 nisi
407 3388 551 3443 illam
581 3387 648 3445 de
676 3404 781 3458 qua
810 3387 941 3445 dicit
968 3387 1255 3459 Apostolus
1281 3409 1293 3444 :
1320 3388 1733 3448 Fundamentum
1751 3410 1845 3447 auo

248 3491 366 3537 tem
382 3480 529 3535 aliud
559 3497 706 3535 nemo
738 3488 903 3549 potest
929 3498 1136 3552 ponere,
1162 3490 1349 3548 printer
1374 3482 1430 3537 id
1456 3483 1592 3555 quod
1619 3486 1845 3555 positum

248 3579 337 3628 est
364 3571 520 3627 Iesus
551 3569 786 3626 Christus
812 3572 863 3645 (Ι
889 3570 1009 3627 Cor.
1033 3589 1117 3637 ιιι,
1146 3572 1274 3643 ll)?
1302 3574 1438 3630 Sunt
1464 3582 1520 3630 et
1552 3575 1655 3630 alia
1677 3576 1845 3632 multa

247 3680 381 3737 quae
408 3679 711 3721 memorare
750 3664 967 3733 longum
1008 3671 1121 3729 est,
1154 3680 1271 3734 qua:
1300 3674 1353 3721 et
1379 3665 1611 3721 doceant
1637 3675 1845 3736 petram

244 3767 362 3827 pro
392 3753 823 3808 immutabilitate
868 3761 923 3809 et
967 3771 1066 3825 pro
1112 3757 1542 3812 constantissimo
1571 3758 1847 3814 voluntate

243 3843 473 3901 Domini
503 3844 673 3900 nostri
700 3844 825 3900 Jesu
852 3843 1075 3910 Christi,
1104 3860 1263 3914 quam
1293 3846 1346 3900 in
1375 3862 1537 3901 carne
1564 3863 1658 3902 sua
1688 3863 1845 3903 exer-

244 3936 397 4002 cuit,
427 3944 662 3995 tentatus
687 3951 718 3990 a
745 3936 981 4003 diabolo,
1014 3936 1243 3992 traditus
1269 3954 1299 3991 a
1321 3937 1604 4007 discipulo,
1636 3939 1772 3994 lixus
1796 3940 1850 3993 in

244 4025 530 4097 patibulo,
552 4026 758 4081 cibatus
787 4028 927 4089 felle,
956 4035 1174 4097 potatus
1202 4036 1378 4092 aceto,
1409 4029 1710 4099 perforatus
1735 4030 1851 4086 lan-

245 4130 385 4180 cea,
409 4114 705 4169 humiliatus
724 4133 884 4188 usque
905 4118 1237 4184 ad'mortem,
1262 4126 1477 4175 mortem
1496 4128 1665 4175 autem
1685 4124 1851 4176 crucis

240 4204 489 4281 (Philip.
533 4222 587 4271 ιι,
614 4204 691 4275 8).
725 4204 792 4260 Ει
820 4221 941 4262 eum
987 4207 1165 4263 omnia
1212 4209 1326 4266 haec
1369 4211 1531 4267 homo
1575 4211 1848 4285 perfectus

238 4295 594 4363 sustinuerit,
628 4296 758 4352 nihil
789 4305 964 4352 tamen
995 4297 1063 4353 de
1090 4298 1420 4370 impatientia
1464 4302 1695 4358 hominis
1720 4304 1841 4359 imi-

237 4396 422 4451 tatus,
454 4386 688 4442 ostendit
714 4386 883 4442 Deum
933 4403 1032 4458 per
1073 4388 1341 4444 hominem
1371 4391 1674 4448 hominibus
1700 4409 1843 4464 prte-

1954 3299 2066 3355 Deo
2093 3299 2467 3370 omnipotente
2508 3298 2731 3354 elfectus
2774 3307 2857 3355 est
2905 3298 3167 3356 Christus.
3217 3300 3324 3355 Sed
3375 3308 3431 3354 et
3485 3301 3538 3355 in

1951 3389 2269 3464 Evangelio,
2299 3407 2395 3448 ore
2423 3390 2635 3447 Domini
2664 3392 2833 3447 nostri
2862 3390 2989 3447 Iesu
3027 3392 3225 3447 Christi
3254 3400 3379 3447 octo
3406 3393 3537 3449 bea-

1953 3482 2206 3539 titudines
2251 3481 3002 3561 memorattesunt‘Ulatth.
3046 3482 3140 3551 v),
3186 3500 3307 3541 cum
3356 3484 3537 3556 utique

1952 3582 2132 3629 essent
2157 3580 2212 3627 et
2238 3573 2354 3629 alia:
2383 3558 2610 3630 virtutes
2649 3558 2997 3643 multmhqua:
3027 3574 3277 3631 meritum
3305 3570 3537 3633 beatitu-

1952 3661 2092 3717 dinis
2112 3660 2311 3717 habere
2332 3662 2624 3733 potuerint.
2650 3659 2765 3718 Hoc
2788 3663 2968 3732 itaque
2988 3664 3237 3734 exemplo
3257 3665 3430 3734 visum
3454 3677 3539 3723 est

1951 3753 2081 3807 mihi
2110 3760 2170 3807 ut
2196 3753 2342 3807 salva
2384 3752 2721 3807 multitudine
2747 3752 3171 3818 similitudinum,
3206 3754 3303 3808 has
3329 3763 3537 3811 tantum

1953 3851 2076 3899 octo
2123 3843 2452 3913 tropologias
2480 3843 2776 3913 proferrem
2806 3843 2858 3895 in
2886 3842 3142 3908 medium,
3174 3853 3353 3920 certus
3395 3847 3538 3917 quod

1955 3950 2024 3989 ex
2051 3934 2137 3988 his
2165 3948 2284 4002 quae
2310 3932 2536 4002 prolata:
2563 3941 2706 3997 sunt,
2736 3941 2944 3987 cetera:
2968 3946 3088 4001 quae
3113 3948 3220 3989 non
3263 3946 3387 3991 sunt
3413 3951 3514 4008 pro

1955 4024 2076 4080 lata!
2117 4023 2311 4095 inquiri
2350 4023 2586 4094 possint,
2615 4032 2670 4080 et
2697 4024 2916 4094 intelligi
2947 4024 3196 4091 iuventte,
3227 4035 3283 4082 et
3305 4028 3416 4085 oris
3442 4044 3532 4085 ra-

1954 4115 2105 4173 tione
2133 4115 2335 4170 utiliter
2362 4114 2658 4185 explanari.
2681 4148 2696 4163 .

2024 4203 2534 4277 XVf.—Serapion
2576 4203 2710 4260 dixit
2748 4223 2758 4258 :
2807 4204 2987 4263 Primo
3043 4222 3140 4278 per
3191 4210 3531 4269 occasionem

1951 4300 2314 4370 objectionum
2359 4314 2600 4354 mearum
2629 4298 2861 4369 lapidem
2889 4300 3217 4371 exposuisti;
3247 4318 3372 4359 cum
3400 4320 3532 4375 ergo

1948 4392 2263 4449 subsecutus
2283 4406 2456 4448 essem
2484 4390 2718 4462 capitula
2742 4392 3074 4462 evangelica,
3102 4393 3157 4450 in
3177 4395 3374 4466 quibus
3400 4397 3533 4456 dicit

237 4481 460 4539 stitisse
481 4480 781 4545 victoriam,
812 4479 948 4537 sicut
993 4481 1046 4555 i’n
1075 4481 1246 4552 prima
1275 4481 1670 4540 Corinthiorum
1708 4483 1840 4556 Epi-
1950 4485 2238 4551 Dominus,
2280 4483 2443 4540 Pater
2469 4486 2641 4556 major
2677 4502 2759 4540 me
2785 4493 2863 4540 est
2890 4484 3070 4558 (Joan.
3097 4501 3206 4553 xlv,
3246 4488 3361 4560 28),
3391 4491 3534 4548 unde

235 4572 393 4631 stola
416 4571 609 4626 asserit
635 4570 927 4642 Apostolus
945 4571 1129 4628 dicens
1153 4591 1165 4626 :
1195 4571 1306 4629 Deo
1339 4583 1509 4630 autem
1537 4578 1735 4647 gratias
1754 4579 1842 4648 qui
1868 4588 1924 4651 ι)
1947 4578 2051 4634 alia
2078 4578 2368 4649 protulisti.
2403 4574 2552 4634 Unde
2597 4593 2666 4633 ne
2710 4577 2944 4634 videaris
2979 4579 3084 4635 ista
3111 4582 3359 4652 exempla
3409 4583 3534 4640 ideo

236 4660 398 4719 dedit
445 4660 594 4717 nobis
641 4663 909 4718 victoriam
949 4680 1040 4733 per
1085 4661 1362 4719 Dominum
1403 4674 1638 4721 nostrum
1665 4665 1844 4722 Jesum
1950 4671 2191 4728 attulisse
2218 4679 2281 4726 ut
2319 4670 2409 4725 illa
2458 4670 2763 4727 testimonia
2789 4670 3121 4736 declinares,
3162 4672 3425 4743 expositis
3454 4674 3536 4731 his

238 4756 516 4813 Christum
539 4754 591 4826 (I
610 4752 730 4810 Cor.
757 4772 845 4822 xv,
868 4754 991 4828 57).
1015 4789 1087 4799 —
1104 4756 1364 4829 Serapion
1385 4759 1519 4815 dixit
1544 4779 1556 4814 :
1580 4759 1607 4799 1³
1631 4759 1842 4818 Sollici-
1918 4762 2068 4834 'qute
2095 4763 2381 4835 protulisti,
2411 4763 2479 4819 de
2503 4762 2609 4819 illis
2631 4762 2763 4818 mihi
2807 4762 2960 4818 dabis
2986 4778 3332 4834 responsum;
3375 4773 3431 4823 et
3460 4768 3533 4824 ita

238 4857 364 4904 tum
383 4844 661 4902 redditme
675 4846 984 4918 explanatio
1007 4855 1116 4916 tua,
1140 4865 1245 4920 qua
1264 4848 1332 4905 de
1352 4851 1721 4909 incarnatione
1737 4852 1850 4929 Do-.
1947 4855 2161 4912 demum
2190 4854 2507 4912 accedemus
2526 4853 2593 4909 ad
2622 4861 2863 4910 nostrum
2891 4853 3177 4925 specialem
3197 4846 3529 4916 conﬂictum.

238 4941 383 4997 mini
403 4940 572 4996 nostri
596 4940 667 4995 ita
689 4940 1029 5011 interpretari
1050 4941 1251 5007 studes,
1268 4951 1327 4998 ut
1340 4944 1634 5010 hominem,
1658 4953 1713 5001 et
1733 4962 1842 5002 non
1946 4978 2019 4990 —
2038 4945 2305 5002 Arnobius
2330 4945 2467 5002 dixit
2490 4962 2504 4998 :
2527 4942 2850 5015 Oportuerat
2875 4960 2977 5002 nos
2999 4943 3069 5003 de
3092 4946 3198 5005 hoc
3223 4949 3342 5007 solo
3369 4966 3530 5007 sensu

240 5032 423 5088 Deum
453 5045 755 5086 memorare
779 5030 1025 5102 videaris.
1061 5028 1212 5087 Unde
1239 5034 1363 5104 quia
1392 5044 1516 5090 octo
1545 5033 1748 5104 effigies
1773 5034 1845 5091 ad
1946 5045 2200 5102 tractare,
2225 5036 2295 5093 de
2332 5052 2444 5106 quo
2462 5020 2597 5093 vere
2620 5036 2892 5104 dissentis,
2922 5038 2977 5094 id
3009 5047 3114 5107 est,
3142 5040 3212 5098 de
3252 5042 3359 5098 hoc
3385 5041 3530 5111 quod

1423 5169 1532 5224 FB.
1572 5170 2060 5229 FEU-ARDENTII
2095 5170 2320 5227 NOTAE.

313 5292 342 5320 ι
375 5282 464 5338 Ita
501 5284 832 5361 correximus
854 5282 920 5361 ll.
948 5282 1007 5339 P.
1034 5282 1322 5361 Frontonis
1346 5284 1522 5361 Ducrei
1566 5285 1840 5341 societatis
1948 5288 2086 5361 ﬂius,
2116 5297 2167 5341 et
2195 5286 2487 5361 Sapientia,
2508 5298 2557 5344 et
2588 5290 2825 5360 Verbum,
2841 5302 2889 5349 et
2916 5292 3108 5357 Filius,
3132 5299 3181 5345 et
3205 5290 3467 5361 Angelus,
3486 5297 3536 5341 et

236 5356 389 5428 Jesu_
407 5351 655 5425 perdocti
676 5353 912 5428 theologi
933 5362 989 5428 et
1009 5355 1166 5410 amici
1187 5354 1626 5428 commonitione,
1649 5372 1748 5427 pro
1767 5371 1835 5412 eo
1944 5351 2208 5423 Christus,
2243 5351 2293 5412 e't
2322 5351 2585 5426 Salvator,
2614 5372 2662 5418 et
2691 5351 2973 5428 Dominus,
3010 5370 3060 5417 et
3094 5351 3274 5423 homo,
3291 5351 3357 5411 ἐι
3390 5358 3533 5428 ﬁlius

236 5422 781 5513 qusive‘tuscodex
807 5424 1071 5513 habebat,
1102 5426 1333 5480 continui
1353 5434 1403 5481 te
1423 5434 1582 5482 muto.
1613 5422 1618 5424 ⁷
1652 5422 1666 5427 ’
1732 5476 1738 5481 .
1944 5422 2258 5513 Ιιςιιιιίηὶε,ρῑ
2434 5422 2720 5513 angularis,
2741 5444 2791 5513 et
2808 5434 2905 5513 sol,
2929 5422 3267 5513 etpraplteta,
3280 5434 3337 5513 et
3350 5422 3529 5513 μιζιιιίεΡ

314 5496 343 5536 ιι
368 5492 555 5573 fetus
578 5493 997 5573 codexhreddetn.
1170 5564 1247 5573 mu
1418 5566 1432 5573 _
1484 5566 1496 5573 .
1654 5568 1663 5573 _
1736 5567 1747 5573 _
1814 5542 1821 5547 .
1944 5506 1995 5551 et
2015 5515 2127 5563 rex,
2158 5492 2207 5553 et
2237 5492 2550 5571 wdiﬁcatoi’,
2580 5512 2629 5557 et
2652 5492 2905 5573 agricola,
2936 5492 3212 5573 et'pttstor,
3243 5506 3294 5550 et
3314 5492 3456 5573 uitis,
3474 5492 3532 5557 et

316 5562 1462 5652 e.Epiphaniusggiontrgﬁeres:6?).paucis
1484 5566 1595 5652 lucc
1615 5567 1837 5652 plurima
1948 5562 2275 5652 qpaectmque
2312 5562 2469 5652 talia,
2514 5562 2641 5652 etc...
2687 5562 2808 5652 qua:
2840 5562 3115 5652 contendit
3145 5580 3249 5652 per
3286 5562 3529 5652 tropolo-

239 5632 802 5720 Christi‘cogpomina
824 5632 1060 5720 colligit:
1093 5632 1328 5720 Christus
1355 5644 1563 5720 vocatus
1588 5632 1663 5720 est
1687 5638 1841 5720 et‘ja—
1949 5632 2088 5720 g'iam
2130 5632 2538 5720 illi_eon_venire.
2562 5632 3219 5720 sicut'etvoxereatufa,
3241 5632 3407 5720 quam
3448 5644 3530 5699 ni-

244 5726 384 5772 nuu,
419 5714 473 5761 et
493 5706 710 5769 ostium,
741 5712 791 5757 et
816 5704 924 5770 via,
956 5713 1006 5758 et
1033 5704 1293 5782 columna,
1316 5714 1366 5782 et
1398 5708 1572 5782 nulla,
1596 5704 1839 5782 etpetra,
1949 5704 2050 5782 luis
2077 5711 2428 5782 pervicaciter
2465 5728 2528 5764 ex
2562 5709 2861 5763 Proverbiis
2887 5718 2942 5763 et
2970 5704 3347 5763 Ecclesiastico
3377 5727 3531 5782 urge-

242 5790 295 5835 οι
337 5792 551 5851 agnus,
576 5783 625 5829 et
655 5791 878 5837 manna,
912 5782 959 5829 et
1000 5791 1172 5847 caper,
1204 5780 1251 5829 et
1295 5772 1508 5846 vitulus:
1551 5772 1598 5835 et
1646 5772 1751 5844 leo,
1795 5785 1842 5831 et
1949 5772 2302 5833 bant'Ariani.
2656 5818 2657 5821 η

545 5869 815 5932 Panos.
852 5868 1013 5932 Llll.
2278 5892 2283 5897 ο
2930 5875 2969 5935 1
