4108 6348
586 397 700 459 271

1935 381 2221 471 unum!
2257 381 2562 438 JUNIOBIS

3800 382 3898 441 271

590 533 686 571 ore
707 463 846 586 ejus,
873 521 925 568 et
962 513 1205 584 iniquth
1232 524 1336 565 non
1364 509 1653 564 invenietur
1679 509 1737 563 in
1766 505 1917 562 labiis
1935 469 2084 577 ejus.
2116 501 2186 557 In
2215 509 2269 564 Α
2294 501 2464 557 oculis
2487 501 2652 556 videri
2681 517 2789 556 non
2814 502 3008 572 potuit.
3036 501 3350 571 Quicunque
3375 515 3504 573 ergo
3533 510 3696 570 negat
3723 500 3892 558 Deum

589 623 720 678 pace
743 605 972 678 dirigens
994 591 1246 676 habitabit
1267 599 1543 676 vobiscum,
1568 609 1617 654 et
1636 601 1823 655 multos
1844 605 2099 654 convertet
2124 594 2189 650 ab

589 699 980 772 iniquitatem
1007 693 1276 767 (Malae/tr
1294 710 1351 758 ιι,
1386 691 1474 762 5).
1503 692 1634 748 Item
1663 707 1761 763 per
1788 691 1978 748 Isaiam
2006 689 2189 745 Domi-

590 804 694 845 nus
715 787 881 857 dicit:
915 786 1030 859 Ego
1055 784 1313 854 Dominus
1338 785 1510 840 vocavi
1533 793 1597 849 te,
1615 793 1666 838 et
1693 782 1814 836 dedi
1837 790 1884 836 te
1913 791 2190 836 testamen-

588 893 696 937 tum
725 883 970 953 gentium,
1014 881 1218 951 aperire
1245 881 1420 934 oculos
1448 895 1701 934 cascorum
1733 877 1894 950 (Isai.
1927 893 2064 943 nu,
2091 877 2184 946 ‘7).

531 952 536 964 ’
584 952 840 1042 [temper
859 971 1049 1026 Isaiam
1074 970 1335 1026 Dominus
1357 970 1487 1033 dicit
1510 987 1523 1022 :
1552 969 1740 1023 Audite
1762 986 1861 1034 me,
1891 977 1941 1022 et
1965 968 2188 1024 mandu-

583 1051 776 1118 cabitis‘
795 1063 952 1128 bona,
973 1060 1232 1116 ambulate
1258 1062 1314 1116 in
1343 1063 1437 1116 viis
1465 1062 1596 1133 ejus,
1624 1071 1674 1115 et
1703 1059 1992 1140 salvabitur
2009 1062 2188 1116 anima

581 1164 772 1220 vestra,
802 1164 853 1208 et
879 1154 1157 1225 disponam
1186 1151 1324 1207 vobis
1356 1160 1715 1206 testamentum
1743 1161 1994 1206 wternum
2024 1150 2183 1222 (Isai.

583 1262 671 1312 ιν,
700 1246 774 1317 5).
809 1246 943 1299 Item
971 1261 1068 1316 per
1091 1244 1285 1300 Isaiam
1311 1243 1571 1299 Dominus
1594 1243 1761 1298 dicit:
1795 1241 2013 1296 Faciam
2043 1241 2185 1298 vobis

581 1356 701 1393 cum
746 1356 894 1410 pace,
926 1355 1042 1392 cum
1069 1337 1192 1410 ﬁde,
1243 1346 1294 1393 et
1337 1338 1614 1409 disponam
1659 1338 1797 1393 vobis
1827 1346 2185 1392 testamentum

572 1443 876 1497 aeternum:
907 1447 1026 1501 qua:
1045 1433 1225 1488 omnia
1264 1447 1428 1486 unum
1457 1431 1553 1487 Dei
1578 1431 1771 1486 Filium
1817 1430 2178 1503 pmﬁgurant.

584 1526 726 1581 Sunt
753 1526 916 1587 etiam
945 1525 1046 1580 alia
1077 1525 1244 1580 multa
1273 1538 1472 1594 genera
1513 1522 1825 1594 ﬁgurarum,
1867 1538 1986 1594 qua:
2013 1523 2058 1578 si
2088 1538 2184 1578 ex-

586 1618 759 1686 egerit
777 1617 916 1672 ratio
937 1626 995 1672 ut
1013 1617 1354 1688 proferantur
1374 1617 1429 1672 in
1446 1616 1701 1680 medium,
1718 1621 2026 1671 sanctarum
2043 1613 2183 1669 Scri-

581 1716 863 1780 ptumrum
881 1708 1202 1765 auctoritate
1218 1717 1244 1744 ⁸
1261 1706 1641 1775 θεεὶεηεὺομτ
1658 1704 1874 1762 iudices
1893 1704 2144 1760 dixerunt
2162 1720 2175 1756 :

585 1799 719 1855 Tam
747 1799 1054 1856 rationabili
1087 1798 1522 1854 manifestatione
1553 1813 1716 1868 quam
1747 1796 1906 1866 legali
1939 1794 2177 1851 auctori-

2296 609 2416 651 esse
2445 595 2496 649 in
2525 595 2760 660 Christo,
2804 593 2856 648 id
2894 603 3006 659 est,
3046 595 3098 649 in
3128 595 3364 658 homine,
3411 596 3507 651 hic
3527 595 3888 653 Antichristus

2295 695 2377 743 est
2396 687 2460 759 '(l
2483 686 2727 753 Joan.,n,
2759 686 2903 741 22a
2931 685 3054 759 45).
3081 686 3182 754 Qui
3206 697 3383 742 autem
3412 696 3575 758 negat
3593 687 3797 758 aliquid
3823 689 3888 745 de

2295 780 2382 835 his
2410 780 2878 846 similitudinibus,
2923 786 3102 851 potest
3149 786 3242 834 aut
3288 780 3745 850 reprehensibilis,
3800 789 3888 836 aut

2292 873 2432 929 forte
2481 889 2581 930 nec
2634 873 3072 946 reprehensibilis
3101 873 3348 929 inveniri.
3395 873 3567 943 Negat
3601 875 3748 929 enim
3793 890 3883 945 pe-

2293 975 2450 1033 tram,
2486 975 2644 1036 negat
2671 967 2906 1036 virgam,
2937 972 3098 1036 negat
3143 974 3382 1022 montem
3403 1007 3418 1032 ,
3450 975 3507 1021 et
3532 965 3799 1037 quidquid
3825 967 3886 1022 il-

2291 1055 2384 1112 lud
2412 1065 2590 1127 potest
2635 1057 2741 1113 dici
2769 1057 2986 1112 Christo
3016 1071 3175 1128 posse
3217 1064 3547 1128 competere.
3577 1057 3768 1112 Virum
3799 1075 3886 1114 au-

2292 1151 2399 1222 tem
2422 1150 2720 1222 perfectum
2760 1159 2817 1206 et
2844 1149 3142 1221 perfectum
3171 1150 3342 1205 Deum
3373 1149 3466 1219 qui
3496 1151 3801 1218 negaverit,
3824 1151 3885 1208 ab

2289 1251 2491 1298 :eterna
2537 1241 2884 1298 damnatione
2922 1258 3031 1297 non
3079 1249 3261 1312 potest
3302 1241 3543 1296 liberari.
3575 1252 3597 1280 ε
3629 1240 3885 1298 Similiter

2289 1335 2381 1406 qui
2409 1335 2546 1391 duos
2577 1334 2716 1390 ﬁlios
2743 1335 2838 1390 Dei
2869 1350 3030 1390 ausus
3058 1335 3217 1390 fuerit
3253 1335 3495 1404 cogitare
3525 1335 3608 1390 vel
3634 1336 3880 1403 credere,

2288 1442 2452 1482 unum
2477 1427 2567 1497 qui
2592 1435 2716 1483 ante
2745 1435 2988 1498 tempora
3008 1443 3077 1482 ex
3106 1425 3266 1483 Patre
3284 1427 3495 1496 genitus
3516 1436 3600 1482 est
3626 1428 3746 1482 sine
3779 1443 3880 1483 ωας

2288 1526 2390 1585 tre,
2420 1526 2476 1573 et
2502 1514 2666 1573 alium
2684 1518 2776 1588 qui
2805 1525 2962 1574 natus
2989 1525 3072 1574 est
3091 1518 3159 1574 de
3178 1517 3382 1590 Spiritu
3409 1527 3597 1575 sancto
3618 1535 3689 1574 ex
3719 1519 3878 1576 Maria

2286 1608 2534 1678 Virgine,
2557 1619 2761 1666 aeterno
2791 1611 3138 1666 anathemate
3166 1610 3406 1667 ferietur.
3443 1611 3653 1667 Nostra:
3680 1623 3874 1679 autem,

2285 1700 2338 1757 id
2371 1711 2473 1767 est,
2514 1701 2825 1772 apostolicm
2863 1702 3005 1758 sedis
3032 1702 3092 1756 B.
3128 1701 3292 1768 Petri,
3324 1719 3443 1773 quae
3482 1703 3550 1759 ab
3591 1705 3710 1775 ipso
3740 1705 3874 1777 Apo-

2287 1795 2429 1851 stolo
2450 1797 2632 1866 cmpit,
2664 1794 2690 1833 ά
2720 1795 2842 1851 ﬁdei
2873 1795 3141 1852 confessio
3170 1797 3284 1852 hzec
3309 1805 3392 1852 est
3422 1815 3434 1850 :
3469 1796 3646 1852 Unum
3678 1799 3775 1854 Dei
3797 1799 3873 1856 Fi-

582 1899 714 1956 tatc,
756 1891 824 1947 ab
863 1890 1104 1946 Arnobio
1132 1905 1252 1960 qua:
1279 1896 1402 1944 sunt
1434 1887 1653 1944 defensa
1693 1885 1903 1942 ﬁrmata
1931 1894 2075 1954 sunt,
2106 1886 2180 1942 ita
2212 1892 2258 1952 Β
2287 1889 2416 1944 lium
2455 1905 2524 1944 ex
2562 1889 2768 1946 duabus
2807 1891 3121 1948 substantiis
3168 1890 3418 1962 perfectis
3439 1899 3494 1948 et
3522 1893 3872 1962 integerrimis

579 1994 640 2041 ut
668 1984 951 2056 Serapion,
992 1985 1083 2056 qui
1112 2000 1144 2040 e
1172 1984 1386 2040 diverso
1412 1970 1514 2048 est,
1547 1983 1704 2038 nobis
1743 1981 2064 2045 tacentibus,
2097 1979 2171 2034 ita

493 2087 499 2094 ‘
578 2077 827 2133 universa
858 2092 976 2133 esse
997 2085 1057 2131 ut
1079 2076 1146 2130 ab
1167 2092 1233 2132 eo
1262 2073 1481 2130 defensa
1509 2083 1636 2130 sunt
1665 2090 1765 2130 suo
1793 2073 1865 2130 sit
1891 2089 1987 2128 ore
2009 2080 2172 2128 testa—

579 2177 685 2224 tus.
719 2167 788 2222 Et
805 2167 1079 2238 quomodo
1099 2174 1479 2223 aurorescente
1498 2165 1584 2221 die
1609 2166 1915 2221 inchoatam
1943 2164 2172 2219 alterca-

577 2262 784 2317 tionem
811 2261 1176 2331 vespertinum
1198 2268 1411 2330 tempus
1431 2259 1655 2324 invenit,
1680 2265 1955 2314 nocturnae
1977 2256 2174 2328 quietis

578 2366 852 2414 transacto
873 2357 1108 2423 silentio,
1130 2356 1216 2410 die
1238 2355 1392 2411 nobis
1411 2370 1442 2408 a
1461 2355 1575 2410 Deo
1595 2354 1881 2410 salubriter
1903 2353 2169 2418 restituto,

579 2450 843 2521 permissa
873 2448 1028 2504 nobis
1055 2447 1334 2516 utriusque
1362 2446 1532 2516 partis
1555 2446 1824 2501 confessio
1849 2446 2070 2501 orietur.
2101 2477 2174 2486 —

581 2541 843 2610 Serapion
871 2540 1042 2595 dixit:
1086 2538 1220 2593 Peto
1242 2547 1298 2593 ut
1338 2538 1575 2593 sermoni
1605 2545 1790 2592 nostro
1825 2537 1877 2591 in
1908 2552 1975 2592 eo
2013 2535 2175 2593 hodie

580 2632 705 2688 ﬁnis
725 2637 993 2696 occurrat,
1027 2636 1087 2685 ut
1133 2631 1272 2686 scire
1321 2645 1407 2684 me
1437 2628 1596 2684 faciat
1620 2626 1909 2691 Arnobius,
1940 2643 2040 2698 pro
2068 2643 2173 2699 qua

578 2740 741 2781 causa
764 2722 1221 2795 prmﬁgurationes
1269 2722 1366 2777 has
1394 2721 1606 2777 Domini
1647 2720 1813 2776 nostri
1855 2720 1907 2774 in
1936 2719 2172 2774 medium

576 2815 822 2889 proferre
845 2815 1175 2870 voluerit.-—
1190 2813 1460 2870 Arnobius
1479 2813 1615 2868 dixit
1648 2832 1660 2866 :
1693 2812 1720 2851 δ
1741 2811 2024 2879 Quomodo
2051 2817 2175 2866 sunt

577 2909 821 2980 qumdam
845 2924 964 2978 qua:
984 2909 1123 2964 inter
1136 2908 1266 2963 istas
1297 2906 1776 2978 przefigurationes,
1794 2905 1955 2960 etiam
1975 2904 2172 2974 ipsum,

576 3015 680 3070 pro
707 3015 815 3068 quo
847 2997 1086 3068 ﬁgurata:
1113 3006 1258 3062 sunt,
1297 2997 1393 3052 Dei
1432 2997 1626 3051 Filium
1658 2996 1923 3052 mstiment
1950 2998 2174 3065 compu-

477 3136 479 3140 .
575 3090 822 3156 tandum,
854 3107 976 3146 cum
1002 3090 1253 3146 omnibus
1283 3090 1387 3144 illis
1417 3091 1593 3157 imago
1623 3089 1694 3144 sit
1721 3089 1964 3144 veritatis
1991 3088 2044 3141 in
2067 3087 2172 3142 isto

573 3182 814 3248 homine,
845 3197 1006 3251 quem
1037 3182 1198 3250 Virgo
1218 3181 1430 3252 peperit
1455 3181 1570 3251 ipsa
1595 3181 1666 3234 sit
1695 3180 1928 3234 veritas:
1961 3186 2017 3234 et
2035 3179 2174 3235 sicut

574 3289 736 3329 verus
755 3272 851 3329 Dei
884 3272 1048 3327 Filius
1077 3273 1240 3337 Deus,
1282 3273 1360 3327 sic
1387 3287 1548 3327 verus
1578 3271 1718 3326 ﬁlius
1743 3270 1977 3326 hominis
2005 3264 2169 3326 homo
2194 3267 2240 3330 C

572 3382 682 3422 non
703 3367 776 3421 ita
798 3366 1108 3431 mixtus,.ut
1137 3365 1416 3436 utriusque
1455 3366 1533 3421 rei
1562 3365 1887 3436 permutatio
1919 3363 2055 3418 facta
2075 3365 2164 3430 sit,

559 3443 667 3514 sed
690 3459 743 3512 in
775 3459 1001 3515 veritate
1028 3458 1245 3514 deitatis
1272 3466 1328 3514 et
1376 3458 1767 3529 omnipotentia
1814 3473 1911 3513 sua
1948 3471 2166 3527 perma-

569 3565 726 3613 nens,
753 3552 1033 3607 invisibilis
1051 3551 1219 3608 Filius
1245 3553 1342 3608 Dei
1370 3553 1688 3609 societatem
1727 3568 1878 3608 suam
1909 3568 2031 3607 cum
2061 3554 2163 3608 ho-

569 3641 717 3696 mine
744 3642 965 3703 habens,
985 3652 1040 3699 et
1059 3659 1246 3698 verum
1274 3644 1445 3698 Deum
1470 3645 1564 3700 Dei
1589 3645 1780 3701 Filium
1810 3654 2006 3701 nostra:
2031 3647 2163 3702 libe-

568 3731 763 3788 rationi
783 3733 1088 3790 exhibuisse
1107 3734 1377 3790 credatur.
1411 3733 1580 3791 Aliter
1615 3736 1759 3790 enim
1790 3737 1932 3792 Deus
1951 3740 2162 3796 carneis

2283 1983 2584 2049 credentes,
2611 1999 2679 2038 ex
2700 1983 2896 2040 visibili
2925 1993 2981 2039 et
3011 1983 3278 2051 invisibili,
3310 1999 3378 2040 ex
3407 2001 3675 2056 corporeo
3703 1996 3759 2042 et
3798 1988 3868 2042 in-

2278 2095 2564 2151 corporeo,
2598 2095 2665 2135 ex
2713 2079 3188 2150 comprehensibili
3225 2087 3281 2136 et
3325 2080 3865 2152 incomprehensibili.

2275 2185 2343 2226 ex
2394 2171 2632 2242 passibili
2688 2180 2744 2227 et
2790 2171 3129 2242 impassibili,
3177 2189 3250 2228 ex
3299 2174 3514 2228 mortali
3562 2182 3620 2228 et
3658 2175 3868 2231 immor-

2277 2263 2388 2328 tali,
2445 2279 2513 2318 ex
2557 2279 2686 2319 vero
2743 2263 2857 2318 Deo
2909 2272 2964 2320 et
3022 2280 3152 2319 vero
3213 2264 3433 2320 homine
3469 2263 3750 2332 fateamur,
3791 2267 3866 2322 di-

2275 2365 2489 2418 centes,
2533 2365 2590 2411 et
2651 2356 2935 2412 credentes
2981 2357 3148 2411 Deum
3192 2357 3246 2413 in
3303 2357 3556 2426 Christo,
3619 2368 3670 2414 et
3707 2358 3860 2415 Chri-

2275 2454 2418 2504 stum
2462 2447 2644 2504 Jesum
2701 2449 2754 2503 in
2805 2449 2974 2517 gloria
3028 2447 3203 2504 Patris
3257 2449 3328 2504 ita
3384 2467 3546 2505 unam
3607 2450 3858 2506 Deitatem

2275 2542 2499 2604 habere,
2528 2541 2667 2596 sicut
2696 2541 2748 2596 in
2788 2540 3000 2596 duobus
3037 2541 3207 2596 oculis
3237 2558 3374 2597 unus
3401 2551 3654 2612 aspectus
3689 2551 3787 2609 est,
3811 2543 3862 2599 in

2277 2633 2486 2689 duabus
2505 2633 2722 2688 auribus
2749 2649 2885 2688 uitus
2914 2632 3147 2697 auditus,
3167 2633 3219 2688 in
3241 2633 3469 2702 geminis
3499 2634 3718 2690 naribus
3737 2651 3863 2690 unus

2278 2724 2535 2783 odoratus
2564 2733 2647 2780 est
2675 2743 2687 2778 :
2720 2725 2794 2780 ita
2823 2733 2879 2780 et
2906 2725 2960 2779 in
2991 2725 3075 2780 his
3103 2722 3314 2799 duabus
3354 2724 3670 2781 substantiis
3695 2725 3788 2782 Dei
3813 2733 3862 2782 et

2279 2817 2512 2876 bominis
2538 2833 2674 2872 unus
2696 2816 2862 2871 Filius
2887 2825 2970 2872 est
2996 2816 3110 2871 Dei.
3143 2814 3288 2870 Sane
3313 2815 3590 2886 quomodo
3627 2817 3748 2872 novi
3775 2834 3856 2873 so-

2277 2911 2485 2966 licitum
2506 2910 2806 2965 auditorem
2835 2923 3130 2964 memorem
3152 2922 3272 2962 esse
3298 2921 3384 2962 me
3413 2907 3480 2966 ad
3509 2923 3672 2963 uuam
3699 2908 3856 2963 Patris

2277 3012 2332 3062 ct
2351 3004 2469 3058 Filii
2493 3002 2866 3066 substantiam,
2883 3002 2935 3055 in
2958 3000 3167 3055 duobus
3181 3000 3353 3055 oculis
3377 3016 3541 3055 unum
3571 3009 3855 3072 aspectum,

2277 3097 2331 3152 in
2359 3095 2673 3164 duabusque
2699 3094 2918 3148 auribus
2965 3108 3129 3147 unum
3160 3092 3422 3159 auditum,
3466 3101 3522 3148 ct
3551 3109 3716 3149 unum
3751 3109 3856 3148 me-

2277 3205 2518 3244 morasse
2537 3188 2590 3242 in
2612 3185 2838 3256 geminis
2860 3185 3080 3260 naribus
3096 3184 3379 3239 odoratum
3405 3202 3418 3237 :
3453 3201 3595 3240 nunc
3615 3186 3727 3250 tibi,
3759 3201 3854 3240 non

2273 3299 2378 3338 una
2407 3280 2725 3344 substantia,
2757 3277 2850 3333 sed
2881 3294 2986 3332 una
3027 3278 3079 3332 in
3109 3277 3316 3332 duabus
3354 3277 3668 3333 substantiis
3697 3289 3719 3315 ο
3747 3290 3855 3333 esse

2275 3373 2542 3430 credenda
2567 3387 2820 3442 persona,
2864 3386 2972 3425 non
3022 3368 3266 3423 videatur
3302 3368 3675 3437 incongruum.
3709 3369 3855 3426 Nisus

2273 3467 2416 3521 enim
2443 3482 2560 3520 sum
2592 3463 2879 3519 ostendere
2914 3461 3037 3525 hoc,
3081 3468 3140 3514 ut
3164 3460 3302 3516 sicut
3331 3461 3384 3516 in
3414 3461 3582 3516 tribus
3619 3463 3854 3532 personis

2272 3574 2434 3613 unam
2461 3555 2732 3612 credimus
2754 3570 2872 3609 esse
2912 3552 3289 3616 substantiam,
3320 3553 3394 3606 ita
3424 3552 3478 3606 in
3499 3552 3695 3607 duabus
3720 3546 3847 3606 sub-

2271 3651 2483 3706 stantiis
2503 3649 2602 3704 Dei
2637 3655 2688 3703 et
2711 3645 2942 3702 hominis
2969 3660 3131 3698 unam
3172 3642 3292 3698 Filii
3314 3643 3409 3699 Dei
3437 3641 3698 3698 credamus
3721 3657 3845 3699 esse

2263 3757 2568 3815 personam.

1754 3856 1863 3912 FR.
1894 3859 2392 3929 run—annuum
2431 3859 2659 3916 norm.

639 3950 668 4017 ξι
700 3941 867 4017 Χβῑῃς
895 3943 1084 4010 codex,
1116 3946 1400 4017 assignam.

633 4010 664 4050 δ
700 4011 800 4090 iiic
820 4014 968 4090 locus
981 4031 1082 4090 sua
1112 4010 1707 4090 obscuritatedesignat
1735 4021 1910 4090 aliqua
1939 4025 2147 4081 deesse.

646 4091 669 4120 ε
703 4083 827 4168 inec
854 4083 952 4168 fuit
980 4084 1200 4166 hazresis
1228 4087 1461 4168 Nestorii
1508 4083 1758 4168 dicentis,
1799 4083 1860 4147 ut
1901 4104 1984 4150 est
2011 4098 2152 4168 apud

562 4153 861 4228 Socratem,
902 4153 1187 4228 Evagrium
1225 4165 1280 4228 ct
1315 4157 1640 4228 Liberatum,
1683 4153 1817 4218 duos
1851 4180 1969 4220 esse
1997 4153 2152 4222 Chri-

563 4232 696 4286 stos,
725 4222 890 4298 Deum
919 4239 1102 4298 unum,
1136 4227 1407 4282 hominem
1448 4222 1709 4298 alterum;
1743 4232 1874 4288 duas
1903 4237 2152 4293 videlicet

563 4301 802 4354 naturas,
833 4292 966 4347 duas
991 4294 1280 4349 arbitratus
1302 4305 1389 4370 est
1417 4313 1533 4370 esse
1579 4292 1839 4370 personas
1864 4324 1875 4357 :
1907 4307 1993 4360 cui
2031 4292 2151 4363 sese

561 4370 880 4440 constanter
907 4365 1562 4440 opposueruutEusebius
1583 4365 1885 4440 'Dorylaeus,
1917 4375 2152 4434 Joannes

567 4389 879 4419 wuauuucr
907 4389 1279 4433 uppusucruut
1301 4389 1562 4424 nuscmus
1591 4389 1700 4426 UOI‘
1738 4389 1885 4440 unus,
1917 4389 2151 4434 Joannes

567 4431 947 4500 Antiochenus,
977 4435 1208 4506 Cyrillus
1227 4389 2007 4512 Alexandrinus,.Cymlestinus,
2040 4447 2151 4505 Leo

2265 3963 2321 4011 et
2367 3953 2615 4010 Gelasius
2672 3951 2898 4005 Romani
2931 3919 3260 4020 pontiﬁces,
3296 3949 3594 4020 Patresque
3645 3949 3850 4009 concilii

2261 4025 2538 4096 Ephesini,
2596 4032 2652 4079 et
2704 4019 3177 4086 Chalcedonensis,
3207 4030 3268 4075 ut
3321 4029 3509 4092 postea
3558 4019 3725 4076 fusius
3765 4021 3846 4076 di-

2261 4106 2544 4222 cetuIDuas
2567 4165 2776 4237 priores
2794 4178 2956 4218 voces
2976 4161 3294 4230 addidimus,
3313 4162 3446 4218 alias
3465 4163 3644 4218 nullus
3663 4178 3847 4218 sensus

2259 4238 2677 4364 apeaitgbziz‘tiam
2719 4322 2852 4371 esse,
2893 4320 2993 4375 pro
3033 4315 3140 4369 est,
3183 4305 3553 4376 reponendum
3589 4304 3848 4376 judicavi-

2257 4394 2398 4434 mus.

572 4555 3831 4584 ___._—__________._____________________________

1488 4671 1966 4782 LIBER
2044 4677 2902 4794 SECUNDUS.

629 4854 670 4909 l.
702 4887 774 4897 —-
800 4852 1024 4910 Postera
1049 4854 1156 4920 die,
1190 4855 1332 4911 inter
1371 4856 1521 4911 initia
1548 4857 1673 4923 diei;
1709 4873 1897 4913 eorum
1948 4875 2147 4930 reprae-
2176 4864 2228 4924 D
2252 4869 2378 4917 sunt
2404 4860 2470 4916 de
2504 4861 2758 4916 hesterno
2785 4862 3056 4927 conﬂictu,
3085 4863 3136 4927 si
3157 4863 3406 4918 voluntas
3443 4871 3528 4918 est
3565 4882 3578 4916 :
3619 4865 3850 4934 pandat.

556 4956 770 5005 sentato
799 4957 1085 5016 conventu,
1109 4950 1465 5006 residentibus
1493 4952 1810 5008 Constantio
1839 4961 1895 5008 et
1923 4955 2145 5011 Ammo-

554 5043 669 5109 nio,
701 5075 771 5086 —-
801 5041 1067 5096 Arnobius
1094 5041 1231 5096 dixit
1263 5061 1275 5095 :
1308 5041 1365 5096 Si
1409 5041 1688 5113 Serapioni
1733 5046 1911 5115 aliqua
1955 5061 2146 5117 super-

2255 4985 2327 4995 ——
2351 4954 2612 5025 Serapion
2643 4955 2776 5008 dixit
2810 4996 2820 5007 .
2861 4953 2973 5009 Una
3003 4956 3227 5024 quaestio
3255 4956 3561 5024 evangelica
3602 4958 3854 5014 noscitur

2255 5047 2597 5112 remansisse,
2626 5046 2713 5100 illa
2733 5045 2955 5111 scilicet,
2979 5061 3140 5114 quam
3163 5045 3320 5102 Arius
3347 5047 3561 5102 videtur
3586 5057 3609 5084 ι
3639 5048 3854 5106 habere

1741 5187 1851 5241 FB.
1895 5187 2380 5244 FEU-ARDENTII
2416 5189 2644 5244 ΝΟΤιΕ.

629 5307 654 5335 ι
687 5296 907 5365 Aliquot
927 5294 1036 5368 Arii
1072 5295 1327 5368 epistolas
1359 5303 1413 5349 et
1439 5296 1651 5368 librum,
1679 5313 1840 5368 quem
1869 5299 2144 5356 Thaleiam

553 5368 865 5438 appellavit,
891 5366 1057 5438 citant
1071 5365 1391 5438 Athanasius
1410 5383 1474 5421 ac
1493 5365 1840 5438 Epiphanius,
1859 5369 1954 5424 sed
1983 5371 2145 5425 verba

555 5436 794 5507 subjecta
845 5436 1040 5492 ibidem
1090 5451 1198 5491 non
1238 5437 1512 5507 leguntur;
1541 5436 1771 5493 constat
1789 5440 2147 5494 nihilominus

555 5523 677 5562 eum
727 5508 1202 5590 httnc_pl'_:esertiut
1252 5508 1425 5590 locum
1469 5510 1664 5562 ursisse
1716 5509 1998 5590 adversus“
2027 5511 2144 5564 Filii

556 5578 1067 5633 coiisubstantialem
1121 5580 1502 5647 aequalitatem,
1550 5595 1613 5633 ex
1666 5594 1731 5632 eo
1787 5579 1931 5646 quod
1960 5578 2144 5636 Patres

558 5661 756 5720 magno
784 5648 960 5720 studio
990 5651 1054 5703 ad
1081 5667 1204 5704 eum
1236 5650 1578 5720 respondent.
1612 5648 1689 5720 Eo
1721 5651 2143 5720 namquerespio

555 5717 706 5790 gens
735 5718 1054 5790 Athanasius
1089 5721 1300 5790 scripsit
1328 5717 1395 5774 in
1434 5719 1689 5790 Symbolo
1719 5735 1816 5774 suo
1853 5737 1862 5770 :
1898 5717 2140 5789 [Equo—lis

555 5785 708 5841 Patri
757 5787 1032 5841 secundum
1081 5785 1424 5852 divinitatem,
1457 5785 1623 5844 minor
1662 5787 1821 5842 Patre
1862 5785 2136 5844 secundum

557 5857 925 5911 humanitatem
955 5858 1109 5927 (Cap.
1145 5857 1175 5911 ιι
1195 5862 1234 5930 ),
1275 5857 1339 5914 Et
1374 5859 1655 5916 Faustinus
1676 5860 1972 5929 presbyter,
2003 5861 2138 5917 libro

2252 5318 2351 5356 suo
2381 5301 2447 5356 ad
2475 5301 2766 5365 Flacillam,
2808 5300 3208 5374 seuiPlacillam
3250 5313 3548 5374 augustam,
3597 5303 3667 5359 de
3718 5305 3858 5361 Fide

2254 5381 2445 5448 contra
2473 5374 2717 5448 Arianos,
2751 5374 2826 5427 ait.
2857 5392 2867 5425 :
2906 5373 3019 5448 Hoc
3049 5391 3082 5448 a_
3109 5373 3250 5448 ilio
3279 5375 3473 5448 dictum
3501 5383 3605 5438 est,
3636 5375 3857 5448 deo/fi-

2255 5444 2334 5495 cio
2377 5445 2753 5505 ministrantis.
2792 5462 2894 5498 non
2943 5445 3006 5497 de
3047 5445 3254 5499 deitate.
3287 5442 3357 5498 Et
3382 5461 3591 5500 rursum
3627 5463 3639 5497 :
3694 5442 3858 5510 Quod

2251 5513 2403 5587 dixit,
2440 5512 2597 5567 Pater
2618 5517 2789 5586 major
2815 5532 2892 5569 me
2917 5524 3011 5579 est,
3056 5533 3156 5570 non
3210 5518 3480 5587 impugnat
3520 5518 3859 5585 requalitatis

2248 5585 2592 5655 majestatcnt,
2643 5587 2732 5638 sed
2781 5594 3167 5640 sacramentum
3219 5585 3470 5655 suscepta:
3525 5586 3860 5655 humilitatis

2248 5652 2502 5722 designat.
2560 5653 2623 5707 Et
2681 5657 3006 5722 Augustinus
3044 5657 3094 5711 in
3156 5652 3460 5711 Enchiridio
3511 5653 3670 5724 (Cap.
3742 5658 3855 5720 55)

2246 5724 2428 5778 scribit
2469 5743 2477 5775 :
2525 5724 2691 5778 Filius
2732 5727 2783 5778 in
2823 5737 3070 5795 quantum
3111 5727 3248 5780 Deus
3292 5735 3385 5784 est.
3435 5728 3543 5795 ipse
3582 5735 3630 5779 et
3673 5725 3858 5783 Pater

2244 5808 2404 5917 10:11:?!
2431 5805 2546 5847 sunt
2570 5813 2584 5858 ;
2610 5797 2660 5847 in
2691 5805 2936 5864 quantum
2966 5806 3134 5850 autem
3160 5798 3308 5850 homo
3332 5807 3428 5859 est,
3460 5794 3622 5849 Pater
3659 5803 3854 5868 major

2244 5877 2296 5917 ΙΙ
2405 5879 2454 5917 οο

2244 5877 2319 5917 ΙΙΙ
2346 5877 2454 5917 tuo.
