4108 6348
325 351 434 407 975

1085 340 1504 400 CONFLICTUS
1545 342 1630 396 DE
1672 341 1804 395 DEO
1845 337 2049 394 ’ΠυΝο
2087 339 2175 394 ΕΤ
2217 340 2370 404 UNO,
2414 339 2565 397 ETC.
2609 341 2733 397 LIB.
2777 342 2838 398 ll.

3492 345 3598 402 274

326 463 643 533 palmarem,
696 474 817 512 cum
845 457 971 512 dicit
1005 476 1015 508 :
1065 454 1148 511 hie
1176 454 1304 524 quid
1353 454 1572 525 culpant
1624 453 1910 516 dicentem,
1942 452 1987 511 Α
2017 449 2206 520 replet,
2239 460 2290 504 et
2324 452 2652 507 transcendit
2679 469 2928 510 mensura
2949 454 3063 526 ejus
3091 455 3253 511 cmlos
3281 471 3509 522 sursum,
3541 467 3598 515 et

331 551 493 607 Pater
530 551 698 622 major
726 566 806 602 me
840 558 916 602 est
943 546 1123 615 (Joau.
1158 560 1264 610 xlv,
1288 541 1414 612 38),
1448 559 1570 598 cum
1601 543 1712 612 ipse
1747 540 1915 594 Filius

162 659 171 666 '
287 655 306 665 ’
327 645 397 700 de
425 644 602 714 seipse
634 650 859 698 testetur
895 640 1079 696 dicens
1106 658 1118 693 :
1155 637 1315 692 Pater
1333 637 1418 709 qui
1450 637 1590 690 misit
1617 651 1715 697 me,
1746 632 1917 702 major

328 753 413 790 me
440 735 550 790 est?
571 767 645 778 —
670 733 940 788 Arnobius
959 732 1127 788 dixit:
1158 729 1217 786 In
1238 745 1301 786 ea
1321 727 1512 792 forma,
1543 728 1595 782 in
1622 740 1726 796 qua
1753 723 1918 778 Filius

331 825 510 881 Patris
536 832 619 880 est
645 825 764 880 sine
791 832 987 891 matre,
1017 823 1131 893 ipse
1172 831 1229 877 et
1268 818 1428 875 Pater
1455 834 1616 874 unum
1663 824 1787 872 sunt
1817 833 1829 870 :
1863 816 1916 870 in

329 930 398 970 ea
445 930 574 970 vero
619 913 811 977 forma,
863 914 917 968 in
944 928 1050 984 qua
1077 912 1244 967 Filius
1271 911 1458 966 matris
1485 917 1568 964 est
1599 909 1714 964 sine
1735 905 1914 972 Patre,

330 1005 494 1061 Patre
536 1007 712 1061 minor
737 1013 839 1060 est.
873 1003 1128 1058 Naturam
1157 1002 1300 1058 enim
1332 1000 1578 1056 servilem
1611 998 1917 1068 assumpsit,

331 1098 390 1153 in
419 1113 525 1168 qua
547 1115 653 1155 non
681 1098 858 1154 solum
887 1096 1000 1153 Deo
1023 1095 1182 1151 Patre
1209 1096 1387 1150 minor
1413 1102 1574 1159 esset,
1601 1091 1694 1148 sed
1724 1102 1778 1147 et
1806 1106 1920 1146 ma-

333 1201 419 1247 tre
450 1201 655 1248 tantum
681 1191 862 1248 minor
889 1200 1050 1256 esset,
1073 1197 1332 1260 quantum
1360 1188 1546 1244 matris
1573 1187 1801 1256 Virginis
1826 1201 1922 1240 an-

333 1282 544 1339 nositas
569 1282 882 1339 exstitisset.
911 1313 984 1324 —
1010 1279 1272 1351 Serapion
1312 1279 1448 1334 dixit
1478 1297 1490 1331 :
1520 1277 1728 1332 Novum
1762 1275 1922 1330 hodie

333 1373 467 1431 mihi
488 1373 681 1429 dedisti
709 1388 1047 1443 responsum,
1098 1371 1152 1426 in
1195 1385 1304 1439 quo
1343 1377 1571 1423 matrem
1599 1366 1838 1430 Domini,
1863 1372 1922 1420 ut

337 1467 569 1537 gentiles
598 1465 848 1531 delirant,
879 1463 1098 1518 Mariam
1123 1477 1239 1519 esse
1275 1460 1589 1530 genitricem
1619 1459 1736 1514 sine
1767 1459 1924 1513 Patre

335 1560 476 1628 ejus.
510 1559 605 1615 Dic
630 1558 783 1628 cujus
812 1555 972 1612 Pater
1005 1556 1146 1612 Deus
1171 1556 1384 1624 genitor
1409 1553 1526 1610 sine
1552 1561 1726 1608 matre
1754 1551 1923 1607 exsti-

337 1651 501 1705 terit?
520 1679 592 1688 —
621 1649 890 1704 Arnobius
909 1648 1042 1704 dixit
1074 1665 1087 1699 :
1121 1645 1261 1715 Ergo
1280 1647 1395 1702 heri
1433 1660 1542 1701 non
1565 1653 1676 1700 tota
1699 1644 1926 1698 ventila-

341 1744 491 1798 tione
517 1742 804 1798 verborum
832 1749 1135 1796 nostrorum
1157 1747 1317 1809 atque
1343 1753 1651 1794 sermonum
1680 1727 1927 1791 hoEven-

2018 550 2234 609 terram,
2265 552 2320 597 et
2348 544 2534 608 maria,
2553 554 2608 599 et
2627 543 2848 616 abyssos
2875 546 3125 603 deorsum
3154 546 3318 620 (Isai.
3352 562 3438 615 ιι,
3471 547 3593 620 η).

2016 633 2106 690 Sic
2145 633 2360 704 quidem
2409 634 2604 703 legitur
2643 636 2697 690 in
2741 638 3046 709 prophetis,
3088 638 3232 710 quod
3269 638 3446 710 palma
3482 638 3600 709 ejus

2019 727 2182 783 totius
2225 728 2347 785 coeli
2401 743 2651 784 mensura
2698 730 2787 794 sit,
2831 739 2888 786 et
2938 732 3138 803 pugillo
3182 732 3602 806 comprehendat

2018 834 2234 875 omnem
2265 830 2480 883 terram,
2512 830 2569 876 et
2605 837 2794 877 omnes
2848 838 2999 895 aqua:
3043 840 3295 881 mensura
3347 841 3603 882 manuum

2018 912 2136 982 ejus
2163 921 2306 968 sunt.
2336 947 2408 958 -—
2447 914 2712 971 Arnobius
2750 915 2888 984 dixit
2918 934 2931 970 :
2962 916 3081 972 Oris
3123 918 3200 975 tui
3242 919 3604 976 testimonium

2019 1021 2205 1060 verum
2233 1005 2302 1061 de
2329 1006 2440 1061 Deo
2465 1007 2781 1078 amplector,
2801 1016 2856 1063 et
2881 1009 3136 1079 praedico,
3167 1017 3223 1065 et
3249 1010 3322 1066 ita
3336 1025 3456 1066 esse
3475 1024 3605 1066 con-

2021 1094 2193 1151 iiteor.
2225 1095 2366 1165 Ergo
2394 1098 2439 1152 si
2464 1097 2536 1152 ita
2560 1105 2663 1163 est,
2693 1098 2856 1153 immo
2883 1100 3009 1168 quia
3038 1099 3110 1154 ita
3138 1108 3221 1155 est
3254 1118 3266 1151 :
3304 1100 3607 1172 explicuisti

2019 1201 2268 1243 sermone
2297 1186 2522 1242 formam
2554 1188 2647 1244 Dei
2670 1189 2806 1244 hanc
2833 1205 2983 1256 esse,
3015 1191 3160 1260 quod
3181 1190 3250 1246 sit
3291 1191 3607 1256 immensus,

2022 1285 2078 1332 et
2123 1278 2708 1348 incomprehensibilis,
2750 1279 3148 1347 inaestimabilis,
3199 1281 3496 1338 invisibilis.
3528 1283 3609 1342 ιιι

2023 1376 2124 1435 est,
2153 1385 2220 1424 an
2243 1371 2390 1425 non?
2417 1403 2490 1414 —
2515 1370 2776 1442 Serapion
2815 1372 3090 1442 respondit
3119 1391 3133 1426 :
3159 1371 3237 1428 ita
3279 1381 3379 1428 est.
3410 1405 3483 1416 —
3507 1374 3609 1429 Ar-

2024 1465 2218 1520 nobius
2237 1464 2373 1519 dixit
2404 1483 2417 1518 :
2449 1465 2566 1520 iam
2606 1464 2768 1520 modo
2813 1463 3072 1534 integram
3119 1466 3364 1537 Apostoli
3391 1473 3608 1522 senten-

2024 1559 2153 1614 tiam
2183 1558 2453 1629 proferam
2473 1559 2540 1615 de
2569 1558 2703 1615 Filio
2731 1559 2846 1614 Dei.
2880 1557 2979 1624 Qui
2999 1561 3183 1614 cumiu
3213 1563 3380 1633 {arma
3409 1559 3505 1614 Dei
3526 1577 3608 1615 es-

2024 1661 2102 1705 set
2123 1649 2342 1722 (Philip.
2375 1667 2430 1716 ll,
2455 1651 2544 1720 6),
2576 1651 2679 1707 hoc
2706 1659 2807 1717 est,
2835 1652 3132 1718 invisibilis,
3157 1653 3609 1724 incomprehensi-

2025 1742 2168 1807 bilis,
2197 1741 2598 1810 intestimabilis,
2629 1750 2685 1798 et
2711 1752 2855 1798 esset
2881 1743 3118 1813 aequalis,
3151 1759 3257 1798 non
3287 1745 3492 1810 minor,
3514 1744 3611 1800 sed

339 1835 549 1889 tilatum
578 1843 678 1900 est,
709 1842 771 1889 ut
806 1832 1019 1888 Patrem
1058 1831 1354 1902 genitorem
1400 1829 1518 1884 Filii
1557 1829 1639 1884 sui
1666 1831 1924 1896 majorem
1953 1833 2003 1895 Β
2027 1847 2090 1888 ea
2116 1834 2308 1899 lor-ma,
2337 1842 2393 1889 et
2423 1835 2477 1888 in
2506 1849 2568 1888 ea
2596 1834 2902 1904 mqualilate
2920 1849 3025 1904 qua
3051 1844 3133 1889 est
3162 1833 3338 1900 Pater,
3369 1838 3610 1918 exinani-

342 1927 482 1982 Filio
511 1943 617 1983 non
645 1942 765 1982 esse
791 1927 1080 1982 docerem?
1099 1957 1172 1969 —-
1203 1925 1465 1995 Serapion
1510 1923 1644 1978 dixit
1675 1940 1687 1975 :
1731 1919 1928 1990 Utique

339 2017 575 2074 humana
615 2017 926 2073 narratione
952 2017 1201 2079 docuisti,
1231 2015 1376 2085 quod
1404 2014 1724 2069 auctoritate
1754 2011 1931 2066 Evan-

340 2111 512 2179 gelica
533 2121 678 2167 stare
698 2128 807 2166 non
834 2111 1109 2181 prmvalet.
1138 2141 1211 2153 —
1236 2109 1502 2164 Arnobius
1527 2107 1662 2161 dixit
1692 2125 1704 2159 :
1727 2105 1932 2159 Tamen

342 2204 581 2260 humana
611 2203 1034 2260 rationabilitate
1077 2203 1346 2256 iirmatum
1381 2209 1484 2266 est,
1517 2197 1648 2254 nihil
1693 2197 1746 2251 in
1776 2196 1934 2250 Patre

343 2295 544 2365 majus,
578 2296 713 2351 nihil
739 2297 794 2350 in
823 2294 959 2349 Filio
1006 2294 1204 2358 minus,
1235 2292 1367 2348 nihil
1412 2290 1558 2361 quod
1587 2306 1691 2346 non
1730 2288 1934 2358 aequale

341 2389 416 2442 sit
444 2388 499 2442 in
527 2387 736 2457 Spiritu
773 2393 964 2440 sancto
992 2383 1239 2456 reperiri.
1269 2415 1342 2426 —
1367 2382 1626 2452 Serapion
1655 2380 1788 2436 dixit
1820 2399 1833 2434 :
1864 2377 1932 2433 Et

343 2478 392 2532 si
413 2478 520 2532 hoc
547 2489 650 2544 ego
680 2475 958 2544 denegem,
986 2483 1098 2530 tam
1114 2474 1340 2544 iudices,
1363 2488 1522 2544 quam
1551 2487 1736 2527 omnes
1763 2469 1816 2525 hi
1836 2470 1928 2540 qui

349 2577 534 2622 astant
562 2575 818 2638 poterunt
843 2568 1158 2640 approbare.

413 2658 485 2743 μ.
499 2660 838 2716 —Amobius
847 2660 978 2716 dixit
989 2662 1012 2714 ?
1023 2658 1161 2727 Quid
1171 2674 1301 2730 ergo
1311 2669 1556 2732 superest
1567 2659 1923 2731 i—Serapion

343 2751 483 2807 dixit
497 2772 508 2805 :
523 2752 638 2808 Hoc
650 2753 794 2823 quod
807 2753 1030 2808 rationis
1045 2761 1148 2808 tua:
1161 2753 1550 2825 expositionem
1564 2753 1924 2808 sacratissima

339 2841 545 2899 Christi
572 2845 849 2915 impugnat
873 2845 1116 2911 assertio,
1146 2859 1252 2915 qua
1279 2845 1429 2910 dicit,
1459 2844 1622 2899 Pater
1646 2847 1816 2917 major
1844 2861 1925 2899 me

338 2946 420 2990 est
443 2935 631 3008 (Joan.
657 2951 764 3004 xiv,
787 2935 858 2991 28
872 2937 913 3008 ).
934 2969 1005 2980 —
1023 2936 1293 2992 Arnobius
1310 2936 1448 2991 dixit
1471 2954 1483 2988 :
1511 2932 1778 3006 Quidquid
1797 2935 1929 2992 dicit

340 3026 545 3084 Paulus
564 3030 840 3101 apostolus
857 3030 926 3087 de
943 3030 1178 3097 Christo,
1200 3037 1557 3100 putasverum
1577 3028 1725 3094 dicit,
1748 3043 1816 3082 an
1837 3026 1928 3082 lal—

2026 1929 2097 1982 νει
2124 1930 2467 1998 semetipsum.
2497 1962 2568 1972 —
2594 1928 2856 2000 Serapion
2877 1929 3010 1983 dixit
3040 1947 3053 1983 :
3079 1928 3105 1967 δ
3126 1929 3407 1996 Quomodo
3435 1932 3610 1986 exina-

2031 2018 2166 2072 nivit
2191 2034 2249 2073 se
2263 2021 2288 2072 7
2317 2019 2564 2090 Nunquid
2593 2029 2651 2074 ut
2677 2028 2912 2074 cessaret
2930 2034 3048 2074 esse
3068 2020 3208 2074 Deus
3223 2022 3328 2074 ?—
3350 2021 3612 2077 Arnobius

2031 2110 2204 2164 dixit:
2236 2110 2314 2166 Ne
2361 2111 2498 2166 forte
2529 2112 2632 2167 hoc
2670 2113 3017 2183 blasphemia:
3043 2115 3218 2168 scelus
3247 2123 3443 2170 nostra:
3468 2118 3613 2171 ωειιί-

2033 2201 2257 2256 mationi
2274 2203 2609 2272 subreperet,
2633 2203 3018 2273 interpretatus
3037 2213 3119 2258 est
3133 2204 3290 2258 istum
3312 2221 3615 2261 sermonem

2032 2292 2235 2358 dicens,
2269 2293 2322 2348 in
2368 2308 2477 2363 quo
2521 2294 2806 2348 exiuanivit
2834 2297 3075 2364 seipsum,
3108 2294 3160 2349 id
3196 2303 3297 2358 est,
3339 2297 3464 2367 quia
3493 2313 3615 2352 cum

2031 2391 2174 2438 esset
2198 2383 2453 2438 Dominus
2475 2385 2696 2455 formam
2724 2385 2856 2438 servi
2875 2385 3133 2454 accipiens
3150 2385 3206 2438 in
3226 2385 3612 2440 similitudinem

2026 2477 2289 2530 hominum
2309 2478 2510 2548 factus,
2541 2485 2593 2530 et
2618 2475 2796 2530 habitu
2822 2486 3053 2548 repertas
3078 2486 3136 2532 ut
3162 2478 3332 2544 homo,
3373 2481 3612 2534 humilia-

2024 2570 2098 2623 uit
2123 2569 2345 2640 seipsum
2374 2571 2541 2641 [acus
2570 2569 2809 2625 obediens
2833 2585 2994 2644 usque
3019 2572 3089 2625 ad
3115 2582 3349 2638 mortem,
3381 2583 3484 2629 etc.
3517 2574 3615 2630 ilic

2023 2676 2155 2732 ergo
2173 2663 2265 2733 qui
2284 2671 2368 2718 est
2396 2661 2561 2717 Filius
2589 2660 2762 2718 Patris
2789 2664 2906 2717 sine
2927 2665 3079 2718 initio
3091 2675 3251 2720 natus
3265 2682 3330 2720 ex
3343 2682 3410 2719 eo
3433 2665 3613 2732 Patre,

2024 2754 2118 2824 qui
2159 2754 2504 2824 paternitatis
2546 2768 2656 2808 sua:
2701 2755 2911 2808 initium
2955 2770 3062 2808 non
3100 2754 3283 2820 habet,
3335 2756 3420 2809 hic
3461 2756 3611 2821 dicit,

2025 2845 2141 2918 Ego
2164 2856 2215 2901 et
2244 2844 2406 2900 Pater
2448 2863 2608 2900 unum
2645 2862 2821 2901 suasua
2851 2845 3030 2917 (locis.
3065 2862 3118 2912 x,
3145 2846 3264 2920 30).
3298 2846 3396 2903 Hic
3433 2857 3614 2906 autem

2029 2944 2188 2992 natus
2214 2952 2282 2992 ex
2328 2943 2502 2992 matre
2535 2936 2652 2992 sine
2701 2935 2859 2992 Patre
2905 2938 3126 3006 carnali,
3157 2939 3245 2994 hic
3269 2939 3418 3004 dicit,
3452 2938 3614 2996 Pater

2029 3030 2199 3100 major
2224 3046 2307 3084 me
2323 3038 2401 3084 est
2418 3028 2600 3102 (locu.
2625 3046 2732 3094 xiv,
2753 3028 2824 3083 28
2839 3030 2878 3101 ).
2901 3061 2974 3073 -
2993 3028 3252 3102 Serapion
3277 3032 3444 3087 dixit:
3469 3031 3611 3103 Ergo

338 3122 782 3196 lit?—Serapion
799 3125 959 3184 dixit:
976 3125 1033 3181 Si
1050 3124 1246 3180 Paulus
1259 3123 1414 3189 fallit,
1432 3123 1552 3191 quis
1565 3137 1750 3177 verum
1765 3121 1929 3177 dicit?
2029 3123 2137 3180 duo
2161 3133 2286 3180 sunt
2313 3122 2407 3180 lilii
2432 3124 2546 3190 Dei,
2577 3132 2633 3180 et
2659 3140 2796 3180 unus
2820 3123 2889 3179 de
2915 3123 3075 3180 Patre
3103 3125 3220 3181 sine
3249 3135 3440 3193 matre,
3472 3128 3610 3184 alius

337 3248 416 3260 —-
434 3217 705 3274 Arnobius
725 3217 863 3273 dixit
886 3237 898 3272 :
931 3217 1138 3273 Memor
1159 3232 1218 3273 es
1241 3215 1440 3271 dixisse
1465 3231 1587 3271 eum
1607 3215 1675 3271 de
1697 3214 1925 3274 Domino
1949 3213 1997 3277 C
2027 3216 2096 3271 de
2116 3224 2289 3273 matre
2314 3217 2432 3273 sine
2454 3215 2614 3273 Patre
2633 3219 2760 3274 est?
2785 3250 2858 3261 —
2889 3217 3156 3273 Arnobius
3182 3217 3316 3274 dixit
3347 3237 3360 3273 :
3394 3217 3532 3274 Puto
3554 3228 3608 3275 te

336 3306 471 3362 Jesu
495 3306 732 3377 Christo,
761 3321 784 3347 ι
813 3308 915 3375 Qui
942 3327 1058 3365 cum
1077 3319 1209 3365 esset
1230 3311 1285 3365 in
1312 3310 1481 3381 {arma
1504 3307 1622 3372 Dei,
1650 3325 1754 3364 non
1776 3309 1918 3378 rapi-
2027 3325 2136 3366 non
2154 3325 2276 3366 esse
2329 3311 2698 3366 immemorem
2739 3310 3037 3366 ostendisse
3075 3326 3162 3365 me
3202 3310 3417 3380 quidem
3471 3311 3610 3366 duos

338 3417 467 3454 nam
489 3400 769 3456 arbitratus
789 3412 866 3457 est
889 3420 1000 3458 esse
1018 3420 1075 3458 se
1100 3402 1345 3475 aqualem
1370 3400 1480 3456 Deo
1510 3400 1726 3474 (Philip.
1757 3418 1811 3467 ιι,
1839 3401 1917 3471 6).
2022 3405 2227 3471 oculos,
2248 3403 2344 3460 sed
2364 3418 2527 3458 unum
2539 3412 2845 3474 aspectum;
2866 3402 3000 3458 duas
3015 3418 3193 3468 aures,
3211 3402 3307 3458 sed
3329 3418 3492 3457 unum
3512 3418 3609 3458 au-

340 3491 491 3548 Dixit
507 3494 612 3550 hoc
627 3492 844 3562 Paulus,
860 3511 929 3551 an
944 3511 1052 3551 non
1067 3493 1443 3567 ?—-Serapion
1458 3495 1760 3566 respondit:
1784 3493 1924 3549 Dixit
2022 3495 2224 3562 ditum;
2251 3493 2384 3550 duas
2411 3509 2587 3560 nares,
2610 3492 2707 3547 sed
2734 3507 2898 3547 unum
2919 3491 3219 3548 odoratum.
3248 3525 3321 3537 -—-
3346 3490 3608 3564 Serapion

337 3587 580 3657 quidem,
612 3589 707 3644 sed
736 3590 998 3660 integram
1036 3591 1358 3646 sententiam
1402 3607 1509 3647 non
1536 3591 1826 3662 protulisti.
1853 3622 1924 3634 —
2023 3585 2159 3642 dixit
2187 3605 2201 3639 :
2243 3585 2360 3640 Duo
2389 3586 2486 3640 ista
2514 3583 2787 3654 quomodo
2818 3584 2900 3639 vis
2927 3584 2982 3640 in
3009 3600 3174 3640 unum
3203 3588 3359 3642 esse?
3387 3594 3445 3641 ut
3471 3586 3610 3642 sicut

340 3677 613 3735 Arnobius
640 3680 809 3736 dixit:
853 3680 992 3751 Ergo
1020 3681 1124 3738 scis
1151 3682 1276 3751 quia
1315 3682 1556 3753 Apostoli
1584 3697 1764 3736 sermo
1791 3696 1924 3735 cou-
2026 3679 2260 3733 Dealitas
2283 3675 2459 3732 Patris
2485 3684 2539 3732 et
2558 3677 2677 3732 Filii
2705 3686 2761 3732 et
2787 3675 3016 3748 Spiritus
3049 3679 3219 3732 sancti
3249 3694 3353 3732 una
3383 3686 3465 3731 est
3484 3679 3611 3732 sub-

340 3771 575 3840 scriptus
598 3780 682 3826 est
710 3772 763 3826 in
795 3772 1040 3843 epistola.
1071 3759 1142 3816 -ἐ-
1175 3771 1438 3842 Serapion
1465 3773 1600 3827 dixit
1633 3790 1645 3825 :
1684 3771 1828 3826 Scio.
1857 3799 1929 3810 —
2027 3773 2245 3836 stantia,
2276 3772 2348 3825 ita
2375 3779 2430 3826 et
2457 3771 2754 3825 substantia
2775 3769 2870 3823 Dei
2899 3766 3141 3823 cumlllio
3161 3769 3392 3823 hominis
3407 3782 3514 3821 una
3540 3768 3616 3822 sit

303 3865 320 3913 ἶ
344 3860 615 3917 Arnobius
650 3864 786 3918 dixit
817 3882 828 3917 :
859 3863 1034 3933 Ipsum
1056 3878 1264 3919 comma
1292 3863 1513 3930 integrae
1539 3863 1819 3917 sententia:
1845 3861 1932 3918 dic
2029 3861 2366 3918 substantia?
2384 3889 2455 3900 -—
2470 3859 2736 3914 Arnobius
2755 3857 2891 3912 dixit
2910 3876 2922 3909 :
2940 3856 3057 3910 Non
3073 3863 3154 3910 est
3168 3857 3261 3910 ita.
3281 3855 3456 3911 Homo
3470 3858 3615 3912 enim

343 3952 480 4006 mihi
508 3952 652 4020 quod
680 3954 807 4007 dixi.
839 3986 910 3995 —
935 3953 1199 4024 Serapion
1225 3954 1360 4008 dixit
1392 3971 1404 4006 :
1438 3953 1626 4008 Dixisti
1655 3973 1668 4006 :
1702 3952 1934 4018 Quicum
2033 3967 2132 4023 per
2150 3951 2339 4016 Deum,
2361 3950 2454 4018 qui
2481 3964 2604 4003 eum
2628 3947 2934 4018 assumpsit,
2959 3945 3129 4001 factus
3148 3954 3231 4002 est
3250 3946 3392 4003 Deus
3416 3965 3430 4002 :
3454 3961 3475 3987 ο
3504 3965 3614 4007 non

349 4043 410 4094 in
433 4043 600 4112 [arma
624 4042 718 4097 Dei
741 4056 890 4108 esset,
927 4062 1032 4099 non
1061 4047 1301 4115 rapinam
1332 4043 1612 4098 arbitratus
1633 4054 1710 4098 est
1747 4061 1857 4099 esse
1881 4062 1937 4100 se
2037 4042 2180 4097 Deus
2199 4055 2296 4112 per
2316 4039 2609 4104 hominem,
2628 4053 2787 4110 quem
2809 4037 3112 4108 assumpsit,
3136 4037 3305 4096 factus
3324 4047 3406 4095 est
3426 4039 3610 4098 homo.

349 4134 602 4204 tequalem
634 4131 763 4188 Deo.
803 4168 874 4177 —
901 4133 1168 4189 Arnobius
1212 4134 1348 4191 dixit
1386 4152 1401 4188 :
1441 4133 1513 4189 Et
1563 4134 1632 4192 de
1681 4151 1788 4206 quo
1833 4136 1937 4192 hoc
2107 4134 2194 4190 lll.
2217 4167 2290 4178 —
2313 4132 2574 4204 Serapion
2600 4133 2735 4189 dixit
2767 4152 2779 4187 :
2835 4133 2903 4188 At
2930 4148 3028 4205 per
3077 4134 3178 4190 hoc
3215 4133 3322 4190 duo
3355 4143 3480 4192 sunt
3521 4135 3615 4192 lilii

344 4226 523 4282 dixit?
549 4255 621 4264 —
647 4226 906 4297 Serapion
935 4226 1070 4282 dixit
1102 4245 1114 4280 :
1146 4227 1221 4283 De
1249 4227 1386 4283 Filio
1419 4246 1431 4282 :
1464 4227 1731 4284 Arnobius
1758 4227 1893 4283 dixit
1918 4247 1931 4282 :
2039 4227 2150 4292 Dei,
2185 4241 2306 4282 cum
2331 4224 2483 4291 dicis,
2507 4223 2667 4290 Deus,
2695 4224 2833 4280 Deus
2861 4234 2970 4290 est;
3002 4234 3055 4280 et
3084 4225 3262 4293 homo,
3293 4227 3456 4282 homo
3493 4235 3612 4294 est;

345 4316 419 4371 Et
447 4317 514 4372 de
541 4332 651 4386 quo
680 4317 782 4373 hoc
822 4318 969 4383 dicit,
1013 4315 1141 4372 Esse
1167 4335 1222 4372 se
1259 4319 1548 4391 aequalem?
1572 4352 1644 4362 -—
1673 4318 1934 4390 Serapion

345 4409 628 4480 respondit
662 4429 673 4463 :
709 4409 783 4465 De
813 4408 1075 4465 Patre.—
1101 4410 1368 4466 Arnobius
1395 4411 1563 4466 dixit:
1595 4411 1799 4482 Collige
1827 4412 1936 4470 lor-

345 4516 496 4556 mam
542 4500 654 4564 Dei,
685 4501 730 4555 si
758 4507 931 4571 potes.
961 4533 1034 4543 —
1071 4499 1332 4572 Serapion
1379 4501 1656 4572 respondit
1687 4520 1700 4556 :
1741 4501 1932 4557 Forma

2037 4319 2179 4374 Deus
2209 4333 2416 4384 .verus,
2450 4331 2712 4386 verusque
2739 4315 2900 4370 homo
2939 4315 3047 4372 duo
3075 4324 3218 4372 sunt.
3247 4349 3321 4360 —
3347 4316 3616 4373 Arnobius

2035 4412 2213 4468 dixit:
2247 4411 2373 4465 Duae
2423 4417 2548 4464 sunt
2597 4410 2904 4464 substantia:
2955 4409 3009 4463 in
3065 4425 3172 4464 uno
3199 4409 3334 4465 Filio
3376 4410 3487 4465 Dei.
3518 4409 3617 4466 Hic

2037 4505 2180 4559 enim
2209 4518 2346 4556 unus
2386 4501 2548 4555 Filius
2587 4499 2776 4562 Patris,
2803 4499 2894 4570 qui
2924 4497 3046 4555 fecit
3074 4501 3303 4570 primum
3341 4500 3617 4556 hominem

346 4592 450 4648 Dei
478 4602 562 4649 est
587 4594 691 4648 hoc
716 4592 861 4664 quod
888 4594 1178 4650 immensus
1205 4602 1306 4658 est,
1339 4603 1395 4648 et
1439 4595 1606 4650 caelos
1635 4604 1690 4649 et
1734 4604 1932 4650 terram
1961 4591 2013 4651 D
2037 4597 2063 4634 ιι
2085 4598 2151 4651 de
2180 4597 2308 4650 limo
2341 4603 2497 4650 terra:
2528 4593 2766 4660 virginis.
2796 4593 2929 4646 Cum
2959 4593 3150 4647 timore
3181 4591 3274 4646 Dei
3303 4601 3358 4646 et
3387 4592 3617 4648 interro—

1534 4708 1641 4763 ΡΒ.
1684 4707 2162 4765 FEU-ARDENTII
2201 4708 2445 4764 NOTzE-

430 4813 454 4841 α
474 4803 541 4859 Et
554 4805 659 4859 hoc
678 4804 985 4859 testimonio
1005 4802 1194 4858 Patres
1233 4811 1343 4858 tam
1370 4801 1540 4857 (ἓηοί
1569 4817 1728 4859 uuam
1759 4801 1935 4856 Latini

344 4888 548 4942 magna
574 4875 928 4931 consensione
947 4883 1108 4944 atque
1127 4873 1431 4929 constantia
1477 4871 1797 4944 confirmant
1842 4871 1932 4926 Fi-

344 4945 486 5000 lium
508 4944 650 5000 Patri
665 4947 884 5000 omnino
905 4942 1162 5013 aqualem
1184 4953 1240 4998 et
1258 4942 1780 5013 consubstantialem
1792 4958 1930 4997 esse.

351 5013 528 5070 Unius
567 5024 774 5070 tantum
823 5010 1097 5069 Athanasii
1145 5015 1213 5068 ad
1260 5013 1444 5068 Arium
1474 5013 1636 5066 verba
1665 5010 1930 5080 subjicioz

348 5084 497 5150 Quid
524 5101 791 5142 coruscum
817 5086 971 5140 Pauli
992 5085 1217 5154 apostoli
1266 5085 1522 5154 eloquium
1550 5084 1723 5136 renuis
1759 5081 1928 5136 dicen-

347 5159 428 5211 tis
453 5157 516 5210 de
537 5155 693 5221 Filio,
725 5155 860 5212 Dum
879 5159 933 5211 in
962 5153 1130 5226 [arma
1161 5153 1259 5226 D_ei
1284 5153 1437 5226 esset,
1460 5169 1562 5207 non
1582 5154 1820 5221 rapinam
1841 5169 1933 5206 ar-

348 5227 405 5280 ὁὶ
411 5234 574 5298 tratus
602 5237 816 5298 est_esse
834 5245 889 5281 se
915 5224 1164 5298 (aqualem
1186 5224 1296 5298 Deo
1313 5225 1336 5277 .’
1355 5233 1452 5277 etc.

435 5296 460 5335 δ
489 5297 634 5352 Hanc
662 5295 902 5366 Gregorii
933 5291 1155 5366 N'ysseni
1195 5295 1358 5350 etiam
1385 5310 1415 5349 a
1443 5291 1642 5366 Cyrillo
1663 5291 1933 5366 laudatam

347 5366 454 5439 (In
479 5355 828 5439 Apologetipo)
872 5357 1284 5437 explicationem
1331 5366 1435 5420 hoc
1489 5355 1632 5439 loco;
1661 5364 1935 5439 prmterire

347 5434 692 5521 nonpotui':
719 5434 818 5521 Qui
847 5434 968 5521 rego;
990 5439 1340 5521 regnantium,
1388 5446 1440 5489 et
1468 5434 1734 5521 Dominus
1761 5435 1932 5521 domi-

346 5505 597 5564 nantium
623 5518 755 5573 erat,
783 5510 914 5562 servi
943 5505 1111 5577 forma
1137 5509 1390 5570 induitur,
1431 5515 1481 5559 et
1509 5505 1745 5577 subditur
1788 5514 1934 5573 pote—

347 5589 546 5634 statem
587 5577 896 5650 gerentibus.
944 5576 1204 5650 Dominus
1239 5577 1589 5650 creaturtehin
1640 5576 1933 5650 speluncam

347 5647 718 5714 divertitCQui
746 5651 1036 5703 universum
1079 5647 1252 5717 palmo
1293 5647 1569 5705 concludit,
1601 5661 1704 5698 non
1741 5647 1934 5717 inuenit

348 5723 531 5778 locum
557 5723 613 5775 in
642 5713 925 5774 diversorio
946 5735 964 5784 ;
987 5713 1088 5771 sed'
1104 5718 1156 5770 in
1176 5718 1424 5786 prasepio
1448 5717 1750 5770 reclinatur.
1778 5713 1934 5786 Mun-

348 5792 460 5853 dus
487 5800 538 5849 et
564 5791 925 5850 immaculatus
948 5785 1189 5844 humana:
1215 5795 1418 5842 natura
1455 5787 1668 5856 suscipit
1707 5785 1927 5851 sordes;

1755 5951 1812 5967 ,Ἰ
1849 5943 1923 5961 .re

2036 4813 2086 4855 et
2111 4803 2250 4856 omni
2279 4809 2579 4871 paupertate
2602 4807 2782 4852 nostra
2816 4796 3135 4865 perfunctus,
3164 4809 3324 4866 usque
3349 4795 3420 4848 ad
3439 4798 3622 4851 mortis

2036 4872 2194 4941 ﬁnem
2224 4873 2475 4941 pervenit,
2488 4878 2598 4941 etc.

2113 4953 2134 4980 ε
2162 4933 2304 4995 Sa'nc
2335 4936 2706 5005 intelligendus
2723 4934 2813 5005 hic
2842 4934 3008 4990 locus.
3042 4933 3301 4991 Nimirum
3330 4937 3408 4992 sic
3434 4957 3445 4991 :
3478 4938 3622 4994 Deus

2037 5011 2403 5080 assumptione
2443 5004 2551 5086 non
2592 5014 2674 5061 est
2712 5004 2881 5086 lactus
2924 5006 3218 5086 humanum
3264 5009 3619 5086 suppositum,

2036 5097 2133 5136 seu
2173 5075 2696 5150 pérsonahumana,
2739 5075 2882 5150 sicut
2924 5076 3086 5138 homo
3114 5075 3419 5150 assumptus
3447 5083 3529 5130 est
3562 5075 3618 5128 in

2037 5145 2320 5234 εμρνδξίιο
2351 5149 2432 5205 νει
2462 5145 3623 5234 messeniis:sanctissimum

2038 5215 2128 5276 siti
2145 5215 2246 5275 'aut
2275 5215 2516 5292 personae
2543 5218 2680 5272 ratio
2711 5217 2762 5271 in
2791 5215 3006 5273 Christo
3032 5215 3244 5273 tantum
3265 5215 3359 5270 Dei
3383 5222 3486 5275 est,
3510 5227 3622 5267 non

2037 5292 2289 5348 hominis.

2113 5362 2137 5400 ά
2169 5362 2312 5426 Istud
2352 5362 2430 5417 sic
2467 5362 2765 5432 explicatur
2803 5359 2944 5429 apud
2982 5357 3367 5412 Tcrtnllianum
3399 5349 3624 5432 :.Virgo

2038 5434 2207 5489 adhuc
2227 5420 2337 5487 erat
2357 5441 2516 5496 terra,
2537 5420 2768 5487 nondum
2790 5420 3276 5502 opere_compressa,
3301 5420 3626 5502 nondum_ie-

2037 5508 2200 5578 menti
2215 5503 2455 5578 subacta;
2480 5492 2543 5557 ea:
2564 5521 2624 5578 ea
2649 5492 2904 5578 hominem
2922 5492 3124 5578 factum
3141 5492 3435 5578 fefellimus
3456 5492 3622 5578 αηῌεο

2034 5577 2089 5629 in
2115 5576 2343 5629 animam
2365 5562 2549 5629 vivam.
2586 5572 2752 5642 Igitur
2776 5569 2823 5642 si
2853 5562 3049 5642 primus
3076 5562 3244 5642 Adon}
3273 5562 3346 5613 ita
3377 5564 3623 5642 traditur,

2035 5647 2219 5700 merito
2246 5659 2461 5716 sequens
2489 5643 2566 5696 vel
2595 5630 2903 5716 avarissimus
2929 5633 3098 5716 fidam
3221 5635 3383 5716 lft‘rtt,
3431 5635 3484 5688 id
3527 5647 3625 5716 est,

2035 5731 2195 5769 carne
2215 5709 2442 5768 nondum
2474 5709 2810 5782 generationi
2839 5709 3126 5782 r.--slign‘atal
3143 5709 3472 5782 innspiritum
3499 5709 3628 5782 ﬁgi-

2035 5762 2606 5858 p25'i.iéii"5"iie3eu
2643 5774 2876 5848 prolatus
2914 5762 3050 5846 (Lib.
3092 5768 3160 5824 αθ
3194 5762 3367 5826 Clitus
3393 5774 3626 5841 Christi).
