4108 6348
344 352 451 409 177

1104 354 1522 415 CONFLICTUS
1563 356 1648 412 DE
1688 355 1819 416 om
1857 355 2062 414 τιυΝο
2100 356 2186 412 ΕΤ
2231 356 2384 425 υΝΟ,
2426 359 2575 415 ETC.
2619 359 2744 415 LIB.
2788 359 2851 416 ll.

3500 363 3602 425 ω

341 467 447 530 sol,
473 475 530 524 et
552 467 696 532 luna,
720 475 774 522 et
790 467 971 533 stelke,
987 467 1077 524 sed
1103 469 1232 525 solis
1256 469 1450 526 divinis
1474 469 1643 526 oculis
1671 469 1913 540 patescit.
1942 475 1990 536 Α
2019 467 2288 526 admixtus
2315 470 2452 526 intra
2481 470 2752 530 fornacem
2777 471 3090 532 excitaverit
3116 470 3373 542 ﬂammas,
3397 491 3497 534 nec
3523 485 3602 532 te-

339 589 414 606 -ρ
435 557 700 628 Serapion
726 558 858 614 dixit
886 578 899 613 :
925 569 949 596 ἰ
971 557 1112 628 Ergo
1158 569 1214 616 et
1257 562 1434 616 anima
1464 562 1695 618 hominis
1723 576 1915 631 corpo-

338 665 436 706 rea
465 657 564 706 est.
588 682 661 691 —
687 649 950 707 Arnobius
969 650 1104 706 dixit
1131 670 1143 706 :
1176 650 1446 722 Quidquid
1486 653 1653 722 tangit
1699 661 1752 707 et
1793 660 1912 708 tan-

336 743 510 812 gitur,
542 751 600 797 et
626 743 680 800 in
710 743 830 802 loco
859 743 1038 817 aliquo
1073 743 1395 812 continetur,
1433 762 1630 819 corpus
1657 761 1776 802 esse
1805 761 1913 804 non

333 835 560 893 dubium
588 843 690 892 est.
719 833 856 891 Cum
884 851 1012 907 ergo
1035 846 1091 893 et
1128 838 1328 895 intrare
1357 839 1588 896 animam
1615 855 1828 910 corpus,
1859 846 1914 896 et

335 929 581 984 liabi'are
619 929 674 986 in
729 943 976 1000 corpore.
1023 937 1078 984 et
1110 930 1258 990 exire
1295 945 1326 985 e
1364 946 1588 1001 corpore
1634 930 1912 997 doceatur.

331 1021 610 1090 quomodo
631 1037 738 1078 non
759 1037 1026 1094 corporea
1051 1038 1187 1088 esse,
1217 1022 1584 1090 dignoscitur?
1625 1021 1729 1079 Sed
1773 1023 1912 1082 inte-

331 1113 458 1175 rim.
480 1113 524 1172 si
571 1110 637 1170 de
660 1112 762 1172 hac
790 1129 848 1170 re
882 1113 1177 1182 longiorem
1209 1113 1288 1169 vis
1314 1113 1727 1184 disputationem
1773 1112 1908 1180 ﬁeri,

331 1203 428 1256 tibi
460 1204 624 1260 etiam
648 1203 756 1262 alio
787 1213 1028 1274 tempore
1058 1219 1356 1275 pr0poncre
1382 1205 1580 1260 licebit.
1614 1203 1763 1260 Nunc
1780 1219 1910 1260 vero

329 1296 498 1352 aienti
539 1295 668 1352 mihi
709 1297 881 1366 ignem
916 1297 1289 1367 incorporeum
1319 1313 1466 1362 esse,
1498 1299 1635 1352 sicut
1675 1297 1907 1354 animam

329 1395 388 1440 et
444 1387 724 1456 spiritum,
764 1387 917 1444 nobis
960 1387 1081 1443 dico
1119 1389 1295 1457 ignem
1340 1388 1712 1462 incorporeum
1763 1405 1903 1446 esse.

330 1477 606 1536 Assennti
627 1479 776 1545 mihi,
798 1479 844 1535 si
858 1495 962 1550 qua
987 1480 1241 1550 praevales
1261 1480 1490 1542 ratione.
1508 1480 1906 1540 obsiste.—-Se-

330 1568 522 1639 rapion
550 1569 720 1626 dixit:
745 1569 948 1626 Novam
987 1586 1099 1626 rem
1129 1571 1305 1628 audio.
1333 1571 1580 1640 Quotidie
1610 1572 1748 1628 inter
1793 1588 1906 1630 ma-

329 1675 433 1719 nus
455 1676 552 1715 nos
580 1661 755 1730 ignem
771 1661 969 1718 habere
997 1661 1173 1728 video,
1199 1661 1292 1718 sed
1314 1678 1453 1720 novo
1468 1665 1692 1734 stropbo
1713 1663 1906 1720 verbo-

327 1768 448 1810 rum
485 1754 660 1822 ignem
705 1754 836 1810 mihi
883 1754 997 1810 vult
1051 1753 1372 1812 invisibilem
1422 1755 1795 1825 comprobare.
1835 1789 1906 1797 —

2020 577 2206 633 poretn
2245 563 2464 618 exhibet
2513 563 2766 632 thermis.
2815 581 2915 626 nec
2954 568 3206 624 calorem.
3240 599 3310 612 -—
3335 565 3598 638 Serapion

2016 652 2150 708 dixit
2184 672 2196 709 :
2230 652 2506 712 Benefacis
2547 655 2744 712 docere
2789 657 3034 716 homines
3062 656 3204 728 quod
3233 658 3406 714 nullus
3441 659 3595 728 igno-

2015 754 2118 802 rat.
2151 775 2220 788 —
2245 744 2513 805 Arnobius
2535 745 2672 804 dixit
2701 765 2716 802 :
2749 746 2808 806 Si
2836 756 3010 804 tecum
3037 748 3294 806 liebraico
3315 748 3460 820 loqui
3485 765 3598 803 ser-

2015 852 2175 901 mone
2198 845 2464 914 poterant,
2495 837 2732 912 nunquid
2761 853 2868 894 non
2909 839 3228 908 superﬂuus.
3257 855 3328 900 an
3355 838 3597 898 conside-

2014 936 2162 988 ratus
2182 928 2824 1000 argueret?—Serapion
2845 928 3009 986 dixit:
3035 929 3111 986 lta
3131 937 3232 988 est.
3247 927 3598 990 —Arnobius

2014 1018 2150 1075 dixit
2190 1018 2311 1078 :ita
2339 1020 2384 1078 si
2425 1030 2602 1080 tecum
2641 1020 2830 1090 loquar
2869 1020 3013 1092 quod
3042 1035 3230 1078 omnes
3250 1020 3518 1090 ignorant,
3543 1029 3598 1076 et

2014 1126 2123 1170 non
2150 1119 2324 1170 tecum
2354 1111 2459 1168 hoc
2485 1110 2672 1182 loquar
2711 1108 2855 1182 quod
2904 1109 3078 1168 nullus
3129 1107 3356 1178 ignorat,
3387 1109 3598 1166 vincere

2013 1211 2066 1260 te
2112 1219 2219 1275 qua
2261 1203 2472 1266 ratione
2518 1187 2742 1274 ναίει-οἳ
2772 1203 2865 1264 Dic
2894 1217 3042 1272 ergo,
3068 1203 3242 1271 ignem
3262 1201 3438 1258 certis
3464 1203 3597 1258 duas

2011 1295 2365 1361 substantias,
2400 1311 2467 1354 an
2509 1296 2704 1354 unam?
2731 1293 3078 1364 *εει-ερὶοη
3105 1293 3238 1352 dixit
3272 1312 3283 1347 :
3319 1291 3489 1352 Unam
3514 1295 3593 1350 vi-

2009 1387 2132 1452 deo,
2165 1389 2301 1458 ignis
2328 1389 2549 1446 scilicet.
2573 1416 2645 1428 ——
2677 1387 2941 1446 Arnobius
2967 1386 3100 1444 dixit
3124 1405 3135 1442 :
3168 1385 3422 1452 Obsecro,
3447 1383 3593 1456 judi-

2009 1493 2118 1545 ces,
2142 1477 2253 1545 jam
2282 1478 2405 1534 date
2433 1479 2776 1542 sententiam.
2802 1486 2857 1538 et
2887 1485 3007 1538 uter
3035 1485 3276 1534 nostrum
3313 1473 3456 1548 quod
3495 1475 3592 1530 fal-

2008 1567 2085 1622 lat
2113 1567 2376 1623 ostendat.
2394 1597 2466 1606 ——
2491 1567 2713 1628 iudices
2728 1563 2975 1629 dixerunt
3020 1586 3031 1619 :
3063 1563 3188 1622 Sine
3217 1581 3377 1624 causa
3407 1580 3590 1637 repro-

2008 1659 2154 1718 havit
2183 1661 2655 1731 interrogationem
2684 1671 2857 1727 tuam;
2892 1669 2947 1718 et
2985 1676 3082 1718 cur
3117 1660 3300 1718 timeat
3328 1656 3588 1729 Serapion
3625 1723 3632 1726 _

2007 1750 2140 1810 duas
2165 1753 2490 1810 substantias
2517 1753 2696 1810 dicere
2717 1755 2769 1810 in
2801 1754 2920 1822 igne
2945 1751 3070 1808 dum
3092 1751 3346 1817 cernitur,
3379 1751 3589 1819 ignora-

325 1844 542 1908 Judices
566 1846 814 1902 dixerunt
847 1865 858 1899 :
892 1846 999 1902 Nos
1027 1846 1321 1906 Arnobium
1364 1846 1661 1904 audivimus
1691 1863 1798 1902 non
1834 1847 1905 1908 ita
1934 1859 1985 1920 Β
2009 1860 2144 1900 mus.
2179 1843 2350 1909 Unde,
2381 1846 2505 1916 quia
2535 1843 2869 1915 subterfugit,
2905 1859 3004 1900 nos
3033 1859 3138 1899 non
3167 1841 3339 1901 solum
3362 1831 3587 1912 judicesi,

324 1938 594 1994 dicentem
614 1938 792 2008 ignem
824 1937 1163 2002 invisibilem,
1189 1946 1247 1992 ut
1291 1951 1487 2007 negare
1516 1936 1758 1994 videatur
1784 1953 1903 1994 esse.

325 2025 590 2082 visibilem
606 2042 701 2098 per
713 2027 934 2086 alteram
955 2027 1191 2098 speciem
1205 2027 1502 2096 cuicunque
1519 2027 1673 2083 fuerit
1689 2030 1901 2094 mixtus.

323 2119 441 2174 sive
466 2118 629 2194 ligno,
662 2119 774 2174 sive
796 2118 958 2184 ierro,
983 2125 1401 2183 autmramento,
1429 2127 1523 2174 aut
1549 2127 1791 2188 argento,
1814 2128 1908 2176 aut

325 2225 491 2276 auro;
522 2210 616 2266 sed
644 2226 742 2266 cur
770 2211 872 2268 hoc
889 2209 1054 2275 dicat,
1088 2209 1314 2279 inquire.

400 2303 485 2358 Vl.
511 2333 583 2343 -
601 2301 872 2358 Arnobius
893 2302 1028 2358 dixit
1055 2320 1068 2355 :
1097 2300 1310 2356 Gratias
1334 2301 1762 2372 prudentissimis
1779 2317 1908 2373 cog-

323 2393 592 2452 nitoribus
620 2394 817 2460 reiero,
845 2393 871 2432 δ
901 2395 1012 2462 qui,
1039 2409 1253 2450 sensum
1276 2395 1562 2452 verborum
1585 2409 1826 2452 meorum
1843 2410 1909 2450 eo

324 2501 438 2555 quo
467 2495 552 2541 est
578 2501 610 2541 a
629 2501 717 2540 me
736 2485 938 2541 dictum
959 2500 1056 2563 per
1081 2484 1324 2541 ordinem
1353 2485 1700 2544 ostendentes
1716 2526 1731 2550 ,
1754 2486 1906 2554 quasi

328 2576 509 2630 lucem
551 2577 605 2630 in
646 2575 882 2631 tenebris
926 2573 1254 2632 effulserunt.
1305 2573 1399 2630 Die
1444 2588 1590 2644 ergo,
1622 2573 1901 2645 Serapion,

331 2665 479 2735 quod
527 2682 714 2724 verum
753 2674 880 2723 est:
913 2664 1059 2720 Hanc
1101 2667 1234 2735 ignis
1264 2667 1616 2724 substantiam
1664 2665 1900 2736 nunquid

328 2759 448 2814 sine
476 2759 623 2828 ligno
651 2768 740 2816 aut
768 2774 1086 2830 quocunque
1123 2745 1342 2815 metallo
1384 2753 1565 2815 videre
1604 2767 1775 2828 potes,
1806 2761 1901 2814 aut

321 2851 638 2920 contingere
694 2849 987 2924 praevales?
1013 2850 1372 2923 ——-Serapion
1419 2852 1552 2908 dixit
1592 2871 1603 2908 :
1650 2853 1782 2908 Cum
1832 2847 1900 2910 de

318 2942 417 2998 Dei
439 2942 573 2999 Filio
593 2944 880 3016 loquimur,
891 2944 958 3000 ad
979 2945 1262 3014 imaginem
1288 2960 1374 3000 me
1395 2953 1450 3000 et
1474 2943 1689 3002 metalla
1710 2946 1896 3002 trabis.

318 3061 394 3072 ——
413 3033 686 3090 Arnobius
712 3035 846 3098 dixit
877 3054 889 3090 :
921 3035 1037 3091 Non
1059 3036 1254 3093 audisti
1281 3036 1594 3108 Apostolum
1635 3037 1900 3096 dicentem

316 3127 389 3184 de
417 3128 559 3193 Deo,
590 3129 860 3198 quomodo
902 3130 1178 3186 inuisibilia
1215 3131 1348 3201 ejus,
1400 3147 1492 3201 per
1531 3147 1592 3184 ea
1619 3146 1734 3203 qua
1761 3131 1903 3202 facta

2005 1937 2099 1993 sed
2130 1948 2184 1993 et
2214 1947 2383 1995 testes
2412 1947 2465 1994 te
2494 1939 2694 1995 habere
2723 1937 3020 2003 conlidens,
3051 1950 3213 2007 perge
3235 1950 3342 2005 quo
3373 1943 3458 1992 tua
3481 1941 3588 1994 ten-

2005 2029 2083 2085 dit
2111 2032 2304 2086 oratio.

2081 2118 2190 2174 V'li.
2205 2149 2272 2160 —
2296 2121 2562 2177 Arnobius
2581 2120 2715 2175 dixit
2738 2138 2751 2174 :
2778 2118 2920 2189 Ignis
2941 2121 3042 2175 iste
3063 2118 3340 2176 invisibilis
3358 2117 3587 2186 aliquam

2011 2209 2170 2266 aliam
2191 2211 2467 2266 materiam
2489 2211 2777 2280 ingressus,
2803 2211 3022 2266 visibilis
3042 2226 3136 2280 per
3160 2210 3314 2266 istam
3343 2205 3587 2272 efﬁcitur.

2009 2302 2215 2360 habens
2242 2302 2294 2357 in
2323 2317 2383 2360 se
2411 2317 2572 2357 unum
2600 2300 2743 2371 quod
2766 2302 2960 2366 exurit,
2991 2299 3219 2358 alterum
3239 2299 3384 2369 quod
3406 2298 3589 2354 illumi-

2009 2403 2132 2460 nat;
2171 2396 2244 2459 ita
2271 2393 2436 2450 Filius
2462 2391 2530 2450 de
2563 2395 2683 2450 sinu
2727 2393 2900 2452 Patris
2925 2408 3188 2463 egressus,
3235 2393 3479 2464 Virginea
3510 2393 3587 2450 in-

2007 2485 2226 2556 tegritas
2246 2485 2322 2540 ita
2350 2484 2497 2542 illum
2525 2485 2778 2558 suscepit,
2809 2493 2866 2540 ut
2894 2493 3071 2556 potest
3087 2498 3262 2540 massa
3284 2483 3397 2540 auri
3415 2482 3585 2549 ignem

2004 2578 2304 2648 suscipere;
2336 2585 2392 2632 et
2417 2592 2487 2633 ex
2532 2577 2647 2649 ipsa
2685 2593 2858 2634 massa
2880 2576 3132 2648 produxit
3161 2575 3432 2634 hominem
3463 2589 3582 2643 per-

2001 2669 2199 2727 fectum
2224 2686 2292 2726 ea:
2318 2672 2515 2728 semine
2529 2668 2700 2744 Dauid
2727 2671 3008 2726 secundum
3026 2685 3231 2724 carnem
3251 2667 3426 2738 (Rom.
3456 2667 3584 2735 ιθ),

2003 2763 2057 2820 in
2084 2779 2193 2834 quo
2222 2772 2340 2820 toto
2364 2763 2519 2834 quasi
2540 2778 2708 2818 aureo
2734 2762 2954 2818 metallo
2981 2763 3094 2832 ipse
3122 2761 3258 2830 ignis
3286 2760 3584 2828 incompre-

2003 2855 2280 2912 hensibilis
2307 2853 2809 2924 comprehensibilis
2837 2851 3021 2914 ﬂeret,
3051 2849 3388 2920 itnpassibilis
3414 2847 3584 2918 passi-

2003 2946 2126 3003 bilis
2147 2946 2319 3014 licet,
2346 2944 2704 3016 impalpahilis
2721 2942 3004 3016 palpabilis
3017 2941 3191 3004 ﬁeret.
3207 2949 3265 2996 ut
3291 2939 3399 2996 dixi
3420 2940 3583 3012 prius.

2007 3053 2173 3098 unum
2201 3037 2347 3108 quod
2374 3035 2552 3094 exurit
2577 3035 2899 3104 incredulos,
2929 3033 3073 3092 aliud
3098 3032 3245 3105 quod
3264 3047 3454 3094 attines
3470 3047 3584 3088 areu

2007 3131 2199 3188 dentes
2236 3131 2486 3188 illustrat.
2533 3115 2720 3200 Itaque
2757 3144 2856 3201 per
2899 3127 3032 3186 duas
3075 3128 3208 3185 istas
3240 3125 3580 3194 substantias,

317 3228 444 3273 sunt
488 3220 648 3274 eiecta
707 3217 1112 3291 conspiciuntur,
1161 3221 1474 3292 sempiterna
1501 3237 1698 3293 quoque
1742 3223 1903 3280 virtuts
1927 3217 1975 3288 C
2006 3227 2143 3296 auri,
2165 3226 2310 3298 quod
2335 3241 2533 3298 corpus
2557 3235 2659 3293 at,
2691 3235 2746 3284 et
2774 3227 2931 3298 ignis,
2959 3225 3103 3297 quod
3130 3241 3326 3296 cor-pm
3349 3240 3457 3280 non
3480 3233 3581 3293 est,

315 3312 434 3384 ejus
460 3319 510 3364 et
557 3309 816 3366 Diuinitaa
839 3309 1026 3380 (Rom.
1059 3327 1096 3381 ιι
1126 3309 1262 3382 20)?
1289 3309 1431 3382 Ergo
1476 3313 1521 3368 si
1551 3320 1606 3369 tu
1645 3315 1895 3385 vestigas,

315 3401 436 3457 sive
458 3408 514 3456 ut
543 3409 601 3457 tn
625 3401 691 3457 de
714 3417 800 3460 me
827 3401 1027 3468 dixisti,
1079 3409 1351 3460 tortuosus
1390 3403 1575 3473 anguis
1605 3404 1899 3476 stringente

315 3492 450 3550 mihi
475 3500 528 3549 te
554 3493 768 3548 conaris
785 3491 1032 3557 evadere.
1063 3489 1248 3550 mediis
1273 3492 1582 3564 justissimis
1603 3497 1895 3566 cognitori-

314 3584 422 3642 bus
445 3584 658 3655 penitus
677 3598 786 3640 non
805 3583 1007 3640 evadis.
1030 3580 1124 3641 Die
1150 3590 1298 3656 ergo,
1327 3601 1449 3644 cum
1470 3586 1648 3658 ignem
1668 3588 1724 3644 in
1752 3589 1898 3659 ligno

314 3683 413 3731 aut
441 3689 760 3746 quocunque
786 3663 1006 3735 metallo
1034 3676 1250 3741 videris,
1287 3692 1448 3739 unam
1475 3679 1528 3734 in
1553 3694 1625 3734 eo
1648 3679 1895 3735 substan-

313 3768 470 3833 tiam,
500 3783 568 3824 an
596 3767 730 3824 duas
748 3767 1016 3826 attendis?
1040 3799 1114 3812 —
1137 3766 1404 3840 Serapion
1422 3767 1556 3825 dixit
1587 3788 1598 3822 :
1630 3767 1897 3834 Unam.—

313 3859 588 3915 Arnobius
627 3859 761 3916 dixit
809 3876 822 3913 :
855 3858 972 3916 Non
1015 3867 1097 3920 est
1141 3872 1271 3930 ergo
1310 3858 1384 3916 ibi
1419 3874 1521 3916 nec
1547 3859 1764 3926 lignum.
1798 3876 1897 3916 nec

313 3951 540 4017 ferrum.
572 3967 672 4009 nec
697 3953 858 4012 ullius
883 3969 1106 4030 pret-sus
1147 3953 1384 4012 materie
1419 3966 1603 4042 genus,
1633 3968 1730 4030 per
1755 3953 1898 4022 quod

315 4041 493 4095 virtus
531 4042 648 4110 ejus
693 4051 748 4097 et
798 4045 1132 4100 invisibilitas
1181 4041 1518 4112 agnoscatur.
1549 4043 1900 4116 —Serapion

320 4130 462 4186 dixit
495 4150 508 4185 :
539 4131 632 4187 Est
658 4134 874 4203 quidem
901 4149 1000 4204 per
1017 4149 1177 4203 quam
1189 4141 1548 4201 cognoscatur
1562 4134 1734 4188 virtus
1752 4135 1806 4188 et
1827 4135 1902 4188 in-

318 4223 628 4292 visibilitas,
659 4232 841 4281 tamen
865 4225 1007 4294 ignis
1032 4225 1146 4282 sola
1171 4231 1460 4296 pits-tuac
1485 4224 1796 4280 distantia.
1828 4257 1902 4270 —-

309 4314 588 4373 Arnobius
630 4315 766 4371 dixit
820 4334 836 4369 :
877 4315 984 4372 ista
1031 4315 1171 4386 ignis
1217 4315 1334 4374 seta
1355 4312 1654 4374 substantia
1683 4317 1736 4372 in
1775 4325 1899 4374 aere

306 4409 657 4480 cognoscitur
677 4407 821 4472 intra
848 4401 1173 4466 thermarum
1198 4403 1456 4475 colorem,
1488 4419 1508 4448 ε
1539 4406 1634 4464 sed
1660 4408 1713 4466 si
1741 4407 1898 4478 lignis

2005 3333 2111 3375 una
2137 3333 2367 3389 persas
2389 3358 2404 3384 .
2435 3333 2597 3388 quam
2618 3319 2886 3376 cernimus
2911 3325 3003 3376 aut
3027 3317 3184 3383 ferri,
3217 3324 3309 3372 aut
3325 3317 3467 3382 sris,
3491 3327 3584 3376 aut

2003 3410 2230 3479 agenti.
2259 3417 2358 3466 aut
2380 3410 2517 3477 auri,
2549 3425 2656 3468 una
2683 3409 2924 3469 subsistit
2961 3410 3196 3480 species.
3227 3407 3432 3464 habens
3452 3407 3583 3466 duas

2000 3502 2328 3564 substantias
2369 3503 2486 3558 auri
2522 3503 2638 3558 veri
2671 3510 2726 3558 et
2765 3502 2901 3570 ignis
2929 3501 3062 3557 veri.
3083 3531 3156 3545 —-
3183 3497 3398 3556 iudices
3434 3497 3582 3556 dixe-

2001 3600 2130 3650 runt
2158 3611 2172 3647 :
2196 3590 2268 3647 Ut
2293 3591 2423 3662 quid
2447 3591 2683 3648 declinat
2706 3590 2972 3662 Serapion
2996 3599 3142 3647 tuam
3170 3588 3581 3648 evidentissima

2002 3683 2204 3742 rationi
2219 3699 2538 3756 responso
2564 3684 2716 3751 dare,
2747 3684 3040 3751 nescimus;
3063 3682 3225 3751 unde,
3248 3690 3306 3738 ut
3330 3681 3580 3746 diximus.

2002 3787 2168 3850 perge
2189 3791 2296 3846 quo
2317 3782 2406 3830 tua
2428 3774 2598 3832 tendit
2616 3775 2810 3830 oratio.

2076 3865 2208 3921 Vlll.
2235 3898 2308 3914 --
2330 3866 2594 3922 Arnobius
2621 3867 2756 3920 dixit
2788 3883 2800 3917 :
2833 3863 3164 3921 Calumniam
3205 3877 3366 3931 quam
3404 3862 3456 3916 in
3499 3876 3583 3916 me

2006 3957 2226 4024 ingessit
2259 3955 2578 4017 confirmare
2602 3956 2729 4010 dum
2766 3953 2964 4019 studet,
2994 3954 3120 4009 fecit
3140 3969 3254 4008 rem
3282 3952 3583 4008 consultam

2006 4050 2174 4102 homo
2197 4046 2408 4116 sapiens
2437 4053 2495 4099 ut
2536 4053 2756 4107 taceret,
2790 4059 2857 4098 ne
2879 4059 2976 4098 suo
3009 4060 3068 4099 se
3122 4059 3216 4098 ore
3259 4042 3580 4098 confutando

1978 4135 2366 4192 ‘convinceret.
2400 4133 2542 4190 Dixit
2587 4135 2726 4190 enim
2772 4150 2858 4188 me
2904 4135 3045 4203 quod
3073 4134 3237 4189 Deum
3277 4134 3411 4189 duos
3449 4132 3578 4190 illius

2006 4228 2207 4284 habere
2232 4243 2331 4299 per
2352 4227 2613 4284 visibilem
2657 4236 2712 4282 et
2741 4225 3058 4282 invisibilem
3081 4227 3436 4314 substantiam
3458 4235 3576 4282 cre-

2004 4315 2182 4376 dendo
2223 4334 2538 4387 assererem,
2570 4335 2689 4374 cum
2727 4331 2889 4374 unum
2935 4317 3028 4376 Dei
3074 4315 3263 4375 Filium
3294 4319 3345 4374 in
3375 4317 3575 4376 duabus

2003 4409 2314 4468 substantiis
2337 4410 2580 4478 credam;
2607 4410 2746 4468 sicut
2772 4425 2934 4466 unum
2971 4409 3086 4464 auri
3130 4408 3422 4476 metallum,
3452 4424 3577 4464 eam

1479 4585 1590 4644 ιιι.
1629 4587 2120 4669 renuant-mm
2159 4589 2384 4648 now.

390 4757 412 4786 ³·
439 4747 753 4820 Scholastici
780 4749 966 4820 paucis
988 4758 1043 4803 et
1068 4748 1236 4804 acutis
1256 4743 1397 4802 hanc
1415 4743 1776 4820 difﬁcultatem
1800 4761 1894 4802 ex.
1920 4750 1980 4812 D
2000 4747 2312 4820 Ambrosius
2355 4743 2447 4802 lib.
2472 4747 2538 4820 de
2559 4746 2672 4803 Noe
2693 4753 2767 4820 et
2799 4747 2958 4820 Area,
2989 4764 3036 4804 c.
3069 4744 3158 4820 25,
3193 4741 3550 4820 Hieronymus

385 4820 553 4886 dinnt,
586 4817 823 4874 dicentes
843 4831 958 4873 eam
981 4823 1293 4890 oorpoream
1316 4831 1433 4872 esse
1453 4817 1816 4890 assumptione
1838 4825 1892 4876 et

329 4890 712 4958 "formatione,
759 4895 866 4943 non
903 4887 1094 4959 antem'
1120 4893 1310 4943 natura
1349 4887 1632 4959 propriave
1661 4887 1888 4959 mtjone.

305 4961 445 5038 nom
475 4961 617 5038 quod
641 4947 1005 5038 quorumdam
1033 4959 1240 5023 annum,
1267 4965 1325 5014 in
1345 4947 1524 5038 Magis,
1549 4947 1696 5038 mg,
1720 4947 1888 5038 Onirc,

304 5025 588 5097 lcrcmim,
638 5025 694 5088 iri
738 5028 1196 5099 qualibusctmquc
1243 5027 1558 5098 corporibus
1605 5025 1890 5099 aliquando

305 5095 696 5172 apparuerunt.
728 5095 844 5158 Sed
882 5099 969 5172 hic
1003 5095 1268 5172 Arnobius
1285 5095 1501 5172 asserit
1527 5112 1632 5150 non
1671 5095 1890 5172 dubium

307 5163 436 5226 esse
463 5174 591 5242 quin
630 5181 889 5242 corporea
919 5171 1005 5224 sit.
1035 5167 1258 5242 insuper
1285 5163 1670 5230 Tertullianus,
1701 5165 1791 5220 lib.
1823 5165 1890 5223 de

309 5239 526 5308 Anima,
559 5249 704 5298 totus
725 5239 776 5295 in
805 5251 870 5294 eo
895 5243 975 5295 c‘st
1008 5247 1064 5294 ut
1103 5239 1293 5310 probet
1341 5248 1475 5310 eam
1507 5249 1732 5307 corpore
1761 5247 1890 5290 con—-

304 5323 478 5366 Stare.
513 5307 587 5368 Ite
607 5318 750 5367 certe
781 5325 965 5382 omnes
993 5311 1082 5382 qui
1104 5307 1224 5364 eam
1254 5319 1322 5382 ex
1360 5307 1578 5382 traduce
1605 5314 1888 5382 parentum

305 5383 469 5437 educi
517 5389 865 5454 putaverunt,
911 5379 964 5435 hi
1010 5377 1194 5435 autem
1250 5377 1460 5454 plurimi
1494 5385 1546 5432 et
1591 5377 1888 5454 grav'issiml

305 5446 548 5516 fuerunf,
573 5453 758 5507 eadem
802 5461 964 5520 opera
1011 5457 1074 5506 ex
1126 5446 1346 5504 materia
1373 5456 1426 5504 et
1451 5453 1734 5518 corporum
1749 5446 1888 5520 sub-

301 5526 511 5581 stantia
541 5517 872 5594 compactam
910 5533 1027 5594 esse
1075 5533 1179 5594 non
1206 5520 1453 5594 _obsc_ure
1491 5525 1612 5594 sunt
1640 5517 1882 5594 professi.

302 5597 532 5660 Verum,
566 5589 684 5650 cum
715 5591 911 5663 passim
934 5592 993 5663 in
1017 5592 1180 5646 sacris
1206 5589 1396 5663 litteris
1431 5589 1748 5663 appelleinr_
1774 5589 1884 5663 spi-

301 5668 469 5731 ritus,
499 5658 658 5736 prout
683 5658 842 5718 etiam
866 5660 1387 5736 spiritusppponitur
1415 5658 1644 5736 corpori,
1670 5658 1886 5726 spiritus

302 5725 725 5791 autem'carncm
748 5739 802 5786 et
822 5725 940 5784 ossa
957 5743 1061 5800 non
1082 5725 1277 5800 habent
1289 5725 1452 5800 (Eccl.
1467 5725 1548 5800 vit
1563 5745 1576 5792 ;
1592 5725 1714 5800 Lug.
1735 5741 1882 5793 xxm;

307 5807 471 5862 12am.
503 5823 625 5870 vttt;
677 5803 800 5857 Luc.
837 5797 1026 5868 xxiv);
1081 5798 1271 5859 deinde
1295 5791 1630 5856 sanctissimi
1667 5791 1880 5863 Patres,

1998 4789 2672 4887 satiasset-{5.33:
2689 4789 3574 4887 ίὶἱξιὶῗᾸῖἐεῆὲιῖιῖιὶεζὶἷῄἔὶξῖἐῗί

1998 4835 2027 4872 e
2070 4835 2153 4873 ISt.
2187 4835 2252 4876 aa
2281 4835 2655 4886 nugusunum,
2689 4835 2829 4873 luem
2868 4835 3210 4887 nugusunus,
3236 4835 3266 4871 e
3305 4835 3391 4872 tsr.
3422 4835 3489 4872 zu
3517 4835 3568 4878 al

1996 4835 2118 4954 ιὲγ,
2147 4887 2378 4959 denique
2421 4886 2711 4958 Gregdrius
2759 4885 2996 4959 Magnus,
3027 4886 3116 4942 lib.
3150 4902 3240 4959 xx_t
3269 4835 3568 4959 Kioralium,

1994 4953 2112 5026 cap.
2143 4957 2197 5023 ἓ,
2227 4953 2469 5026 eamdem
2517 4953 2827 5026 constanter
2853 4953 3075 5026 credant
3112 4964 3164 5011 ct
3202 4953 3428 5014 doceant
3456 4953 3573 5018 esse

1995 5024 2394 5097 incorpoream;
2420 5025 2668 5082 Ecclesiae
2693 5024 2928 5097 denique
2955 5025 3350 5097 deﬁnitionibus
3381 5029 3570 5086 eadem

1994 5095 2260 5172 statuatur
2300 5107 2422 5172 esse
2461 5096 2750 5172 spiritualis
2787 5105 2842 5150 et
2880 5095 3420 5172 incorporea_(S¢xt_.
3449 5115 3567 5172 ayn.

1994 5175 2096 5220 act.
2132 5165 2198 5237 ii
2222 5175 2272 5220 et
2295 5165 2398 5230 15;
2439 5165 2631 5237 Aconcit.
2665 5165 2840 5237 Later.
2873 5183 2920 5222 c.
2949 5165 3266 5237 Firmiter),
3308 5165 3570 5237 nefarium

1995 5235 2308 5315 pu_t0_a_liter
2327 5229 2554 5315 credere
2584 5237 2676 5292 aut
2711 5235 2924 5293 docere.
2949 5233 3133 5315 itaque
3163 5229 3282 5315 cum
3307 5229 3570 5315 urgemus

1993 5304 2078 5361 vel
2103 5306 2190 5360 alii
2218 5321 2334 5361 eam
2366 5314 2562 5362 vocant
2589 5323 2923 5377 corpoream,
2951 5307 3001 5362 id
3033 5304 3138 5363 non
3168 5304 3481 5374 simpliciter
3507 5318 3569 5357 ac

1992 5377 2210 5452 proprie
2237 5377 2633 5452 intelligendum
2656 5377 3170 5452 est,_seti:cq_uivocc
3201 5389 3265 5452 anc
3290 5383 3568 5438 compara.

1993 5442 2141 5516 iione
2174 5442 2575 5516 quadam'facta
2608 5463 2730 5504 cum
2759 5442 3013 5503 ineliahili
3041 5453 3200 5512 atque
3228 5442 3567 5506 incompara-

1992 5513 2084 5588 bili
2108 5513 2446 5588 simplicitate
2469 5517 2560 5572 Dei
2590 5519 2780 5588 nostri.
2966 5584 2976 5588 Α
3041 5582 3051 5588 _
3315 5577 3325 5588 ,

1989 5631 1992 5634 .
2064 5587 2090 5624 b
2118 5582 2284 5643 Vetus
2311 5587 2482 5644 codex
2521 5587 2679 5658 paulo
2709 5585 2880 5658 aliter,
2928 5582 3195 5658 nimirum.
3241 5582 3325 5658 qui
3365 5593 3569 5658 semitm

1947 5666 1955 5672 '
1991 5668 2178 5728 Meum,
2219 5674 2277 5712 eo
2323 5675 2421 5728 quo
2449 5649 2582 5728 est'a
2610 5654 2927 5728 madidum,
2956 5649 3186 5706 ordinent
3224 5655 3568 5720 ostendentes,

1991 5729 2137 5797 quasi
2159 5727 2247 5784 lux
2268 5723 2568 5797 intenebris
2589 5723 2906 5797 effulserunt.

2067 5809 2087 5834 ο
2119 5795 2174 5851 in
2205 5797 2371 5852 veteri
2401 5795 2519 5851 cod.
2551 5787 2665 5847 erat
2701 5809 2709 5842 :
2744 5787 2833 5842 sed
2861 5791 2911 5843 in
2936 5787 3104 5862 lignis.
