  <div class='ocr_page' id='page_1' title='image "/cluster/home/n/w/nwhite01/storage/ocr_20150623/53/hvd.32044015471576/145.png"; bbox 0 0 4108 6348; ppageno 0'>
   <div class='ocr_carea' id='block_1_1' title="bbox 569 394 674 456">
    <p class='ocr_par' dir='ltr' id='par_1_1' title="bbox 569 394 674 456">
     <span class='ocr_line' id='line_1_1' title="bbox 569 394 674 456; baseline 0 0"><span class='ocrx_word' id='word_1_1' title='bbox 569 394 674 456; x_wconf 72' lang='grc'><strong>279</strong></span> 
     </span>
    </p>
   </div>
   <div class='ocr_carea' id='block_1_2' title="bbox 1903 352 2531 437">
    <p class='ocr_par' dir='ltr' id='par_1_2' title="bbox 1903 352 2531 437">
     <span class='ocr_line' id='line_1_2' title="bbox 1903 352 2531 437; baseline -0.01 0"><span class='ocrx_word' id='word_1_2' title='bbox 1903 379 2173 437; x_wconf 73' lang='grc' dir='ltr'><strong>ΑιιΝοΒιι</strong></span> <span class='ocrx_word' id='word_1_3' title='bbox 2210 352 2531 435; x_wconf 62' lang='lat' dir='ltr'><strong>lusionis</strong></span> 
     </span>
    </p>
   </div>
   <div class='ocr_carea' id='block_1_3' title="bbox 3727 365 3836 423">
    <p class='ocr_par' dir='ltr' id='par_1_3' title="bbox 3727 365 3836 423">
     <span class='ocr_line' id='line_1_3' title="bbox 3727 365 3836 423; baseline 0 -2"><span class='ocrx_word' id='word_1_4' title='bbox 3727 365 3836 423; x_wconf 65' lang='grc' dir='ltr'><strong>ΞΜ</strong></span> 
     </span>
    </p>
   </div>
   <div class='ocr_carea' id='block_1_4' title="bbox 571 482 3837 583">
    <p class='ocr_par' dir='ltr' id='par_1_4' title="bbox 571 482 3837 583">
     <span class='ocr_line' id='line_1_4' title="bbox 571 482 3837 583; baseline -0.01 -14"><span class='ocrx_word' id='word_1_5' title='bbox 571 508 796 583; x_wconf 80' lang='lat' dir='ltr'><strong>ignitut&#39;n</strong></span> <span class='ocrx_word' id='word_1_6' title='bbox 821 508 1040 565; x_wconf 88' lang='lat' dir='ltr'><strong>l&#39;ueritin</strong></span> <span class='ocrx_word' id='word_1_7' title='bbox 1052 505 1257 562; x_wconf 86' lang='lat' dir='ltr'><strong>duabus</strong></span> <span class='ocrx_word' id='word_1_8' title='bbox 1285 503 1593 559; x_wconf 86' lang='lat' dir='ltr'><strong>substantiis</strong></span> <span class='ocrx_word' id='word_1_9' title='bbox 1621 499 1969 571; x_wconf 73' lang='lat' dir='ltr'><strong>probabiliter</strong></span> <span class='ocrx_word' id='word_1_10' title='bbox 1996 512 2143 551; x_wconf 81' lang='lat' dir='ltr'><strong>asse-</strong></span> <span class='ocrx_word' id='word_1_11' title='bbox 2174 504 2221 561; x_wconf 82' lang='grc' dir='ltr'>Α</span> <span class='ocrx_word' id='word_1_12' title='bbox 2247 492 2520 564; x_wconf 78' lang='lat' dir='ltr'><strong>respondit</strong></span> <span class='ocrx_word' id='word_1_13' title='bbox 2549 509 2558 542; x_wconf 90' lang='lat'>:</span> <span class='ocrx_word' id='word_1_14' title='bbox 2605 488 2767 544; x_wconf 83' lang='lat' dir='ltr'><strong>Maria</strong></span> <span class='ocrx_word' id='word_1_15' title='bbox 2818 502 2946 557; x_wconf 87' lang='lat' dir='ltr'><strong>ergo</strong></span> <span class='ocrx_word' id='word_1_16' title='bbox 2997 492 3168 541; x_wconf 81' lang='lat' dir='ltr'><strong>mater</strong></span> <span class='ocrx_word' id='word_1_17' title='bbox 3208 483 3457 547; x_wconf 81' lang='lat' dir='ltr'><strong>hominis,</strong></span> <span class='ocrx_word' id='word_1_18' title='bbox 3490 490 3547 535; x_wconf 89' lang='lat' dir='ltr'><strong>ct</strong></span> <span class='ocrx_word' id='word_1_19' title='bbox 3596 498 3707 536; x_wconf 82' lang='lat' dir='ltr'><strong>non</strong></span> <span class='ocrx_word' id='word_1_20' title='bbox 3737 482 3837 537; x_wconf 91' lang='lat' dir='ltr'><strong>Dei</strong></span> 
     </span>
    </p>
   </div>
   <div class='ocr_carea' id='block_1_5' title="bbox 573 588 2149 659">
    <p class='ocr_par' dir='ltr' id='par_1_5' title="bbox 573 588 2149 659">
     <span class='ocr_line' id='line_1_5' title="bbox 573 588 2149 659; baseline -0.011 0"><span class='ocrx_word' id='word_1_21' title='bbox 573 620 708 659; x_wconf 90' lang='lat' dir='ltr'><strong>ram.</strong></span> <span class='ocrx_word' id='word_1_22' title='bbox 739 599 1018 657; x_wconf 86' lang='lat' dir='ltr'><strong>Invisibilis</strong></span> <span class='ocrx_word' id='word_1_23' title='bbox 1044 596 1186 652; x_wconf 90' lang='lat' dir='ltr'><strong>enim</strong></span> <span class='ocrx_word' id='word_1_24' title='bbox 1214 595 1379 651; x_wconf 88' lang='lat' dir='ltr'><strong>Filius</strong></span> <span class='ocrx_word' id='word_1_25' title='bbox 1400 593 1493 649; x_wconf 86' lang='lat' dir='ltr'><strong>Dei</strong></span> <span class='ocrx_word' id='word_1_26' title='bbox 1519 592 1712 647; x_wconf 89' lang='lat' dir='ltr'><strong>visibili</strong></span> <span class='ocrx_word' id='word_1_27' title='bbox 1739 600 1761 626; x_wconf 75' lang='grc' dir='ltr'>η</span> <span class='ocrx_word' id='word_1_28' title='bbox 1786 589 1894 644; x_wconf 85' lang='lat' dir='ltr'><strong>ﬁlio</strong></span> <span class='ocrx_word' id='word_1_29' title='bbox 1916 588 2149 645; x_wconf 87' lang='lat' dir='ltr'><strong>hominis</strong></span> 
     </span>
    </p>
   </div>
   <div class='ocr_carea' id='block_1_6' title="bbox 572 674 2149 753">
    <p class='ocr_par' dir='ltr' id='par_1_6' title="bbox 572 674 2149 753">
     <span class='ocr_line' id='line_1_6' title="bbox 572 674 2149 753; baseline -0.011 -4"><span class='ocrx_word' id='word_1_30' title='bbox 572 695 769 749; x_wconf 89' lang='lat' dir='ltr'><strong>mixtus</strong></span> <span class='ocrx_word' id='word_1_31' title='bbox 799 705 959 746; x_wconf 90' lang='lat' dir='ltr'><strong>unum</strong></span> <span class='ocrx_word' id='word_1_32' title='bbox 980 687 1170 742; x_wconf 90' lang='lat' dir='ltr'><strong>Filium</strong></span> <span class='ocrx_word' id='word_1_33' title='bbox 1200 686 1296 741; x_wconf 86' lang='lat' dir='ltr'><strong>Dei</strong></span> <span class='ocrx_word' id='word_1_34' title='bbox 1324 685 1472 751; x_wconf 88' lang='lat' dir='ltr'><strong>fecit,</strong></span> <span class='ocrx_word' id='word_1_35' title='bbox 1495 690 1557 739; x_wconf 91' lang='lat' dir='ltr'><strong>ut</strong></span> <span class='ocrx_word' id='word_1_36' title='bbox 1578 683 1631 737; x_wconf 94' lang='lat' dir='ltr'><strong>in</strong></span> <span class='ocrx_word' id='word_1_37' title='bbox 1652 683 1780 753; x_wconf 52' lang='lat' dir='ltr'><strong>ipso,</strong></span> <span class='ocrx_word' id='word_1_38' title='bbox 1794 686 1937 736; x_wconf 91' lang='lat' dir='ltr'><strong>esset</strong></span> <span class='ocrx_word' id='word_1_39' title='bbox 1965 674 2149 734; x_wconf 84' lang='lat' dir='ltr'><strong>visibi-</strong></span> 
     </span>
    </p>
   </div>
   <div class='ocr_carea' id='block_1_7' title="bbox 573 770 2154 849">
    <p class='ocr_par' dir='ltr' id='par_1_7' title="bbox 573 770 2154 849">
     <span class='ocr_line' id='line_1_7' title="bbox 573 770 2154 849; baseline -0.011 -8"><span class='ocrx_word' id='word_1_40' title='bbox 573 785 658 849; x_wconf 89' lang='lat' dir='ltr'><strong>lis,</strong></span> <span class='ocrx_word' id='word_1_41' title='bbox 690 783 828 839; x_wconf 86' lang='lat' dir='ltr'><strong>sicut</strong></span> <span class='ocrx_word' id='word_1_42' title='bbox 853 780 1006 848; x_wconf 89' lang='lat' dir='ltr'><strong>ignis,</strong></span> <span class='ocrx_word' id='word_1_43' title='bbox 1029 778 1121 849; x_wconf 89' lang='lat' dir='ltr'><strong>qui</strong></span> <span class='ocrx_word' id='word_1_44' title='bbox 1151 776 1434 832; x_wconf 84' lang='lat' dir='ltr'><strong>invisibilis</strong></span> <span class='ocrx_word' id='word_1_45' title='bbox 1460 774 1590 839; x_wconf 82' lang='lat' dir='ltr'><strong>fuit,</strong></span> <span class='ocrx_word' id='word_1_46' title='bbox 1621 773 1676 829; x_wconf 92' lang='lat' dir='ltr'><strong>in</strong></span> <span class='ocrx_word' id='word_1_47' title='bbox 1699 786 1877 828; x_wconf 86' lang='lat' dir='ltr'><strong>massa</strong></span> <span class='ocrx_word' id='word_1_48' title='bbox 1914 770 2030 825; x_wconf 80' lang='lat' dir='ltr'><strong>auri</strong></span> <span class='ocrx_word' id='word_1_49' title='bbox 2063 775 2154 824; x_wconf 90' lang='lat' dir='ltr'><strong>aut</strong></span> 
     </span>
    </p>
   </div>
   <div class='ocr_carea' id='block_1_8' title="bbox 573 862 2155 944">
    <p class='ocr_par' dir='ltr' id='par_1_8' title="bbox 573 862 2155 944">
     <span class='ocr_line' id='line_1_8' title="bbox 573 862 2155 944; baseline -0.01 -14"><span class='ocrx_word' id='word_1_50' title='bbox 573 874 932 944; x_wconf 87' lang='lat' dir='ltr'><strong>cujuscunque</strong></span> <span class='ocrx_word' id='word_1_51' title='bbox 957 868 1162 924; x_wconf 88' lang='lat' dir='ltr'><strong>metalli</strong></span> <span class='ocrx_word' id='word_1_52' title='bbox 1190 867 1359 924; x_wconf 88' lang='lat' dir='ltr'><strong>factus</strong></span> <span class='ocrx_word' id='word_1_53' title='bbox 1386 865 1628 932; x_wconf 89' lang='lat' dir='ltr'><strong>visibilis,</strong></span> <span class='ocrx_word' id='word_1_54' title='bbox 1657 879 1767 920; x_wconf 89' lang='lat' dir='ltr'><strong>non</strong></span> <span class='ocrx_word' id='word_1_55' title='bbox 1796 862 1992 930; x_wconf 89' lang='lat' dir='ltr'><strong>amisit,</strong></span> <span class='ocrx_word' id='word_1_56' title='bbox 2020 875 2155 930; x_wconf 89' lang='lat' dir='ltr'><strong>quo-</strong></span> 
     </span>
    </p>
   </div>
   <div class='ocr_carea' id='block_1_9' title="bbox 524 954 2156 1032">
    <p class='ocr_par' dir='ltr' id='par_1_9' title="bbox 524 954 2156 1032">
     <span class='ocr_line' id='line_1_9' title="bbox 524 954 2156 1032; baseline -0.009 -9"><span class='ocrx_word' id='word_1_57' title='bbox 524 985 528 988; x_wconf 61' lang='lat'><em>‘</em></span> <span class='ocrx_word' id='word_1_58' title='bbox 572 966 734 1023; x_wconf 90' lang='lat' dir='ltr'><strong>modo</strong></span> <span class='ocrx_word' id='word_1_59' title='bbox 770 965 918 1021; x_wconf 88' lang='lat' dir='ltr'><strong>solus</strong></span> <span class='ocrx_word' id='word_1_60' title='bbox 937 963 1075 1032; x_wconf 89' lang='lat' dir='ltr'><strong>ignis</strong></span> <span class='ocrx_word' id='word_1_61' title='bbox 1101 962 1216 1017; x_wconf 89' lang='lat' dir='ltr'><strong>sine</strong></span> <span class='ocrx_word' id='word_1_62' title='bbox 1259 960 1484 1016; x_wconf 85' lang='lat' dir='ltr'><strong>materia</strong></span> <span class='ocrx_word' id='word_1_63' title='bbox 1513 957 1733 1013; x_wconf 86' lang='lat' dir='ltr'><strong>alterius</strong></span> <span class='ocrx_word' id='word_1_64' title='bbox 1755 955 1835 1012; x_wconf 86' lang='lat' dir='ltr'><strong>rei</strong></span> <span class='ocrx_word' id='word_1_65' title='bbox 1860 969 1979 1025; x_wconf 71' lang='lat' dir='ltr'><strong>qua:</strong></span> <span class='ocrx_word' id='word_1_66' title='bbox 2007 954 2156 1009; x_wconf 90' lang='lat' dir='ltr'><strong>illum</strong></span> 
     </span>
    </p>
   </div>
   <div class='ocr_carea' id='block_1_10' title="bbox 574 1038 2157 1119">
    <p class='ocr_par' dir='ltr' id='par_1_10' title="bbox 574 1038 2157 1119">
     <span class='ocr_line' id='line_1_10' title="bbox 574 1038 2157 1119; baseline -0.008 -5"><span class='ocrx_word' id='word_1_67' title='bbox 574 1058 837 1115; x_wconf 84' lang='lat' dir='ltr'><strong>visibilem</strong></span> <span class='ocrx_word' id='word_1_68' title='bbox 888 1065 944 1112; x_wconf 89' lang='lat' dir='ltr'><strong>et</strong></span> <span class='ocrx_word' id='word_1_69' title='bbox 989 1054 1297 1115; x_wconf 85' lang='lat' dir='ltr'><strong>sensibilem</strong></span> <span class='ocrx_word' id='word_1_70' title='bbox 1343 1051 1505 1108; x_wconf 80' lang='lat' dir='ltr'><strong>faciat</strong></span> <span class='ocrx_word' id='word_1_71' title='bbox 1550 1065 1650 1106; x_wconf 92' lang='lat' dir='ltr'><strong>nec</strong></span> <span class='ocrx_word' id='word_1_72' title='bbox 1686 1049 1856 1105; x_wconf 84' lang='lat' dir='ltr'><strong>videri</strong></span> <span class='ocrx_word' id='word_1_73' title='bbox 1884 1038 2062 1119; x_wconf 79' lang='lat' dir='ltr'><strong>potest</strong></span> <span class='ocrx_word' id='word_1_74' title='bbox 2090 1046 2157 1102; x_wconf 91' lang='lat' dir='ltr'><strong>ab</strong></span> 
     </span>
    </p>
   </div>
   <div class='ocr_carea' id='block_1_11' title="bbox 575 1128 2159 1217">
    <p class='ocr_par' dir='ltr' id='par_1_11' title="bbox 575 1128 2159 1217">
     <span class='ocr_line' id='line_1_11' title="bbox 575 1128 2159 1217; baseline -0.008 -11"><span class='ocrx_word' id='word_1_75' title='bbox 575 1150 765 1215; x_wconf 90' lang='lat' dir='ltr'><strong>oculis,</strong></span> <span class='ocrx_word' id='word_1_76' title='bbox 787 1163 890 1203; x_wconf 86' lang='lat' dir='ltr'><strong>nec</strong></span> <span class='ocrx_word' id='word_1_77' title='bbox 916 1162 946 1201; x_wconf 91' lang='lat' dir='ltr'><strong>a</strong></span> <span class='ocrx_word' id='word_1_78' title='bbox 975 1128 1304 1217; x_wconf 38' lang='lat' dir='ltr'><strong>corporibus.</strong></span> <span class='ocrx_word' id='word_1_79' title='bbox 1320 1143 1538 1200; x_wconf 88' lang='lat' dir='ltr'><strong>omnino</strong></span> <span class='ocrx_word' id='word_1_80' title='bbox 1565 1141 1770 1198; x_wconf 85' lang='lat' dir='ltr'><strong>sentiri.</strong></span> <span class='ocrx_word' id='word_1_81' title='bbox 1797 1169 1871 1179; x_wconf 90' lang='lat'><strong><em>—</em></strong></span> <span class='ocrx_word' id='word_1_82' title='bbox 1895 1138 2159 1210; x_wconf 88' lang='lat' dir='ltr'><strong>Serapion</strong></span> 
     </span>
    </p>
   </div>
   <div class='ocr_carea' id='block_1_12' title="bbox 575 1231 2159 1308">
    <p class='ocr_par' dir='ltr' id='par_1_12' title="bbox 575 1231 2159 1308">
     <span class='ocr_line' id='line_1_12' title="bbox 575 1231 2159 1308; baseline -0.008 -10"><span class='ocrx_word' id='word_1_83' title='bbox 575 1243 711 1298; x_wconf 81' lang='lat' dir='ltr'><strong>dixit</strong></span> <span class='ocrx_word' id='word_1_84' title='bbox 735 1260 747 1295; x_wconf 91' lang='lat'><strong>:</strong></span> <span class='ocrx_word' id='word_1_85' title='bbox 769 1239 1011 1308; x_wconf 88' lang='lat' dir='ltr'><strong>Intelligo</strong></span> <span class='ocrx_word' id='word_1_86' title='bbox 1052 1246 1105 1293; x_wconf 90' lang='lat' dir='ltr'><strong>te</strong></span> <span class='ocrx_word' id='word_1_87' title='bbox 1134 1237 1199 1294; x_wconf 90' lang='lat' dir='ltr'><strong>ad</strong></span> <span class='ocrx_word' id='word_1_88' title='bbox 1226 1238 1333 1292; x_wconf 90' lang='lat' dir='ltr'><strong>hoc</strong></span> <span class='ocrx_word' id='word_1_89' title='bbox 1371 1235 1673 1308; x_wconf 87' lang='lat' dir='ltr'><strong>pervenire,</strong></span> <span class='ocrx_word' id='word_1_90' title='bbox 1700 1242 1760 1289; x_wconf 92' lang='lat' dir='ltr'><strong>ut</strong></span> <span class='ocrx_word' id='word_1_91' title='bbox 1789 1233 1936 1290; x_wconf 90' lang='lat' dir='ltr'><strong>dicas</strong></span> <span class='ocrx_word' id='word_1_92' title='bbox 1968 1231 2159 1292; x_wconf 90' lang='lat' dir='ltr'><strong>Filium</strong></span> 
     </span>
    </p>
   </div>
   <div class='ocr_carea' id='block_1_13' title="bbox 577 1322 2161 1395">
    <p class='ocr_par' dir='ltr' id='par_1_13' title="bbox 577 1322 2161 1395">
     <span class='ocr_line' id='line_1_13' title="bbox 577 1322 2161 1395; baseline -0.007 -6"><span class='ocrx_word' id='word_1_93' title='bbox 577 1333 675 1390; x_wconf 90' lang='lat' dir='ltr'><strong>Dei</strong></span> <span class='ocrx_word' id='word_1_94' title='bbox 702 1332 1003 1389; x_wconf 90' lang='lat' dir='ltr'><strong>deseruisse</strong></span> <span class='ocrx_word' id='word_1_95' title='bbox 1025 1327 1189 1385; x_wconf 89' lang='lat' dir='ltr'><strong>ﬁlium</strong></span> <span class='ocrx_word' id='word_1_96' title='bbox 1217 1328 1468 1395; x_wconf 88' lang='lat' dir='ltr'><strong>hominis,</strong></span> <span class='ocrx_word' id='word_1_97' title='bbox 1517 1343 1618 1382; x_wconf 91' lang='lat' dir='ltr'><strong>nec</strong></span> <span class='ocrx_word' id='word_1_98' title='bbox 1656 1326 1814 1381; x_wconf 87' lang='lat' dir='ltr'><strong>simul</strong></span> <span class='ocrx_word' id='word_1_99' title='bbox 1851 1322 2161 1380; x_wconf 84' lang='lat' dir='ltr'><strong>cruciﬁxum</strong></span> 
     </span>
    </p>
   </div>
   <div class='ocr_carea' id='block_1_14' title="bbox 578 1398 2162 1494">
    <p class='ocr_par' dir='ltr' id='par_1_14' title="bbox 578 1398 2162 1494">
     <span class='ocr_line' id='line_1_14' title="bbox 578 1398 2162 1494; baseline -0.006 -15"><span class='ocrx_word' id='word_1_100' title='bbox 578 1425 635 1480; x_wconf 89' lang='lat' dir='ltr'><strong>in</strong></span> <span class='ocrx_word' id='word_1_101' title='bbox 662 1425 826 1494; x_wconf 85' lang='lat' dir='ltr'><strong>ligno.</strong></span> <span class='ocrx_word' id='word_1_102' title='bbox 857 1419 1212 1477; x_wconf 89' lang='lat' dir='ltr'><strong>——Amobius</strong></span> <span class='ocrx_word' id='word_1_103' title='bbox 1253 1419 1390 1475; x_wconf 83' lang='lat' dir='ltr'><strong>dixit</strong></span> <span class='ocrx_word' id='word_1_104' title='bbox 1420 1438 1433 1473; x_wconf 89' lang='lat'>:</span> <span class='ocrx_word' id='word_1_105' title='bbox 1464 1417 1578 1488; x_wconf 89' lang='lat' dir='ltr'><strong>Ego</strong></span> <span class='ocrx_word' id='word_1_106' title='bbox 1624 1418 1728 1473; x_wconf 89' lang='lat' dir='ltr'><strong>hoc</strong></span> <span class='ocrx_word' id='word_1_107' title='bbox 1764 1398 2033 1486; x_wconf 84' lang='lat' dir='ltr'><strong>nunquam</strong></span> <span class='ocrx_word' id='word_1_108' title='bbox 2061 1429 2162 1470; x_wconf 89' lang='lat' dir='ltr'><strong>nec</strong></span> 
     </span>
    </p>
   </div>
   <div class='ocr_carea' id='block_1_15' title="bbox 580 1500 2161 1585">
    <p class='ocr_par' dir='ltr' id='par_1_15' title="bbox 580 1500 2161 1585">
     <span class='ocr_line' id='line_1_15' title="bbox 580 1500 2161 1585; baseline -0.007 -14"><span class='ocrx_word' id='word_1_109' title='bbox 580 1516 745 1571; x_wconf 78' lang='lat' dir='ltr'><strong>corde</strong></span> <span class='ocrx_word' id='word_1_110' title='bbox 771 1513 1012 1585; x_wconf 90' lang='lat' dir='ltr'><strong>concepi,</strong></span> <span class='ocrx_word' id='word_1_111' title='bbox 1041 1527 1141 1569; x_wconf 91' lang='lat' dir='ltr'><strong>nec</strong></span> <span class='ocrx_word' id='word_1_112' title='bbox 1161 1500 1255 1567; x_wconf 80' lang='lat' dir='ltr'><strong>Ore</strong></span> <span class='ocrx_word' id='word_1_113' title='bbox 1284 1511 1511 1582; x_wconf 88' lang='lat' dir='ltr'><strong>protuli;</strong></span> <span class='ocrx_word' id='word_1_114' title='bbox 1553 1509 1848 1581; x_wconf 89' lang='lat' dir='ltr'><strong>quinimmo</strong></span> <span class='ocrx_word' id='word_1_115' title='bbox 1877 1523 1997 1563; x_wconf 90' lang='lat' dir='ltr'><strong>cum</strong></span> <span class='ocrx_word' id='word_1_116' title='bbox 2031 1521 2161 1577; x_wconf 84' lang='lat' dir='ltr'><strong>pro-</strong></span> 
     </span>
    </p>
   </div>
   <div class='ocr_carea' id='block_1_16' title="bbox 580 1600 2165 1679">
    <p class='ocr_par' dir='ltr' id='par_1_16' title="bbox 580 1600 2165 1679">
     <span class='ocr_line' id='line_1_16' title="bbox 580 1600 2165 1679; baseline -0.006 -16"><span class='ocrx_word' id='word_1_117' title='bbox 580 1609 745 1679; x_wconf 87' lang='lat' dir='ltr'><strong>pheta</strong></span> <span class='ocrx_word' id='word_1_118' title='bbox 764 1607 905 1673; x_wconf 88' lang='lat' dir='ltr'><strong>dico,</strong></span> <span class='ocrx_word' id='word_1_119' title='bbox 920 1605 1063 1676; x_wconf 90' lang='lat' dir='ltr'><strong>quod</strong></span> <span class='ocrx_word' id='word_1_120' title='bbox 1084 1621 1190 1661; x_wconf 90' lang='lat' dir='ltr'><strong>non</strong></span> <span class='ocrx_word' id='word_1_121' title='bbox 1216 1604 1390 1660; x_wconf 90' lang='lat' dir='ltr'><strong>solum</strong></span> <span class='ocrx_word' id='word_1_122' title='bbox 1412 1620 1518 1659; x_wconf 93' lang='lat' dir='ltr'><strong>non</strong></span> <span class='ocrx_word' id='word_1_123' title='bbox 1539 1602 1777 1659; x_wconf 87' lang='lat' dir='ltr'><strong>deseruit</strong></span> <span class='ocrx_word' id='word_1_124' title='bbox 1796 1616 1919 1656; x_wconf 91' lang='lat' dir='ltr'><strong>eum</strong></span> <span class='ocrx_word' id='word_1_125' title='bbox 1934 1600 1989 1655; x_wconf 89' lang='lat' dir='ltr'><strong>in</strong></span> <span class='ocrx_word' id='word_1_126' title='bbox 2004 1613 2165 1655; x_wconf 89' lang='lat' dir='ltr'><strong>cruce</strong></span> 
     </span>
    </p>
   </div>
   <div class='ocr_carea' id='block_1_17' title="bbox 483 1688 2164 1769">
    <p class='ocr_par' dir='ltr' id='par_1_17' title="bbox 483 1688 2164 1769">
     <span class='ocr_line' id='line_1_17' title="bbox 483 1688 2164 1769; baseline -0.007 -15"><span class='ocrx_word' id='word_1_127' title='bbox 483 1740 489 1747; x_wconf 91' lang='lat'><strong>.</strong></span> <span class='ocrx_word' id='word_1_128' title='bbox 582 1699 816 1769; x_wconf 91' lang='lat' dir='ltr'><strong>positum</strong></span> <span class='ocrx_word' id='word_1_129' title='bbox 841 1716 854 1751; x_wconf 91' lang='lat'>:</span> <span class='ocrx_word' id='word_1_130' title='bbox 884 1711 1068 1753; x_wconf 86' lang='lat' dir='ltr'><strong>verum</strong></span> <span class='ocrx_word' id='word_1_131' title='bbox 1083 1696 1244 1751; x_wconf 89' lang='lat' dir='ltr'><strong>etiam</strong></span> <span class='ocrx_word' id='word_1_132' title='bbox 1273 1711 1383 1750; x_wconf 91' lang='lat' dir='ltr'><strong>non</strong></span> <span class='ocrx_word' id='word_1_133' title='bbox 1416 1709 1537 1749; x_wconf 91' lang='lat' dir='ltr'><strong>eum</strong></span> <span class='ocrx_word' id='word_1_134' title='bbox 1558 1692 1844 1761; x_wconf 87' lang='lat' dir='ltr'><strong>dereliquit</strong></span> <span class='ocrx_word' id='word_1_135' title='bbox 1866 1698 2082 1746; x_wconf 92' lang='lat' dir='ltr'><strong>euntem</strong></span> <span class='ocrx_word' id='word_1_136' title='bbox 2110 1688 2164 1742; x_wconf 91' lang='lat' dir='ltr'><strong>in</strong></span> 
     </span>
    </p>
   </div>
   <div class='ocr_carea' id='block_1_18' title="bbox 583 1782 2165 1855">
    <p class='ocr_par' dir='ltr' id='par_1_18' title="bbox 583 1782 2165 1855">
     <span class='ocr_line' id='line_1_18' title="bbox 583 1782 2165 1855; baseline -0.004 -12"><span class='ocrx_word' id='word_1_137' title='bbox 583 1787 870 1855; x_wconf 81' lang='lat' dir='ltr'><strong>infernum,</strong></span> <span class='ocrx_word' id='word_1_138' title='bbox 894 1798 950 1843; x_wconf 89' lang='lat' dir='ltr'><strong>et</strong></span> <span class='ocrx_word' id='word_1_139' title='bbox 968 1803 1076 1843; x_wconf 90' lang='lat' dir='ltr'><strong>non</strong></span> <span class='ocrx_word' id='word_1_140' title='bbox 1105 1787 1251 1842; x_wconf 87' lang='lat' dir='ltr'><strong>dedit</strong></span> <span class='ocrx_word' id='word_1_141' title='bbox 1273 1794 1515 1842; x_wconf 88' lang='lat' dir='ltr'><strong>sanctum</strong></span> <span class='ocrx_word' id='word_1_142' title='bbox 1544 1801 1699 1839; x_wconf 91' lang='lat' dir='ltr'><strong>suum</strong></span> <span class='ocrx_word' id='word_1_143' title='bbox 1731 1782 1917 1839; x_wconf 91' lang='lat' dir='ltr'><strong>videre</strong></span> <span class='ocrx_word' id='word_1_144' title='bbox 1944 1796 2165 1852; x_wconf 89' lang='lat' dir='ltr'><strong>corrup-</strong></span> 
     </span>
    </p>
   </div>
   <div class='ocr_carea' id='block_1_19' title="bbox 2251 572 3845 644">
    <p class='ocr_par' dir='ltr' id='par_1_19' title="bbox 2251 572 3845 644">
     <span class='ocr_line' id='line_1_19' title="bbox 2251 572 3845 644; baseline -0.009 -1"><span class='ocrx_word' id='word_1_145' title='bbox 2251 596 2352 643; x_wconf 91' lang='lat' dir='ltr'><strong>est.</strong></span> <span class='ocrx_word' id='word_1_146' title='bbox 2384 618 2453 631; x_wconf 83' lang='lat'><strong>——</strong></span> <span class='ocrx_word' id='word_1_147' title='bbox 2494 583 2760 639; x_wconf 86' lang='lat' dir='ltr'><strong>Arnobius</strong></span> <span class='ocrx_word' id='word_1_148' title='bbox 2804 580 2938 635; x_wconf 83' lang='lat' dir='ltr'><strong>dixit</strong></span> <span class='ocrx_word' id='word_1_149' title='bbox 2982 598 2995 633; x_wconf 89' lang='lat'><strong>:</strong></span> <span class='ocrx_word' id='word_1_150' title='bbox 3046 574 3148 634; x_wconf 81' lang='lat' dir='ltr'><strong>Per</strong></span> <span class='ocrx_word' id='word_1_151' title='bbox 3188 576 3464 632; x_wconf 87' lang='lat' dir='ltr'><strong>hominem</strong></span> <span class='ocrx_word' id='word_1_152' title='bbox 3513 574 3582 628; x_wconf 83' lang='lat' dir='ltr'><strong>de</strong></span> <span class='ocrx_word' id='word_1_153' title='bbox 3623 572 3845 644; x_wconf 81' lang='lat' dir='ltr'><strong>Spiritu-</strong></span> 
     </span>
    </p>
   </div>
   <div class='ocr_carea' id='block_1_20' title="bbox 2251 666 3842 745">
    <p class='ocr_par' dir='ltr' id='par_1_20' title="bbox 2251 666 3842 745">
     <span class='ocr_line' id='line_1_20' title="bbox 2251 666 3842 745; baseline -0.009 -10"><span class='ocrx_word' id='word_1_154' title='bbox 2251 686 2439 735; x_wconf 88' lang='lat' dir='ltr'><strong>sancto</strong></span> <span class='ocrx_word' id='word_1_155' title='bbox 2465 683 2783 745; x_wconf 90' lang='lat' dir='ltr'><strong>conceptum</strong></span> <span class='ocrx_word' id='word_1_156' title='bbox 2811 681 2868 728; x_wconf 91' lang='lat' dir='ltr'><strong>et</strong></span> <span class='ocrx_word' id='word_1_157' title='bbox 2892 680 3077 727; x_wconf 90' lang='lat' dir='ltr'><strong>natum</strong></span> <span class='ocrx_word' id='word_1_158' title='bbox 3102 667 3298 724; x_wconf 88' lang='lat' dir='ltr'><strong>meruit</strong></span> <span class='ocrx_word' id='word_1_159' title='bbox 3325 667 3488 722; x_wconf 90' lang='lat' dir='ltr'><strong>etiam</strong></span> <span class='ocrx_word' id='word_1_160' title='bbox 3516 666 3635 736; x_wconf 85' lang='lat' dir='ltr'><strong>ejus</strong></span> <span class='ocrx_word' id='word_1_161' title='bbox 3660 673 3842 721; x_wconf 86' lang='lat' dir='ltr'><strong>mater</strong></span> 
     </span>
    </p>
   </div>
   <div class='ocr_carea' id='block_1_21' title="bbox 2253 758 3841 840">
    <p class='ocr_par' dir='ltr' id='par_1_21' title="bbox 2253 758 3841 840">
     <span class='ocr_line' id='line_1_21' title="bbox 2253 758 3841 840; baseline -0.008 -12"><span class='ocrx_word' id='word_1_162' title='bbox 2253 771 2389 837; x_wconf 80' lang='lat' dir='ltr'><strong>ﬁeri,</strong></span> <span class='ocrx_word' id='word_1_163' title='bbox 2421 771 2512 840; x_wconf 82' lang='lat' dir='ltr'><strong>qui</strong></span> <span class='ocrx_word' id='word_1_164' title='bbox 2567 769 2640 823; x_wconf 91' lang='lat' dir='ltr'><strong>ita</strong></span> <span class='ocrx_word' id='word_1_165' title='bbox 2668 766 2768 824; x_wconf 89' lang='lat' dir='ltr'><strong>fuit</strong></span> <span class='ocrx_word' id='word_1_166' title='bbox 2803 780 3033 836; x_wconf 88' lang='lat' dir='ltr'><strong>semper,</strong></span> <span class='ocrx_word' id='word_1_167' title='bbox 3063 772 3123 818; x_wconf 91' lang='lat' dir='ltr'><strong>ut</strong></span> <span class='ocrx_word' id='word_1_168' title='bbox 3163 769 3219 818; x_wconf 88' lang='lat' dir='ltr'><strong>et</strong></span> <span class='ocrx_word' id='word_1_169' title='bbox 3265 776 3372 817; x_wconf 92' lang='lat' dir='ltr'><strong>non</strong></span> <span class='ocrx_word' id='word_1_170' title='bbox 3418 758 3579 815; x_wconf 91' lang='lat' dir='ltr'><strong>fuerit</strong></span> <span class='ocrx_word' id='word_1_171' title='bbox 3622 767 3841 829; x_wconf 86' lang='lat' dir='ltr'><strong>tempus</strong></span> 
     </span>
    </p>
   </div>
   <div class='ocr_carea' id='block_1_22' title="bbox 2254 841 3943 933">
    <p class='ocr_par' dir='ltr' id='par_1_22' title="bbox 2254 841 3943 933">
     <span class='ocr_line' id='line_1_22' title="bbox 2254 841 3943 933; baseline -0.009 -15"><span class='ocrx_word' id='word_1_172' title='bbox 2254 860 2470 933; x_wconf 79' lang='lat' dir='ltr'><strong>quando</strong></span> <span class='ocrx_word' id='word_1_173' title='bbox 2499 875 2605 916; x_wconf 91' lang='lat' dir='ltr'><strong>non</strong></span> <span class='ocrx_word' id='word_1_174' title='bbox 2637 860 2754 915; x_wconf 86' lang='lat' dir='ltr'><strong>fuit.</strong></span> <span class='ocrx_word' id='word_1_175' title='bbox 2799 891 2869 901; x_wconf 90' lang='lat'><strong><em>——</em></strong></span> <span class='ocrx_word' id='word_1_176' title='bbox 2899 856 3159 927; x_wconf 88' lang='lat' dir='ltr'><strong>Serapion</strong></span> <span class='ocrx_word' id='word_1_177' title='bbox 3199 853 3333 908; x_wconf 81' lang='lat' dir='ltr'><strong>dixit</strong></span> <span class='ocrx_word' id='word_1_178' title='bbox 3370 870 3383 906; x_wconf 89' lang='lat'><strong>:</strong></span> <span class='ocrx_word' id='word_1_179' title='bbox 3415 850 3558 921; x_wconf 83' lang='lat' dir='ltr'><strong>Ergo</strong></span> <span class='ocrx_word' id='word_1_180' title='bbox 3602 848 3843 906; x_wconf 62' lang='lat' dir='ltr'><strong>Nestorii</strong></span> <span class='ocrx_word' id='word_1_181' title='bbox 3938 841 3943 850; x_wconf 54' lang='grc'><strong>¹</strong></span> 
     </span>
    </p>
   </div>
   <div class='ocr_carea' id='block_1_23' title="bbox 2255 943 3842 1022">
    <p class='ocr_par' dir='ltr' id='par_1_23' title="bbox 2255 943 3842 1022">
     <span class='ocr_line' id='line_1_23' title="bbox 2255 943 3842 1022; baseline -0.006 -13"><span class='ocrx_word' id='word_1_182' title='bbox 2255 960 2459 1009; x_wconf 84' lang='lat' dir='ltr'><strong>sectam</strong></span> <span class='ocrx_word' id='word_1_183' title='bbox 2484 951 2747 1022; x_wconf 87' lang='lat' dir='ltr'><strong>sequeris.</strong></span> <span class='ocrx_word' id='word_1_184' title='bbox 2774 980 2843 991; x_wconf 91' lang='lat'><strong>-—</strong></span> <span class='ocrx_word' id='word_1_185' title='bbox 2866 948 3131 1004; x_wconf 86' lang='lat' dir='ltr'><strong>Arnobius</strong></span> <span class='ocrx_word' id='word_1_186' title='bbox 3158 946 3292 1002; x_wconf 82' lang='lat' dir='ltr'><strong>dixit</strong></span> <span class='ocrx_word' id='word_1_187' title='bbox 3324 963 3337 999; x_wconf 91' lang='lat'><strong>:</strong></span> <span class='ocrx_word' id='word_1_188' title='bbox 3366 943 3651 1001; x_wconf 83' lang='lat' dir='ltr'><strong>Nestorius</strong></span> <span class='ocrx_word' id='word_1_189' title='bbox 3674 953 3699 983; x_wconf 73' lang='grc' dir='ltr'>ε</span> <span class='ocrx_word' id='word_1_190' title='bbox 3718 953 3842 1001; x_wconf 78' lang='lat' dir='ltr'><strong>8co-</strong></span> 
     </span>
    </p>
   </div>
   <div class='ocr_carea' id='block_1_24' title="bbox 2256 1032 3838 1117">
    <p class='ocr_par' dir='ltr' id='par_1_24' title="bbox 2256 1032 3838 1117">
     <span class='ocr_line' id='line_1_24' title="bbox 2256 1032 3838 1117; baseline -0.008 -15"><span class='ocrx_word' id='word_1_191' title='bbox 2256 1046 2401 1102; x_wconf 77' lang='grc' dir='ltr'><strong>τόκον</strong></span> <span class='ocrx_word' id='word_1_192' title='bbox 2447 1043 2681 1113; x_wconf 84' lang='lat' dir='ltr'><strong>negavit,</strong></span> <span class='ocrx_word' id='word_1_193' title='bbox 2710 1057 2871 1113; x_wconf 85' lang='lat' dir='ltr'><strong>quam</strong></span> <span class='ocrx_word' id='word_1_194' title='bbox 2920 1048 2976 1096; x_wconf 90' lang='lat' dir='ltr'><strong>et</strong></span> <span class='ocrx_word' id='word_1_195' title='bbox 2995 1038 3333 1117; x_wconf 76' lang='grc' dir='ltr'><strong>Χριστοτόκον</strong></span> <span class='ocrx_word' id='word_1_196' title='bbox 3361 1035 3541 1093; x_wconf 80' lang='lat' dir='ltr'><strong>credo.</strong></span> <span class='ocrx_word' id='word_1_197' title='bbox 3574 1067 3651 1078; x_wconf 90' lang='lat'><strong>--</strong></span> <span class='ocrx_word' id='word_1_198' title='bbox 3677 1032 3838 1091; x_wconf 83' lang='lat' dir='ltr'><strong>Sera-</strong></span> 
     </span>
    </p>
   </div>
   <div class='ocr_carea' id='block_1_25' title="bbox 2258 1129 3843 1210">
    <p class='ocr_par' dir='ltr' id='par_1_25' title="bbox 2258 1129 3843 1210">
     <span class='ocr_line' id='line_1_25' title="bbox 2258 1129 3843 1210; baseline -0.006 -17"><span class='ocrx_word' id='word_1_199' title='bbox 2258 1139 2385 1210; x_wconf 90' lang='lat' dir='ltr'><strong>pion</strong></span> <span class='ocrx_word' id='word_1_200' title='bbox 2410 1136 2687 1208; x_wconf 83' lang='lat' dir='ltr'><strong>respondit</strong></span> <span class='ocrx_word' id='word_1_201' title='bbox 2715 1155 2728 1190; x_wconf 90' lang='lat'><strong>:</strong></span> <span class='ocrx_word' id='word_1_202' title='bbox 2760 1134 2819 1191; x_wconf 92' lang='lat' dir='ltr'><strong>Si</strong></span> <span class='ocrx_word' id='word_1_203' title='bbox 2847 1134 2994 1189; x_wconf 89' lang='lat' dir='ltr'><strong>illum</strong></span> <span class='ocrx_word' id='word_1_204' title='bbox 3015 1132 3218 1189; x_wconf 89' lang='lat' dir='ltr'><strong>creavit</strong></span> <span class='ocrx_word' id='word_1_205' title='bbox 3244 1146 3313 1187; x_wconf 86' lang='lat' dir='ltr'><strong>ex</strong></span> <span class='ocrx_word' id='word_1_206' title='bbox 3340 1145 3400 1186; x_wconf 87' lang='lat' dir='ltr'><strong>se</strong></span> <span class='ocrx_word' id='word_1_207' title='bbox 3418 1129 3510 1200; x_wconf 90' lang='lat' dir='ltr'><strong>qui</strong></span> <span class='ocrx_word' id='word_1_208' title='bbox 3551 1135 3685 1184; x_wconf 86' lang='lat' dir='ltr'><strong>ante</strong></span> <span class='ocrx_word' id='word_1_209' title='bbox 3715 1143 3843 1194; x_wconf 89' lang='lat' dir='ltr'><strong>non,</strong></span> 
     </span>
    </p>
   </div>
   <div class='ocr_carea' id='block_1_26' title="bbox 2260 1218 3846 1296">
    <p class='ocr_par' dir='ltr' id='par_1_26' title="bbox 2260 1218 3846 1296">
     <span class='ocr_line' id='line_1_26' title="bbox 2260 1218 3846 1296; baseline -0.009 -9"><span class='ocrx_word' id='word_1_210' title='bbox 2260 1231 2377 1296; x_wconf 83' lang='lat' dir='ltr'><strong>luit,</strong></span> <span class='ocrx_word' id='word_1_211' title='bbox 2410 1229 2557 1284; x_wconf 91' lang='lat' dir='ltr'><strong>illum</strong></span> <span class='ocrx_word' id='word_1_212' title='bbox 2588 1229 2704 1285; x_wconf 86' lang='lat' dir='ltr'><strong>sine</strong></span> <span class='ocrx_word' id='word_1_213' title='bbox 2717 1227 2880 1283; x_wconf 92' lang='lat' dir='ltr'><strong>dubio</strong></span> <span class='ocrx_word' id='word_1_214' title='bbox 2917 1240 3025 1280; x_wconf 92' lang='lat' dir='ltr'><strong>non</strong></span> <span class='ocrx_word' id='word_1_215' title='bbox 3054 1222 3257 1280; x_wconf 85' lang='lat' dir='ltr'><strong>creavit</strong></span> <span class='ocrx_word' id='word_1_216' title='bbox 3282 1222 3375 1292; x_wconf 89' lang='lat' dir='ltr'><strong>qui</strong></span> <span class='ocrx_word' id='word_1_217' title='bbox 3394 1218 3610 1292; x_wconf 82' lang='lat' dir='ltr'><strong>semper</strong></span> <span class='ocrx_word' id='word_1_218' title='bbox 3639 1218 3763 1275; x_wconf 90' lang='lat' dir='ltr'><strong>fuit.</strong></span> <span class='ocrx_word' id='word_1_219' title='bbox 3782 1250 3846 1262; x_wconf 85' lang='lat'><strong>—-</strong></span> 
     </span>
    </p>
   </div>
   <div class='ocr_carea' id='block_1_27' title="bbox 2261 1311 3848 1385">
    <p class='ocr_par' dir='ltr' id='par_1_27' title="bbox 2261 1311 3848 1385">
     <span class='ocr_line' id='line_1_27' title="bbox 2261 1311 3848 1385; baseline -0.01 -1"><span class='ocrx_word' id='word_1_220' title='bbox 2261 1323 2530 1385; x_wconf 84' lang='lat' dir='ltr'><strong>Arnobius</strong></span> <span class='ocrx_word' id='word_1_221' title='bbox 2556 1322 2691 1378; x_wconf 91' lang='lat' dir='ltr'><strong>dixit</strong></span> <span class='ocrx_word' id='word_1_222' title='bbox 2735 1339 2747 1375; x_wconf 86' lang='lat'><strong>;</strong></span> <span class='ocrx_word' id='word_1_223' title='bbox 2783 1318 2841 1374; x_wconf 92' lang='lat' dir='ltr'><strong>Si</strong></span> <span class='ocrx_word' id='word_1_224' title='bbox 2891 1317 2957 1374; x_wconf 87' lang='lat' dir='ltr'><strong>ad</strong></span> <span class='ocrx_word' id='word_1_225' title='bbox 3009 1317 3250 1373; x_wconf 86' lang='lat' dir='ltr'><strong>rationes</strong></span> <span class='ocrx_word' id='word_1_226' title='bbox 3302 1315 3563 1370; x_wconf 86' lang='lat' dir='ltr'><strong>humanas</strong></span> <span class='ocrx_word' id='word_1_227' title='bbox 3590 1311 3769 1380; x_wconf 87' lang='lat' dir='ltr'><strong>vadis,</strong></span> <span class='ocrx_word' id='word_1_228' title='bbox 3797 1320 3848 1368; x_wconf 88' lang='lat' dir='ltr'><strong>et</strong></span> 
     </span>
    </p>
   </div>
   <div class='ocr_carea' id='block_1_28' title="bbox 2264 1394 3846 1481">
    <p class='ocr_par' dir='ltr' id='par_1_28' title="bbox 2264 1394 3846 1481">
     <span class='ocr_line' id='line_1_28' title="bbox 2264 1394 3846 1481; baseline -0.011 -6"><span class='ocrx_word' id='word_1_229' title='bbox 2264 1422 2421 1477; x_wconf 84' lang='lat' dir='ltr'><strong>ﬁdem</strong></span> <span class='ocrx_word' id='word_1_230' title='bbox 2448 1427 2625 1474; x_wconf 90' lang='lat' dir='ltr'><strong>tecum</strong></span> <span class='ocrx_word' id='word_1_231' title='bbox 2650 1430 2759 1471; x_wconf 90' lang='lat' dir='ltr'><strong>non</strong></span> <span class='ocrx_word' id='word_1_232' title='bbox 2797 1413 2979 1479; x_wconf 87' lang='lat' dir='ltr'><strong>ducas,</strong></span> <span class='ocrx_word' id='word_1_233' title='bbox 3010 1409 3181 1475; x_wconf 87' lang='lat' dir='ltr'><strong>vadis,</strong></span> <span class='ocrx_word' id='word_1_234' title='bbox 3207 1394 3407 1463; x_wconf 72' lang='lat' dir='ltr'><strong>vacuus</strong></span> <span class='ocrx_word' id='word_1_235' title='bbox 3434 1405 3597 1481; x_wconf 85' lang='lat' dir='ltr'><strong>redis,</strong></span> <span class='ocrx_word' id='word_1_236' title='bbox 3622 1412 3686 1459; x_wconf 91' lang='lat' dir='ltr'><strong>et</strong></span> <span class='ocrx_word' id='word_1_237' title='bbox 3711 1417 3846 1459; x_wconf 85' lang='lat' dir='ltr'><strong>sem-</strong></span> 
     </span>
    </p>
   </div>
   <div class='ocr_carea' id='block_1_29' title="bbox 2263 1493 3848 1585">
    <p class='ocr_par' dir='ltr' id='par_1_29' title="bbox 2263 1493 3848 1585">
     <span class='ocr_line' id='line_1_29' title="bbox 2263 1493 3848 1585; baseline -0.013 -16"><span class='ocrx_word' id='word_1_238' title='bbox 2263 1528 2363 1585; x_wconf 90' lang='lat' dir='ltr'><strong>per</strong></span> <span class='ocrx_word' id='word_1_239' title='bbox 2388 1525 2588 1566; x_wconf 89' lang='lat' dir='ltr'><strong>vacuus</strong></span> <span class='ocrx_word' id='word_1_240' title='bbox 2625 1502 2983 1578; x_wconf 88' lang='lat' dir='ltr'><strong>permanebis.</strong></span> <span class='ocrx_word' id='word_1_241' title='bbox 3015 1530 3086 1543; x_wconf 92' lang='lat'><strong>—</strong></span> <span class='ocrx_word' id='word_1_242' title='bbox 3111 1499 3373 1570; x_wconf 88' lang='lat' dir='ltr'><strong>Serapion</strong></span> <span class='ocrx_word' id='word_1_243' title='bbox 3418 1496 3553 1552; x_wconf 80' lang='lat' dir='ltr'><strong>dixit</strong></span> <span class='ocrx_word' id='word_1_244' title='bbox 3595 1513 3609 1549; x_wconf 88' lang='lat'><strong>:</strong></span> <span class='ocrx_word' id='word_1_245' title='bbox 3662 1493 3724 1551; x_wconf 89' lang='lat' dir='ltr'><strong>Si</strong></span> <span class='ocrx_word' id='word_1_246' title='bbox 3750 1495 3848 1550; x_wconf 85' lang='lat' dir='ltr'><strong>scis</strong></span> 
     </span>
    </p>
   </div>
   <div class='ocr_carea' id='block_1_30' title="bbox 2266 1586 3846 1675">
    <p class='ocr_par' dir='ltr' id='par_1_30' title="bbox 2266 1586 3846 1675">
     <span class='ocr_line' id='line_1_30' title="bbox 2266 1586 3846 1675; baseline -0.012 -15"><span class='ocrx_word' id='word_1_247' title='bbox 2266 1604 2391 1675; x_wconf 89' lang='lat' dir='ltr'><strong>quia</strong></span> <span class='ocrx_word' id='word_1_248' title='bbox 2418 1617 2525 1658; x_wconf 91' lang='lat' dir='ltr'><strong>non</strong></span> <span class='ocrx_word' id='word_1_249' title='bbox 2546 1613 2766 1672; x_wconf 87' lang='lat' dir='ltr'><strong>possum</strong></span> <span class='ocrx_word' id='word_1_250' title='bbox 2793 1603 2849 1652; x_wconf 90' lang='lat' dir='ltr'><strong>et</strong></span> <span class='ocrx_word' id='word_1_251' title='bbox 2873 1609 2973 1664; x_wconf 90' lang='lat' dir='ltr'><strong>ego</strong></span> <span class='ocrx_word' id='word_1_252' title='bbox 2999 1600 3175 1648; x_wconf 87' lang='lat' dir='ltr'><strong>tecum</strong></span> <span class='ocrx_word' id='word_1_253' title='bbox 3196 1589 3451 1661; x_wconf 74' lang='lat' dir='ltr'><strong>iniuriose</strong></span> <span class='ocrx_word' id='word_1_254' title='bbox 3469 1586 3644 1657; x_wconf 87' lang='lat' dir='ltr'><strong>loqui,</strong></span> <span class='ocrx_word' id='word_1_255' title='bbox 3674 1586 3846 1656; x_wconf 85' lang='lat' dir='ltr'><strong>loque-</strong></span> 
     </span>
    </p>
   </div>
   <div class='ocr_carea' id='block_1_31' title="bbox 2265 1678 3846 1765">
    <p class='ocr_par' dir='ltr' id='par_1_31' title="bbox 2265 1678 3846 1765">
     <span class='ocr_line' id='line_1_31' title="bbox 2265 1678 3846 1765; baseline -0.013 -13"><span class='ocrx_word' id='word_1_256' title='bbox 2265 1711 2326 1752; x_wconf 88' lang='lat' dir='ltr'><strong>re</strong></span> <span class='ocrx_word' id='word_1_257' title='bbox 2347 1694 2623 1765; x_wconf 88' lang='lat' dir='ltr'><strong>injuriose.</strong></span> <span class='ocrx_word' id='word_1_258' title='bbox 2645 1680 2993 1744; x_wconf 85' lang='lat' dir='ltr'><strong>——Arnobius</strong></span> <span class='ocrx_word' id='word_1_259' title='bbox 3020 1683 3154 1741; x_wconf 84' lang='lat' dir='ltr'><strong>dixit</strong></span> <span class='ocrx_word' id='word_1_260' title='bbox 3185 1701 3197 1736; x_wconf 91' lang='lat'>:</span> <span class='ocrx_word' id='word_1_261' title='bbox 3228 1680 3423 1751; x_wconf 75' lang='lat' dir='ltr'><strong>Iniuria</strong></span> <span class='ocrx_word' id='word_1_262' title='bbox 3452 1685 3616 1744; x_wconf 90' lang='lat' dir='ltr'><strong>esset,</strong></span> <span class='ocrx_word' id='word_1_263' title='bbox 3648 1678 3699 1733; x_wconf 88' lang='lat' dir='ltr'><strong>si</strong></span> <span class='ocrx_word' id='word_1_264' title='bbox 3724 1693 3846 1743; x_wconf 85' lang='lat' dir='ltr'><strong>non,</strong></span> 
     </span>
    </p>
   </div>
   <div class='ocr_carea' id='block_1_32' title="bbox 2268 1766 3845 1850">
    <p class='ocr_par' dir='ltr' id='par_1_32' title="bbox 2268 1766 3845 1850">
     <span class='ocr_line' id='line_1_32' title="bbox 2268 1766 3845 1850; baseline -0.013 -8"><span class='ocrx_word' id='word_1_265' title='bbox 2268 1794 2330 1842; x_wconf 89' lang='lat' dir='ltr'><strong>ut</strong></span> <span class='ocrx_word' id='word_1_266' title='bbox 2356 1784 2525 1850; x_wconf 85' lang='lat' dir='ltr'><strong>vides,</strong></span> <span class='ocrx_word' id='word_1_267' title='bbox 2550 1796 2712 1840; x_wconf 86' lang='lat' dir='ltr'><strong>causa</strong></span> <span class='ocrx_word' id='word_1_268' title='bbox 2740 1779 2979 1846; x_wconf 78' lang='lat' dir='ltr'><strong>exigeret</strong></span> <span class='ocrx_word' id='word_1_269' title='bbox 2999 1783 3060 1830; x_wconf 92' lang='lat' dir='ltr'><strong>ut</strong></span> <span class='ocrx_word' id='word_1_270' title='bbox 3100 1775 3204 1829; x_wconf 91' lang='lat' dir='ltr'><strong>hoc</strong></span> <span class='ocrx_word' id='word_1_271' title='bbox 3242 1771 3339 1827; x_wconf 89' lang='lat' dir='ltr'><strong>tibi</strong></span> <span class='ocrx_word' id='word_1_272' title='bbox 3376 1769 3631 1826; x_wconf 68' lang='lat' dir='ltr'><strong>dicerem.</strong></span> <span class='ocrx_word' id='word_1_273' title='bbox 3658 1801 3733 1841; x_wconf 69' lang='grc' dir='ltr'><strong>-τ-</strong></span> <span class='ocrx_word' id='word_1_274' title='bbox 3758 1766 3845 1823; x_wconf 67' lang='grc' dir='ltr'><strong>δες</strong></span> 
     </span>
    </p>
   </div>
   <div class='ocr_carea' id='block_1_33' title="bbox 583 1857 3846 1952">
    <p class='ocr_par' dir='ltr' id='par_1_33' title="bbox 583 1857 3846 1952">
     <span class='ocr_line' id='line_1_33' title="bbox 583 1857 3846 1952; baseline -0.008 -18"><span class='ocrx_word' id='word_1_275' title='bbox 583 1882 787 1937; x_wconf 89' lang='lat' dir='ltr'><strong>tionem</strong></span> <span class='ocrx_word' id='word_1_276' title='bbox 804 1880 1023 1952; x_wconf 82' lang='lat' dir='ltr'><strong>(Ps.xv,</strong></span> <span class='ocrx_word' id='word_1_277' title='bbox 1047 1878 1495 1950; x_wconf 86' lang='lat' dir='ltr'><strong>l0).——Serapion</strong></span> <span class='ocrx_word' id='word_1_278' title='bbox 1533 1875 1789 1932; x_wconf 87' lang='lat' dir='ltr'><strong>dixit:Ex</strong></span> <span class='ocrx_word' id='word_1_279' title='bbox 1808 1889 1917 1945; x_wconf 88' lang='lat' dir='ltr'><strong>quo</strong></span> <span class='ocrx_word' id='word_1_280' title='bbox 1929 1882 2169 1944; x_wconf 91' lang='lat' dir='ltr'><strong>tempore</strong></span> <span class='ocrx_word' id='word_1_281' title='bbox 2199 1873 2247 1937; x_wconf 87' lang='lat' dir='ltr'><strong>B</strong></span> <span class='ocrx_word' id='word_1_282' title='bbox 2272 1877 2459 1948; x_wconf 64' lang='grc' dir='ltr'><strong>ταρὶοη</strong></span> <span class='ocrx_word' id='word_1_283' title='bbox 2495 1873 2628 1929; x_wconf 81' lang='lat' dir='ltr'><strong>dixit</strong></span> <span class='ocrx_word' id='word_1_284' title='bbox 2660 1890 2673 1925; x_wconf 88' lang='lat'><strong>:</strong></span> <span class='ocrx_word' id='word_1_285' title='bbox 2705 1869 2834 1937; x_wconf 75' lang='lat' dir='ltr'><strong>Qua:</strong></span> <span class='ocrx_word' id='word_1_286' title='bbox 2862 1879 3023 1923; x_wconf 91' lang='lat' dir='ltr'><strong>causa</strong></span> <span class='ocrx_word' id='word_1_287' title='bbox 3050 1864 3155 1919; x_wconf 84' lang='lat' dir='ltr'><strong>hoc</strong></span> <span class='ocrx_word' id='word_1_288' title='bbox 3182 1860 3348 1931; x_wconf 77' lang='lat' dir='ltr'><strong>exigit</strong></span> <span class='ocrx_word' id='word_1_289' title='bbox 3369 1859 3732 1952; x_wconf 40' lang='lat' dir='ltr'><strong>sciamus._-‘—</strong></span> 
     </span>
    </p>
   </div>
   <div class='ocr_carea' id='block_1_34' title="bbox 584 1963 2169 2040">
    <p class='ocr_par' dir='ltr' id='par_1_34' title="bbox 584 1963 2169 2040">
     <span class='ocr_line' id='line_1_34' title="bbox 584 1963 2169 2040; baseline -0.005 -14"><span class='ocrx_word' id='word_1_290' title='bbox 584 1970 819 2029; x_wconf 88' lang='lat' dir='ltr'><strong>Dealitas</strong></span> <span class='ocrx_word' id='word_1_291' title='bbox 838 1970 891 2024; x_wconf 91' lang='lat' dir='ltr'><strong>in</strong></span> <span class='ocrx_word' id='word_1_292' title='bbox 912 1970 1202 2037; x_wconf 89' lang='lat' dir='ltr'><strong>hominem,</strong></span> <span class='ocrx_word' id='word_1_293' title='bbox 1225 1984 1384 2039; x_wconf 90' lang='lat' dir='ltr'><strong>quem</strong></span> <span class='ocrx_word' id='word_1_294' title='bbox 1406 1967 1710 2037; x_wconf 86' lang='lat' dir='ltr'><strong>assumpsit,</strong></span> <span class='ocrx_word' id='word_1_295' title='bbox 1736 1963 2169 2040; x_wconf 34' lang='lat' dir='ltr'><strong>advenit‘?—Ar-</strong></span> 
     </span>
    </p>
   </div>
   <div class='ocr_carea' id='block_1_35' title="bbox 586 2054 2167 2129">
    <p class='ocr_par' dir='ltr' id='par_1_35' title="bbox 586 2054 2167 2129">
     <span class='ocr_line' id='line_1_35' title="bbox 586 2054 2167 2129; baseline -0.005 -13"><span class='ocrx_word' id='word_1_296' title='bbox 586 2061 781 2117; x_wconf 91' lang='lat' dir='ltr'><strong>nobius</strong></span> <span class='ocrx_word' id='word_1_297' title='bbox 809 2060 944 2116; x_wconf 80' lang='lat' dir='ltr'><strong>dixit</strong></span> <span class='ocrx_word' id='word_1_298' title='bbox 974 2077 987 2113; x_wconf 88' lang='lat'><strong>:</strong></span> <span class='ocrx_word' id='word_1_299' title='bbox 1019 2058 1100 2114; x_wconf 86' lang='lat' dir='ltr'><strong>Ex</strong></span> <span class='ocrx_word' id='word_1_300' title='bbox 1126 2074 1232 2129; x_wconf 91' lang='lat' dir='ltr'><strong>qua</strong></span> <span class='ocrx_word' id='word_1_301' title='bbox 1262 2060 1392 2114; x_wconf 88' lang='lat' dir='ltr'><strong>hora</strong></span> <span class='ocrx_word' id='word_1_302' title='bbox 1420 2056 1637 2113; x_wconf 88' lang='lat' dir='ltr'><strong>Gabriel</strong></span> <span class='ocrx_word' id='word_1_303' title='bbox 1685 2054 1906 2124; x_wconf 87' lang='lat' dir='ltr'><strong>angelus</strong></span> <span class='ocrx_word' id='word_1_304' title='bbox 1944 2054 2167 2109; x_wconf 88' lang='lat' dir='ltr'><strong>verbum</strong></span> 
     </span>
    </p>
   </div>
   <div class='ocr_carea' id='block_1_36' title="bbox 584 2145 2163 2223">
    <p class='ocr_par' dir='ltr' id='par_1_36' title="bbox 584 2145 2163 2223">
     <span class='ocr_line' id='line_1_36' title="bbox 584 2145 2163 2223; baseline -0.006 -15"><span class='ocrx_word' id='word_1_305' title='bbox 584 2152 762 2223; x_wconf 82' lang='lat' dir='ltr'><strong>ejecit,</strong></span> <span class='ocrx_word' id='word_1_306' title='bbox 793 2160 850 2207; x_wconf 90' lang='lat' dir='ltr'><strong>et</strong></span> <span class='ocrx_word' id='word_1_307' title='bbox 875 2151 963 2206; x_wconf 86' lang='lat' dir='ltr'><strong>illa</strong></span> <span class='ocrx_word' id='word_1_308' title='bbox 991 2149 1259 2207; x_wconf 89' lang='lat' dir='ltr'><strong>credendo</strong></span> <span class='ocrx_word' id='word_1_309' title='bbox 1302 2149 1567 2221; x_wconf 89' lang='lat' dir='ltr'><strong>concepit.</strong></span> <span class='ocrx_word' id='word_1_310' title='bbox 1600 2178 1670 2188; x_wconf 92' lang='lat'><strong><em>—</em></strong></span> <span class='ocrx_word' id='word_1_311' title='bbox 1696 2146 1958 2217; x_wconf 90' lang='lat' dir='ltr'><strong>Serapion</strong></span> <span class='ocrx_word' id='word_1_312' title='bbox 1987 2145 2121 2200; x_wconf 85' lang='lat' dir='ltr'><strong>dixit</strong></span> <span class='ocrx_word' id='word_1_313' title='bbox 2150 2164 2163 2198; x_wconf 90' lang='lat'>:</span> 
     </span>
    </p>
   </div>
   <div class='ocr_carea' id='block_1_37' title="bbox 584 2236 2169 2321">
    <p class='ocr_par' dir='ltr' id='par_1_37' title="bbox 584 2236 2169 2321">
     <span class='ocr_line' id='line_1_37' title="bbox 584 2236 2169 2321; baseline -0.004 -24"><span class='ocrx_word' id='word_1_314' title='bbox 584 2242 727 2315; x_wconf 89' lang='lat' dir='ltr'><strong>Ergo</strong></span> <span class='ocrx_word' id='word_1_315' title='bbox 777 2243 934 2300; x_wconf 91' lang='lat' dir='ltr'><strong>simul</strong></span> <span class='ocrx_word' id='word_1_316' title='bbox 961 2251 1253 2321; x_wconf 77' lang='lat' dir='ltr'><strong>conceptus</strong></span> <span class='ocrx_word' id='word_1_317' title='bbox 1276 2250 1376 2297; x_wconf 90' lang='lat' dir='ltr'><strong>est.</strong></span> <span class='ocrx_word' id='word_1_318' title='bbox 1408 2271 1478 2283; x_wconf 90' lang='lat'><strong><em>—</em></strong></span> <span class='ocrx_word' id='word_1_319' title='bbox 1521 2239 1786 2295; x_wconf 84' lang='lat' dir='ltr'><strong>Arnobius</strong></span> <span class='ocrx_word' id='word_1_320' title='bbox 1839 2236 2169 2293; x_wconf 80' lang='lat' dir='ltr'><strong>dixitzDum</strong></span> 
     </span>
    </p>
   </div>
   <div class='ocr_carea' id='block_1_38' title="bbox 550 2327 2171 2407">
    <p class='ocr_par' dir='ltr' id='par_1_38' title="bbox 550 2327 2171 2407">
     <span class='ocr_line' id='line_1_38' title="bbox 550 2327 2171 2407; baseline -0.004 -18"><span class='ocrx_word' id='word_1_321' title='bbox 550 2379 559 2389; x_wconf 93' lang='lat'><strong>.</strong></span> <span class='ocrx_word' id='word_1_322' title='bbox 586 2337 962 2407; x_wconf 86' lang='lat' dir='ltr'><strong>conciperetur</strong></span> <span class='ocrx_word' id='word_1_323' title='bbox 986 2334 1151 2390; x_wconf 87' lang='lat' dir='ltr'><strong>verbo</strong></span> <span class='ocrx_word' id='word_1_324' title='bbox 1180 2335 1343 2389; x_wconf 91' lang='lat' dir='ltr'><strong>homo</strong></span> <span class='ocrx_word' id='word_1_325' title='bbox 1377 2333 1432 2387; x_wconf 92' lang='lat' dir='ltr'><strong>in</strong></span> <span class='ocrx_word' id='word_1_326' title='bbox 1465 2341 1639 2394; x_wconf 88' lang='lat' dir='ltr'><strong>utero,</strong></span> <span class='ocrx_word' id='word_1_327' title='bbox 1669 2330 1761 2402; x_wconf 93' lang='lat' dir='ltr'><strong>qui</strong></span> <span class='ocrx_word' id='word_1_328' title='bbox 1800 2344 1922 2384; x_wconf 92' lang='lat' dir='ltr'><strong>eum</strong></span> <span class='ocrx_word' id='word_1_329' title='bbox 1942 2327 2171 2384; x_wconf 85' lang='lat' dir='ltr'><strong>fabrica-</strong></span> 
     </span>
    </p>
   </div>
   <div class='ocr_carea' id='block_1_39' title="bbox 586 2416 2201 2492">
    <p class='ocr_par' dir='ltr' id='par_1_39' title="bbox 586 2416 2201 2492">
     <span class='ocr_line' id='line_1_39' title="bbox 586 2416 2201 2492; baseline -0.006 -11"><span class='ocrx_word' id='word_1_330' title='bbox 586 2433 757 2490; x_wconf 87' lang='lat' dir='ltr'><strong>verat,</strong></span> <span class='ocrx_word' id='word_1_331' title='bbox 789 2432 846 2480; x_wconf 89' lang='lat' dir='ltr'><strong>et</strong></span> <span class='ocrx_word' id='word_1_332' title='bbox 885 2424 1060 2479; x_wconf 89' lang='lat' dir='ltr'><strong>adhuc</strong></span> <span class='ocrx_word' id='word_1_333' title='bbox 1097 2423 1412 2488; x_wconf 89' lang='lat' dir='ltr'><strong>fabricabat,</strong></span> <span class='ocrx_word' id='word_1_334' title='bbox 1456 2430 1516 2475; x_wconf 89' lang='lat' dir='ltr'><strong>ut</strong></span> <span class='ocrx_word' id='word_1_335' title='bbox 1543 2422 1597 2475; x_wconf 91' lang='lat' dir='ltr'><strong>in</strong></span> <span class='ocrx_word' id='word_1_336' title='bbox 1626 2435 1693 2475; x_wconf 93' lang='lat' dir='ltr'><strong>eo</strong></span> <span class='ocrx_word' id='word_1_337' title='bbox 1720 2426 1981 2492; x_wconf 86' lang='lat' dir='ltr'><strong>maneret,</strong></span> <span class='ocrx_word' id='word_1_338' title='bbox 2011 2426 2066 2473; x_wconf 91' lang='lat' dir='ltr'><strong>et</strong></span> <span class='ocrx_word' id='word_1_339' title='bbox 2098 2416 2201 2472; x_wconf 75' lang='lat' dir='ltr'><strong>ibi&#39;</strong></span> 
     </span>
    </p>
   </div>
   <div class='ocr_carea' id='block_1_40' title="bbox 589 2502 2171 2584">
    <p class='ocr_par' dir='ltr' id='par_1_40' title="bbox 589 2502 2171 2584">
     <span class='ocr_line' id='line_1_40' title="bbox 589 2502 2171 2584; baseline -0.006 -13"><span class='ocrx_word' id='word_1_340' title='bbox 589 2524 709 2571; x_wconf 86' lang='lat' dir='ltr'><strong>erat</strong></span> <span class='ocrx_word' id='word_1_341' title='bbox 732 2516 778 2570; x_wconf 87' lang='lat' dir='ltr'><strong>is</strong></span> <span class='ocrx_word' id='word_1_342' title='bbox 805 2515 898 2584; x_wconf 89' lang='lat' dir='ltr'><strong>qui</strong></span> <span class='ocrx_word' id='word_1_343' title='bbox 923 2515 1134 2570; x_wconf 89' lang='lat' dir='ltr'><strong>initium</strong></span> <span class='ocrx_word' id='word_1_344' title='bbox 1162 2528 1433 2583; x_wconf 88' lang='lat' dir='ltr'><strong>nunquam</strong></span> <span class='ocrx_word' id='word_1_345' title='bbox 1462 2511 1668 2575; x_wconf 88' lang='lat' dir='ltr'><strong>habuit,</strong></span> <span class='ocrx_word' id='word_1_346' title='bbox 1690 2510 1743 2564; x_wconf 91' lang='lat' dir='ltr'><strong>in</strong></span> <span class='ocrx_word' id='word_1_347' title='bbox 1761 2525 1827 2565; x_wconf 92' lang='lat' dir='ltr'><strong>eo</strong></span> <span class='ocrx_word' id='word_1_348' title='bbox 1849 2509 1940 2579; x_wconf 91' lang='lat' dir='ltr'><strong>qui</strong></span> <span class='ocrx_word' id='word_1_349' title='bbox 1961 2502 2171 2563; x_wconf 87' lang='lat' dir='ltr'><strong>initium</strong></span> 
     </span>
    </p>
   </div>
   <div class='ocr_carea' id='block_1_41' title="bbox 589 2597 2174 2672">
    <p class='ocr_par' dir='ltr' id='par_1_41' title="bbox 589 2597 2174 2672">
     <span class='ocr_line' id='line_1_41' title="bbox 589 2597 2174 2672; baseline -0.006 -11"><span class='ocrx_word' id='word_1_350' title='bbox 589 2606 836 2662; x_wconf 70' lang='lat' dir='ltr'><strong>essentize</strong></span> <span class='ocrx_word' id='word_1_351' title='bbox 862 2620 974 2661; x_wconf 73' lang='lat' dir='ltr'><strong>sua:</strong></span> <span class='ocrx_word' id='word_1_352' title='bbox 1027 2604 1082 2660; x_wconf 93' lang='lat' dir='ltr'><strong>in</strong></span> <span class='ocrx_word' id='word_1_353' title='bbox 1106 2612 1261 2659; x_wconf 91' lang='lat' dir='ltr'><strong>utero</strong></span> <span class='ocrx_word' id='word_1_354' title='bbox 1308 2602 1540 2672; x_wconf 81' lang='lat' dir='ltr'><strong>Virginis</strong></span> <span class='ocrx_word' id='word_1_355' title='bbox 1568 2600 1892 2656; x_wconf 87' lang='lat' dir='ltr'><strong>assumehat.</strong></span> <span class='ocrx_word' id='word_1_356' title='bbox 1923 2632 1994 2641; x_wconf 93' lang='lat'><strong>—</strong></span> <span class='ocrx_word' id='word_1_357' title='bbox 2014 2597 2174 2653; x_wconf 87' lang='lat' dir='ltr'><strong>Sera-</strong></span> 
     </span>
    </p>
   </div>
   <div class='ocr_carea' id='block_1_42' title="bbox 590 2690 2168 2770">
    <p class='ocr_par' dir='ltr' id='par_1_42' title="bbox 590 2690 2168 2770">
     <span class='ocr_line' id='line_1_42' title="bbox 590 2690 2168 2770; baseline -0.006 -17"><span class='ocrx_word' id='word_1_358' title='bbox 590 2698 720 2770; x_wconf 91' lang='lat' dir='ltr'><strong>pion</strong></span> <span class='ocrx_word' id='word_1_359' title='bbox 745 2698 879 2753; x_wconf 83' lang='lat' dir='ltr'><strong>dixit</strong></span> <span class='ocrx_word' id='word_1_360' title='bbox 922 2716 934 2751; x_wconf 94' lang='lat'><strong>:</strong></span> <span class='ocrx_word' id='word_1_361' title='bbox 967 2695 1108 2767; x_wconf 85' lang='lat' dir='ltr'><strong>Ergo</strong></span> <span class='ocrx_word' id='word_1_362' title='bbox 1145 2696 1286 2752; x_wconf 88' lang='lat' dir='ltr'><strong>Deus</strong></span> <span class='ocrx_word' id='word_1_363' title='bbox 1314 2702 1369 2751; x_wconf 88' lang='lat' dir='ltr'><strong>et</strong></span> <span class='ocrx_word' id='word_1_364' title='bbox 1408 2703 1615 2766; x_wconf 80' lang='lat' dir='ltr'><strong>patrem</strong></span> <span class='ocrx_word' id='word_1_365' title='bbox 1654 2702 1709 2749; x_wconf 92' lang='lat' dir='ltr'><strong>et</strong></span> <span class='ocrx_word' id='word_1_366' title='bbox 1735 2700 1963 2747; x_wconf 89' lang='lat' dir='ltr'><strong>matrem</strong></span> <span class='ocrx_word' id='word_1_367' title='bbox 1988 2690 2168 2746; x_wconf 88' lang='lat' dir='ltr'><strong>habet.</strong></span> 
     </span>
    </p>
   </div>
   <div class='ocr_carea' id='block_1_43' title="bbox 590 2781 2172 2850">
    <p class='ocr_par' dir='ltr' id='par_1_43' title="bbox 590 2781 2172 2850">
     <span class='ocr_line' id='line_1_43' title="bbox 590 2781 2172 2850; baseline -0.007 -5"><span class='ocrx_word' id='word_1_368' title='bbox 590 2821 663 2833; x_wconf 90' lang='lat'><strong>—</strong></span> <span class='ocrx_word' id='word_1_369' title='bbox 680 2788 948 2844; x_wconf 89' lang='lat' dir='ltr'><strong>Arnobius</strong></span> <span class='ocrx_word' id='word_1_370' title='bbox 975 2786 1111 2843; x_wconf 84' lang='lat' dir='ltr'><strong>dixit</strong></span> <span class='ocrx_word' id='word_1_371' title='bbox 1141 2805 1154 2841; x_wconf 76' lang='grc' dir='ltr'><strong>ε</strong></span> <span class='ocrx_word' id='word_1_372' title='bbox 1184 2785 1397 2841; x_wconf 88' lang='lat' dir='ltr'><strong>Patrem</strong></span> <span class='ocrx_word' id='word_1_373' title='bbox 1427 2785 1589 2840; x_wconf 91' lang='lat' dir='ltr'><strong>habet</strong></span> <span class='ocrx_word' id='word_1_374' title='bbox 1615 2783 1782 2838; x_wconf 84' lang='lat' dir='ltr'><strong>Filius</strong></span> <span class='ocrx_word' id='word_1_375' title='bbox 1802 2782 1915 2845; x_wconf 87' lang='lat' dir='ltr'><strong>Dei,</strong></span> <span class='ocrx_word' id='word_1_376' title='bbox 1939 2781 2031 2850; x_wconf 91' lang='lat' dir='ltr'><strong>qui</strong></span> <span class='ocrx_word' id='word_1_377' title='bbox 2051 2794 2172 2835; x_wconf 89' lang='lat' dir='ltr'><strong>eum</strong></span> 
     </span>
    </p>
   </div>
   <div class='ocr_carea' id='block_1_44' title="bbox 590 2873 2176 2951">
    <p class='ocr_par' dir='ltr' id='par_1_44' title="bbox 590 2873 2176 2951">
     <span class='ocr_line' id='line_1_44' title="bbox 590 2873 2176 2951; baseline -0.004 -14"><span class='ocrx_word' id='word_1_378' title='bbox 590 2881 775 2951; x_wconf 85' lang='lat' dir='ltr'><strong>genuit</strong></span> <span class='ocrx_word' id='word_1_379' title='bbox 826 2888 953 2937; x_wconf 89' lang='lat' dir='ltr'><strong>ante</strong></span> <span class='ocrx_word' id='word_1_380' title='bbox 998 2889 1241 2951; x_wconf 87' lang='lat' dir='ltr'><strong>tempora</strong></span> <span class='ocrx_word' id='word_1_381' title='bbox 1269 2881 1385 2936; x_wconf 90' lang='lat' dir='ltr'><strong>sine</strong></span> <span class='ocrx_word' id='word_1_382' title='bbox 1423 2888 1632 2943; x_wconf 84' lang='lat' dir='ltr'><strong>matre;</strong></span> <span class='ocrx_word' id='word_1_383' title='bbox 1674 2886 1730 2932; x_wconf 89' lang='lat' dir='ltr'><strong>et</strong></span> <span class='ocrx_word' id='word_1_384' title='bbox 1756 2884 1983 2931; x_wconf 89' lang='lat' dir='ltr'><strong>matrem</strong></span> <span class='ocrx_word' id='word_1_385' title='bbox 2011 2873 2176 2930; x_wconf 91' lang='lat' dir='ltr'><strong>habet</strong></span> 
     </span>
    </p>
   </div>
   <div class='ocr_carea' id='block_1_45' title="bbox 590 2966 2172 3049">
    <p class='ocr_par' dir='ltr' id='par_1_45' title="bbox 590 2966 2172 3049">
     <span class='ocr_line' id='line_1_45' title="bbox 590 2966 2172 3049; baseline -0.004 -22"><span class='ocrx_word' id='word_1_386' title='bbox 590 2970 882 3041; x_wconf 84' lang='lat' dir='ltr'><strong>Virginem,</strong></span> <span class='ocrx_word' id='word_1_387' title='bbox 911 2986 1031 3041; x_wconf 62' lang='lat' dir='ltr'><strong>quae</strong></span> <span class='ocrx_word' id='word_1_388' title='bbox 1058 2971 1205 3049; x_wconf 85' lang='lat' dir='ltr'><strong>illum</strong></span> <span class='ocrx_word' id='word_1_389' title='bbox 1226 2971 1473 3040; x_wconf 88' lang='lat' dir='ltr'><strong>concepit</strong></span> <span class='ocrx_word' id='word_1_390' title='bbox 1492 2978 1548 3025; x_wconf 91' lang='lat' dir='ltr'><strong>et</strong></span> <span class='ocrx_word' id='word_1_391' title='bbox 1574 2968 1785 3040; x_wconf 89' lang='lat' dir='ltr'><strong>peperit</strong></span> <span class='ocrx_word' id='word_1_392' title='bbox 1811 2967 1927 3045; x_wconf 88' lang='lat' dir='ltr'><strong>sine</strong></span> <span class='ocrx_word' id='word_1_393' title='bbox 1952 2966 2172 3021; x_wconf 92' lang='lat' dir='ltr'><strong>homine</strong></span> 
     </span>
    </p>
   </div>
   <div class='ocr_carea' id='block_1_46' title="bbox 565 3055 2173 3133">
    <p class='ocr_par' dir='ltr' id='par_1_46' title="bbox 565 3055 2173 3133">
     <span class='ocr_line' id='line_1_46' title="bbox 565 3055 2173 3133; baseline -0.006 -14"><span class='ocrx_word' id='word_1_394' title='bbox 565 3069 765 3133; x_wconf 87' lang='lat' dir='ltr'><strong>.patre.</strong></span> <span class='ocrx_word' id='word_1_395' title='bbox 791 3060 1138 3132; x_wconf 88' lang='lat' dir='ltr'><strong>—Serapion</strong></span> <span class='ocrx_word' id='word_1_396' title='bbox 1163 3060 1296 3115; x_wconf 86' lang='lat' dir='ltr'><strong>dixit</strong></span> <span class='ocrx_word' id='word_1_397' title='bbox 1327 3078 1338 3113; x_wconf 90' lang='lat'><strong>:</strong></span> <span class='ocrx_word' id='word_1_398' title='bbox 1369 3059 1512 3129; x_wconf 88' lang='lat' dir='ltr'><strong>Ergo</strong></span> <span class='ocrx_word' id='word_1_399' title='bbox 1534 3066 1706 3114; x_wconf 90' lang='lat' dir='ltr'><strong>mater</strong></span> <span class='ocrx_word' id='word_1_400' title='bbox 1733 3058 1830 3113; x_wconf 87' lang='lat' dir='ltr'><strong>Dei</strong></span> <span class='ocrx_word' id='word_1_401' title='bbox 1861 3065 1962 3113; x_wconf 92' lang='lat' dir='ltr'><strong>est.</strong></span> <span class='ocrx_word' id='word_1_402' title='bbox 1987 3088 2060 3099; x_wconf 87' lang='lat'><strong>-—</strong></span> <span class='ocrx_word' id='word_1_403' title='bbox 2073 3055 2173 3111; x_wconf 86' lang='lat' dir='ltr'><strong>Ar-</strong></span> 
     </span>
    </p>
   </div>
   <div class='ocr_carea' id='block_1_47' title="bbox 592 3147 2170 3217">
    <p class='ocr_par' dir='ltr' id='par_1_47' title="bbox 592 3147 2170 3217">
     <span class='ocr_line' id='line_1_47' title="bbox 592 3147 2170 3217; baseline -0.003 -11"><span class='ocrx_word' id='word_1_404' title='bbox 592 3151 788 3207; x_wconf 90' lang='lat' dir='ltr'><strong>nobius</strong></span> <span class='ocrx_word' id='word_1_405' title='bbox 814 3150 948 3205; x_wconf 86' lang='lat' dir='ltr'><strong>dixit</strong></span> <span class='ocrx_word' id='word_1_406' title='bbox 972 3168 985 3203; x_wconf 87' lang='lat'><strong>:</strong></span> <span class='ocrx_word' id='word_1_407' title='bbox 1017 3149 1188 3205; x_wconf 84' lang='lat' dir='ltr'><strong>Mater</strong></span> <span class='ocrx_word' id='word_1_408' title='bbox 1204 3148 1403 3205; x_wconf 87' lang='lat' dir='ltr'><strong>Christi</strong></span> <span class='ocrx_word' id='word_1_409' title='bbox 1422 3157 1477 3204; x_wconf 91' lang='lat' dir='ltr'><strong>et</strong></span> <span class='ocrx_word' id='word_1_410' title='bbox 1504 3149 1693 3204; x_wconf 88' lang='lat' dir='ltr'><strong>Dei.-—</strong></span> <span class='ocrx_word' id='word_1_411' title='bbox 1723 3147 1985 3217; x_wconf 90' lang='lat' dir='ltr'><strong>Serapion</strong></span> <span class='ocrx_word' id='word_1_412' title='bbox 2004 3147 2170 3202; x_wconf 89' lang='lat' dir='ltr'><strong>dixit:</strong></span> 
     </span>
    </p>
   </div>
   <div class='ocr_carea' id='block_1_48' title="bbox 2270 1948 3843 2027">
    <p class='ocr_par' dir='ltr' id='par_1_48' title="bbox 2270 1948 3843 2027">
     <span class='ocr_line' id='line_1_48' title="bbox 2270 1948 3843 2027; baseline -0.011 -4"><span class='ocrx_word' id='word_1_413' title='bbox 2270 1966 2461 2023; x_wconf 90' lang='lat' dir='ltr'><strong>nobius</strong></span> <span class='ocrx_word' id='word_1_414' title='bbox 2511 1962 2646 2019; x_wconf 90' lang='lat' dir='ltr'><strong>dixit</strong></span> <span class='ocrx_word' id='word_1_415' title='bbox 2679 1980 2692 2014; x_wconf 88' lang='lat'><strong>:</strong></span> <span class='ocrx_word' id='word_1_416' title='bbox 2725 1956 3007 2027; x_wconf 82' lang='lat' dir='ltr'><strong>Quomodo</strong></span> <span class='ocrx_word' id='word_1_417' title='bbox 3054 1961 3227 2010; x_wconf 86' lang='lat' dir='ltr'><strong>totum</strong></span> <span class='ocrx_word' id='word_1_418' title='bbox 3253 1950 3398 2022; x_wconf 90' lang='lat' dir='ltr'><strong>quod</strong></span> <span class='ocrx_word' id='word_1_419' title='bbox 3442 1950 3587 2006; x_wconf 85' lang='lat' dir='ltr'><strong>circa</strong></span> <span class='ocrx_word' id='word_1_420' title='bbox 3627 1948 3843 2006; x_wconf 76' lang='lat' dir='ltr'><strong>Mariam</strong></span> 
     </span>
    </p>
   </div>
   <div class='ocr_carea' id='block_1_49' title="bbox 2270 2038 3843 2131">
    <p class='ocr_par' dir='ltr' id='par_1_49' title="bbox 2270 2038 3843 2131">
     <span class='ocr_line' id='line_1_49' title="bbox 2270 2038 3843 2131; baseline -0.013 -15"><span class='ocrx_word' id='word_1_421' title='bbox 2270 2068 2478 2131; x_wconf 88' lang='lat' dir='ltr'><strong>gestum</strong></span> <span class='ocrx_word' id='word_1_422' title='bbox 2507 2064 2590 2112; x_wconf 90' lang='lat' dir='ltr'><strong>est</strong></span> <span class='ocrx_word' id='word_1_423' title='bbox 2612 2054 2877 2109; x_wconf 87' lang='lat' dir='ltr'><strong>rationem</strong></span> <span class='ocrx_word' id='word_1_424' title='bbox 2905 2050 3044 2104; x_wconf 90' lang='lat' dir='ltr'><strong>hanc</strong></span> <span class='ocrx_word' id='word_1_425' title='bbox 3069 2046 3233 2103; x_wconf 88' lang='lat' dir='ltr'><strong>habet</strong></span> <span class='ocrx_word' id='word_1_426' title='bbox 3260 2045 3506 2117; x_wconf 88' lang='lat' dir='ltr'><strong>primam,</strong></span> <span class='ocrx_word' id='word_1_427' title='bbox 3538 2038 3843 2109; x_wconf 82' lang='lat' dir='ltr'><strong>nt‘credas;</strong></span> 
     </span>
    </p>
   </div>
   <div class='ocr_carea' id='block_1_50' title="bbox 2270 2134 3842 2222">
    <p class='ocr_par' dir='ltr' id='par_1_50' title="bbox 2270 2134 3842 2222">
     <span class='ocr_line' id='line_1_50' title="bbox 2270 2134 3842 2222; baseline -0.009 -17"><span class='ocrx_word' id='word_1_428' title='bbox 2270 2150 2317 2205; x_wconf 92' lang='lat' dir='ltr'><strong>si</strong></span> <span class='ocrx_word' id='word_1_429' title='bbox 2346 2163 2473 2206; x_wconf 86' lang='lat' dir='ltr'><strong>vero</strong></span> <span class='ocrx_word' id='word_1_430' title='bbox 2500 2147 2764 2222; x_wconf 82' lang='lat' dir='ltr'><strong>rationem</strong></span> <span class='ocrx_word' id='word_1_431' title='bbox 2784 2142 3005 2215; x_wconf 85' lang='lat' dir='ltr'><strong>habeas,</strong></span> <span class='ocrx_word' id='word_1_432' title='bbox 3030 2146 3087 2195; x_wconf 92' lang='lat' dir='ltr'><strong>et</strong></span> <span class='ocrx_word' id='word_1_433' title='bbox 3112 2135 3271 2193; x_wconf 87' lang='lat' dir='ltr'><strong>ﬁdem</strong></span> <span class='ocrx_word' id='word_1_434' title='bbox 3298 2150 3409 2191; x_wconf 91' lang='lat' dir='ltr'><strong>non</strong></span> <span class='ocrx_word' id='word_1_435' title='bbox 3435 2134 3662 2200; x_wconf 87' lang='lat' dir='ltr'><strong>habeas,</strong></span> <span class='ocrx_word' id='word_1_436' title='bbox 3687 2148 3842 2191; x_wconf 83' lang='lat' dir='ltr'><strong>vacua</strong></span> 
     </span>
    </p>
   </div>
   <div class='ocr_carea' id='block_1_51' title="bbox 2271 2224 3839 2304">
    <p class='ocr_par' dir='ltr' id='par_1_51' title="bbox 2271 2224 3839 2304">
     <span class='ocr_line' id='line_1_51' title="bbox 2271 2224 3839 2304; baseline -0.013 -5"><span class='ocrx_word' id='word_1_437' title='bbox 2271 2243 2375 2298; x_wconf 86' lang='lat' dir='ltr'><strong>erit</strong></span> <span class='ocrx_word' id='word_1_438' title='bbox 2397 2241 2537 2297; x_wconf 90' lang='lat' dir='ltr'><strong>ratio</strong></span> <span class='ocrx_word' id='word_1_439' title='bbox 2565 2248 2674 2294; x_wconf 88' lang='lat' dir='ltr'><strong>tua.</strong></span> <span class='ocrx_word' id='word_1_440' title='bbox 2718 2269 2790 2280; x_wconf 86' lang='lat'><strong>-——</strong></span> <span class='ocrx_word' id='word_1_441' title='bbox 2815 2232 3074 2304; x_wconf 86' lang='lat' dir='ltr'><strong>Serapion</strong></span> <span class='ocrx_word' id='word_1_442' title='bbox 3129 2229 3264 2285; x_wconf 91' lang='lat' dir='ltr'><strong>dixit</strong></span> <span class='ocrx_word' id='word_1_443' title='bbox 3305 2246 3318 2282; x_wconf 88' lang='lat'><strong>:</strong></span> <span class='ocrx_word' id='word_1_444' title='bbox 3350 2226 3456 2282; x_wconf 88' lang='lat' dir='ltr'><strong>Aut</strong></span> <span class='ocrx_word' id='word_1_445' title='bbox 3500 2225 3662 2293; x_wconf 85' lang='lat' dir='ltr'><strong>ratio,</strong></span> <span class='ocrx_word' id='word_1_446' title='bbox 3694 2224 3839 2289; x_wconf 85' lang='lat' dir='ltr'><strong>ratio,</strong></span> 
     </span>
    </p>
   </div>
   <div class='ocr_carea' id='block_1_52' title="bbox 2273 2317 3838 2397">
    <p class='ocr_par' dir='ltr' id='par_1_52' title="bbox 2273 2317 3838 2397">
     <span class='ocr_line' id='line_1_52' title="bbox 2273 2317 3838 2397; baseline -0.013 -7"><span class='ocrx_word' id='word_1_447' title='bbox 2273 2343 2366 2390; x_wconf 89' lang='lat' dir='ltr'><strong>aut</strong></span> <span class='ocrx_word' id='word_1_448' title='bbox 2393 2332 2542 2397; x_wconf 90' lang='lat' dir='ltr'><strong>ﬁdes,</strong></span> <span class='ocrx_word' id='word_1_449' title='bbox 2575 2328 2706 2385; x_wconf 87' lang='lat' dir='ltr'><strong>ﬁdes</strong></span> <span class='ocrx_word' id='word_1_450' title='bbox 2734 2328 2855 2384; x_wconf 89' lang='lat' dir='ltr'><strong>erit.</strong></span> <span class='ocrx_word' id='word_1_451' title='bbox 2887 2357 2959 2368; x_wconf 89' lang='lat'>—</span> <span class='ocrx_word' id='word_1_452' title='bbox 2984 2321 3253 2379; x_wconf 88' lang='lat' dir='ltr'><strong>Arnobius</strong></span> <span class='ocrx_word' id='word_1_453' title='bbox 3297 2319 3432 2375; x_wconf 84' lang='lat' dir='ltr'><strong>dixit</strong></span> <span class='ocrx_word' id='word_1_454' title='bbox 3463 2335 3477 2372; x_wconf 93' lang='lat'><strong>:</strong></span> <span class='ocrx_word' id='word_1_455' title='bbox 3510 2317 3627 2373; x_wconf 83' lang='lat' dir='ltr'><strong>Non</strong></span> <span class='ocrx_word' id='word_1_456' title='bbox 3673 2321 3838 2388; x_wconf 80' lang='lat' dir='ltr'><strong>potest</strong></span> 
     </span>
    </p>
   </div>
   <div class='ocr_carea' id='block_1_53' title="bbox 2274 2404 3835 2484">
    <p class='ocr_par' dir='ltr' id='par_1_53' title="bbox 2274 2404 3835 2484">
     <span class='ocr_line' id='line_1_53' title="bbox 2274 2404 3835 2484; baseline -0.012 -7"><span class='ocrx_word' id='word_1_457' title='bbox 2274 2423 2406 2480; x_wconf 83' lang='lat' dir='ltr'><strong>ﬁdes</strong></span> <span class='ocrx_word' id='word_1_458' title='bbox 2448 2415 2565 2479; x_wconf 74' lang='lat' dir='ltr'><strong>Sine</strong></span> <span class='ocrx_word' id='word_1_459' title='bbox 2593 2420 2803 2475; x_wconf 88' lang='lat' dir='ltr'><strong>ratione</strong></span> <span class='ocrx_word' id='word_1_460' title='bbox 2830 2417 2885 2472; x_wconf 91' lang='lat' dir='ltr'><strong>in</strong></span> <span class='ocrx_word' id='word_1_461' title='bbox 2930 2415 3032 2470; x_wconf 88' lang='lat' dir='ltr'><strong>hac</strong></span> <span class='ocrx_word' id='word_1_462' title='bbox 3054 2419 3226 2484; x_wconf 83' lang='lat' dir='ltr'><strong>parte,</strong></span> <span class='ocrx_word' id='word_1_463' title='bbox 3272 2425 3373 2466; x_wconf 91' lang='lat' dir='ltr'><strong>nec</strong></span> <span class='ocrx_word' id='word_1_464' title='bbox 3410 2409 3553 2464; x_wconf 88' lang='lat' dir='ltr'><strong>ratio</strong></span> <span class='ocrx_word' id='word_1_465' title='bbox 3594 2407 3705 2463; x_wconf 86' lang='lat' dir='ltr'><strong>sine</strong></span> <span class='ocrx_word' id='word_1_466' title='bbox 3739 2404 3835 2458; x_wconf 82' lang='lat' dir='ltr'><strong>ﬁde</strong></span> 
     </span>
    </p>
   </div>
   <div class='ocr_carea' id='block_1_54' title="bbox 2274 2498 3835 2582">
    <p class='ocr_par' dir='ltr' id='par_1_54' title="bbox 2274 2498 3835 2582">
     <span class='ocr_line' id='line_1_54' title="bbox 2274 2498 3835 2582; baseline -0.015 -7"><span class='ocrx_word' id='word_1_467' title='bbox 2274 2518 2581 2575; x_wconf 90' lang='lat' dir='ltr'><strong>subsistere.</strong></span> <span class='ocrx_word' id='word_1_468' title='bbox 2613 2546 2685 2556; x_wconf 94' lang='lat'><strong><em>—</em></strong></span> <span class='ocrx_word' id='word_1_469' title='bbox 2713 2510 2973 2582; x_wconf 89' lang='lat' dir='ltr'><strong>Serapion</strong></span> <span class='ocrx_word' id='word_1_470' title='bbox 3008 2506 3143 2564; x_wconf 89' lang='lat' dir='ltr'><strong>dixit</strong></span> <span class='ocrx_word' id='word_1_471' title='bbox 3175 2524 3187 2559; x_wconf 91' lang='lat'><strong>:</strong></span> <span class='ocrx_word' id='word_1_472' title='bbox 3232 2503 3301 2559; x_wconf 86' lang='lat' dir='ltr'><strong>Et</strong></span> <span class='ocrx_word' id='word_1_473' title='bbox 3322 2517 3443 2574; x_wconf 76' lang='lat' dir='ltr'><strong>quae</strong></span> <span class='ocrx_word' id='word_1_474' title='bbox 3471 2502 3610 2557; x_wconf 90' lang='lat' dir='ltr'><strong>ratio</strong></span> <span class='ocrx_word' id='word_1_475' title='bbox 3652 2498 3835 2572; x_wconf 86' lang='lat' dir='ltr'><strong>poterit</strong></span> 
     </span>
    </p>
   </div>
   <div class='ocr_carea' id='block_1_55' title="bbox 2275 2590 3839 2676">
    <p class='ocr_par' dir='ltr' id='par_1_55' title="bbox 2275 2590 3839 2676">
     <span class='ocr_line' id='line_1_55' title="bbox 2275 2590 3839 2676; baseline -0.013 -10"><span class='ocrx_word' id='word_1_476' title='bbox 2275 2624 2363 2665; x_wconf 90' lang='lat' dir='ltr'><strong>me</strong></span> <span class='ocrx_word' id='word_1_477' title='bbox 2381 2608 2576 2664; x_wconf 90' lang='lat' dir='ltr'><strong>docere</strong></span> <span class='ocrx_word' id='word_1_478' title='bbox 2595 2604 2739 2676; x_wconf 90' lang='lat' dir='ltr'><strong>quod</strong></span> <span class='ocrx_word' id='word_1_479' title='bbox 2765 2602 2928 2673; x_wconf 80' lang='lat' dir='ltr'><strong>Virgo</strong></span> <span class='ocrx_word' id='word_1_480' title='bbox 2955 2598 3220 2669; x_wconf 89' lang='lat' dir='ltr'><strong>concepit,</strong></span> <span class='ocrx_word' id='word_1_481' title='bbox 3249 2595 3412 2665; x_wconf 81' lang='lat' dir='ltr'><strong>Virgo</strong></span> <span class='ocrx_word' id='word_1_482' title='bbox 3438 2592 3670 2666; x_wconf 87' lang='lat' dir='ltr'><strong>peperit,</strong></span> <span class='ocrx_word' id='word_1_483' title='bbox 3693 2590 3839 2658; x_wconf 80' lang='lat' dir='ltr'><strong>Virgo</strong></span> 
     </span>
    </p>
   </div>
   <div class='ocr_carea' id='block_1_56' title="bbox 2277 2682 3839 2775">
    <p class='ocr_par' dir='ltr' id='par_1_56' title="bbox 2277 2682 3839 2775">
     <span class='ocr_line' id='line_1_56' title="bbox 2277 2682 3839 2775; baseline -0.013 -18"><span class='ocrx_word' id='word_1_484' title='bbox 2277 2709 2402 2775; x_wconf 87' lang='lat' dir='ltr'><strong>post</strong></span> <span class='ocrx_word' id='word_1_485' title='bbox 2446 2707 2658 2772; x_wconf 87' lang='lat' dir='ltr'><strong>partum</strong></span> <span class='ocrx_word' id='word_1_486' title='bbox 2701 2694 3029 2768; x_wconf 87' lang='lat' dir='ltr'><strong>permansit?</strong></span> <span class='ocrx_word' id='word_1_487' title='bbox 3056 2725 3128 2736; x_wconf 90' lang='lat'>—</span> <span class='ocrx_word' id='word_1_488' title='bbox 3165 2687 3434 2744; x_wconf 84' lang='lat' dir='ltr'><strong>Arnobius</strong></span> <span class='ocrx_word' id='word_1_489' title='bbox 3460 2687 3633 2742; x_wconf 88' lang='lat' dir='ltr'><strong>dixit:</strong></span> <span class='ocrx_word' id='word_1_490' title='bbox 3665 2683 3692 2722; x_wconf 72' lang='grc' dir='ltr'><strong><em>ἀ</em></strong></span> <span class='ocrx_word' id='word_1_491' title='bbox 3731 2682 3839 2737; x_wconf 58' lang='lat' dir='ltr'><strong>llas:</strong></span> 
     </span>
    </p>
   </div>
   <div class='ocr_carea' id='block_1_57' title="bbox 2275 2777 3872 2859">
    <p class='ocr_par' dir='ltr' id='par_1_57' title="bbox 2275 2777 3872 2859">
     <span class='ocr_line' id='line_1_57' title="bbox 2275 2777 3872 2859; baseline -0.014 -8"><span class='ocrx_word' id='word_1_492' title='bbox 2275 2795 2416 2851; x_wconf 89' lang='lat' dir='ltr'><strong>ratio</strong></span> <span class='ocrx_word' id='word_1_493' title='bbox 2438 2800 2521 2851; x_wconf 89' lang='lat' dir='ltr'><strong>est</strong></span> <span class='ocrx_word' id='word_1_494' title='bbox 2540 2792 2681 2847; x_wconf 90' lang='lat' dir='ltr'><strong>Deus</strong></span> <span class='ocrx_word' id='word_1_495' title='bbox 2701 2789 3136 2859; x_wconf 90' lang='lat' dir='ltr'><strong>omnipotens.——</strong></span> <span class='ocrx_word' id='word_1_496' title='bbox 3153 2778 3414 2852; x_wconf 91' lang='lat' dir='ltr'><strong>Serapion</strong></span> <span class='ocrx_word' id='word_1_497' title='bbox 3436 2779 3573 2836; x_wconf 92' lang='lat' dir='ltr'><strong>dixit</strong></span> <span class='ocrx_word' id='word_1_498' title='bbox 3597 2797 3610 2832; x_wconf 91' lang='lat'>:</span> <span class='ocrx_word' id='word_1_499' title='bbox 3635 2777 3746 2847; x_wconf 85' lang='lat' dir='ltr'><strong>Ego</strong></span> <span class='ocrx_word' id='word_1_500' title='bbox 3772 2784 3838 2830; x_wconf 79' lang='lat' dir='ltr'><strong>te-</strong></span> <span class='ocrx_word' id='word_1_501' title='bbox 3868 2844 3872 2848; x_wconf 17' lang='grc' dir='ltr'><strong>Δ</strong></span> 
     </span>
    </p>
   </div>
   <div class='ocr_carea' id='block_1_58' title="bbox 2277 2868 3839 2956">
    <p class='ocr_par' dir='ltr' id='par_1_58' title="bbox 2277 2868 3839 2956">
     <span class='ocr_line' id='line_1_58' title="bbox 2277 2868 3839 2956; baseline -0.013 -12"><span class='ocrx_word' id='word_1_502' title='bbox 2277 2902 2399 2945; x_wconf 91' lang='lat' dir='ltr'><strong>cum</strong></span> <span class='ocrx_word' id='word_1_503' title='bbox 2427 2886 2495 2941; x_wconf 90' lang='lat' dir='ltr'><strong>de</strong></span> <span class='ocrx_word' id='word_1_504' title='bbox 2514 2883 2690 2956; x_wconf 88' lang='lat' dir='ltr'><strong>pueﬁa</strong></span> <span class='ocrx_word' id='word_1_505' title='bbox 2713 2896 2833 2951; x_wconf 88' lang='lat' dir='ltr'><strong>ago.</strong></span> <span class='ocrx_word' id='word_1_506' title='bbox 2865 2912 2937 2922; x_wconf 90' lang='lat'><strong>—</strong></span> <span class='ocrx_word' id='word_1_507' title='bbox 2961 2876 3226 2933; x_wconf 87' lang='lat' dir='ltr'><strong>Arnobius</strong></span> <span class='ocrx_word' id='word_1_508' title='bbox 3251 2872 3385 2930; x_wconf 87' lang='lat' dir='ltr'><strong>dixit</strong></span> <span class='ocrx_word' id='word_1_509' title='bbox 3412 2891 3425 2925; x_wconf 89' lang='lat'><strong>:</strong></span> <span class='ocrx_word' id='word_1_510' title='bbox 3456 2870 3571 2956; x_wconf 75' lang='lat' dir='ltr'><strong>Ego</strong></span> <span class='ocrx_word' id='word_1_511' title='bbox 3592 2879 3762 2926; x_wconf 86' lang='lat' dir='ltr'><strong>tecum</strong></span> <span class='ocrx_word' id='word_1_512' title='bbox 3784 2868 3839 2924; x_wconf 81' lang='lat' dir='ltr'><strong>de</strong></span> 
     </span>
    </p>
   </div>
   <div class='ocr_carea' id='block_1_59' title="bbox 2275 2954 3911 3048">
    <p class='ocr_par' dir='ltr' id='par_1_59' title="bbox 2275 2954 3911 3048">
     <span class='ocr_line' id='line_1_59' title="bbox 2275 2954 3911 3048; baseline -0.011 -15"><span class='ocrx_word' id='word_1_513' title='bbox 2275 2954 2654 3048; x_wconf 77' lang='lat' dir='ltr'><strong>Omnipotente</strong></span> <span class='ocrx_word' id='word_1_514' title='bbox 2681 2986 2802 3043; x_wconf 91' lang='lat' dir='ltr'><strong>ago.</strong></span> <span class='ocrx_word' id='word_1_515' title='bbox 2860 2971 3015 3026; x_wconf 88' lang='lat' dir='ltr'><strong>Dicas</strong></span> <span class='ocrx_word' id='word_1_516' title='bbox 3070 2968 3219 3023; x_wconf 89' lang='lat' dir='ltr'><strong>mihi.</strong></span> <span class='ocrx_word' id='word_1_517' title='bbox 3252 2964 3353 3034; x_wconf 89' lang='lat' dir='ltr'><strong>Qui</strong></span> <span class='ocrx_word' id='word_1_518' title='bbox 3403 2963 3532 3022; x_wconf 88' lang='lat' dir='ltr'><strong>fecit</strong></span> <span class='ocrx_word' id='word_1_519' title='bbox 3560 2954 3770 3020; x_wconf 70' lang='lat' dir='ltr'><strong>coelum</strong></span> <span class='ocrx_word' id='word_1_520' title='bbox 3793 2970 3838 3017; x_wconf 81' lang='lat' dir='ltr'><strong>et</strong></span> <span class='ocrx_word' id='word_1_521' title='bbox 3900 3002 3911 3007; x_wconf 85' lang='lat'><strong>-</strong></span> 
     </span>
    </p>
   </div>
   <div class='ocr_carea' id='block_1_60' title="bbox 2277 3055 3841 3135">
    <p class='ocr_par' dir='ltr' id='par_1_60' title="bbox 2277 3055 3841 3135">
     <span class='ocr_line' id='line_1_60' title="bbox 2277 3055 3841 3135; baseline -0.01 -10"><span class='ocrx_word' id='word_1_522' title='bbox 2277 3076 2497 3135; x_wconf 86' lang='lat' dir='ltr'><strong>terram,</strong></span> <span class='ocrx_word' id='word_1_523' title='bbox 2527 3073 2582 3122; x_wconf 90' lang='lat' dir='ltr'><strong>et</strong></span> <span class='ocrx_word' id='word_1_524' title='bbox 2609 3064 2789 3121; x_wconf 90' lang='lat' dir='ltr'><strong>omnia</strong></span> <span class='ocrx_word' id='word_1_525' title='bbox 2835 3076 2954 3133; x_wconf 62' lang='lat' dir='ltr'><strong>qua</strong></span> <span class='ocrx_word' id='word_1_526' title='bbox 2994 3061 3049 3116; x_wconf 92' lang='lat' dir='ltr'><strong>in</strong></span> <span class='ocrx_word' id='word_1_527' title='bbox 3078 3060 3155 3116; x_wconf 90' lang='lat' dir='ltr'><strong>eis</strong></span> <span class='ocrx_word' id='word_1_528' title='bbox 3201 3066 3327 3115; x_wconf 90' lang='lat' dir='ltr'><strong>sunt</strong></span> <span class='ocrx_word' id='word_1_529' title='bbox 3352 3055 3705 3127; x_wconf 87' lang='lat' dir='ltr'><strong>Omnipotens</strong></span> <span class='ocrx_word' id='word_1_530' title='bbox 3743 3056 3841 3126; x_wconf 86' lang='lat' dir='ltr'><strong>ipse</strong></span> 
     </span>
    </p>
   </div>
   <div class='ocr_carea' id='block_1_61' title="bbox 2277 3138 3839 3227">
    <p class='ocr_par' dir='ltr' id='par_1_61' title="bbox 2277 3138 3839 3227">
     <span class='ocr_line' id='line_1_61' title="bbox 2277 3138 3839 3227; baseline -0.01 -9"><span class='ocrx_word' id='word_1_531' title='bbox 2277 3171 2379 3227; x_wconf 89' lang='lat' dir='ltr'><strong>est,</strong></span> <span class='ocrx_word' id='word_1_532' title='bbox 2404 3177 2471 3216; x_wconf 90' lang='lat' dir='ltr'><strong>an</strong></span> <span class='ocrx_word' id='word_1_533' title='bbox 2499 3175 2607 3215; x_wconf 92' lang='lat' dir='ltr'><strong>non</strong></span> <span class='ocrx_word' id='word_1_534' title='bbox 2629 3155 3012 3227; x_wconf 83' lang='lat' dir='ltr'><strong>Omnipotens?</strong></span> <span class='ocrx_word' id='word_1_535' title='bbox 3033 3185 3106 3198; x_wconf 92' lang='lat'><strong>——</strong></span> <span class='ocrx_word' id='word_1_536' title='bbox 3131 3151 3392 3223; x_wconf 89' lang='lat' dir='ltr'><strong>Serapion</strong></span> <span class='ocrx_word' id='word_1_537' title='bbox 3421 3149 3557 3205; x_wconf 89' lang='lat' dir='ltr'><strong>dixit</strong></span> <span class='ocrx_word' id='word_1_538' title='bbox 3590 3168 3604 3203; x_wconf 90' lang='lat'><strong>:</strong></span> <span class='ocrx_word' id='word_1_539' title='bbox 3637 3138 3839 3219; x_wconf 65' lang='lat' dir='ltr'><strong>Sempcr</strong></span> 
     </span>
    </p>
   </div>
   <div class='ocr_carea' id='block_1_62' title="bbox 593 3237 2174 3324">
    <p class='ocr_par' dir='ltr' id='par_1_62' title="bbox 593 3237 2174 3308">
     <span class='ocr_line' id='line_1_62' title="bbox 593 3237 2174 3308; baseline -0.001 -13"><span class='ocrx_word' id='word_1_540' title='bbox 593 3239 733 3307; x_wconf 84' lang='lat' dir='ltr'><strong>Quid</strong></span> <span class='ocrx_word' id='word_1_541' title='bbox 759 3249 843 3296; x_wconf 91' lang='lat' dir='ltr'><strong>est</strong></span> <span class='ocrx_word' id='word_1_542' title='bbox 869 3239 1065 3296; x_wconf 88' lang='lat' dir='ltr'><strong>Christi</strong></span> <span class='ocrx_word' id='word_1_543' title='bbox 1090 3246 1146 3296; x_wconf 91' lang='lat' dir='ltr'><strong>et</strong></span> <span class='ocrx_word' id='word_1_544' title='bbox 1176 3240 1312 3296; x_wconf 83' lang='lat' dir='ltr'><strong>Dei?</strong></span> <span class='ocrx_word' id='word_1_545' title='bbox 1334 3272 1405 3282; x_wconf 88' lang='lat'><strong>--</strong></span> <span class='ocrx_word' id='word_1_546' title='bbox 1432 3239 1699 3295; x_wconf 88' lang='lat' dir='ltr'><strong>Arnobius</strong></span> <span class='ocrx_word' id='word_1_547' title='bbox 1725 3239 1860 3295; x_wconf 90' lang='lat' dir='ltr'><strong>dixit</strong></span> <span class='ocrx_word' id='word_1_548' title='bbox 1893 3256 1906 3291; x_wconf 92' lang='lat'>:</span> <span class='ocrx_word' id='word_1_549' title='bbox 1938 3239 2053 3305; x_wconf 90' lang='lat' dir='ltr'><strong>Dei,</strong></span> <span class='ocrx_word' id='word_1_550' title='bbox 2083 3237 2174 3308; x_wconf 90' lang='lat' dir='ltr'><strong>qui</strong></span> 
     </span>
    </p>
   </div>
   <div class='ocr_carea' id='block_1_63' title="bbox 2273 3237 3839 3324">
    <p class='ocr_par' dir='ltr' id='par_1_63' title="bbox 2279 3237 3839 3324">
     <span class='ocr_line' id='line_1_63' title="bbox 2279 3237 3839 3324; baseline -0.011 -14"><span class='ocrx_word' id='word_1_551' title='bbox 2279 3253 2425 3310; x_wconf 88' lang='lat' dir='ltr'><strong>aliud</strong></span> <span class='ocrx_word' id='word_1_552' title='bbox 2451 3252 2727 3324; x_wconf 90' lang='lat' dir='ltr'><strong>proponis,</strong></span> <span class='ocrx_word' id='word_1_553' title='bbox 2760 3257 2820 3304; x_wconf 93' lang='lat' dir='ltr'><strong>ut</strong></span> <span class='ocrx_word' id='word_1_554' title='bbox 2859 3246 3000 3303; x_wconf 90' lang='lat' dir='ltr'><strong>aliud</strong></span> <span class='ocrx_word' id='word_1_555' title='bbox 3044 3245 3141 3302; x_wconf 91' lang='lat' dir='ltr'><strong>tibi</strong></span> <span class='ocrx_word' id='word_1_556' title='bbox 3168 3259 3327 3315; x_wconf 88' lang='lat' dir='ltr'><strong>agere</strong></span> <span class='ocrx_word' id='word_1_557' title='bbox 3372 3243 3551 3307; x_wconf 87' lang='lat' dir='ltr'><strong>liceat,</strong></span> <span class='ocrx_word' id='word_1_558' title='bbox 3578 3250 3635 3298; x_wconf 90' lang='lat' dir='ltr'><strong>et</strong></span> <span class='ocrx_word' id='word_1_559' title='bbox 3661 3256 3758 3297; x_wconf 91' lang='lat' dir='ltr'><strong>non</strong></span> <span class='ocrx_word' id='word_1_560' title='bbox 3781 3237 3839 3294; x_wconf 84' lang='lat' dir='ltr'><strong>ad</strong></span> 
     </span>
    </p>
   </div>
   <div class='ocr_carea' id='block_1_64' title="bbox 592 3330 2176 3398">
    <p class='ocr_par' dir='ltr' id='par_1_64' title="bbox 592 3330 2176 3398">
     <span class='ocr_line' id='line_1_64' title="bbox 592 3330 2176 3398; baseline -0.001 -11"><span class='ocrx_word' id='word_1_561' title='bbox 592 3346 720 3387; x_wconf 88' lang='lat' dir='ltr'><strong>cum</strong></span> <span class='ocrx_word' id='word_1_562' title='bbox 744 3331 953 3387; x_wconf 92' lang='lat' dir='ltr'><strong>initium</strong></span> <span class='ocrx_word' id='word_1_563' title='bbox 971 3349 1079 3388; x_wconf 90' lang='lat' dir='ltr'><strong>non</strong></span> <span class='ocrx_word' id='word_1_564' title='bbox 1104 3331 1345 3398; x_wconf 86' lang='lat' dir='ltr'><strong>haberet,</strong></span> <span class='ocrx_word' id='word_1_565' title='bbox 1367 3339 1548 3388; x_wconf 89' lang='lat' dir='ltr'><strong>tamen</strong></span> <span class='ocrx_word' id='word_1_566' title='bbox 1569 3331 1837 3386; x_wconf 90' lang='lat' dir='ltr'><strong>nascendo</strong></span> <span class='ocrx_word' id='word_1_567' title='bbox 1858 3330 2065 3385; x_wconf 88' lang='lat' dir='ltr'><strong>initium</strong></span> <span class='ocrx_word' id='word_1_568' title='bbox 2088 3345 2176 3386; x_wconf 89' lang='lat' dir='ltr'><strong>as-</strong></span> 
     </span>
    </p>
   </div>
   <div class='ocr_carea' id='block_1_65' title="bbox 592 3422 2176 3496">
    <p class='ocr_par' dir='ltr' id='par_1_65' title="bbox 592 3422 2176 3496">
     <span class='ocr_line' id='line_1_65' title="bbox 592 3422 2176 3496; baseline 0.001 -20"><span class='ocrx_word' id='word_1_569' title='bbox 592 3424 820 3496; x_wconf 87' lang='lat' dir='ltr'><strong>sumpsit</strong></span> <span class='ocrx_word' id='word_1_570' title='bbox 846 3439 968 3480; x_wconf 89' lang='lat' dir='ltr'><strong>cum</strong></span> <span class='ocrx_word' id='word_1_571' title='bbox 1010 3422 1242 3480; x_wconf 86' lang='lat' dir='ltr'><strong>Christo.</strong></span> <span class='ocrx_word' id='word_1_572' title='bbox 1274 3423 1520 3480; x_wconf 90' lang='lat' dir='ltr'><strong>Christus</strong></span> <span class='ocrx_word' id='word_1_573' title='bbox 1561 3425 1701 3478; x_wconf 91' lang='lat' dir='ltr'><strong>enim</strong></span> <span class='ocrx_word' id='word_1_574' title='bbox 1749 3423 1865 3479; x_wconf 90' lang='lat' dir='ltr'><strong>sine</strong></span> <span class='ocrx_word' id='word_1_575' title='bbox 1914 3423 2025 3479; x_wconf 89' lang='lat' dir='ltr'><strong>Deo</strong></span> <span class='ocrx_word' id='word_1_576' title='bbox 2049 3422 2076 3462; x_wconf 72' lang='grc' dir='ltr'><strong>ι)</strong></span> <span class='ocrx_word' id='word_1_577' title='bbox 2104 3424 2176 3478; x_wconf 92' lang='lat' dir='ltr'><strong>si-</strong></span> 
     </span>
    </p>
   </div>
   <div class='ocr_carea' id='block_1_66' title="bbox 594 3506 2177 3586">
    <p class='ocr_par' dir='ltr' id='par_1_66' title="bbox 594 3506 2177 3586">
     <span class='ocr_line' id='line_1_66' title="bbox 594 3506 2177 3586; baseline 0.003 -19"><span class='ocrx_word' id='word_1_578' title='bbox 594 3513 737 3581; x_wconf 86' lang='lat' dir='ltr'><strong>milis</strong></span> <span class='ocrx_word' id='word_1_579' title='bbox 772 3523 857 3570; x_wconf 91' lang='lat' dir='ltr'><strong>est</strong></span> <span class='ocrx_word' id='word_1_580' title='bbox 895 3515 1109 3579; x_wconf 84' lang='lat' dir='ltr'><strong>christis</strong></span> <span class='ocrx_word' id='word_1_581' title='bbox 1147 3517 1266 3573; x_wconf 90' lang='lat' dir='ltr'><strong>aliis</strong></span> <span class='ocrx_word' id='word_1_582' title='bbox 1302 3516 1394 3586; x_wconf 92' lang='lat' dir='ltr'><strong>qui</strong></span> <span class='ocrx_word' id='word_1_583' title='bbox 1437 3525 1562 3573; x_wconf 92' lang='lat' dir='ltr'><strong>ante</strong></span> <span class='ocrx_word' id='word_1_584' title='bbox 1595 3506 1719 3572; x_wconf 88' lang='lat' dir='ltr'><strong>eum</strong></span> <span class='ocrx_word' id='word_1_585' title='bbox 1762 3515 1991 3571; x_wconf 87' lang='lat' dir='ltr'><strong>fuerunt.</strong></span> <span class='ocrx_word' id='word_1_586' title='bbox 2024 3514 2177 3572; x_wconf 81' lang='lat' dir='ltr'><strong>Chri-</strong></span> 
     </span>
    </p>
   </div>
   <div class='ocr_carea' id='block_1_67' title="bbox 595 3594 2177 3682">
    <p class='ocr_par' dir='ltr' id='par_1_67' title="bbox 595 3594 2177 3682">
     <span class='ocr_line' id='line_1_67' title="bbox 595 3594 2177 3682; baseline 0.005 -23"><span class='ocrx_word' id='word_1_587' title='bbox 595 3612 710 3660; x_wconf 88' lang='lat' dir='ltr'><strong>stus</strong></span> <span class='ocrx_word' id='word_1_588' title='bbox 731 3613 911 3660; x_wconf 92' lang='lat' dir='ltr'><strong>autem</strong></span> <span class='ocrx_word' id='word_1_589' title='bbox 930 3607 1071 3663; x_wconf 89' lang='lat' dir='ltr'><strong>Deus</strong></span> <span class='ocrx_word' id='word_1_590' title='bbox 1096 3617 1282 3665; x_wconf 89' lang='lat' dir='ltr'><strong>noster</strong></span> <span class='ocrx_word' id='word_1_591' title='bbox 1307 3610 1535 3665; x_wconf 89' lang='lat' dir='ltr'><strong>similem</strong></span> <span class='ocrx_word' id='word_1_592' title='bbox 1562 3596 1663 3681; x_wconf 87' lang='lat' dir='ltr'><strong>per</strong></span> <span class='ocrx_word' id='word_1_593' title='bbox 1689 3594 1935 3665; x_wconf 86' lang='lat' dir='ltr'><strong>naturam</strong></span> <span class='ocrx_word' id='word_1_594' title='bbox 1964 3611 2177 3682; x_wconf 89' lang='lat' dir='ltr'><strong>penitus</strong></span> 
     </span>
    </p>
   </div>
   <div class='ocr_carea' id='block_1_68' title="bbox 595 3697 2176 3773">
    <p class='ocr_par' dir='ltr' id='par_1_68' title="bbox 595 3697 2176 3773">
     <span class='ocr_line' id='line_1_68' title="bbox 595 3697 2176 3773; baseline 0.005 -19"><span class='ocrx_word' id='word_1_595' title='bbox 595 3710 704 3754; x_wconf 84' lang='lat' dir='ltr'><strong>non</strong></span> <span class='ocrx_word' id='word_1_596' title='bbox 731 3697 921 3765; x_wconf 89' lang='lat' dir='ltr'><strong>habet;</strong></span> <span class='ocrx_word' id='word_1_597' title='bbox 950 3707 1143 3770; x_wconf 69' lang='lat' dir='ltr'><strong>przeter</strong></span> <span class='ocrx_word' id='word_1_598' title='bbox 1170 3700 1343 3773; x_wconf 91' lang='lat' dir='ltr'><strong>ipsum</strong></span> <span class='ocrx_word' id='word_1_599' title='bbox 1366 3703 1509 3757; x_wconf 91' lang='lat' dir='ltr'><strong>enim</strong></span> <span class='ocrx_word' id='word_1_600' title='bbox 1539 3703 1715 3758; x_wconf 88' lang='lat' dir='ltr'><strong>nullus</strong></span> <span class='ocrx_word' id='word_1_601' title='bbox 1740 3714 1823 3761; x_wconf 86' lang='lat' dir='ltr'><strong>est</strong></span> <span class='ocrx_word' id='word_1_602' title='bbox 1847 3704 2092 3760; x_wconf 79' lang='lat' dir='ltr'><strong>Christus</strong></span> <span class='ocrx_word' id='word_1_603' title='bbox 2119 3714 2176 3762; x_wconf 91' lang='lat' dir='ltr'><strong>et</strong></span> 
     </span>
    </p>
   </div>
   <div class='ocr_carea' id='block_1_69' title="bbox 594 3789 2175 3875">
    <p class='ocr_par' dir='ltr' id='par_1_69' title="bbox 594 3789 2175 3875">
     <span class='ocr_line' id='line_1_69' title="bbox 594 3789 2175 3875; baseline 0.006 -30"><span class='ocrx_word' id='word_1_604' title='bbox 594 3789 855 3875; x_wconf 79' lang='lat' dir='ltr'><strong>Deus.-——</strong></span> <span class='ocrx_word' id='word_1_605' title='bbox 893 3790 1153 3864; x_wconf 88' lang='lat' dir='ltr'><strong>Serapion</strong></span> <span class='ocrx_word' id='word_1_606' title='bbox 1182 3793 1318 3850; x_wconf 90' lang='lat' dir='ltr'><strong>dixit</strong></span> <span class='ocrx_word' id='word_1_607' title='bbox 1345 3813 1357 3847; x_wconf 89' lang='lat'><strong>:</strong></span> <span class='ocrx_word' id='word_1_608' title='bbox 1388 3793 1525 3862; x_wconf 88' lang='lat' dir='ltr'><strong>Quid</strong></span> <span class='ocrx_word' id='word_1_609' title='bbox 1564 3808 1692 3864; x_wconf 88' lang='lat' dir='ltr'><strong>ergo</strong></span> <span class='ocrx_word' id='word_1_610' title='bbox 1722 3797 1773 3851; x_wconf 92' lang='lat' dir='ltr'><strong>in</strong></span> <span class='ocrx_word' id='word_1_611' title='bbox 1811 3805 1969 3869; x_wconf 89' lang='lat' dir='ltr'><strong>partu</strong></span> <span class='ocrx_word' id='word_1_612' title='bbox 1996 3797 2175 3855; x_wconf 78' lang='lat' dir='ltr'><strong>Maria:</strong></span> 
     </span>
    </p>
   </div>
   <div class='ocr_carea' id='block_1_70' title="bbox 593 3883 2172 3963">
    <p class='ocr_par' dir='ltr' id='par_1_70' title="bbox 593 3883 2172 3963">
     <span class='ocr_line' id='line_1_70' title="bbox 593 3883 2172 3963; baseline 0.008 -27"><span class='ocrx_word' id='word_1_613' title='bbox 593 3890 777 3938; x_wconf 91' lang='lat' dir='ltr'><strong>natum</strong></span> <span class='ocrx_word' id='word_1_614' title='bbox 798 3883 974 3940; x_wconf 89' lang='lat' dir='ltr'><strong>credis</strong></span> <span class='ocrx_word' id='word_1_615' title='bbox 986 3886 1009 3939; x_wconf 70' lang='grc' dir='ltr'>ἲ</span> <span class='ocrx_word' id='word_1_616' title='bbox 1021 3918 1093 3929; x_wconf 89' lang='lat'><strong>——</strong></span> <span class='ocrx_word' id='word_1_617' title='bbox 1108 3885 1373 3944; x_wconf 87' lang='lat' dir='ltr'><strong>Arnobius</strong></span> <span class='ocrx_word' id='word_1_618' title='bbox 1393 3888 1533 3945; x_wconf 80' lang='lat' dir='ltr'><strong>dixit</strong></span> <span class='ocrx_word' id='word_1_619' title='bbox 1553 3908 1565 3944; x_wconf 89' lang='lat'><strong>:</strong></span> <span class='ocrx_word' id='word_1_620' title='bbox 1596 3888 1898 3958; x_wconf 79' lang='lat' dir='ltr'><strong>Hominem,</strong></span> <span class='ocrx_word' id='word_1_621' title='bbox 1921 3893 2010 3963; x_wconf 92' lang='lat' dir='ltr'><strong>qui</strong></span> <span class='ocrx_word' id='word_1_622' title='bbox 2034 3909 2172 3949; x_wconf 84' lang='lat' dir='ltr'><strong>nun-</strong></span> 
     </span>
    </p>
   </div>
   <div class='ocr_carea' id='block_1_71' title="bbox 594 3974 2176 4054">
    <p class='ocr_par' dir='ltr' id='par_1_71' title="bbox 594 3974 2176 4054">
     <span class='ocr_line' id='line_1_71' title="bbox 594 3974 2176 4054; baseline 0.006 -26"><span class='ocrx_word' id='word_1_623' title='bbox 594 3987 753 4042; x_wconf 83' lang='lat' dir='ltr'><strong>quam</strong></span> <span class='ocrx_word' id='word_1_624' title='bbox 796 3974 917 4042; x_wconf 82' lang='lat' dir='ltr'><strong>fuit,</strong></span> <span class='ocrx_word' id='word_1_625' title='bbox 949 3993 1070 4033; x_wconf 90' lang='lat' dir='ltr'><strong>cum</strong></span> <span class='ocrx_word' id='word_1_626' title='bbox 1117 3978 1229 4036; x_wconf 90' lang='lat' dir='ltr'><strong>Deo</strong></span> <span class='ocrx_word' id='word_1_627' title='bbox 1275 3980 1367 4048; x_wconf 88' lang='lat' dir='ltr'><strong>qui</strong></span> <span class='ocrx_word' id='word_1_628' title='bbox 1417 3995 1634 4051; x_wconf 88' lang='lat' dir='ltr'><strong>semper</strong></span> <span class='ocrx_word' id='word_1_629' title='bbox 1669 3980 1788 4037; x_wconf 89' lang='lat' dir='ltr'><strong>fuit.</strong></span> <span class='ocrx_word' id='word_1_630' title='bbox 1818 4016 1889 4027; x_wconf 85' lang='lat'><strong>-—</strong></span> <span class='ocrx_word' id='word_1_631' title='bbox 1913 3982 2176 4054; x_wconf 88' lang='lat' dir='ltr'><strong>Serapion</strong></span> 
     </span>
    </p>
   </div>
   <div class='ocr_carea' id='block_1_72' title="bbox 2279 3331 3839 3413">
    <p class='ocr_par' dir='ltr' id='par_1_72' title="bbox 2279 3331 3839 3413">
     <span class='ocr_line' id='line_1_72' title="bbox 2279 3331 3839 3413; baseline -0.012 -11"><span class='ocrx_word' id='word_1_632' title='bbox 2279 3347 2607 3413; x_wconf 87' lang='lat' dir='ltr'><strong>interrogata</strong></span> <span class='ocrx_word' id='word_1_633' title='bbox 2646 3338 3007 3411; x_wconf 88' lang='lat' dir='ltr'><strong>respondeas?</strong></span> <span class='ocrx_word' id='word_1_634' title='bbox 3035 3348 3117 3381; x_wconf 86' lang='lat'><strong>—&#39;</strong></span> <span class='ocrx_word' id='word_1_635' title='bbox 3133 3334 3401 3392; x_wconf 86' lang='lat' dir='ltr'><strong>Arnobius</strong></span> <span class='ocrx_word' id='word_1_636' title='bbox 3423 3332 3559 3388; x_wconf 86' lang='lat' dir='ltr'><strong>dixit</strong></span> <span class='ocrx_word' id='word_1_637' title='bbox 3595 3350 3609 3385; x_wconf 91' lang='lat'><strong>:</strong></span> <span class='ocrx_word' id='word_1_638' title='bbox 3638 3331 3744 3402; x_wconf 83' lang='lat' dir='ltr'><strong>Ego</strong></span> <span class='ocrx_word' id='word_1_639' title='bbox 3770 3331 3839 3385; x_wconf 90' lang='lat' dir='ltr'><strong>in-</strong></span> 
     </span>
    </p>
   </div>
   <div class='ocr_carea' id='block_1_73' title="bbox 2281 3419 3835 3504">
    <p class='ocr_par' dir='ltr' id='par_1_73' title="bbox 2281 3419 3835 3504">
     <span class='ocr_line' id='line_1_73' title="bbox 2281 3419 3835 3504; baseline -0.009 -13"><span class='ocrx_word' id='word_1_640' title='bbox 2281 3433 2628 3504; x_wconf 87' lang='lat' dir='ltr'><strong>terrogationi</strong></span> <span class='ocrx_word' id='word_1_641' title='bbox 2675 3440 2779 3486; x_wconf 84' lang='lat' dir='ltr'><strong>tuae</strong></span> <span class='ocrx_word' id='word_1_642' title='bbox 2807 3429 3025 3486; x_wconf 90' lang='lat' dir='ltr'><strong>studens</strong></span> <span class='ocrx_word' id='word_1_643' title='bbox 3063 3419 3413 3500; x_wconf 87' lang='lat' dir='ltr'><strong>respondere,</strong></span> <span class='ocrx_word' id='word_1_644' title='bbox 3463 3426 3727 3494; x_wconf 85' lang='lat' dir='ltr'><strong>interrogo</strong></span> <span class='ocrx_word' id='word_1_645' title='bbox 3771 3430 3835 3477; x_wconf 83' lang='lat' dir='ltr'><strong>te.</strong></span> 
     </span>
    </p>
   </div>
   <div class='ocr_carea' id='block_1_74' title="bbox 2279 3510 3832 3591">
    <p class='ocr_par' dir='ltr' id='par_1_74' title="bbox 2279 3510 3832 3591">
     <span class='ocr_line' id='line_1_74' title="bbox 2279 3510 3832 3591; baseline -0.008 -10"><span class='ocrx_word' id='word_1_646' title='bbox 2279 3526 2378 3582; x_wconf 91' lang='lat' dir='ltr'><strong>Dic</strong></span> <span class='ocrx_word' id='word_1_647' title='bbox 2404 3524 2553 3590; x_wconf 89' lang='lat' dir='ltr'><strong>mihi,</strong></span> <span class='ocrx_word' id='word_1_648' title='bbox 2584 3522 2726 3579; x_wconf 90' lang='lat' dir='ltr'><strong>Deus</strong></span> <span class='ocrx_word' id='word_1_649' title='bbox 2754 3530 2837 3578; x_wconf 89' lang='lat' dir='ltr'><strong>est</strong></span> <span class='ocrx_word' id='word_1_650' title='bbox 2861 3510 3218 3591; x_wconf 87' lang='lat' dir='ltr'><strong>omnipotens,</strong></span> <span class='ocrx_word' id='word_1_651' title='bbox 3246 3533 3315 3574; x_wconf 92' lang='lat' dir='ltr'><strong>an</strong></span> <span class='ocrx_word' id='word_1_652' title='bbox 3340 3520 3483 3574; x_wconf 85' lang='lat' dir='ltr'><strong>non?</strong></span> <span class='ocrx_word' id='word_1_653' title='bbox 3509 3515 3832 3584; x_wconf 86' lang='lat' dir='ltr'><strong>—Serapion</strong></span> 
     </span>
    </p>
   </div>
   <div class='ocr_carea' id='block_1_75' title="bbox 2281 3605 3823 3682">
    <p class='ocr_par' dir='ltr' id='par_1_75' title="bbox 2281 3605 3823 3682">
     <span class='ocr_line' id='line_1_75' title="bbox 2281 3605 3823 3682; baseline -0.009 -13"><span class='ocrx_word' id='word_1_654' title='bbox 2281 3614 2416 3670; x_wconf 85' lang='lat' dir='ltr'><strong>dixit</strong></span> <span class='ocrx_word' id='word_1_655' title='bbox 2447 3633 2460 3667; x_wconf 88' lang='lat'>:</span> <span class='ocrx_word' id='word_1_656' title='bbox 2493 3612 2595 3681; x_wconf 89' lang='lat' dir='ltr'><strong>Qui</strong></span> <span class='ocrx_word' id='word_1_657' title='bbox 2613 3613 2719 3668; x_wconf 91' lang='lat' dir='ltr'><strong>hoc</strong></span> <span class='ocrx_word' id='word_1_658' title='bbox 2747 3618 2925 3682; x_wconf 86' lang='lat' dir='ltr'><strong>negat,</strong></span> <span class='ocrx_word' id='word_1_659' title='bbox 2948 3610 3081 3664; x_wconf 89' lang='lat' dir='ltr'><strong>nihil</strong></span> <span class='ocrx_word' id='word_1_660' title='bbox 3100 3609 3192 3665; x_wconf 91' lang='lat' dir='ltr'><strong>illo</strong></span> <span class='ocrx_word' id='word_1_661' title='bbox 3218 3609 3434 3665; x_wconf 91' lang='lat' dir='ltr'><strong>stultius</strong></span> <span class='ocrx_word' id='word_1_662' title='bbox 3456 3616 3548 3663; x_wconf 82' lang='lat' dir='ltr'><strong>est.</strong></span> <span class='ocrx_word' id='word_1_663' title='bbox 3578 3605 3823 3674; x_wconf 84' lang='lat' dir='ltr'><strong>Scriptum</strong></span> 
     </span>
    </p>
   </div>
   <div class='ocr_carea' id='block_1_76' title="bbox 2281 3692 3828 3775">
    <p class='ocr_par' dir='ltr' id='par_1_76' title="bbox 2281 3692 3828 3775">
     <span class='ocr_line' id='line_1_76' title="bbox 2281 3692 3828 3775; baseline -0.012 -11"><span class='ocrx_word' id='word_1_664' title='bbox 2281 3715 2363 3765; x_wconf 88' lang='lat' dir='ltr'><strong>est</strong></span> <span class='ocrx_word' id='word_1_665' title='bbox 2391 3725 2404 3761; x_wconf 89' lang='lat'><strong>:</strong></span> <span class='ocrx_word' id='word_1_666' title='bbox 2433 3704 2583 3759; x_wconf 72' lang='lat' dir='ltr'><strong>Dixit</strong></span> <span class='ocrx_word' id='word_1_667' title='bbox 2611 3703 2861 3775; x_wconf 73' lang='lat' dir='ltr'><strong>insipiens</strong></span> <span class='ocrx_word' id='word_1_668' title='bbox 2892 3702 2946 3757; x_wconf 84' lang='lat' dir='ltr'><strong>in</strong></span> <span class='ocrx_word' id='word_1_669' title='bbox 2979 3701 3133 3756; x_wconf 81' lang='lat' dir='ltr'><strong>corde</strong></span> <span class='ocrx_word' id='word_1_670' title='bbox 3159 3717 3272 3765; x_wconf 87' lang='lat' dir='ltr'><strong>suo,</strong></span> <span class='ocrx_word' id='word_1_671' title='bbox 3304 3698 3431 3755; x_wconf 81' lang='lat' dir='ltr'><strong>Non</strong></span> <span class='ocrx_word' id='word_1_672' title='bbox 3466 3704 3537 3753; x_wconf 82' lang='lat' dir='ltr'><strong>est</strong></span> <span class='ocrx_word' id='word_1_673' title='bbox 3561 3695 3689 3750; x_wconf 80' lang='lat' dir='ltr'><strong>Deus</strong></span> <span class='ocrx_word' id='word_1_674' title='bbox 3715 3692 3828 3766; x_wconf 77' lang='lat' dir='ltr'><strong>(Ps.</strong></span> 
     </span>
    </p>
   </div>
   <div class='ocr_carea' id='block_1_77' title="bbox 2281 3789 3834 3867">
    <p class='ocr_par' dir='ltr' id='par_1_77' title="bbox 2281 3789 3834 3867">
     <span class='ocr_line' id='line_1_77' title="bbox 2281 3789 3834 3867; baseline -0.008 -15"><span class='ocrx_word' id='word_1_675' title='bbox 2281 3812 2392 3863; x_wconf 87' lang='lat' dir='ltr'><strong>xm,</strong></span> <span class='ocrx_word' id='word_1_676' title='bbox 2425 3795 2499 3867; x_wconf 84' lang='lat' dir='ltr'><strong>I).</strong></span> <span class='ocrx_word' id='word_1_677' title='bbox 2524 3827 2594 3838; x_wconf 94' lang='lat'><strong>—</strong></span> <span class='ocrx_word' id='word_1_678' title='bbox 2621 3791 2888 3848; x_wconf 87' lang='lat' dir='ltr'><strong>Arnobius</strong></span> <span class='ocrx_word' id='word_1_679' title='bbox 2914 3790 3050 3847; x_wconf 91' lang='lat' dir='ltr'><strong>dixit</strong></span> <span class='ocrx_word' id='word_1_680' title='bbox 3081 3809 3094 3846; x_wconf 89' lang='lat'><strong>:</strong></span> <span class='ocrx_word' id='word_1_681' title='bbox 3122 3790 3287 3847; x_wconf 84' lang='lat' dir='ltr'><strong>Filius</strong></span> <span class='ocrx_word' id='word_1_682' title='bbox 3311 3804 3444 3861; x_wconf 88' lang='lat' dir='ltr'><strong>ergo</strong></span> <span class='ocrx_word' id='word_1_683' title='bbox 3470 3789 3565 3845; x_wconf 91' lang='lat' dir='ltr'><strong>Dei</strong></span> <span class='ocrx_word' id='word_1_684' title='bbox 3598 3802 3690 3861; x_wconf 90' lang='lat' dir='ltr'><strong>per</strong></span> <span class='ocrx_word' id='word_1_685' title='bbox 3724 3800 3834 3841; x_wconf 87' lang='lat' dir='ltr'><strong>om-</strong></span> 
     </span>
    </p>
   </div>
   <div class='ocr_carea' id='block_1_78' title="bbox 2283 3879 3838 3960">
    <p class='ocr_par' dir='ltr' id='par_1_78' title="bbox 2283 3879 3838 3960">
     <span class='ocr_line' id='line_1_78' title="bbox 2283 3879 3838 3960; baseline -0.008 -15"><span class='ocrx_word' id='word_1_686' title='bbox 2283 3888 2636 3960; x_wconf 88' lang='lat' dir='ltr'><strong>nipotentiam</strong></span> <span class='ocrx_word' id='word_1_687' title='bbox 2681 3900 2834 3942; x_wconf 88' lang='lat' dir='ltr'><strong>suam</strong></span> <span class='ocrx_word' id='word_1_688' title='bbox 2881 3884 2987 3940; x_wconf 92' lang='lat' dir='ltr'><strong>hoc</strong></span> <span class='ocrx_word' id='word_1_689' title='bbox 3035 3884 3212 3940; x_wconf 86' lang='lat' dir='ltr'><strong>facere</strong></span> <span class='ocrx_word' id='word_1_690' title='bbox 3250 3884 3438 3951; x_wconf 87' lang='lat' dir='ltr'><strong>voluit,</strong></span> <span class='ocrx_word' id='word_1_691' title='bbox 3469 3892 3529 3938; x_wconf 90' lang='lat' dir='ltr'><strong>ut</strong></span> <span class='ocrx_word' id='word_1_692' title='bbox 3555 3879 3838 3937; x_wconf 77' lang='lat' dir='ltr'><strong>efﬁceretur</strong></span> 
     </span>
    </p>
   </div>
   <div class='ocr_carea' id='block_1_79' title="bbox 2284 3974 3841 4055">
    <p class='ocr_par' dir='ltr' id='par_1_79' title="bbox 2284 3974 3841 4055">
     <span class='ocr_line' id='line_1_79' title="bbox 2284 3974 3841 4055; baseline -0.003 -21"><span class='ocrx_word' id='word_1_693' title='bbox 2284 3979 2426 4036; x_wconf 84' lang='lat' dir='ltr'><strong>ﬁlius</strong></span> <span class='ocrx_word' id='word_1_694' title='bbox 2449 3978 2702 4055; x_wconf 54' lang='lat' dir='ltr'><strong>hominis.</strong></span> <span class='ocrx_word' id='word_1_695' title='bbox 2730 4010 2801 4021; x_wconf 92' lang='grc'><strong><em>-</em></strong></span> <span class='ocrx_word' id='word_1_696' title='bbox 2826 3975 3089 4046; x_wconf 85' lang='lat' dir='ltr'><strong>Serapion</strong></span> <span class='ocrx_word' id='word_1_697' title='bbox 3116 3975 3287 4034; x_wconf 91' lang='lat' dir='ltr'><strong>dixit:</strong></span> <span class='ocrx_word' id='word_1_698' title='bbox 3313 3974 3477 4045; x_wconf 85' lang='lat' dir='ltr'><strong>Cujus</strong></span> <span class='ocrx_word' id='word_1_699' title='bbox 3502 3975 3841 4032; x_wconf 79' lang='lat' dir='ltr'><strong>hominis?—</strong></span> 
     </span>
    </p>
   </div>
   <div class='ocr_carea' id='block_1_80' title="bbox 1774 4084 2679 4175">
    <p class='ocr_par' dir='ltr' id='par_1_80' title="bbox 1774 4084 2679 4175">
     <span class='ocr_line' id='line_1_80' title="bbox 1774 4084 2679 4175; baseline -0.002 -2"><span class='ocrx_word' id='word_1_700' title='bbox 1774 4118 1881 4174; x_wconf 67' lang='lat' dir='ltr'><strong>an.</strong></span> <span class='ocrx_word' id='word_1_701' title='bbox 1923 4095 2408 4175; x_wconf 65' lang='lat' dir='ltr'><strong>risu-Annam</strong></span> <span class='ocrx_word' id='word_1_702' title='bbox 2444 4084 2679 4174; x_wconf 64' lang='grc' dir='ltr'><strong>Νόὶεξ</strong></span> 
     </span>
    </p>
   </div>
   <div class='ocr_carea' id='block_1_81' title="bbox 674 4216 2173 4285">
    <p class='ocr_par' dir='ltr' id='par_1_81' title="bbox 674 4216 2173 4285">
     <span class='ocr_line' id='line_1_81' title="bbox 674 4216 2173 4285; baseline 0.01 -15"><span class='ocrx_word' id='word_1_703' title='bbox 674 4216 989 4273; x_wconf 67' lang='grc' dir='ltr'><strong>*Μίχιίοιιίς</strong></span> <span class='ocrx_word' id='word_1_704' title='bbox 1018 4233 1150 4274; x_wconf 90' lang='lat' dir='ltr'><strong>voce</strong></span> <span class='ocrx_word' id='word_1_705' title='bbox 1196 4221 1395 4278; x_wconf 89' lang='lat' dir='ltr'><strong>nullam</strong></span> <span class='ocrx_word' id='word_1_706' title='bbox 1439 4226 1859 4283; x_wconf 83' lang='lat' dir='ltr'><strong>substantiamm</strong></span> <span class='ocrx_word' id='word_1_707' title='bbox 1903 4229 2173 4285; x_wconf 89' lang='lat' dir='ltr'><strong>confusio-</strong></span> 
     </span>
    </p>
   </div>
   <div class='ocr_carea' id='block_1_82' title="bbox 600 4286 2180 4365">
    <p class='ocr_par' dir='ltr' id='par_1_82' title="bbox 600 4286 2180 4365">
     <span class='ocr_line' id='line_1_82' title="bbox 600 4286 2180 4365; baseline 0.008 -23"><span class='ocrx_word' id='word_1_708' title='bbox 600 4302 724 4365; x_wconf 71' lang='lat' dir='ltr'><strong>nem</strong></span> <span class='ocrx_word' id='word_1_709' title='bbox 765 4286 985 4365; x_wconf 77' lang='lat' dir='ltr'><strong>inducit,</strong></span> <span class='ocrx_word' id='word_1_710' title='bbox 1014 4288 1160 4365; x_wconf 80' lang='lat' dir='ltr'><strong>quod</strong></span> <span class='ocrx_word' id='word_1_711' title='bbox 1204 4298 1286 4345; x_wconf 91' lang='lat' dir='ltr'><strong>est</strong></span> <span class='ocrx_word' id='word_1_712' title='bbox 1312 4291 1619 4365; x_wconf 62' lang='lat' dir='ltr'><strong>Eutychetis</strong></span> <span class='ocrx_word' id='word_1_713' title='bbox 1667 4306 2055 4362; x_wconf 90' lang='lat' dir='ltr'><strong>commentum;</strong></span> <span class='ocrx_word' id='word_1_714' title='bbox 2084 4299 2180 4356; x_wconf 90' lang='lat' dir='ltr'><strong>sed</strong></span> 
     </span>
    </p>
   </div>
   <div class='ocr_carea' id='block_1_83' title="bbox 600 4356 2187 4438">
    <p class='ocr_par' dir='ltr' id='par_1_83' title="bbox 600 4356 2187 4438">
     <span class='ocr_line' id='line_1_83' title="bbox 600 4356 2187 4438; baseline 0.009 -28"><span class='ocrx_word' id='word_1_715' title='bbox 600 4356 889 4438; x_wconf 83' lang='lat' dir='ltr'><strong>perfectam</strong></span> <span class='ocrx_word' id='word_1_716' title='bbox 917 4358 1150 4413; x_wconf 91' lang='lat' dir='ltr'><strong>hominis</strong></span> <span class='ocrx_word' id='word_1_717' title='bbox 1176 4374 1295 4414; x_wconf 91' lang='lat' dir='ltr'><strong>cum</strong></span> <span class='ocrx_word' id='word_1_718' title='bbox 1325 4356 1501 4418; x_wconf 70' lang='lat' dir='ltr'><strong>Verbo</strong></span> <span class='ocrx_word' id='word_1_719' title='bbox 1526 4365 1776 4438; x_wconf 83' lang='lat' dir='ltr'><strong>unionem</strong></span> <span class='ocrx_word' id='word_1_720' title='bbox 1798 4374 1854 4422; x_wconf 90' lang='lat' dir='ltr'><strong>et</strong></span> <span class='ocrx_word' id='word_1_721' title='bbox 1881 4356 2187 4438; x_wconf 83' lang='lat' dir='ltr'><strong>proprieta-&#39;</strong></span> 
     </span>
    </p>
   </div>
   <div class='ocr_carea' id='block_1_84' title="bbox 602 4434 2181 4494">
    <p class='ocr_par' dir='ltr' id='par_1_84' title="bbox 602 4434 2181 4494">
     <span class='ocr_line' id='line_1_84' title="bbox 602 4434 2181 4494; baseline 0.009 -13"><span class='ocrx_word' id='word_1_722' title='bbox 602 4437 710 4481; x_wconf 90' lang='lat' dir='ltr'><strong>tem</strong></span> <span class='ocrx_word' id='word_1_723' title='bbox 735 4440 801 4479; x_wconf 90' lang='lat' dir='ltr'><strong>ex</strong></span> <span class='ocrx_word' id='word_1_724' title='bbox 831 4440 894 4479; x_wconf 91' lang='lat' dir='ltr'><strong>ea</strong></span> <span class='ocrx_word' id='word_1_725' title='bbox 920 4438 1329 4494; x_wconf 83' lang='lat' dir='ltr'><strong>promanantem</strong></span> <span class='ocrx_word' id='word_1_726' title='bbox 1354 4434 1894 4491; x_wconf 84' lang='lat' dir='ltr'><strong>communicationem</strong></span> <span class='ocrx_word' id='word_1_727' title='bbox 1919 4434 2181 4494; x_wconf 76' lang='lat' dir='ltr'><strong>duntaxat</strong></span> 
     </span>
    </p>
   </div>
   <div class='ocr_carea' id='block_1_85' title="bbox 600 4495 2180 4577">
    <p class='ocr_par' dir='ltr' id='par_1_85' title="bbox 600 4495 2180 4577">
     <span class='ocr_line' id='line_1_85' title="bbox 600 4495 2180 4577; baseline 0.009 -27"><span class='ocrx_word' id='word_1_728' title='bbox 600 4495 867 4577; x_wconf 66' lang='lat' dir='ltr'><strong>intelligit.</strong></span> <span class='ocrx_word' id='word_1_729' title='bbox 914 4495 1064 4577; x_wconf 85' lang='lat' dir='ltr'><strong>Illa_m</strong></span> <span class='ocrx_word' id='word_1_730' title='bbox 1111 4499 1316 4577; x_wconf 63' lang='lat' dir='ltr'><strong>etenim</strong></span> <span class='ocrx_word' id='word_1_731' title='bbox 1359 4502 1474 4577; x_wconf 69' lang='lat' dir='ltr'><strong>hoc</strong></span> <span class='ocrx_word' id='word_1_732' title='bbox 1507 4504 1723 4577; x_wconf 72' lang='lat' dir='ltr'><strong>nomine</strong></span> <span class='ocrx_word' id='word_1_733' title='bbox 1755 4507 2023 4577; x_wconf 88' lang='lat' dir='ltr'><strong>explicare</strong></span> <span class='ocrx_word' id='word_1_734' title='bbox 2049 4509 2180 4564; x_wconf 89' lang='lat' dir='ltr'><strong>nihil</strong></span> 
     </span>
    </p>
   </div>
   <div class='ocr_carea' id='block_1_86' title="bbox 600 4564 2179 4645">
    <p class='ocr_par' dir='ltr' id='par_1_86' title="bbox 600 4564 2179 4645">
     <span class='ocr_line' id='line_1_86' title="bbox 600 4564 2179 4645; baseline 0.011 -28"><span class='ocrx_word' id='word_1_735' title='bbox 600 4564 979 4645; x_wconf 67' lang='lat' dir='ltr'><strong>addubitarth</strong></span> <span class='ocrx_word' id='word_1_736' title='bbox 1002 4566 1520 4645; x_wconf 64' lang='lat' dir='ltr'><strong>Irenzeus_,__&#39;l‘ertull.,</strong></span> <span class='ocrx_word' id='word_1_737' title='bbox 1543 4573 1793 4645; x_wconf 86' lang='lat' dir='ltr'><strong>Cyprian.</strong></span> <span class='ocrx_word' id='word_1_738' title='bbox 1813 4564 2059 4645; x_wconf 71' lang='lat' dir='ltr'><strong>August.,</strong></span> <span class='ocrx_word' id='word_1_739' title='bbox 2088 4578 2179 4634; x_wconf 85' lang='lat' dir='ltr'><strong>Vi-</strong></span> 
     </span>
    </p>
   </div>
   <div class='ocr_carea' id='block_1_87' title="bbox 601 4633 2010 4713">
    <p class='ocr_par' dir='ltr' id='par_1_87' title="bbox 601 4633 2010 4713">
     <span class='ocr_line' id='line_1_87' title="bbox 601 4633 2010 4713; baseline 0.009 -26"><span class='ocrx_word' id='word_1_740' title='bbox 601 4633 776 4713; x_wconf 59' lang='lat' dir='ltr'><strong>gilitts,</strong></span> <span class='ocrx_word' id='word_1_741' title='bbox 801 4643 860 4690; x_wconf 94' lang='lat' dir='ltr'><strong>ut</strong></span> <span class='ocrx_word' id='word_1_742' title='bbox 875 4635 953 4713; x_wconf 70' lang='lat' dir='ltr'><strong>ad</strong></span> <span class='ocrx_word' id='word_1_743' title='bbox 980 4651 1098 4706; x_wconf 88' lang='lat' dir='ltr'><strong>cap.</strong></span> <span class='ocrx_word' id='word_1_744' title='bbox 1129 4635 1189 4688; x_wconf 74' lang='lat'><strong>2|</strong></span> <span class='ocrx_word' id='word_1_745' title='bbox 1225 4637 1317 4713; x_wconf 74' lang='lat' dir='ltr'><strong>lib.</strong></span> <span class='ocrx_word' id='word_1_746' title='bbox 1350 4656 1403 4695; x_wconf 87' lang='grc' dir='ltr'><strong>ιιι</strong></span> <span class='ocrx_word' id='word_1_747' title='bbox 1436 4633 2010 4713; x_wconf 65' lang='lat' dir='ltr'><strong>Irénaii&#39;patefecimus.</strong></span> 
     </span>
    </p>
   </div>
   <div class='ocr_carea' id='block_1_88' title="bbox 676 4704 2179 4781">
    <p class='ocr_par' dir='ltr' id='par_1_88' title="bbox 676 4704 2179 4781">
     <span class='ocr_line' id='line_1_88' title="bbox 676 4704 2179 4781; baseline 0.011 -24"><span class='ocrx_word' id='word_1_748' title='bbox 676 4704 710 4781; x_wconf 45' lang='lat' dir='ltr'><strong>Et</strong></span> <span class='ocrx_word' id='word_1_749' title='bbox 731 4704 1061 4781; x_wconf 56' lang='lat' dir='ltr'><strong>Prophetas,</strong></span> <span class='ocrx_word' id='word_1_750' title='bbox 1076 4707 1381 4781; x_wconf 79' lang='lat' dir='ltr'><strong>sacerdotes</strong></span> <span class='ocrx_word' id='word_1_751' title='bbox 1422 4719 1477 4765; x_wconf 90' lang='lat' dir='ltr'><strong>et</strong></span> <span class='ocrx_word' id='word_1_752' title='bbox 1514 4704 1667 4781; x_wconf 78' lang='lat' dir='ltr'><strong>reges</strong></span> <span class='ocrx_word' id='word_1_753' title='bbox 1705 4712 2046 4773; x_wconf 75' lang='lat' dir='ltr'><strong>Hebrzeorum</strong></span> <span class='ocrx_word' id='word_1_754' title='bbox 2095 4719 2179 4773; x_wconf 89' lang='lat' dir='ltr'><strong>in-</strong></span> 
     </span>
    </p>
   </div>
   <div class='ocr_carea' id='block_1_89' title="bbox 602 4774 2219 4854">
    <p class='ocr_par' dir='ltr' id='par_1_89' title="bbox 602 4774 2219 4854">
     <span class='ocr_line' id='line_1_89' title="bbox 602 4774 2219 4854; baseline 0.009 -25"><span class='ocrx_word' id='word_1_755' title='bbox 602 4774 810 4854; x_wconf 79' lang='lat' dir='ltr'><strong>telligit,</strong></span> <span class='ocrx_word' id='word_1_756' title='bbox 841 4774 934 4844; x_wconf 81' lang='lat' dir='ltr'><strong>qui</strong></span> <span class='ocrx_word' id='word_1_757' title='bbox 963 4775 1016 4854; x_wconf 86' lang='lat' dir='ltr'><strong>i_n</strong></span> <span class='ocrx_word' id='word_1_758' title='bbox 1044 4777 1427 4854; x_wconf 76' lang='lat' dir='ltr'><strong>sacris__litteris</strong></span> <span class='ocrx_word' id='word_1_759' title='bbox 1455 4774 1652 4852; x_wconf 75' lang='lat' dir='ltr'><strong>passim</strong></span> <span class='ocrx_word' id='word_1_760' title='bbox 1679 4785 2014 4854; x_wconf 88' lang='lat' dir='ltr'><strong>appellantur</strong></span> <span class='ocrx_word' id='word_1_761' title='bbox 2040 4774 2219 4844; x_wconf 64' lang='lat' dir='ltr'><strong>cI:ri-&quot;</strong></span> 
     </span>
    </p>
   </div>
   <div class='ocr_carea' id='block_1_90' title="bbox 556 4845 2181 4926">
    <p class='ocr_par' dir='ltr' id='par_1_90' title="bbox 556 4845 2181 4926">
     <span class='ocr_line' id='line_1_90' title="bbox 556 4845 2181 4926; baseline 0.011 -30"><span class='ocrx_word' id='word_1_762' title='bbox 556 4870 563 4875; x_wconf 92' lang='lat'><strong><em>-</em></strong></span> <span class='ocrx_word' id='word_1_763' title='bbox 603 4845 692 4926; x_wconf 74' lang='lat' dir='ltr'><strong>sti,</strong></span> <span class='ocrx_word' id='word_1_764' title='bbox 715 4853 827 4898; x_wconf 90' lang='lat' dir='ltr'><strong>tum</strong></span> <span class='ocrx_word' id='word_1_765' title='bbox 846 4846 989 4926; x_wconf 85' lang='lat' dir='ltr'><strong>quod</strong></span> <span class='ocrx_word' id='word_1_766' title='bbox 1010 4845 1077 4900; x_wconf 90' lang='lat' dir='ltr'><strong>ad</strong></span> <span class='ocrx_word' id='word_1_767' title='bbox 1093 4848 1361 4926; x_wconf 78' lang='lat' dir='ltr'><strong>publicum</strong></span> <span class='ocrx_word' id='word_1_768' title='bbox 1382 4845 1577 4926; x_wconf 79' lang='lat' dir='ltr'><strong>munus</strong></span> <span class='ocrx_word' id='word_1_769' title='bbox 1594 4845 1999 4926; x_wconf 61' lang='lat' dir='ltr'><strong>capessendum</strong></span> <span class='ocrx_word' id='word_1_770' title='bbox 2032 4859 2181 4914; x_wconf 85' lang='lat' dir='ltr'><strong>inun-</strong></span> 
     </span>
    </p>
   </div>
   <div class='ocr_carea' id='block_1_91' title="bbox 603 4919 2181 4987">
    <p class='ocr_par' dir='ltr' id='par_1_91' title="bbox 603 4919 2181 4987">
     <span class='ocr_line' id='line_1_91' title="bbox 603 4919 2181 4987; baseline 0.01 -18"><span class='ocrx_word' id='word_1_771' title='bbox 603 4919 676 4969; x_wconf 89' lang='lat' dir='ltr'><strong>cti</strong></span> <span class='ocrx_word' id='word_1_772' title='bbox 705 4923 901 4979; x_wconf 89' lang='lat' dir='ltr'><strong>essent,</strong></span> <span class='ocrx_word' id='word_1_773' title='bbox 951 4923 1061 4970; x_wconf 92' lang='lat' dir='ltr'><strong>tum</strong></span> <span class='ocrx_word' id='word_1_774' title='bbox 1084 4919 1226 4987; x_wconf 92' lang='lat' dir='ltr'><strong>quod</strong></span> <span class='ocrx_word' id='word_1_775' title='bbox 1256 4922 1547 4977; x_wconf 87' lang='lat' dir='ltr'><strong>maximum</strong></span> <span class='ocrx_word' id='word_1_776' title='bbox 1590 4919 1739 4978; x_wconf 83' lang='lat' dir='ltr'><strong>illum</strong></span> <span class='ocrx_word' id='word_1_777' title='bbox 1760 4923 1993 4981; x_wconf 86' lang='lat' dir='ltr'><strong>futurum</strong></span> <span class='ocrx_word' id='word_1_778' title='bbox 2033 4928 2181 4985; x_wconf 81' lang='lat' dir='ltr'><strong>Chri-</strong></span> 
     </span>
    </p>
   </div>
   <div class='ocr_carea' id='block_1_92' title="bbox 603 4987 2180 5069">
    <p class='ocr_par' dir='ltr' id='par_1_92' title="bbox 603 4987 2180 5069">
     <span class='ocr_line' id='line_1_92' title="bbox 603 4987 2180 5069; baseline 0.01 -30"><span class='ocrx_word' id='word_1_779' title='bbox 603 4993 746 5069; x_wconf 72' lang='lat' dir='ltr'><strong>stum</strong></span> <span class='ocrx_word' id='word_1_780' title='bbox 773 4987 1444 5069; x_wconf 51' lang='lat' dir='ltr'><strong>nostrumadumbrarent;</strong></span> <span class='ocrx_word' id='word_1_781' title='bbox 1476 4993 1674 5069; x_wconf 87' lang='lat' dir='ltr'><strong>qui_eis</strong></span> <span class='ocrx_word' id='word_1_782' title='bbox 1698 4994 1782 5051; x_wconf 90' lang='lat' dir='ltr'><strong>vel</strong></span> <span class='ocrx_word' id='word_1_783' title='bbox 1824 4995 1875 5069; x_wconf 93' lang='lat' dir='ltr'><strong>i_n</strong></span> <span class='ocrx_word' id='word_1_784' title='bbox 1917 4997 2020 5053; x_wconf 89' lang='lat' dir='ltr'><strong>hoc</strong></span> <span class='ocrx_word' id='word_1_785' title='bbox 2044 5014 2180 5069; x_wconf 73' lang='lat' dir='ltr'><strong>pra:-</strong></span> 
     </span>
    </p>
   </div>
   <div class='ocr_carea' id='block_1_93' title="bbox 603 5055 1893 5126">
    <p class='ocr_par' dir='ltr' id='par_1_93' title="bbox 603 5055 1893 5126">
     <span class='ocr_line' id='line_1_93' title="bbox 603 5055 1893 5126; baseline 0.01 -20"><span class='ocrx_word' id='word_1_786' title='bbox 603 5055 792 5126; x_wconf 76' lang='lat' dir='ltr'><strong>sertim</strong></span> <span class='ocrx_word' id='word_1_787' title='bbox 819 5055 1084 5126; x_wconf 71' lang='lat' dir='ltr'><strong>cxcelluit,</strong></span> <span class='ocrx_word' id='word_1_788' title='bbox 1110 5058 1257 5126; x_wconf 88' lang='lat' dir='ltr'><strong>quod</strong></span> <span class='ocrx_word' id='word_1_789' title='bbox 1282 5059 1420 5116; x_wconf 86' lang='lat' dir='ltr'><strong>Deus</strong></span> <span class='ocrx_word' id='word_1_790' title='bbox 1432 5055 1782 5126; x_wconf 79' lang='lat' dir='ltr'><strong>omnipotens</strong></span> <span class='ocrx_word' id='word_1_791' title='bbox 1807 5066 1893 5121; x_wconf 92' lang='lat' dir='ltr'><strong>sit.</strong></span> 
     </span>
    </p>
   </div>
   <div class='ocr_carea' id='block_1_94' title="bbox 606 5123 2181 5207">
    <p class='ocr_par' dir='ltr' id='par_1_94' title="bbox 606 5123 2181 5207">
     <span class='ocr_line' id='line_1_94' title="bbox 606 5123 2181 5207; baseline 0.011 -31"><span class='ocrx_word' id='word_1_792' title='bbox 606 5140 663 5207; x_wconf 51' lang='lat' dir='ltr'><strong>if;</strong></span> <span class='ocrx_word' id='word_1_793' title='bbox 678 5123 980 5207; x_wconf 45' lang='lat' dir='ltr'><strong>ﬁSocrate‘s</strong></span> <span class='ocrx_word' id='word_1_794' title='bbox 1010 5123 1149 5207; x_wconf 71' lang='grc' dir='ltr'><strong>(ιφξ</strong></span> <span class='ocrx_word' id='word_1_795' title='bbox 1175 5144 1244 5207; x_wconf 83' lang='lat' dir='ltr'><strong>vu</strong></span> <span class='ocrx_word' id='word_1_796' title='bbox 1274 5128 1437 5198; x_wconf 58' lang='lat' dir='ltr'><strong>Hist,</strong></span> <span class='ocrx_word' id='word_1_797' title='bbox 1471 5149 1516 5207; x_wconf 68' lang='grc' dir='ltr'><strong>ᾳ.</strong></span> <span class='ocrx_word' id='word_1_798' title='bbox 1550 5123 1692 5207; x_wconf 60' lang='lat' dir='ltr'><strong>59c!</strong></span> <span class='ocrx_word' id='word_1_799' title='bbox 1718 5134 1806 5206; x_wconf 70' lang='grc'><strong>54)</strong></span> <span class='ocrx_word' id='word_1_800' title='bbox 1836 5151 1899 5191; x_wconf 89' lang='lat' dir='ltr'><strong>ac</strong></span> <span class='ocrx_word' id='word_1_801' title='bbox 1927 5135 2181 5207; x_wconf 82' lang='lat' dir='ltr'><strong>Evagrius</strong></span> 
     </span>
    </p>
   </div>
   <div class='ocr_carea' id='block_1_95' title="bbox 605 5192 2185 5279">
    <p class='ocr_par' dir='ltr' id='par_1_95' title="bbox 605 5192 2185 5279">
     <span class='ocr_line' id='line_1_95' title="bbox 605 5192 2185 5279; baseline 0.011 -32"><span class='ocrx_word' id='word_1_802' title='bbox 605 5192 817 5279; x_wconf 42' lang='lat' dir='ltr'><strong>(.Libz‘l,</strong></span> <span class='ocrx_word' id='word_1_803' title='bbox 850 5210 899 5279; x_wconf 67' lang='grc' dir='ltr'><strong>σεἒ</strong></span> <span class='ocrx_word' id='word_1_804' title='bbox 927 5192 1274 5279; x_wconf 51' lang='grc' dir='ltr'><strong>ευρειιιιιειιι</strong></span> <span class='ocrx_word' id='word_1_805' title='bbox 1298 5192 1581 5279; x_wconf 62' lang='lat' dir='ltr'><strong>quemdam</strong></span> <span class='ocrx_word' id='word_1_806' title='bbox 1612 5192 1968 5279; x_wconf 80' lang='lat' dir='ltr'><strong>Anastasium,</strong></span> <span class='ocrx_word' id='word_1_807' title='bbox 1997 5192 2185 5264; x_wconf 67' lang='lat' dir='ltr'><strong>e&#39;éciél</strong></span> 
     </span>
    </p>
   </div>
   <div class='ocr_carea' id='block_1_96' title="bbox 604 5262 2187 5349">
    <p class='ocr_par' dir='ltr' id='par_1_96' title="bbox 604 5262 2187 5349">
     <span class='ocr_line' id='line_1_96' title="bbox 604 5262 2187 5349; baseline 0.009 -29"><span class='ocrx_word' id='word_1_808' title='bbox 604 5262 1338 5349; x_wconf 35' lang='lat' dir='ltr'><strong>sim‘Constantinopol‘itanzé</strong></span> <span class='ocrx_word' id='word_1_809' title='bbox 1365 5271 1464 5349; x_wconf 87' lang='lat' dir='ltr'><strong>s_ub</strong></span> <span class='ocrx_word' id='word_1_810' title='bbox 1492 5271 1736 5349; x_wconf 74' lang='lat' dir='ltr'><strong>Nestor-io</strong></span> <span class='ocrx_word' id='word_1_811' title='bbox 1784 5262 2187 5349; x_wconf 78' lang='lat' dir='ltr'><strong>episcopo_pre-</strong></span> 
     </span>
    </p>
   </div>
   <div class='ocr_carea' id='block_1_97' title="bbox 606 5335 2184 5418">
    <p class='ocr_par' dir='ltr' id='par_1_97' title="bbox 606 5335 2184 5418">
     <span class='ocr_line' id='line_1_97' title="bbox 606 5335 2184 5418; baseline 0.01 -29"><span class='ocrx_word' id='word_1_812' title='bbox 606 5335 902 5418; x_wconf 58' lang='lat' dir='ltr'><strong>shyterum,</strong></span> <span class='ocrx_word' id='word_1_813' title='bbox 924 5335 1102 5418; x_wconf 58' lang='lat' dir='ltr'><strong>hanc</strong></span> <span class='ocrx_word' id='word_1_814' title='bbox 1114 5338 1340 5418; x_wconf 88' lang='lat' dir='ltr'><strong>primum</strong></span> <span class='ocrx_word' id='word_1_815' title='bbox 1375 5339 1633 5418; x_wconf 58' lang='lat' dir='ltr'><strong>literesim</strong></span> <span class='ocrx_word' id='word_1_816' title='bbox 1679 5335 1983 5418; x_wconf 60' lang='lat' dir='ltr'><strong>evulg&#39;asse:</strong></span> <span class='ocrx_word' id='word_1_817' title='bbox 2016 5335 2184 5404; x_wconf 77' lang='lat' dir='ltr'><strong>Nemo</strong></span> 
     </span>
    </p>
   </div>
   <div class='ocr_carea' id='block_1_98' title="bbox 607 5403 2186 5487">
    <p class='ocr_par' dir='ltr' id='par_1_98' title="bbox 607 5403 2186 5487">
     <span class='ocr_line' id='line_1_98' title="bbox 607 5403 2186 5487; baseline 0.009 -29"><span class='ocrx_word' id='word_1_818' title='bbox 607 5403 828 5487; x_wconf 45' lang='lat' dir='ltr'><strong>pariam</strong></span> <span class='ocrx_word' id='word_1_819' title='bbox 858 5403 1139 5487; x_wconf 65' lang='lat' dir='ltr'><strong>Dciparam</strong></span> <span class='ocrx_word' id='word_1_820' title='bbox 1167 5417 1342 5464; x_wconf 85' lang='lat' dir='ltr'><strong>vocet.</strong></span> <span class='ocrx_word' id='word_1_821' title='bbox 1363 5409 1495 5487; x_wconf 85' lang='lat' dir='ltr'><strong>_Fuit</strong></span> <span class='ocrx_word' id='word_1_822' title='bbox 1513 5413 1663 5487; x_wconf 82' lang='lat' dir='ltr'><strong>enim</strong></span> <span class='ocrx_word' id='word_1_823' title='bbox 1690 5403 1851 5487; x_wconf 51' lang='lat' dir='ltr'><strong>homvo</strong></span> <span class='ocrx_word' id='word_1_824' title='bbox 1878 5403 2042 5471; x_wconf 79' lang='lat' dir='ltr'><strong>Maria</strong></span> <span class='ocrx_word' id='word_1_825' title='bbox 2068 5403 2083 5470; x_wconf 68' lang='grc' dir='ltr'><em>ἐ</em></span> <span class='ocrx_word' id='word_1_826' title='bbox 2119 5433 2186 5473; x_wconf 88' lang='lat' dir='ltr'><strong>ex</strong></span> 
     </span>
    </p>
   </div>
   <div class='ocr_carea' id='block_1_99' title="bbox 612 5474 2183 5558">
    <p class='ocr_par' dir='ltr' id='par_1_99' title="bbox 612 5474 2183 5558">
     <span class='ocr_line' id='line_1_99' title="bbox 612 5474 2183 5558; baseline 0.01 -31"><span class='ocrx_word' id='word_1_827' title='bbox 612 5474 828 5558; x_wconf 79' lang='lat' dir='ltr'><strong>nomine</strong></span> <span class='ocrx_word' id='word_1_828' title='bbox 847 5474 1030 5558; x_wconf 68' lang='lat' dir='ltr'><strong>autem</strong></span> <span class='ocrx_word' id='word_1_829' title='bbox 1050 5475 1214 5558; x_wconf 74' lang='lat' dir='ltr'><strong>Deum</strong></span> <span class='ocrx_word' id='word_1_830' title='bbox 1231 5480 1378 5535; x_wconf 89' lang='lat' dir='ltr'><strong>nasci</strong></span> <span class='ocrx_word' id='word_1_831' title='bbox 1403 5490 1490 5558; x_wconf 77' lang='lat' dir='ltr'><strong>est</strong></span> <span class='ocrx_word' id='word_1_832' title='bbox 1510 5482 1855 5558; x_wconf 81' lang='lat' dir='ltr'><strong>impossibile.</strong></span> <span class='ocrx_word' id='word_1_833' title='bbox 1873 5485 2007 5540; x_wconf 92' lang='lat' dir='ltr'><strong>Cum</strong></span> <span class='ocrx_word' id='word_1_834' title='bbox 2028 5487 2183 5558; x_wconf 75' lang='lat' dir='ltr'><strong>hanc,</strong></span> 
     </span>
    </p>
   </div>
   <div class='ocr_carea' id='block_1_100' title="bbox 613 5537 2187 5623">
    <p class='ocr_par' dir='ltr' id='par_1_100' title="bbox 613 5537 2187 5623">
     <span class='ocr_line' id='line_1_100' title="bbox 613 5537 2187 5623; baseline 0.01 -26"><span class='ocrx_word' id='word_1_835' title='bbox 613 5551 674 5623; x_wconf 65' lang='lat' dir='ltr'><strong>ut</strong></span> <span class='ocrx_word' id='word_1_836' title='bbox 698 5546 914 5623; x_wconf 69' lang='lat' dir='ltr'><strong>impiam</strong></span> <span class='ocrx_word' id='word_1_837' title='bbox 933 5554 990 5602; x_wconf 91' lang='lat' dir='ltr'><strong>et</strong></span> <span class='ocrx_word' id='word_1_838' title='bbox 1012 5537 1375 5623; x_wconf 69' lang='lat' dir='ltr'><strong>blasphemam</strong></span> <span class='ocrx_word' id='word_1_839' title='bbox 1402 5537 1721 5623; x_wconf 77' lang='lat' dir='ltr'><strong>opiniohem</strong></span> <span class='ocrx_word' id='word_1_840' title='bbox 1740 5537 2187 5623; x_wconf 54' lang='grc' dir='ltr'><strong>ὸόέὲέιιὲέιέῐίᾲξό</strong></span> 
     </span>
    </p>
   </div>
   <div class='ocr_carea' id='block_1_101' title="bbox 614 5610 2186 5698">
    <p class='ocr_par' dir='ltr' id='par_1_101' title="bbox 614 5610 2186 5698">
     <span class='ocr_line' id='line_1_101' title="bbox 614 5610 2186 5698; baseline 0.01 -35"><span class='ocrx_word' id='word_1_841' title='bbox 614 5610 835 5698; x_wconf 48' lang='lat' dir='ltr'><strong>stagnis</strong></span> <span class='ocrx_word' id='word_1_842' title='bbox 862 5614 1035 5698; x_wconf 78' lang='lat' dir='ltr'><strong>Rom._</strong></span> <span class='ocrx_word' id='word_1_843' title='bbox 1068 5610 1316 5698; x_wconf 65' lang='lat' dir='ltr'><strong>Ecclesia:</strong></span> <span class='ocrx_word' id='word_1_844' title='bbox 1344 5610 1584 5691; x_wconf 69' lang='lat' dir='ltr'><strong>pontifex</strong></span> <span class='ocrx_word' id='word_1_845' title='bbox 1607 5622 1730 5698; x_wconf 66' lang='grc' dir='ltr'><strong>(βρ.</strong></span> <span class='ocrx_word' id='word_1_846' title='bbox 1780 5625 1848 5677; x_wconf 85' lang='lat' dir='ltr'><strong>ad</strong></span> <span class='ocrx_word' id='word_1_847' title='bbox 1866 5610 2186 5698; x_wconf 57' lang='grc' dir='ltr'><strong>ἶΡαιειιενζγ,</strong></span> 
     </span>
    </p>
   </div>
   <div class='ocr_carea' id='block_1_102' title="bbox 613 5679 2190 5760">
    <p class='ocr_par' dir='ltr' id='par_1_102' title="bbox 613 5679 2190 5760">
     <span class='ocr_line' id='line_1_102' title="bbox 613 5679 2190 5760; baseline 0.011 -27"><span class='ocrx_word' id='word_1_848' title='bbox 613 5679 889 5760; x_wconf 60' lang='lat' dir='ltr'><strong>Nestorins</strong></span> <span class='ocrx_word' id='word_1_849' title='bbox 914 5694 1101 5760; x_wconf 82' lang='lat' dir='ltr'><strong>contra</strong></span> <span class='ocrx_word' id='word_1_850' title='bbox 1122 5679 1366 5744; x_wconf 75' lang='lat' dir='ltr'><strong>eamdem</strong></span> <span class='ocrx_word' id='word_1_851' title='bbox 1395 5702 1450 5746; x_wconf 90' lang='lat' dir='ltr'><strong>et</strong></span> <span class='ocrx_word' id='word_1_852' title='bbox 1476 5679 1708 5747; x_wconf 72' lang='lat' dir='ltr'><strong>crassius</strong></span> <span class='ocrx_word' id='word_1_853' title='bbox 1754 5693 1963 5760; x_wconf 82' lang='lat' dir='ltr'><strong>extulit,</strong></span> <span class='ocrx_word' id='word_1_854' title='bbox 1996 5702 2051 5749; x_wconf 86' lang='lat' dir='ltr'><strong>et</strong></span> <span class='ocrx_word' id='word_1_855' title='bbox 2077 5679 2190 5751; x_wconf 61' lang='lat' dir='ltr'><strong>m5:</strong></span> 
     </span>
    </p>
   </div>
   <div class='ocr_carea' id='block_1_103' title="bbox 614 5751 2189 5839">
    <p class='ocr_par' dir='ltr' id='par_1_103' title="bbox 614 5751 2189 5839">
     <span class='ocr_line' id='line_1_103' title="bbox 614 5751 2189 5839; baseline 0.011 -36"><span class='ocrx_word' id='word_1_856' title='bbox 614 5751 696 5839; x_wconf 75' lang='lat' dir='ltr'><strong>gis</strong></span> <span class='ocrx_word' id='word_1_857' title='bbox 722 5752 1239 5839; x_wconf 38' lang='lat' dir='ltr'><strong>adhucblasp‘hemis</strong></span> <span class='ocrx_word' id='word_1_858' title='bbox 1265 5760 1654 5839; x_wconf 71' lang='lat' dir='ltr'><strong>adjectionihus</strong></span> <span class='ocrx_word' id='word_1_859' title='bbox 1680 5763 1828 5839; x_wconf 83' lang='lat' dir='ltr'><strong>aux_i_t</strong></span> <span class='ocrx_word' id='word_1_860' title='bbox 1851 5751 2189 5839; x_wconf 35' lang='lat' dir='ltr'><strong>et‘propaga-</strong></span> 
     </span>
    </p>
   </div>
   <div class='ocr_carea' id='block_1_104' title="bbox 618 5823 2189 5907">
    <p class='ocr_par' dir='ltr' id='par_1_104' title="bbox 618 5823 2189 5907">
     <span class='ocr_line' id='line_1_104' title="bbox 618 5823 2189 5907; baseline 0.012 -33"><span class='ocrx_word' id='word_1_861' title='bbox 618 5823 709 5886; x_wconf 75' lang='lat' dir='ltr'><strong>vit,</strong></span> <span class='ocrx_word' id='word_1_862' title='bbox 742 5823 794 5875; x_wconf 88' lang='lat' dir='ltr'><strong>in</strong></span> <span class='ocrx_word' id='word_1_863' title='bbox 819 5823 1024 5890; x_wconf 78' lang='lat' dir='ltr'><strong>synodo</strong></span> <span class='ocrx_word' id='word_1_864' title='bbox 1043 5823 1306 5895; x_wconf 85' lang='lat' dir='ltr'><strong>Ephesina</strong></span> <span class='ocrx_word' id='word_1_865' title='bbox 1329 5823 1743 5903; x_wconf 84' lang='lat' dir='ltr'><strong>blasphemans:</strong></span> <span class='ocrx_word' id='word_1_866' title='bbox 1773 5832 1887 5907; x_wconf 82' lang='lat' dir='ltr'><strong>Ego</strong></span> <span class='ocrx_word' id='word_1_867' title='bbox 1904 5823 2189 5902; x_wconf 54' lang='lat' dir='ltr'><strong>bimestri?!»</strong></span> 
     </span>
    </p>
   </div>
   <div class='ocr_carea' id='block_1_105' title="bbox 2279 4227 3841 4303">
    <p class='ocr_par' dir='ltr' id='par_1_105' title="bbox 2279 4227 3841 4303">
     <span class='ocr_line' id='line_1_105' title="bbox 2279 4227 3841 4303; baseline 0.001 -20"><span class='ocrx_word' id='word_1_868' title='bbox 2279 4236 2369 4303; x_wconf 71' lang='lat' dir='ltr'><strong>aut</strong></span> <span class='ocrx_word' id='word_1_869' title='bbox 2400 4229 2703 4303; x_wconf 62' lang='lat' dir='ltr'><strong>trimestrem</strong></span> <span class='ocrx_word' id='word_1_870' title='bbox 2728 4229 2921 4303; x_wconf 73' lang='lat' dir='ltr'><strong>factum</strong></span> <span class='ocrx_word' id='word_1_871' title='bbox 2957 4227 3124 4284; x_wconf 78' lang='lat' dir='ltr'><strong>Deum</strong></span> <span class='ocrx_word' id='word_1_872' title='bbox 3142 4227 3244 4303; x_wconf 91' lang='lat' dir='ltr'><strong>(sic</strong></span> <span class='ocrx_word' id='word_1_873' title='bbox 3270 4228 3411 4303; x_wconf 80' lang='lat' dir='ltr'><strong>enim</strong></span> <span class='ocrx_word' id='word_1_874' title='bbox 3439 4228 3711 4303; x_wconf 74' lang='lat' dir='ltr'><strong>Christum</strong></span> <span class='ocrx_word' id='word_1_875' title='bbox 3740 4228 3841 4303; x_wconf 79' lang='lat' dir='ltr'><strong>Do-</strong></span> 
     </span>
    </p>
   </div>
   <div class='ocr_carea' id='block_1_106' title="bbox 2280 4298 3838 4380">
    <p class='ocr_par' dir='ltr' id='par_1_106' title="bbox 2280 4298 3838 4380">
     <span class='ocr_line' id='line_1_106' title="bbox 2280 4298 3838 4380; baseline 0 0"><span class='ocrx_word' id='word_1_876' title='bbox 2280 4300 2490 4380; x_wconf 61' lang='grc' dir='ltr'><strong>ιιιὶηιιιιι</strong></span> <span class='ocrx_word' id='word_1_877' title='bbox 2512 4298 2840 4380; x_wconf 55' lang='lat' dir='ltr'><strong>elipeum)</strong></span> <span class='ocrx_word' id='word_1_878' title='bbox 2868 4298 3202 4380; x_wconf 61' lang='grc' dir='ltr'><strong>,ηςψασκσίη</strong></span> <span class='ocrx_word' id='word_1_879' title='bbox 3242 4298 3519 4380; x_wconf 49' lang='lat' dir='ltr'><strong>&quot;oram?</strong></span> <span class='ocrx_word' id='word_1_880' title='bbox 3555 4302 3652 4380; x_wconf 68' lang='grc' dir='ltr'><strong>υθέ.</strong></span> <span class='ocrx_word' id='word_1_881' title='bbox 3670 4301 3838 4380; x_wconf 54' lang='lat' dir='ltr'><strong>me</strong></span> 
     </span>
    </p>
   </div>
   <div class='ocr_carea' id='block_1_107' title="bbox 2282 4367 3840 4439">
    <p class='ocr_par' dir='ltr' id='par_1_107' title="bbox 2282 4367 3840 4439">
     <span class='ocr_line' id='line_1_107' title="bbox 2282 4367 3840 4439; baseline 0.001 -16"><span class='ocrx_word' id='word_1_882' title='bbox 2282 4367 2455 4439; x_wconf 90' lang='lat' dir='ltr'><strong>Atque</strong></span> <span class='ocrx_word' id='word_1_883' title='bbox 2477 4367 2675 4425; x_wconf 77' lang='lat' dir='ltr'><strong>idcirco</strong></span> <span class='ocrx_word' id='word_1_884' title='bbox 2694 4367 2911 4425; x_wconf 60' lang='lat' dir='ltr'><strong>haeresis</strong></span> <span class='ocrx_word' id='word_1_885' title='bbox 2934 4367 3035 4424; x_wconf 82' lang='lat' dir='ltr'><strong>ista</strong></span> <span class='ocrx_word' id='word_1_886' title='bbox 3062 4367 3232 4439; x_wconf 72' lang='lat' dir='ltr'><strong>magis</strong></span> <span class='ocrx_word' id='word_1_887' title='bbox 3249 4370 3348 4425; x_wconf 88' lang='lat' dir='ltr'><strong>sub</strong></span> <span class='ocrx_word' id='word_1_888' title='bbox 3369 4371 3587 4439; x_wconf 86' lang='lat' dir='ltr'><strong>nomine</strong></span> <span class='ocrx_word' id='word_1_889' title='bbox 3606 4369 3840 4432; x_wconf 82' lang='lat' dir='ltr'><strong>Nestorii,</strong></span> 
     </span>
    </p>
   </div>
   <div class='ocr_carea' id='block_1_108' title="bbox 2281 4438 3845 4511">
    <p class='ocr_par' dir='ltr' id='par_1_108' title="bbox 2281 4438 3845 4511">
     <span class='ocr_line' id='line_1_108' title="bbox 2281 4438 3845 4511; baseline 0.002 -18"><span class='ocrx_word' id='word_1_890' title='bbox 2281 4438 2442 4508; x_wconf 91' lang='lat' dir='ltr'><strong>quam</strong></span> <span class='ocrx_word' id='word_1_891' title='bbox 2482 4439 2751 4511; x_wconf 75' lang='lat' dir='ltr'><strong>Anastasii</strong></span> <span class='ocrx_word' id='word_1_892' title='bbox 2768 4439 3018 4511; x_wconf 84' lang='lat' dir='ltr'><strong>invaluit.</strong></span> <span class='ocrx_word' id='word_1_893' title='bbox 3062 4438 3273 4510; x_wconf 85' lang='lat' dir='ltr'><strong>Negans</strong></span> <span class='ocrx_word' id='word_1_894' title='bbox 3297 4454 3460 4511; x_wconf 85' lang='lat' dir='ltr'><strong>porro</strong></span> <span class='ocrx_word' id='word_1_895' title='bbox 3488 4438 3713 4495; x_wconf 77' lang='lat' dir='ltr'><strong>Mariam</strong></span> <span class='ocrx_word' id='word_1_896' title='bbox 3739 4450 3845 4497; x_wconf 79' lang='grc' dir='ltr'><strong>Θω-</strong></span> 
     </span>
    </p>
   </div>
   <div class='ocr_carea' id='block_1_109' title="bbox 2281 4509 3846 4579">
    <p class='ocr_par' dir='ltr' id='par_1_109' title="bbox 2281 4509 3846 4579">
     <span class='ocr_line' id='line_1_109' title="bbox 2281 4509 3846 4579; baseline 0 -14"><span class='ocrx_word' id='word_1_897' title='bbox 2281 4511 2445 4574; x_wconf 78' lang='grc' dir='ltr'><strong>τὸκον,</strong></span> <span class='ocrx_word' id='word_1_898' title='bbox 2479 4509 2533 4564; x_wconf 89' lang='lat' dir='ltr'><strong>id</strong></span> <span class='ocrx_word' id='word_1_899' title='bbox 2562 4517 2663 4574; x_wconf 90' lang='lat' dir='ltr'><strong>est,</strong></span> <span class='ocrx_word' id='word_1_900' title='bbox 2685 4509 2781 4564; x_wconf 92' lang='lat' dir='ltr'><strong>Dei</strong></span> <span class='ocrx_word' id='word_1_901' title='bbox 2806 4510 3120 4579; x_wconf 80' lang='lat' dir='ltr'><strong>genitricem</strong></span> <span class='ocrx_word' id='word_1_902' title='bbox 3141 4518 3197 4565; x_wconf 90' lang='lat' dir='ltr'><strong>et</strong></span> <span class='ocrx_word' id='word_1_903' title='bbox 3218 4509 3465 4574; x_wconf 78' lang='lat' dir='ltr'><strong>matrem,</strong></span> <span class='ocrx_word' id='word_1_904' title='bbox 3494 4512 3846 4567; x_wconf 80' lang='lat' dir='ltr'><strong>venerandum</strong></span> 
     </span>
    </p>
   </div>
   <div class='ocr_carea' id='block_1_110' title="bbox 2282 4577 3847 4662">
    <p class='ocr_par' dir='ltr' id='par_1_110' title="bbox 2282 4577 3847 4662">
     <span class='ocr_line' id='line_1_110' title="bbox 2282 4577 3847 4662; baseline 0.001 -29"><span class='ocrx_word' id='word_1_905' title='bbox 2282 4586 2339 4662; x_wconf 64' lang='lat' dir='ltr'><strong>et</strong></span> <span class='ocrx_word' id='word_1_906' title='bbox 2356 4593 2621 4662; x_wconf 45' lang='lat' dir='ltr'><strong>mag-num.</strong></span> <span class='ocrx_word' id='word_1_907' title='bbox 2637 4582 2721 4662; x_wconf 82' lang='lat' dir='ltr'><strong>(ut</strong></span> <span class='ocrx_word' id='word_1_908' title='bbox 2748 4577 3310 4662; x_wconf 43' lang='lat' dir='ltr'><strong>loquitur-Cyrinus</strong></span> <span class='ocrx_word' id='word_1_909' title='bbox 3334 4580 3588 4662; x_wconf 71' lang='lat' dir='ltr'><strong>Apolog.)</strong></span> <span class='ocrx_word' id='word_1_910' title='bbox 3616 4582 3847 4662; x_wconf 52' lang='lat' dir='ltr'><strong>incarna-</strong></span> 
     </span>
    </p>
   </div>
   <div class='ocr_carea' id='block_1_111' title="bbox 2207 4649 3850 4737">
    <p class='ocr_par' dir='ltr' id='par_1_111' title="bbox 2207 4649 3850 4737">
     <span class='ocr_line' id='line_1_111' title="bbox 2207 4649 3850 4737; baseline 0.001 0"><span class='ocrx_word' id='word_1_911' title='bbox 2207 4676 2260 4737; x_wconf 90' lang='lat' dir='ltr'><strong>D</strong></span> <span class='ocrx_word' id='word_1_912' title='bbox 2284 4649 3347 4737; x_wconf 50' lang='grc' dir='ltr'><strong>ἓῖίέἱ¹ίὲτρὲ¹ξ¹ῖ¹ἒί⁰ἓ¹¹ἱ¹ῗέῐδβέἷτίὶ¹¹ῗὶΨηάίίυὲ</strong></span> <span class='ocrx_word' id='word_1_913' title='bbox 3370 4649 3665 4737; x_wconf 55' lang='grc' dir='ltr'><strong>ἓνθῐὲθδθίν</strong></span> <span class='ocrx_word' id='word_1_914' title='bbox 3693 4651 3850 4707; x_wconf 51' lang='lat' dir='ltr'><strong>“ei”</strong></span> 
     </span>
    </p>
   </div>
   <div class='ocr_carea' id='block_1_112' title="bbox 2284 4719 3848 4793">
    <p class='ocr_par' dir='ltr' id='par_1_112' title="bbox 2284 4719 3848 4793">
     <span class='ocr_line' id='line_1_112' title="bbox 2284 4719 3848 4793; baseline 0.001 -19"><span class='ocrx_word' id='word_1_915' title='bbox 2284 4728 2393 4793; x_wconf 75' lang='lat' dir='ltr'><strong>tem</strong></span> <span class='ocrx_word' id='word_1_916' title='bbox 2422 4719 2677 4793; x_wconf 67' lang='lat' dir='ltr'><strong>Verbiab</strong></span> <span class='ocrx_word' id='word_1_917' title='bbox 2704 4719 2959 4793; x_wconf 83' lang='lat' dir='ltr'><strong>assumpti</strong></span> <span class='ocrx_word' id='word_1_918' title='bbox 3002 4720 3234 4793; x_wconf 67' lang='lat' dir='ltr'><strong>hominis</strong></span> <span class='ocrx_word' id='word_1_919' title='bbox 3258 4719 3555 4776; x_wconf 87' lang='lat' dir='ltr'><strong>substantia</strong></span> <span class='ocrx_word' id='word_1_920' title='bbox 3582 4735 3848 4793; x_wconf 76' lang='lat' dir='ltr'><strong>separatis,</strong></span> 
     </span>
    </p>
   </div>
   <div class='ocr_carea' id='block_1_113' title="bbox 2282 4786 3853 4860">
    <p class='ocr_par' dir='ltr' id='par_1_113' title="bbox 2282 4786 3853 4860">
     <span class='ocr_line' id='line_1_113' title="bbox 2282 4786 3853 4860; baseline 0.003 -17"><span class='ocrx_word' id='word_1_921' title='bbox 2282 4787 2524 4860; x_wconf 88' lang='lat' dir='ltr'><strong>duosque</strong></span> <span class='ocrx_word' id='word_1_922' title='bbox 2550 4786 2792 4860; x_wconf 83' lang='lat' dir='ltr'><strong>C_brist_os</strong></span> <span class='ocrx_word' id='word_1_923' title='bbox 2819 4786 3147 4858; x_wconf 75' lang='lat' dir='ltr'><strong>conﬁngens,</strong></span> <span class='ocrx_word' id='word_1_924' title='bbox 3175 4789 3346 4845; x_wconf 91' lang='lat' dir='ltr'><strong>Deum</strong></span> <span class='ocrx_word' id='word_1_925' title='bbox 3374 4806 3560 4860; x_wconf 85' lang='lat' dir='ltr'><strong>unum,</strong></span> <span class='ocrx_word' id='word_1_926' title='bbox 3589 4786 3853 4847; x_wconf 79' lang='lat' dir='ltr'><strong>hominem</strong></span> 
     </span>
    </p>
   </div>
   <div class='ocr_carea' id='block_1_114' title="bbox 2236 4857 3853 4941">
    <p class='ocr_par' dir='ltr' id='par_1_114' title="bbox 2236 4857 3853 4941">
     <span class='ocr_line' id='line_1_114' title="bbox 2236 4857 3853 4941; baseline 0.002 -26"><span class='ocrx_word' id='word_1_927' title='bbox 2236 4876 2241 4885; x_wconf 72' lang='lat'><strong>‘</strong></span> <span class='ocrx_word' id='word_1_928' title='bbox 2284 4857 2531 4941; x_wconf 57' lang='lat' dir='ltr'><strong>alterum.</strong></span> <span class='ocrx_word' id='word_1_929' title='bbox 2570 4857 2828 4941; x_wconf 52' lang='lat' dir='ltr'><strong>Eamdem</strong></span> <span class='ocrx_word' id='word_1_930' title='bbox 2856 4874 2996 4941; x_wconf 46' lang='lat' dir='ltr'><strong>vero.</strong></span> <span class='ocrx_word' id='word_1_931' title='bbox 3029 4862 3388 4941; x_wconf 50' lang='grc' dir='ltr'><strong>ξριστοτρκονι</strong></span> <span class='ocrx_word' id='word_1_932' title='bbox 3422 4859 3475 4915; x_wconf 92' lang='lat' dir='ltr'><strong>id</strong></span> <span class='ocrx_word' id='word_1_933' title='bbox 3502 4869 3605 4941; x_wconf 72' lang='lat' dir='ltr'><strong>est,</strong></span> <span class='ocrx_word' id='word_1_934' title='bbox 3634 4871 3853 4918; x_wconf 85' lang='lat' dir='ltr'><strong>matrem</strong></span> 
     </span>
    </p>
   </div>
   <div class='ocr_carea' id='block_1_115' title="bbox 2283 4927 3854 5004">
    <p class='ocr_par' dir='ltr' id='par_1_115' title="bbox 2283 4927 3854 5004">
     <span class='ocr_line' id='line_1_115' title="bbox 2283 4927 3854 5004; baseline 0.001 -21"><span class='ocrx_word' id='word_1_935' title='bbox 2283 4927 2479 5004; x_wconf 81' lang='lat' dir='ltr'><strong>Christi</strong></span> <span class='ocrx_word' id='word_1_936' title='bbox 2520 4928 2833 5004; x_wconf 64' lang='lat' dir='ltr'><strong>admittens,</strong></span> <span class='ocrx_word' id='word_1_937' title='bbox 2872 4927 3082 5004; x_wconf 77' lang='lat' dir='ltr'><strong>Christi&#39;</strong></span> <span class='ocrx_word' id='word_1_938' title='bbox 3114 4932 3330 4986; x_wconf 91' lang='lat' dir='ltr'><strong>nomine</strong></span> <span class='ocrx_word' id='word_1_939' title='bbox 3373 4927 3645 4989; x_wconf 89' lang='lat' dir='ltr'><strong>hominem</strong></span> <span class='ocrx_word' id='word_1_940' title='bbox 3669 4945 3854 5004; x_wconf 85' lang='lat' dir='ltr'><strong>purum</strong></span> 
     </span>
    </p>
   </div>
   <div class='ocr_carea' id='block_1_116' title="bbox 2282 4998 3857 5071">
    <p class='ocr_par' dir='ltr' id='par_1_116' title="bbox 2282 4998 3857 5071">
     <span class='ocr_line' id='line_1_116' title="bbox 2282 4998 3857 5071; baseline 0.002 -19"><span class='ocrx_word' id='word_1_941' title='bbox 2282 4998 2563 5071; x_wconf 79' lang='lat' dir='ltr'><strong>solumque</strong></span> <span class='ocrx_word' id='word_1_942' title='bbox 2584 4998 2931 5071; x_wconf 80' lang='lat' dir='ltr'><strong>intelligebat,</strong></span> <span class='ocrx_word' id='word_1_943' title='bbox 2947 5000 3048 5071; x_wconf 70' lang='lat' dir='ltr'><strong>qui</strong></span> <span class='ocrx_word' id='word_1_944' title='bbox 3073 5014 3142 5054; x_wconf 78' lang='lat' dir='ltr'><strong>ex</strong></span> <span class='ocrx_word' id='word_1_945' title='bbox 3170 5016 3234 5055; x_wconf 89' lang='lat' dir='ltr'><strong>ea</strong></span> <span class='ocrx_word' id='word_1_946' title='bbox 3254 5008 3411 5071; x_wconf 90' lang='lat' dir='ltr'><strong>natus</strong></span> <span class='ocrx_word' id='word_1_947' title='bbox 3430 5010 3618 5071; x_wconf 85' lang='lat' dir='ltr'><strong>postea</strong></span> <span class='ocrx_word' id='word_1_948' title='bbox 3641 4998 3857 5058; x_wconf 77' lang='lat' dir='ltr'><strong>munere</strong></span> 
     </span>
    </p>
   </div>
   <div class='ocr_carea' id='block_1_117' title="bbox 2284 5067 3855 5151">
    <p class='ocr_par' dir='ltr' id='par_1_117' title="bbox 2284 5067 3855 5151">
     <span class='ocr_line' id='line_1_117' title="bbox 2284 5067 3855 5151; baseline 0.001 -28"><span class='ocrx_word' id='word_1_949' title='bbox 2284 5067 2596 5151; x_wconf 55' lang='lat' dir='ltr'><strong>adoptipnis</strong></span> <span class='ocrx_word' id='word_1_950' title='bbox 2628 5076 2691 5151; x_wconf 82' lang='lat' dir='ltr'><strong>et</strong></span> <span class='ocrx_word' id='word_1_951' title='bbox 2938 5067 3088 5151; x_wconf 85' lang='lat' dir='ltr'><strong>Deus</strong></span> <span class='ocrx_word' id='word_1_952' title='bbox 3101 5078 3337 5151; x_wconf 46' lang='lat' dir='ltr'><strong>locatus</strong></span> <span class='ocrx_word' id='word_1_953' title='bbox 3363 5067 3568 5151; x_wconf 77' lang='lat' dir='ltr'><strong>fuisset,</strong></span> <span class='ocrx_word' id='word_1_954' title='bbox 3586 5081 3648 5151; x_wconf 75' lang='lat' dir='ltr'><strong>et</strong></span> <span class='ocrx_word' id='word_1_955' title='bbox 3667 5089 3702 5129; x_wconf 86' lang='lat' dir='ltr'><strong>a</strong></span> <span class='ocrx_word' id='word_1_956' title='bbox 3730 5071 3855 5151; x_wconf 80' lang='lat' dir='ltr'><strong>Filio</strong></span> 
     </span>
    </p>
   </div>
   <div class='ocr_carea' id='block_1_118' title="bbox 2288 5137 3859 5208">
    <p class='ocr_par' dir='ltr' id='par_1_118' title="bbox 2288 5137 3859 5208">
     <span class='ocr_line' id='line_1_118' title="bbox 2288 5137 3859 5208; baseline 0.001 -15"><span class='ocrx_word' id='word_1_957' title='bbox 2288 5137 2481 5193; x_wconf 13' lang='lat' dir='ltr'><strong>Deiiad</strong></span> <span class='ocrx_word' id='word_1_958' title='bbox 2519 5138 2948 5197; x_wconf 73' lang='lat' dir='ltr'><strong>ostentationem</strong></span> <span class='ocrx_word' id='word_1_959' title='bbox 2966 5155 3074 5194; x_wconf 73' lang='lat' dir='ltr'><strong>sua:</strong></span> <span class='ocrx_word' id='word_1_960' title='bbox 3101 5138 3323 5195; x_wconf 88' lang='lat' dir='ltr'><strong>Deitatis</strong></span> <span class='ocrx_word' id='word_1_961' title='bbox 3368 5141 3776 5208; x_wconf 79' lang='lat' dir='ltr'><strong>circumductus,</strong></span> <span class='ocrx_word' id='word_1_962' title='bbox 3805 5147 3859 5195; x_wconf 90' lang='lat' dir='ltr'><strong>ut</strong></span> 
     </span>
    </p>
   </div>
   <div class='ocr_carea' id='block_1_119' title="bbox 2289 5208 3858 5293">
    <p class='ocr_par' dir='ltr' id='par_1_119' title="bbox 2289 5208 3858 5293">
     <span class='ocr_line' id='line_1_119' title="bbox 2289 5208 3858 5293; baseline 0.001 -31"><span class='ocrx_word' id='word_1_963' title='bbox 2289 5208 2405 5290; x_wconf 78' lang='lat' dir='ltr'><strong>solo</strong></span> <span class='ocrx_word' id='word_1_964' title='bbox 2434 5209 2640 5293; x_wconf 78' lang='lat' dir='ltr'><strong>habitu,</strong></span> <span class='ocrx_word' id='word_1_965' title='bbox 2673 5226 2779 5293; x_wconf 70' lang='lat' dir='ltr'><strong>non</strong></span> <span class='ocrx_word' id='word_1_966' title='bbox 2828 5217 3175 5293; x_wconf 33' lang='lat' dir='ltr'><strong>autern‘yer‘a</strong></span> <span class='ocrx_word' id='word_1_967' title='bbox 3219 5210 3858 5293; x_wconf 61' lang='lat' dir='ltr'><strong>personaliquepnitione</strong></span> 
     </span>
    </p>
   </div>
   <div class='ocr_carea' id='block_1_120' title="bbox 2292 5279 3859 5346">
    <p class='ocr_par' dir='ltr' id='par_1_120' title="bbox 2292 5279 3859 5346">
     <span class='ocr_line' id='line_1_120' title="bbox 2292 5279 3859 5346; baseline 0.004 -16"><span class='ocrx_word' id='word_1_968' title='bbox 2292 5279 2619 5346; x_wconf 87' lang='lat' dir='ltr'><strong>inveniretur</strong></span> <span class='ocrx_word' id='word_1_969' title='bbox 2648 5288 2707 5335; x_wconf 92' lang='lat' dir='ltr'><strong>ut</strong></span> <span class='ocrx_word' id='word_1_970' title='bbox 2742 5279 2924 5335; x_wconf 89' lang='lat' dir='ltr'><strong>homo.</strong></span> <span class='ocrx_word' id='word_1_971' title='bbox 2952 5279 3247 5335; x_wconf 85' lang='lat' dir='ltr'><strong>Orthodoxi</strong></span> <span class='ocrx_word' id='word_1_972' title='bbox 3272 5288 3473 5346; x_wconf 89' lang='lat' dir='ltr'><strong>autem,</strong></span> <span class='ocrx_word' id='word_1_973' title='bbox 3509 5279 3583 5337; x_wconf 72' lang='grc' dir='ltr'><strong>ἰιι</strong></span> <span class='ocrx_word' id='word_1_974' title='bbox 3608 5282 3715 5339; x_wconf 87' lang='lat' dir='ltr'><strong>hoc</strong></span> <span class='ocrx_word' id='word_1_975' title='bbox 3748 5283 3859 5337; x_wconf 90' lang='lat' dir='ltr'><strong>loco</strong></span> 
     </span>
    </p>
   </div>
   <div class='ocr_carea' id='block_1_121' title="bbox 2293 5345 3859 5423">
    <p class='ocr_par' dir='ltr' id='par_1_121' title="bbox 2293 5345 3859 5423">
     <span class='ocr_line' id='line_1_121' title="bbox 2293 5345 3859 5423; baseline 0.003 -23"><span class='ocrx_word' id='word_1_976' title='bbox 2293 5345 2578 5423; x_wconf 69' lang='lat' dir='ltr'><strong>Arnobius,</strong></span> <span class='ocrx_word' id='word_1_977' title='bbox 2607 5348 2866 5423; x_wconf 73' lang='lat' dir='ltr'><strong>eamdem</strong></span> <span class='ocrx_word' id='word_1_978' title='bbox 2906 5356 2962 5423; x_wconf 65' lang='lat' dir='ltr'><strong>et</strong></span> <span class='ocrx_word' id='word_1_979' title='bbox 2999 5352 3239 5423; x_wconf 58' lang='grc' dir='ltr'><strong>Θιρτὲξιον</strong></span> <span class='ocrx_word' id='word_1_980' title='bbox 3262 5359 3345 5423; x_wconf 51' lang='lat' dir='ltr'><strong>ﬁt</strong></span> <span class='ocrx_word' id='word_1_981' title='bbox 3364 5345 3719 5423; x_wconf 68' lang='grc' dir='ltr'><strong>Χριὸ-τοτόκον,</strong></span> <span class='ocrx_word' id='word_1_982' title='bbox 3765 5353 3859 5407; x_wconf 88' lang='lat' dir='ltr'><strong>hoc</strong></span> 
     </span>
    </p>
   </div>
   <div class='ocr_carea' id='block_1_122' title="bbox 2293 5418 3859 5490">
    <p class='ocr_par' dir='ltr' id='par_1_122' title="bbox 2293 5418 3859 5490">
     <span class='ocr_line' id='line_1_122' title="bbox 2293 5418 3859 5490; baseline 0.003 -19"><span class='ocrx_word' id='word_1_983' title='bbox 2293 5426 2394 5481; x_wconf 89' lang='lat' dir='ltr'><strong>est,</strong></span> <span class='ocrx_word' id='word_1_984' title='bbox 2435 5426 2490 5471; x_wconf 90' lang='lat' dir='ltr'><strong>et</strong></span> <span class='ocrx_word' id='word_1_985' title='bbox 2526 5419 2621 5473; x_wconf 90' lang='lat' dir='ltr'><strong>Dei</strong></span> <span class='ocrx_word' id='word_1_986' title='bbox 2654 5428 2709 5474; x_wconf 90' lang='lat' dir='ltr'><strong>et</strong></span> <span class='ocrx_word' id='word_1_987' title='bbox 2737 5418 2957 5490; x_wconf 83' lang='lat' dir='ltr'><strong>Christi,</strong></span> <span class='ocrx_word' id='word_1_988' title='bbox 2993 5419 3085 5490; x_wconf 91' lang='lat' dir='ltr'><strong>qui</strong></span> <span class='ocrx_word' id='word_1_989' title='bbox 3121 5419 3279 5490; x_wconf 75' lang='lat' dir='ltr'><strong>simul</strong></span> <span class='ocrx_word' id='word_1_990' title='bbox 3317 5418 3457 5476; x_wconf 83' lang='lat' dir='ltr'><strong>Deus</strong></span> <span class='ocrx_word' id='word_1_991' title='bbox 3488 5429 3544 5477; x_wconf 88' lang='lat' dir='ltr'><strong>et</strong></span> <span class='ocrx_word' id='word_1_992' title='bbox 3571 5423 3737 5478; x_wconf 90' lang='lat' dir='ltr'><strong>homo</strong></span> <span class='ocrx_word' id='word_1_993' title='bbox 3764 5430 3859 5484; x_wconf 86' lang='lat' dir='ltr'><strong>est,</strong></span> 
     </span>
    </p>
   </div>
   <div class='ocr_carea' id='block_1_123' title="bbox 2296 5487 3861 5565">
    <p class='ocr_par' dir='ltr' id='par_1_123' title="bbox 2296 5487 3861 5565">
     <span class='ocr_line' id='line_1_123' title="bbox 2296 5487 3861 5565; baseline 0.003 -26"><span class='ocrx_word' id='word_1_994' title='bbox 2296 5501 2480 5565; x_wconf 71' lang='lat' dir='ltr'><strong>veram</strong></span> <span class='ocrx_word' id='word_1_995' title='bbox 2496 5496 2722 5565; x_wconf 70' lang='lat' dir='ltr'><strong>matrem</strong></span> <span class='ocrx_word' id='word_1_996' title='bbox 2752 5487 3142 5565; x_wconf 65' lang='lat' dir='ltr'><strong>conﬁtebantur</strong></span> <span class='ocrx_word' id='word_1_997' title='bbox 3170 5487 3372 5565; x_wconf 73' lang='lat' dir='ltr'><strong>(Cyrill.</strong></span> <span class='ocrx_word' id='word_1_998' title='bbox 3411 5492 3629 5561; x_wconf 77' lang='lat' dir='ltr'><strong>interpr.</strong></span> <span class='ocrx_word' id='word_1_999' title='bbox 3653 5492 3861 5565; x_wconf 73' lang='lat' dir='ltr'><strong>symbol.</strong></span> 
     </span>
    </p>
   </div>
   <div class='ocr_carea' id='block_1_124' title="bbox 2292 5556 3713 5630">
    <p class='ocr_par' dir='ltr' id='par_1_124' title="bbox 2292 5556 3713 5630">
     <span class='ocr_line' id='line_1_124' title="bbox 2292 5556 3713 5630; baseline -0.001 -21"><span class='ocrx_word' id='word_1_1000' title='bbox 2292 5556 2342 5609; x_wconf 70' lang='lat' dir='ltr'><strong>et</strong></span> <span class='ocrx_word' id='word_1_1001' title='bbox 2369 5556 2622 5630; x_wconf 65' lang='lat' dir='ltr'><strong>in_Apol.;</strong></span> <span class='ocrx_word' id='word_1_1002' title='bbox 2651 5556 2894 5630; x_wconf 80' lang='lat' dir='ltr'><strong>Euthym.</strong></span> <span class='ocrx_word' id='word_1_1003' title='bbox 2924 5560 2977 5613; x_wconf 81' lang='lat' dir='ltr'><strong>in</strong></span> <span class='ocrx_word' id='word_1_1004' title='bbox 2999 5556 3279 5630; x_wconf 62' lang='lat' dir='ltr'><strong>_Panopil.).</strong></span> <span class='ocrx_word' id='word_1_1005' title='bbox 3496 5600 3499 5605; x_wconf 60' lang='grc' dir='ltr'><em>ς</em></span> <span class='ocrx_word' id='word_1_1006' title='bbox 3547 5556 3557 5561; x_wconf 83' lang='grc'><em>’</em></span> <span class='ocrx_word' id='word_1_1007' title='bbox 3680 5556 3713 5607; x_wconf 72' lang='grc'><strong>⁷.</strong></span> 
     </span>
    </p>
   </div>
   <div class='ocr_carea' id='block_1_125' title="bbox 2361 5624 3866 5708">
    <p class='ocr_par' dir='ltr' id='par_1_125' title="bbox 2361 5624 3866 5708">
     <span class='ocr_line' id='line_1_125' title="bbox 2361 5624 3866 5708; baseline 0.002 -28"><span class='ocrx_word' id='word_1_1008' title='bbox 2361 5624 2386 5664; x_wconf 72' lang='grc' dir='ltr'><em>δ</em></span> <span class='ocrx_word' id='word_1_1009' title='bbox 2410 5624 2611 5708; x_wconf 73' lang='lat' dir='ltr'><strong>Eodem</strong></span> <span class='ocrx_word' id='word_1_1010' title='bbox 2639 5624 2810 5708; x_wconf 63' lang='lat' dir='ltr'><strong>pacto</strong></span> <span class='ocrx_word' id='word_1_1011' title='bbox 2842 5636 2952 5708; x_wconf 82' lang='lat' dir='ltr'><strong>tam</strong></span> <span class='ocrx_word' id='word_1_1012' title='bbox 2981 5628 3139 5684; x_wconf 89' lang='lat' dir='ltr'><strong>docte</strong></span> <span class='ocrx_word' id='word_1_1013' title='bbox 3157 5624 3319 5708; x_wconf 78' lang='lat' dir='ltr'><strong>quam</strong></span> <span class='ocrx_word' id='word_1_1014' title='bbox 3359 5630 3633 5708; x_wconf 80' lang='lat' dir='ltr'><strong>eleganter</strong></span> <span class='ocrx_word' id='word_1_1015' title='bbox 3656 5630 3866 5708; x_wconf 75' lang='lat' dir='ltr'><strong>scripsit</strong></span> 
     </span>
    </p>
   </div>
   <div class='ocr_carea' id='block_1_126' title="bbox 2291 5697 3865 5769">
    <p class='ocr_par' dir='ltr' id='par_1_126' title="bbox 2291 5697 3865 5769">
     <span class='ocr_line' id='line_1_126' title="bbox 2291 5697 3865 5769; baseline 0.002 -18"><span class='ocrx_word' id='word_1_1016' title='bbox 2291 5697 2617 5769; x_wconf 88' lang='lat' dir='ltr'><strong>Augustinus</strong></span> <span class='ocrx_word' id='word_1_1017' title='bbox 2641 5697 2653 5751; x_wconf 80' lang='grc' dir='ltr'>Ξ</span> <span class='ocrx_word' id='word_1_1018' title='bbox 2697 5698 2759 5752; x_wconf 88' lang='lat' dir='ltr'><strong>Si</strong></span> <span class='ocrx_word' id='word_1_1019' title='bbox 2785 5701 3037 5753; x_wconf 84' lang='lat' dir='ltr'><strong>rationem</strong></span> <span class='ocrx_word' id='word_1_1020' title='bbox 3065 5699 3314 5769; x_wconf 77' lang='lat' dir='ltr'><strong>postulas,</strong></span> <span class='ocrx_word' id='word_1_1021' title='bbox 3346 5697 3571 5756; x_wconf 51' lang='lat' dir='ltr'><strong>non&#39;erit</strong></span> <span class='ocrx_word' id='word_1_1022' title='bbox 3598 5697 3865 5765; x_wconf 72' lang='lat' dir='ltr'><strong>mirabile;</strong></span> 
     </span>
    </p>
   </div>
   <div class='ocr_carea' id='block_1_127' title="bbox 2290 5768 3865 5841">
    <p class='ocr_par' dir='ltr' id='par_1_127' title="bbox 2290 5768 3865 5841">
     <span class='ocr_line' id='line_1_127' title="bbox 2290 5768 3865 5841; baseline 0.003 -20"><span class='ocrx_word' id='word_1_1023' title='bbox 2290 5769 2337 5822; x_wconf 87' lang='lat' dir='ltr'><strong>si</strong></span> <span class='ocrx_word' id='word_1_1024' title='bbox 2356 5768 2669 5841; x_wconf 68' lang='lat' dir='ltr'><strong>exmplum</strong></span> <span class='ocrx_word' id='word_1_1025' title='bbox 2699 5770 2937 5837; x_wconf 75' lang='lat' dir='ltr'><strong>requiris,</strong></span> <span class='ocrx_word' id='word_1_1026' title='bbox 2988 5768 3089 5824; x_wconf 77' lang='lat' dir='ltr'><strong>non</strong></span> <span class='ocrx_word' id='word_1_1027' title='bbox 3126 5770 3250 5841; x_wconf 5' lang='lat' dir='ltr'><strong>erit,</strong></span> <span class='ocrx_word' id='word_1_1028' title='bbox 3265 5771 3562 5841; x_wconf 57' lang='lat' dir='ltr'><strong>singulare;</strong></span> <span class='ocrx_word' id='word_1_1029' title='bbox 3594 5782 3699 5829; x_wconf 82' lang='lat' dir='ltr'><strong>tota</strong></span> <span class='ocrx_word' id='word_1_1030' title='bbox 3747 5788 3865 5841; x_wconf 79' lang='lat' dir='ltr'><strong>ergo</strong></span> 
     </span>
    </p>
   </div>
   <div class='ocr_carea' id='block_1_128' title="bbox 2294 5837 3554 5913">
    <p class='ocr_par' dir='ltr' id='par_1_128' title="bbox 2294 5837 3554 5913">
     <span class='ocr_line' id='line_1_128' title="bbox 2294 5837 3554 5913; baseline 0.002 -19"><span class='ocrx_word' id='word_1_1031' title='bbox 2294 5841 2427 5894; x_wconf 80' lang='lat' dir='ltr'><strong>ratio</strong></span> <span class='ocrx_word' id='word_1_1032' title='bbox 2454 5837 2582 5908; x_wconf 70' lang='lat' dir='ltr'><strong>facti</strong></span> <span class='ocrx_word' id='word_1_1033' title='bbox 2610 5845 2686 5893; x_wconf 79' lang='lat' dir='ltr'><strong>est</strong></span> <span class='ocrx_word' id='word_1_1034' title='bbox 2710 5840 2939 5909; x_wconf 77' lang='lat' dir='ltr'><strong>potentia</strong></span> <span class='ocrx_word' id='word_1_1035' title='bbox 2965 5840 3204 5913; x_wconf 80' lang='lat' dir='ltr'><strong>facientis</strong></span> <span class='ocrx_word' id='word_1_1036' title='bbox 3234 5837 3427 5910; x_wconf 74' lang='lat' dir='ltr'><strong>(Epist.</strong></span> <span class='ocrx_word' id='word_1_1037' title='bbox 3456 5844 3554 5912; x_wconf 88' lang='grc' dir='ltr'><strong>ιιι).</strong></span> 
     </span>
    </p>
   </div>
  </div>
