4108 6348
299 305 399 362 281

1081 305 1501 362 CONFLIC'I‘US
1542 306 1628 362 DE
1669 307 1805 362 1)Εο
1846 307 2049 364 ΤΗΙΝο
2090 308 2176 363 ΕΤ
2222 309 2372 376 UNO,
2418 311 2568 368 ETC.
2614 312 2738 368 LIB.
2779 312 2840 368 ll.

299 424 574 479 Arnobius
603 424 737 479 dixit
772 443 782 477 :
815 423 1010 479 Marizc.
1037 458 1104 466 —-
1134 425 1397 495 Serapion
1423 424 1556 479 dixit
1593 444 1602 477 :
1631 423 1773 494 Ergo
1797 426 1896 480 hoc
1924 429 1972 490 Α
2002 440 2131 494 ergo
2182 441 2300 479 eum
2346 425 2456 479 Deo
2489 437 2644 482 natus
2666 438 2768 482 est.
2805 459 2871 469 -
2907 418 3177 483 ληιοιιίιιε
3223 428 3355 483 dixit
3383 447 3394 482 :
3427 429 3484 484 Si
3504 431 3593 500 pie

290 516 476 571 Voluit
515 517 670 586 quasi
709 517 968 587 putative,
999 525 1052 570 et
1086 533 1191 571 non
1223 517 1504 571 veraciter.
1537 549 1608 558 —
1634 514 1902 570 Arnobius

296 606 441 661 dixit
467 623 478 659 :
513 604 569 658 In
603 605 712 659 Deo
744 604 871 659 nihil
902 605 1224 674 putativum,
1256 604 1388 659 nihil
1419 603 1782 668 fantasticum,
1816 603 1898 659 ni-

299 698 379 753 hil
401 689 666 754 inendacii
695 697 896 752 existit.
930 725 1001 738 —
1021 695 1285 768 Serapion
1312 696 1447 751 dixit
1477 714 1489 749 :
1519 695 1694 752 Unum
1715 711 1747 750 e
1773 695 1901 751 duo-

300 791 405 846 bus
424 798 570 845 stare
617 805 725 844 non
773 797 970 860 potest,
1022 788 1148 858 quia
1178 786 1342 842 Maria
1394 795 1486 842 aut
1530 788 1769 849 Θεὸτόκος
1796 786 1900 842 erit

300 882 494 937 eadem
516 882 776 951 genitrix;
803 888 897 936 aut
916 881 1259 958 Χριστοτόκος
1283 880 1470 935 eadem
1493 880 1723 949 genitrix
1744 877 1900 934 Chri-

301 974 395 1029 sti.
410 1003 479 1015 —
501 973 768 1028 Arnobius
791 973 926 1028 dixit
950 992 962 1026 :
989 971 1056 1026 Et
1076 973 1312 1035 Θιοτὸιιος
1332 979 1432 1037 est,
1461 979 1516 1026 et
1534 971 1894 1049 Χριστοτόκος.

301 1097 376 1108 --
405 1065 666 1136 Serapion
707 1065 843 1121 dixit
877 1084 889 1120 :
930 1076 954 1104 η
987 1064 1126 1136 Ergo
1159 1065 1389 1124 duorum
1429 1073 1512 1120 est
1552 1072 1725 1120 mater
1758 1062 1896 1119 tilio-

301 1174 444 1213 rum.
463 1189 534 1199 —
549 1158 817 1213 Arnobius
837 1158 970 1214 dixit
991 1177 1002 1212 :
1032 1157 1197 1214 Unius
1220 1157 1313 1213 lilii
1334 1167 1508 1213 mater
1526 1165 1628 1212 est.
1648 1189 1720 1201 -
1733 1156 1896 1212 Sera-

297 1251 432 1321 pion
463 1249 596 1305 dixit
629 1269 641 1304 :
675 1249 789 1318 Qua
820 1252 1030 1306 ratione
1058 1251 1161 1306 hoc
1180 1250 1385 1322 poteris
1413 1250 1630 1314 docere,
1660 1266 1783 1306 cum
1809 1249 1898 1306 Fi-

299 1343 407 1396 lius
451 1342 564 1407 Dei,
592 1342 685 1398 Dei
714 1341 878 1397 Filius
899 1342 994 1409 sit;
1020 1343 1112 1414 qui
1135 1358 1202 1398 ex
1230 1343 1344 1398 Deo
1372 1341 1532 1398 Patre
1559 1350 1685 1398 ante
1702 1341 1897 1400 saecula

299 1443 387 1489 est
415 1435 626 1504 genitus
654 1434 823 1502 Deus;
867 1444 921 1490 et
950 1434 1050 1490 iste
1074 1451 1216 1490 nunc
1237 1451 1305 1490 ex
1327 1442 1568 1506 tempore
1596 1436 1666 1490 sit
1685 1434 1898 1504 genitus

299 1525 444 1582 ﬁlius
473 1527 736 1582 hominis?
775 1559 846 1568 —
874 1527 1144 1582 Arnobius
1172 1527 1306 1582 dixit
1341 1546 1352 1581 :
1393 1527 1558 1583 Filius
1588 1527 1684 1582 Dei
1723 1527 1898 1583 omni-

299 1628 496 1690 potens
524 1603 912 1689 omnipotentis
940 1617 1114 1673 Patris
1144 1635 1240 1689 per
1267 1619 1717 1690 omnipotentiam
1746 1633 1897 1672 suam

297 1712 407 1766 hoc
435 1711 622 1775 voluit,
657 1720 715 1765 ut
744 1727 881 1766 unus
902 1726 1023 1766 cum
1051 1726 1118 1766 eo
1141 1710 1294 1766 lieret
1316 1711 1481 1766 Filius
1507 1711 1602 1766 Dei
1629 1711 1729 1764 iste
1760 1710 1899 1764 Illius

2005 520 2108 573 hoc
2136 518 2361 584 diceres,
2399 520 2545 575 linita
2571 529 2687 576 erat
2717 523 3024 588 contentio;
3057 539 3196 578 nunc
3224 532 3402 582 autem
3430 537 3594 593 quam

2004 611 2165 683 impie
2191 611 2356 677 dicas,
2391 611 2516 668 hinc
2554 612 2844 682 detegeris.
2884 615 3027 670 Dicis
3063 616 3225 678 enim,
3270 612 3444 669 Homo
3471 629 3593 670 cum

2003 703 2115 759 Deo
2145 712 2303 759 natus
2329 712 2432 768 est,
2468 711 2527 759 ut
2555 704 2803 760 videatur
2838 721 2978 762 nunc
3016 707 3129 778 ipsa
3173 705 3431 762 Divinitas
3475 703 3597 760 Filii

2006 795 2100 851 Dei
2119 796 2414 867 sumpsisse
2442 795 2674 850 initium.
2709 795 2840 851 Dico
2870 806 3051 852 autem
3092 805 3147 853 et
3177 812 3296 867 ego,
3330 796 3404 852 Ita
3431 795 3598 852 homo

2002 904 2124 944 cum
2153 888 2265 944 Deo
2312 895 2469 943 natus
2495 895 2597 951 est,
2647 895 2704 942 ut
2731 886 2872 942 Deus
2899 889 2992 958 qui
3020 904 3237 960 semper
3271 897 3373 954 est,
3403 895 3458 943 et
3480 887 3597 942 sine

2003 981 2178 1048 initio,
2212 982 2489 1037 voluntate
2511 997 2606 1036 sua
2628 996 2734 1051 qua
2763 989 2946 1051 potest
2968 982 3152 1036 omnia
3180 997 3300 1052 quae
3319 981 3432 1037 vult
3453 981 3598 1037 face-

2003 1090 2062 1131 re
2085 1076 2138 1131 in
2166 1075 2310 1132 caalo
2330 1082 2386 1131 et
2411 1076 2463 1131 in
2494 1084 2656 1141 terra,
2682 1076 2736 1130 in
2784 1075 2919 1130 mari
2959 1083 3015 1130 et
3041 1076 3094 1130 in
3124 1075 3351 1149 abyssis,
3382 1077 3486 1132 hoc
3524 1075 3599 1131 illi

2000 1168 2203 1240 placuit
2244 1178 2322 1232 ut,
2354 1168 2499 1224 salva
2541 1177 2597 1224 et
2639 1168 2845 1237 integra
2874 1167 3084 1223 Dcitate
3133 1184 3249 1233 sua,
3283 1167 3435 1249 ﬂeret
3462 1167 3601 1222 Illius

2001 1259 2252 1316 hominis.
2314 1258 2409 1314 Dic
2453 1258 2604 1324 mihi,
2639 1257 2923 1329 Serapion,
2955 1256 3132 1328 potuit
3169 1257 3273 1312 hoc
3302 1256 3502 1322 facere,
3545 1261 3607 1310 et

2002 1351 2207 1418 noluit;
2241 1367 2309 1406 an
2339 1351 2528 1417 voluit,
2561 1359 2616 1406 et
2645 1365 2753 1406 non
2782 1349 2990 1422 potuit?
3017 1348 3300 1405 invisibilis
3329 1348 3452 1403 huic
3495 1349 3598 1402 ho-

2000 1443 2153 1512 mini,
2193 1459 2354 1514 quem
2383 1442 2692 1513 assumpsit,
2725 1449 2784 1496 ut
2811 1457 2974 1496 unum
3022 1455 3207 1496 secum
3236 1448 3399 1506 esset,
3451 1440 3600 1495 salva

2000 1550 2098 1590 sua
2125 1535 2422 1590 substantia
2453 1534 2656 1599 divina,
2689 1533 2835 1589 salva
2864 1533 2982 1603 ejus
3011 1532 3310 1588 substantia
3338 1532 3595 1599 humana,

2003 1627 2194 1684 iteret?
2217 1626 2276 1683 Si
2305 1626 2495 1694 voluit,
2529 1633 2583 1681 et
2613 1641 2720 1681 non
2763 1626 2958 1698 potuit,
2991 1634 3166 1681 cesset
3198 1640 3317 1681 esse
3345 1623 3600 1694 omnipo-

2001 1732 2140 1789 tens,
2187 1721 2278 1793 qui
2321 1736 2472 1776 suam
2505 1719 2730 1791 implere
2769 1735 2877 1775 non
2920 1718 3094 1790 potuit
3134 1719 3484 1773 voluntatem.
3525 1745 3601 1761 -—

300 1803 558 1859 hominis.
579 1836 650 1846 —
677 1803 946 1888 Serapion
969 1803 1104 1858 dixit
1133 1822 1145 1857 :
1179 1802 1322 1872 Ergo
1351 1804 1520 1858 mixta
1563 1811 1646 1858 est
1694 1802 1895 1857 Divini-

2003 1812 2263 1884 Serapion
2291 1813 2428 1868 dixit
2454 1831 2465 1865 :
2492 1811 2640 1867 lianc
2657 1811 3012 1866 reverentiam
3035 1810 3146 1866 Deo
3169 1810 3300 1865 dare
3317 1805 3595 1876 debemus,

301 1905 387 1952 tas
415 1905 469 1952 et
503 1895 824 1952 humanitas.
877 1927 942 1938 —
974 1895 1241 1951 Arnobius
1269 1895 1406 1951 dixit
1455 1914 1467 1948 :
1500 1894 1636 1962 Quid
1667 1903 1749 1950 est
1790 1894 1894 1950 hoc
1998 1917 2312 1963 υιεροι-ευηι
2340 1921 2460 1978 qua;
2491 1906 2582 1960 Dei
2605 1914 2729 1961 sum
2757 1904 2858 1960 soli
2897 1904 3009 1960 Deo
3031 1904 3238 1968 demus,
3270 1913 3325 1959 et.
3353 1918 3596 1959 seorsum

213 2061 216 2064 _
297 1987 445 2058 quod
474 1989 554 2044 vis
581 1989 779 2057 dicere,
805 1988 970 2044 Mixta
991 1990 1107 2046 est?
1134 2019 1204 2030 —
1231 1987 1494 2058 Serapion
1523 1987 1656 2042 dixit
1687 2005 1699 2040 :
1726 1987 1893 2042 Deum

298 2080 594 2148 hominem,
624 2079 752 2150 quid
781 2081 1010 2136 mixtum
1038 2079 1214 2134 carnis
1244 2087 1299 2134 et
1331 2077 1490 2133 Verbi
1517 2093 1681 2132 unum
1701 2093 1898 2148 corpus

301 2173 508 2229 ellecit.
536 2206 606 2215 —
631 2172 902 2229 Arnobius
942 2173 1122 2227 dixit":
1165 2171 1545 2240 Blasphemum
1573 2178 1656 2224 est
1684 2169 1755 2224 ita
1778 2184 1900 2224 cre-

293 2263 450 2331 dere,
509 2271 571 2318 ut
597 2263 753 2332 quasi
801 2259 1165 2318 conﬂantibus
1209 2276 1377 2332 opere
1420 2260 1555 2315 duas
1599 2267 1820 2314 naturas
1848 2261 1901 2315 in

294 2369 462 2410 unam
489 2355 778 2410 credamus
805 2352 1083 2408 redactam
1113 2367 1231 2407 esse
1260 2351 1636 2407 substantiam.
1670 2350 1902 2407 Evidens

296 2455 386 2502 est
409 2447 556 2502 enim
576 2446 858 2514 utriusque
887 2445 1056 2515 partis
1084 2443 1360 2514 corruptio
1395 2462 1406 2497 :
1441 2459 1561 2498 nam
1582 2443 1673 2512 qui
1707 2459 1894 2514 capax,

299 2556 417 2595 non
444 2539 736 2609 capabilis;
768 2546 1077 2609 penetrans,
1108 2554 1212 2594 non
1243 2537 1589 2608 penetrabilis
1633 2545 1751 2602 est;
1799 2537 1897 2591 im-

304 2632 486 2703 piens,
510 2647 618 2687 non
641 2631 927 2702 implebilis
947 2639 1056 2696 est;
1087 2631 1176 2700 qui
1213 2629 1409 2699 ubique
1437 2628 1658 2684 dilinsus
1686 2638 1741 2684 et
1779 2629 1906 2684 ubi--

302 2737 413 2792 que
453 2732 595 2778 totus
620 2731 720 2789 est,
753 2722 908 2778 simul
933 2737 1029 2793 per
1054 2722 1498 2792 omnipotentiam
1539 2722 1609 2776 ita
1640 2737 1698 2777 se
1737 2729 1895 2777 natu-

296 2831 372 2871 ra:
412 2815 602 2871 infudit
632 2817 896 2880 humanae,
924 2815 950 2854 ιι
975 2825 1032 2870 ιιι
1059 2831 1186 2871 caro
1214 2816 1566 2887 perﬁceretur
1612 2817 1664 2872 in
1698 2816 1892 2884 Verbo,

294 2924 407 2964 non
440 2908 678 2964 Verbum
721 2909 774 2963 in
804 2924 968 2964 carne
1008 2906 1380 2980 perﬁceretur.
1435 2907 1552 2964 Non
1593 2910 1736 2964 enim
1765 2909 1897 2965 dicit

1999 2015 2118 2069 qua:
2145 2008 2270 2054 sunt
2298 1998 2533 2053 hominis
2569 1997 2672 2052 soli
2718 1996 2927 2052 homini
2957 2004 3285 2068 reputemus.
3320 2028 3390 2038 —
3419 1996 3596 2049 Arno-

1999 2089 2121 2143 bius
2169 2089 2347 2143 dixit:
2391 2089 2562 2159 impia
2591 2097 2676 2143 est
2720 2089 2821 2144 ista
2873 2087 3192 2152 credulitas,
3222 2086 3248 2124 ἀ
3290 2102 3409 2157 qua:
3437 2101 3598 2157 quar-

2005 2186 2115 2232 tam
2138 2178 2372 2233 admittit
2393 2179 2446 2233 in
2471 2178 2651 2233 divina
2679 2177 2943 2233 Trinitate
2973 2192 3278 2249 personam.
3312 2177 3427 2230 Duo
3456 2175 3598 2229 enim

2004 2269 2205 2325 Christi
2235 2270 2344 2325 duo
2370 2279 2530 2325 erunt
2561 2268 2683 2336 ﬁlii;
2727 2279 2821 2324 aut
2855 2278 3002 2326 certe
3031 2285 3167 2324 unus
3209 2269 3453 2324 Christus
3479 2269 3601 2333 erit,

2008 2371 2330 2417 nontamen
2361 2361 2528 2416 Filius
2556 2360 2673 2416 Dei.
2715 2359 2783 2416 Et
2809 2361 2901 2416 ubi
2923 2368 3004 2416 est
3031 2361 3173 2432 quod
3201 2359 3457 2433 Symbolo
3484 2359 3622 2416 linit

2002 2453 2226 2510 versalis
2256 2452 2510 2509 Ecclesia:
2549 2469 2648 2509 nos
2689 2452 2912 2510 credere
2954 2451 3295 2519 conﬁtemur,
3328 2452 3601 2510 Christum

1996 2544 2179 2602 Jesum
2221 2545 2412 2600 Filium
2460 2545 2576 2615 ejus
2605 2545 2820 2600 unicum
2871 2545 3154 2600 Dominum
3195 2553 3461 2610 nostrum,
3492 2544 3587 2616 qui

1999 2647 2157 2695 natus
2185 2647 2268 2694 est
2291 2638 2359 2694 de
2385 2637 2589 2710 Spiritu
2609 2647 2799 2694 sancto
2822 2653 2890 2693 ex
2921 2637 3086 2693 Maria
3115 2637 3353 2716 Virgine.
3385 2635 3488 2704 Qui
3516 2637 3594 2692 si-

1998 2738 2090 2786 cut
2136 2737 2260 2786 ante
2289 2730 2484 2786 sarcula
2514 2738 2672 2785 natus
2716 2738 2799 2784 est
2828 2744 2896 2783 ex
2926 2728 3107 2793 Patre,
3139 2730 3295 2784 nobis
3323 2743 3390 2783 ex
3432 2727 3598 2784 Maria

1999 2820 2221 2890 Virgine
2256 2836 2472 2891 semper
2503 2820 2846 2884 conﬁtemur,
2880 2827 3053 2874 totum
3095 2819 3408 2889 accipiendo
3450 2818 3596 2890 quod

1999 2912 2095 2967 Dei
2125 2920 2208 2966 est
2235 2911 2420 2977 homo,
2446 2919 2620 2966 totum
2660 2908 3003 2980 suscipiendo
3042 2908 3186 2964 Deus
3213 2909 3357 2980 quod
3387 2917 3470 2964 est
3499 2909 3599 2964 ho-

293 3000 646 3070 evangelista,
697 2998 932 3056 Verbum
974 3017 1096 3057 cum
1125 3016 1288 3057 carne
1341 3011 1528 3058 natum
1574 3010 1675 3067 est,
1729 3013 1750 3040 ε
1802 3000 1898 3056 sed
2003 3005 2182 3071 minis,
2226 3005 2372 3059 aliud
2411 3019 2572 3074 quam
2612 3003 2755 3060 Deus
2795 3011 2879 3059 est
2921 3018 3040 3059 esse
3077 3018 3186 3059 non
3216 3012 3419 3076 posset.
3470 3001 3601 3060 Pars

302 3092 529 3148 Verbum
558 3111 682 3149 caro
714 3096 909 3167 factum
937 3103 1010 3149 est
1044 3093 1222 3165 (Joan.
1254 3111 1291 3159 ι,
1322 3093 1432 3164 14),
1475 3102 1531 3149 et
1559 3094 1722 3149 homo
1752 3093 1901 3148 nasci
2004 3099 2148 3155 enim
2205 3114 2309 3153 una
2352 3098 2743 3170 omnipotentis
2785 3097 2965 3169 plena,
3013 3106 3222 3169 partem
3271 3097 3415 3152 illam
3459 3097 3601 3158 in,se

291 3202 402 3241 non
426 3185 691 3256 judicavit
738 3186 1032 3256 indignum.
1066 3217 1137 3228 --
1159 3187 1425 3258 Serapion
1459 3186 1596 3242 dixit
1637 3205 1649 3239 :
1683 3186 1740 3242 Si
1763 3185 1898 3241 Ver-
2003 3189 2300 3260 suscipiens
2345 3205 2465 3262 qua:
2505 3189 2957 3260 omnipotentiam
3016 3205 3122 3244 non
3167 3188 3419 3255 habebat,
3452 3194 3600 3246 tanta

291 3278 424 3332 bum
445 3294 575 3333 caro
606 3278 805 3333 factum
835 3287 940 3347 est,
964 3277 1199 3334 Verbum
1221 3295 1340 3335 esse
1360 3279 1611 3336 cessavit.
1634 3313 1705 3322 —
1725 3280 1899 3337 Arno-

289 3371 416 3426 bius
461 3371 638 3425 dixit:
673 3370 792 3426 Non
841 3371 1006 3426 homo
1052 3371 1322 3443 perfectus
1365 3373 1417 3428 in
1468 3372 1710 3442 virginali
1743 3383 1896 3432 utero

291 3469 591 3549 conceptus
639 3471 722 3518 est
767 3471 822 3518 et
851 3466 1044 3518 natus?
1074 3497 1140 3506 —-
1180 3463 1445 3535 Serapion
1493 3464 1628 3520 dixit
1664 3485 1674 3518 :
1719 3464 1894 3522 Homo

2005 3282 2058 3337 in
2083 3281 2172 3337 illa
2203 3297 2263 3338 se
2291 3282 2558 3336 suavitate
2599 3280 2811 3347 infudit,
2843 3289 2922 3347 ut,
2947 3281 3098 3336 salva
3127 3281 3408 3350 utriusque
3435 3280 3603 3350 partis

2004 3376 2324 3442 substantia,
2355 3391 2496 3431 unus
2536 3374 2692 3430 nobis
2720 3373 2817 3429 Dei
2855 3372 3021 3428 Filius
3049 3380 3366 3427 nasceretur
3392 3387 3461 3425 ex
3483 3370 3603 3426 Vir-

2000 3467 2141 3537 gine.
2178 3501 2249 3512 -—
2277 3467 2543 3538 Serapion
2573 3466 2711 3522 dixit
2742 3483 2754 3518 :
2791 3474 2815 3502 ο
2858 3463 3021 3521 Facta
3074 3472 3156 3519 est
3200 3476 3330 3531 ergo
3360 3465 3603 3518 humana:

1477 3620 1586 3676 FB.
1629 3620 2115 3678 FEU-ARDENTII
2155 3622 2382 3678 NOTAE.

372 3773 395 3798 ε’
429 3761 684 3817 Eamdem
713 3761 877 3817 fuisse
906 3761 1135 3818 Nestorii
1155 3762 1498 3826 sententiam,
1529 3770 1680 3832 patet
1699 3775 1767 3832 ex
1791 3762 1892 3818 ista

259 3833 569 3888 ~\r’incentii
617 3832 910 3887 Lirinensis
964 3833 1031 3888 ad
1078 3848 1200 3888 eum
1254 3831 1606 3902 responsione
1663 3847 1678 3884 :
1725 3831 1895 3886 Unum

290 3905 562 3959 Christum
590 3903 785 3967 Jesum,
820 3921 925 3956 non
952 3904 1110 3968 duos;
1145 3901 1477 3972 eamdemque
1506 3901 1671 3954 Deum
1698 3905 1897 3971 pariter

292 3985 456 4044 atque
503 3975 760 4026 hominem
809 3972 1042 4026 Ecclesia
1088 3973 1344 4044 catholica
1392 3972 1670 4044 confitetur
1698 3988 1715 4024 :
1743 3987 1897 4044 unam

299 4040 511 4113 quidem
547 4044 601 4094 in
641 4059 698 4096 eo
730 4059 1028 4113 personam,
1079 4043 1169 4113 sed
1219 4043 1347 4096 duas
1394 4040 1732 4103 substantias,
1780 4043 1900 4112 quia

298 4110 555 4168 inutabile
576 4128 677 4164 non
712 4110 786 4166 est
819 4111 1040 4165 Verbum
1070 4111 1189 4176 Dei,
1215 4119 1271 4164 ut
1322 4113 1492 4181 ipsum
1531 4110 1807 4165 verteretur
1846 4113 1900 4166 in

295 4198 552 4245 carnem;
600 4198 759 4236 unam
788 4198 1084 4254 personam,
1125 4198 1190 4236 ne
1232 4182 1363 4254 duos
1406 4181 1704 4254 proﬁtendo
1725 4181 1896 4254 ﬁlios,

289 4249 962 4325 quaternitatemigideatur
972 4253 1168 4325 solere,
1193 4269 1311 4325 non_
1321 4249 1632 4325 Trinitatem
1648 4249 1785 4322 (Lib.
1806 4254 1900 4325 ad-

243 4336 260 4348 ‘
290 4319 436 4379 13ers.
459 4325 669 4394 profan.
702 4321 944 4395 Dicunt).
968 4322 1036 4378 Et
1072 4323 1262 4395 beatus
1288 4321 1398 4378 Leo
1433 4323 1508 4395 ait
1540 4341 1552 4374 :
1584 4319 1898 4395 Euangelica

289 4392 590 4450 rs-ttctoritas
611 4397 683 4448 ita
713 4392 934 4466 Verbum
961 4394 1212 4466 pradicat
1237 4411 1446 4466 carnem
1477 4394 1692 4466 factum,
1715 4392 1772 4447 ut
1793 4412 1896 4466 non

289 4467 434 4520 duos
463 4466 700 4530 christos,
732 4481 828 4536 nec
857 4463 984 4520 duos
1012 4465 1181 4536 ﬁlios;
1216 4465 1308 4536 sed
1335 4466 1389 4518 in
1417 4463 1522 4518 uno
1551 4463 1775 4519 Domino
1801 4465 1896 4520 Je-

291 4554 367 4592 δτι
395 4535 619 4611 Christo,
641 4546 690 4590 et
718 4535 817 4611 Dei
844 4543 894 4588 et
910 4534 1144 4611 nominis
1180 4534 1328 4611 nobis
1348 4536 1575 4611 insinuet
1601 4539 1897 4611 veritatem;

291 4617 356 4662 et
385 4609 646 4677 utriusque
664 4605 986 4672 substantiae,
1009 4607 1064 4661 id
1091 4616 1185 4674 est,
1202 4605 1465 4662 'salvantis
1490 4613 1640 4678 atque
1667 4608 1899 4672 salvam,

293 4695 401 4733 nec
421 4680 776 4751 proprietates
799 4679 1003 4751 possint
1024 4679 1293 4751 confundi,
1324 4695 1417 4733 nec
1461 4695 1696 4750 persona:
1740 4681 1902 4750 gemi—

295 4748 734 4822 nari’_(_lv.‘pist.ad
772 4750 929 4820 episc.
963 4748 1150 4822 ϐαιὴ).
1462 4748 1468 4750 ⁷
1526 4819 1564 4822 η
1635 4819 1643 4822 _
1743 4748 1756 4750 _
1905 4756 1907 4759 ’

383 4819 409 4857 ι)
433 4819 604 4892 Vetus
632 4819 822 4884 codex,
854 4828 909 4872 ut
949 4838 1074 4892 rcaro
1110 4819 1381 4892 perﬁceret
1423 4823 1477 4874 in
1526 4819 1764 4886 Verbum,
1796 4837 1902 4876 non

310 4888 540 4944 Verbum
569 4892 623 4945 in
650 4907 806 4944 carne
829 4891 1118 4961 perﬁceret.
1151 4888 1289 4948 Puto
1315 4899 1493 4946 autem
1522 4907 1739 4947 sensum
1761 4907 1902 4957 esse,

296 4961 538 5016 Carnem
562 4963 613 5015 in
640 4961 817 5034 Verbo
846 4970 902 5015 et
927 4977 994 5017 ex
1023 4962 1203 5018 Verbo
1230 4962 1523 5034 perfectam
1553 4962 1906 5034 hypostaseos

300 5049 378 5086 ac
399 5047 640 5101 personae
665 5032 930 5087 rationem
980 5031 1279 5102 accepisse;
1311 5048 1418 5088 non
1448 5031 1641 5086 autem
1669 5031 1904 5088 Verbum

305 5105 368 5157 in
383 5118 545 5158 came
561 5103 646 5157 vel
669 5118 737 5158 ex
756 5119 920 5176 carne
945 5119 1106 5174 quam
1136 5104 1438 5174 assumpsit.
1466 5102 1597 5176 Nam
1631 5105 1767 5173 quod
1786 5106 1904 5176 fuit,

302 5177 630 5246 permensa;
652 5174 788 5246 quod
817 5183 995 5229 autem
1025 5191 1129 5231 non
1159 5182 1291 5242 erat,
1323 5175 1624 5246 assumpsit.

389 5257 410 5282 ο
444 5242 856 5318 Prmtermitterc
885 5260 1099 5314 nequeo
1129 5261 1255 5302 vere
1276 5260 1452 5318 aurea
1467 5242 1609 5318 b_eati
1658 5246 1908 5318 martyris

304 5322 372 5369 et
393 5315 673 5386 apostolici
702 5316 798 5370 viri
829 5315 1017 5386 lgnatii
1040 5318 1092 5372 in
1125 5318 1266 5372 hunc
1285 5317 1456 5372 sancti
1484 5315 1705 5371 Joannis
1729 5315 1906 5372 locum

307 5384 476 5459 verba
511 5404 523 5439 :
563 5384 710 5453 Vere,
737 5384 926 5456 inquit,
975 5388 1372 5459 peperititllaria
1392 5404 1602 5459 corpus,
1634 5387 1743 5442 Deo
1763 5390 1816 5442 in
1845 5405 1905 5442 eo

301 5456 667 5530 inltabitante;
689 5467 737 5510 et
759 5475 871 5530 vere
889 5456 1046 5513 natus
1061 5469 1138 5530 est
1158 5458 1300 5513 Deus
1333 5456 1549 5513 Verbum
1577 5475 1642 5514 ea:
1675 5459 1900 5530 Virgine,

307 5541 504 5598 corpus
547 5529 717 5582 simile
744 5527 911 5593 nobis,
940 5529 1200 5600 possibile,
1237 5533 1348 5584 sine
1391 5539 1622 5600 peccato,
1655 5527 1902 5596 inducens;

305 5614 430 5652 νινε
451 5608 726 5669 conceptus
748 5606 824 5651 est
846 5600 903 5670 in
939 5609 1105 5661 utero,
1137 5608 1186 5652 et
1216 5603 1383 5670 factus
1419 5609 1496 5653 est
1521 5601 1574 5652 in
1615 5607 1781 5660 utero,
1808 5603 1910 5670 for-

304 5685 464 5741 mans
503 5677 552 5722 et
575 5668 771 5737 faciens
808 5668 908 5723 sibi
948 5685 1133 5736 corpus
1175 5668 1239 5722 ex
1281 5671 1521 5741 .Virgine,
1565 5671 1676 5722 sine
1716 5668 1909 5723 semine

305 5740 441 5805 viri;
463 5747 782 5812 portamque
806 5741 862 5793 in
888 5748 1054 5812 utero,
1105 5741 1234 5812 sicut
1263 5750 1311 5794 et
1340 5740 1435 5794 nas
1465 5748 1693 5806 tempore
1715 5743 1908 5808 portati

308 5802 514 5879 sanius,
535 5819 642 5868 etc.
677 5802 869 5884 (Epist.
892 5802 974 5865 ἀα
1005 5809 1343 5881 Trallianos).

2073 3759 2100 3800 ά
2131 3763 2435 3837 Νθβιριὶελιιί
2462 3763 2596 3837 duas
2639 3767 2694 3837 in
2739 3763 2958 3837 Christo
3007 3780 3267 3837 personas
3295 3764 3602 3837 contingen-

2003 3842 2106 3898 tes,
2137 3835 2332 3890 deinde
2363 3833 2537 3906 Patris
2563 3853 2627 3891 ac
2656 3835 2888 3906 Spiritus
2925 3833 3098 3906 saan
3125 3836 3257 3906 alias
3281 3833 3416 3906 duas
3443 3833 3606 3906 conii-

2005 3912 2181 3973 tentes
2221 3913 2276 3957 et
2309 3905 2627 3968 adorantes,
2669 3903 2917 3973 quartam
2964 3905 3017 3958 in
3058 3903 3318 3973 Trinitate
3355 3903 3605 3957 admitte-

2006 3972 2137 4045 bant
2165 3983 2222 4028 et
2256 3973 2522 4045 colebant
2567 3972 2876 4045 persenam.
2902 3975 2991 4045 Ah
3021 3973 3104 4028 his
3135 3972 3435 4045 _fascinatus_
3462 3973 3604 4045 Ana-

2009 4041 2843 4114 stasiusfitnperator'prtecepit
2889 4041 3317 4114 Quaternitatetn
3367 4043 3603 4114 adorari,

2011 4128 2116 4166 non
2149 4111 2465 4168 Trinitatem
2492 4133 2503 4168 :
2529 4111 2750 4185 propter
2769 4111 2919 4185 quod
2949 4112 3154 4169 facinus
3196 4113 3400 4185 caelesti
3424 4113 3601 4169 {illini-

2006 4198 2074 4256 ne
2097 4197 2401 4256 percussus,
2429 4183 2680 4256 miseram
2695 4183 2925 4256 animam
2941 4185 3240 4249 exhalavit,
3263 4185 3339 4239 uti
3370 4183 3603 4256 Pompo-

2003 4254 2124 4327 nius
2155 4253 2331 4327 uetus
2360 4255 2411 4309 in
2430 4254 2709 4327 _Vitarejus
2737 4262 2792 4310 et
2818 4255 2909 4310 alii
2946 4258 3219 4327 memoria:
3252 4253 3602 4327 prodiderunt

2005 4322 2216 4395 (Pomp.
2251 4324 2383 4380 Ltet.
2417 4322 2670 4392 Blondus,
2703 4327 2742 4382 l.
2771 4342 2826 4381 ιι.
2860 4326 3043 4381 deead.
3078 4326 3150 4388 l).

2079 4406 2101 4432 υ
2132 4395 2265 4469 Ha:c_
2287 4395 2387 4450 fuit
2432 4395 2690 4469 Eutychis
2717 4405 2773 4452 et
2803 4397 3126 4469 asseclarum
3171 4397 3287 4467 ejus
3328 4398 3597 4467 impietas,

2001 4480 2106 4536 qua
2129 4475 2187 4520 ut
2201 4466 2456 4538 adversus
2481 4466 2788 4523 Nestorium
2815 4483 2973 4523 unam
2998 4469 3050 4522 in
3070 4466 3288 4523 Christo
3308 4466 3594 4538 personam

2004 4537 2399 4593 contentiosius
2423 4540 2796 4603 constitueret,
2841 4539 3206 4603 imprudenter
3231 4537 3389 4595 simul
3417 4549 3472 4594 et
3500 4541 3601 4595 im-

1930 4593 1982 4654 D
2005 4607 2270 4679 pudenter
2297 4609 2349 4664 in
2379 4593 2447 4665 eo
2469 4593 2552 4666 sic
2580 4593 2822 4665 contudit
2848 4593 3193 4676 substantias,
3227 4593 3284 4664 in
3307 4593 3600 4664 hamati.
3629 4635 3636 4640 -

2005 4676 2286 4752 anlrmarit
2312 4680 2391 4735 sic
2418 4682 2727 4752 absorptam
2765 4697 2796 4735 a
2825 4681 3023 4744 divina,
3062 4682 3225 4735 immo
3266 4682 3338 4733 ita
3369 4681 3420 4752 i_n
3449 4695 3600 4752 eam-

1941 4745 1958 4770 '
2006 4748 2129 4821 dem
2155 4759 2414 4804 mutatam
2440 4761 2495 4806 et
2522 4745 2867 4815 transfusam,
2896 4760 2954 4805 ut
2974 4752 3187 4821 penitus
3213 4764 3340 4821 esse
3359 4749 3598 4806 desierit.

2007 4818 2177 4892 llujus
2227 4822 2519 4892 impietatis
2570 4823 2863 4878 acerrimus
2906 4818 3277 4892 propugnator
3316 4818 3602 4878 Dioscorus

2008 4838 2177 4889 Hujus
2227 4838 2519 4947 tmgtetatts
2570 4838 2863 4878 acerrimus
2906 4838 3278 4903 propugnator
3316 4838 3597 4878 Dioscorus

2008 4891 2163 4965 Alex.
2219 4907 2302 4947 ate
2341 4900 2437 4947 at:
2469 4891 2732 4965 Christum
2772 4891 3062 4965 ea:_duabus
3104 4899 3307 4946 naturis
3350 4895 3597 4965 suscipio,

2010 4962 2149 5035 quas
2159 4973 2376 5035 naturas
2406 4964 2798 5035 nonsnsc‘ipiet.
2831 4962 3120 5035 Damn‘atos
3160 4979 3321 5035 porro
3351 4979 3379 5017 a
3423 4962 3602 5019 conci-

2013 5031 2084 5106 lio
2112 5030 2533 5106 Chalcedonensi
2562 5033 2928 5106 defendendos
2955 5034 3055 5106 sibi
3082 5030 3423 5106 sumpserunt
3469 5035 3603 5106 lice-

2014 5102 2538 5182 pha_li,__Cnapheani,
2564 5103 2954 5182 Philoponiani,
2970 5102 3374 5182 Monoph'ysitm,
3399 5119 3464 5182 ac
3490 5102 3602 5182 blo-

2013 5170 2287 5246 nothelita:
2305 5170 2593 5246 {adeoque
2621 5170 2979 5244 invaluerunt,
3006 5186 3065 5233 ut
3093 5170 3262 5233 totu'm
3289 5175 3398 5246 fere
3423 5170 3603 5246 Orien-

2013 5251 2215 5322 temﬁet
2235 5245 2443 5322 _Afr_i_c:e
2470 5240 2576 5304 non
2607 5249 2852 5322 exiguam
2883 5240 3603 5322 parteminl'ecerintk‘ielut

2010 5330 2078 5391 ex
2100 5314 2296 5391 "Paulo
2311 5318 2590 5391 diacono,
2618 5309 2919 5391 Nicephoro
2934 5359 2968 5391 ,ί
2994 5317 3281 5391 Euthymio
3323 5320 3377 5366 ει
3415 5309 3602 5391 Σέξφέ

2009 5384 2168 5460 facile
2197 5389 2484 5456 colligitur.
2520 5379 2787 5460 Adversus
2832 5379 3202 5460 hasbmresés‘
3215 5385 3294 5460 ita
3323 5379 3600 5460 scribit

2013 5457 2260 5514 Gelasius
2289 5450 2426 5530 papa
2452 5479 2463 5514 :
2497 5459 2609 5515 Nec
2634 5462 2761 5516 duas
2787 5473 3036 5530 personas
3075 5457 3129 5507 in
3162 5452 3385 5530 Christo
3412 5450 3604 5530 intelli-

2015 5531 2201 5602 gimus,
2233 5520 2324 5599 pe'r
2361 5520 2416 5585 id
2442 5532 2578 5602 quod
2607 5520 2834 5602 dicimus
2866 5530 2996 5580 duas
3025 5530 3271 5602 naturas,
3299 5528 3353 5574 ut
3373 5520 3604 5602 “ladano:-

2015 5591 2505 5658 iionis'd'ivisionein
2553 5605 2724 5672 facere
2751 5591 3224 5672 uideamurzyet‘ﬁt.
3249 5592 3406 5663 (quod
3444 5591 3601 5672 absit)

2015 5676 2368 5739 quaternitas,
2411 5690 2513 5726 non
2547 5659 2802 5729 Trinitas,
2847 5667 2976 5739 sicut
3009 5659 3294 5739 Nestorius
3329 5664 3482 5718 sentit
3525 5659 3608 5718 in;

1975 5787 1984 5794 .
2017 5727 2194 5796 έαηιιε.
2223 5727 2333 5797 Nec
2357 5727 2738 5810 Iconj’undimus
2780 5727 2986 5810 easdem
3030 5727 3208 5810 unita!
3239 5744 3476 5810 naturas,
3495 5749 3610 5810 cum

2020 5795 2484 5882 unnmpersonam'
2506 5809 2829 5878 conﬁtentur,
2852 5816 2905 5860 ut
2935 5801 3126 5874 impius
3152 5795 3410 5878 Eutyches
3430 5795 3608 5858 credit.
