4108 6348
1945 312 2217 372 ΔΚΝΟΒΙΙ
2253 311 2556 374 JllNlORIS

3785 312 3890 368 εει

617 431 932 510 animantis
961 427 1356 498 transmigratio
1371 427 1630 486 inlisum.
1649 458 1720 470 —
1739 425 2006 482 Arnobius
2025 425 2190 482 dixit:
2221 429 2270 490 Α
2299 427 2577 502 mysterio,
2610 425 2752 496 quod
2785 427 2899 497 ipse
2917 427 3084 490 novit,
3111 427 3202 496 qui
3231 427 3486 498 quoniam
3511 435 3680 484 totum
3717 431 3890 484 susci-

617 519 734 578 Noa
775 521 856 580 vis
883 519 1062 576 dicere
1093 539 1106 572 :
1141 518 1396 578 ﬂuuiana
1429 519 1742 576 substantia:
1779 518 2092 588 corruptio?
2119 517 2198 572 ls-

617 623 726 672 tatn
753 613 896 672 extim
925 613 1448 682 transmisi-stionem
1491 613 1802 672 substantiae
1848 612 1894 666 si
1933 611 2048 666 tibi‘
2067 626 2198 666 con-
2235 637 2240 642 -

615 717 854 772 cessero,
901 705 1300 774 corruptionem
1341 704 1622 774 probabis;
1667 713 1722 760 et
1763 702 2030 760 videbitur
2057 702 2197 758 Deus

617 811 716 866 per
743 795 1062 852 infusiouem
1091 811 1244 852 suam
1283 811 1318 854 a
1341 803 1484 854 statu
1506 811 1604 856 suo
1631 795 1786 864 quasi
1813 795 2074 850 inclusum
2103 809 2198 849 ex-

615 889 836 944 clusisse
881 889 1256 944 substantiam.
1301 921 1376 934 —-
1415 887 1674 958 Serapion
1717 887 1852 950 dixit
1883 905 1894 940 :
1927 887 2044 944 Non
2101 887 2196 942 tibi

609 980 876 1038 inclusum
905 997 1002 1050 per
1029 996 1194 1052 quam
1215 981 1566 1039 humillimam
1606 996 1758 1036 suam
1785 971 2142 1036 substantiam
2165 993 2196 1032 a

613 1079 758 1130 statu
803 1086 904 1134 suo
943 1071 1192 1136 exclusit,
1225 1079 1284 1126 ut
1319 1072 1482 1128 horno
1509 1077 1870 1126 reverteretur
1914 1071 1968 1126 in
2007 1070 2194 1134 Deum,

614 1177 722 1218 non
745 1161 885 1218 Deus
913 1170 1216 1218 verteretur
1240 1163 1294 1216 in
1318 1162 1625 1218 hominem?
1643 1195 1714 1206 —
1735 1161 2002 1218 Arnobius
2027 1159 2190 1214 dixit:

613 1253 732 1310 Non
759 1255 936 1310 solum
955 1271 988 1308 a
1011 1263 1156 1312 statu
1187 1269 1286 1310 suo
1315 1269 1426 1310 non
1449 1261 1536 1310 est
1563 1253 1776 1310 exclusa
1803 1253 2035 1308 humana
2069 1251 2195 1310 sub—

613 1346 832 1410 stantia,
865 1347 960 1402 sed
1013 1345 1068 1402 in
1093 1353 1236 1402 statu
1287 1361 1386 1402 suo
1427 1345 1596 1414 magis
1625 1353 1708 1400 est
1749 1344 2021 1400 roborata.
2062 1343 2192 1400 Nam

611 1438 754 1494 sicut
791 1445 961 1496 status
995 1436 1318 1504 virginitatis
1355 1429 1552 1504 Mariis,
1595 1434 1814 1491 homine
1849 1442 2109 1504 concepto
2143 1441 2197 1488 et

614 1535 794 1598 parte,
825 1542 934 1584 non
959 1535 1042 1582 est
1071 1541 1138 1582 ex
1165 1541 1260 1582 sua
1289 1526 1594 1596 integritate
1621 1525 1876 1594 deiectus,
1910 1524 2000 1580 sed
2027 1523 2195 1592 magis

613 1625 700 1678 est
751 1617 1007 1686 integrior
1047 1617 1248 1684 factus;
1299 1618 1372 1672 ita
1399 1624 1572 1680 status
1611 1617 1856 1672 humanae
1883 1615 2196 1670 substantia:

613 1709 670 1766 in
696 1709 959 1768 infusieno
985 1709 1186 1778 divina,
1234 1711 1328 1778 ita,
1377 1711 1614 1780 inquam,
1658 1717 1742 1766 est
1779 1707 1972 1764 fortior
1999 1707 2189 1770 factus,

2299 520 2456 588 piens
2479 519 2628 590 quod
2655 527 2736 576 est
2767 520 3019 586 hominis,
3065 519 3226 575 horno
3255 529 3368 586 est;
3411 528 3582 576 totum
3609 521 3888 592 accipiens

2297 612 2446 680 quod
2473 611 2569 666 Dei
2597 621 2682 668 est
2713 631 2724 664 :
2758 613 2895 668 alius
2923 628 3080 682 quam
3110 611 3254 668 Deus
3305 627 3426 668 esse
3453 628 3560 668 non
3587 621 3794 684 potest.
3821 647 3888 658 —

2297 702 2564 774 Serapion
2587 703 2725 766 dixit
2753 722 2764 758 :
2799 703 2864 760 Et
2907 705 2952 758 si
2979 704 3288 761 incarnatus
3311 711 3414 768 est,
3449 712 3506 758 ut
3535 704 3760 767 asseris,
3793 705 3888 758 im-

2297 796 2517 860 mixtus,
2539 795 2809 864 quomodo
2833 811 2940 852 non
2959 805 3042 866 est
3071 794 3210 852 faeta
3237 795 3518 852 diminutio
3540 796 3738 852 divinae
3767 797 3888 852 sub-

2295 887 2538 942 stantiae?
2565 919 2638 930 -—-
2665 887 2930 942 Arnobius
2957 887 3086 944 dicit
3117 905 3130 939 :
3165 886 3259 942 Est
3289 902 3354 942 ne
3383 887 3586 956 aliquid
3615 888 3770 956 quod
3798 897 3884 942 aut

2300 992 2408 1038 non
2437 977 2606 1047 possit
2645 975 2806 1042 Deus,
2853 973 2946 1032 aut
2973 977 3216 1032 neseiat?
3243 976 3506 1048 Serapion
3533 977 3672 1032 dixit
3705 995 3716 1028 :
3751 975 3886 1034 Nihil

2297 1076 2384 1124 est
2405 1069 2548 1137 quod
2579 1084 2686 1124 non
2717 1069 2886 1138 possit
2914 1069 3070 1133 Deus,
3115 1069 3246 1124 nihil
3275 1077 3358 1123 est
3383 1068 3528 1138 quod
3557 1069 3788 1124 nesciat.
3819 1102 3884 1111 —

2297 1160 2567 1228 Arnobius
2589 1159 2726 1214 dixit
2757 1178 2768 1212 :
2795 1159 2936 1228 Ergo
2961 1161 3006 1214 si
3027 1159 3146 1224 scit,
3177 1165 3232 1213 et
3251 1167 3432 1230 potest
3450 1157 3479 1196 b
3511 1159 3630 1214 sine
3657 1160 3744 1214 sui
3767 1175 3882 1216 cor-

2295 1254 2548 1324 ruptione
2594 1254 2830 1320 misceri,
2879 1255 3018 1310 sicut
3045 1254 3224 1324 potuit.
3267 1254 3537 1308 hominem
3587 1253 3880 1321 suscipere,

2297 1345 2374 1400 ita
2419 1353 2478 1400 ut
2504 1345 2635 1400 nihil
2679 1345 2730 1400 ei
2771 1345 3040 1414 augmenti
3081 1345 3149 1400 de
3197 1347 3539 1416 susceptione
3567 1343 3878 1410 accederet;

2295 1435 2452 1490 scivit
2477 1443 2534 1490 et
2561 1437 2734 1506 potuit
2763 1445 2822 1490 ut
2847 1444 3022 1492 totum
3063 1451 3120 1492 se
3165 1435 3486 1504 infunderet,
3537 1445 3592 1492 et
3621 1436 3764 1490 nihil
3793 1451 3874 1492 ac-

2297 1528 2504 1598 ciperet
2529 1521 2855 1584 det'rimcnti.

2370 1619 2438 1674 Χ.
2469 1652 2540 1664 —-
2567 1619 2828 1692 Serapion
2857 1620 2992 1676 dixit
3019 1640 3031 1674 :
3073 1621 3200 1690 Quae
3229 1622 3368 1678 ratio
3406 1627 3459 1676 te
3491 1621 3792 1692 compellit,
3827 1629 3876 1676 ut

2295 1711 2726 1782 quotiescunque
2753 1713 2820 1768 de
2849 1713 2984 1768 Filio
3014 1713 3128 1778 Dei,
3175 1725 3196 1752 ε
3227 1715 3318 1783 qui
3347 1721 3429 1770 est
3457 1713 3602 1768 Deus
3630 1722 3792 1768 natus
3819 1729 3872 1768 ex

613 1809 678 1860 ut
703 1801 960 1872 quidquid
993 1817 1090 1874 per
1113 1802 1609 1874 prmvaricationem
1637 1800 1764 1855 Adae
1791 1798 2090 1868 fragilitatis
2119 1798 2193 1854 in-
2221 1805 2272 1866 B
2295 1801 2482 1872 Maria,
2515 1804 2768 1874 loqueris,
2800 1821 2906 1860 non
2927 1805 3099 1860 solum
3113 1805 3245 1860 dicis
3271 1806 3410 1860 utsit
3425 1804 3588 1860 Maria
3605 1807 3864 1870 exoriatur;

611 1901 874 1962 currerat,
897 1909 994 1964 per
1015 1894 1438 1964 assumptiouem
1461 1893 1554 1948 Dei
1581 1893 1794 1962 penitus
1815 1907 1920 1948 non
1949 1891 2190 1958 haberet,

613 1993 670 2044 et
691 1984 894 2045 ﬁrmius
909 2001 1016 2042 sure
1029 1985 1337 2054 integritate
1355 1983 1668 2050 substantia:
1689 1982 2008 2054 possideret,
2031 1995 2192 2051 quam

609 2078 726 2149 ipse
755 2079 922 2134 Adam
951 2087 1076 2136 ante
1101 2094 1252 2134 suam
1281 2077 1774 2150 praevaricationem
1796 2075 2049 2147 possedit.

680 2167 772 2226 ιχ.
795 2199 868 2212 —-
887 2169 1146 2241 Serapion
1173 2170 1306 2226 dixit
1337 2188 1350 2224 :
1381 2169 1564 2224 Densis
1591 2169 1888 2228 substantia
1915 2183 2036 2224 cum
2066 2167 2192 2250 sub?-

609 2263 774 2330 sistit,
803 2271 898 2320 aut
925 2278 1118 2334 magna
1160 2271 1262 2332 est,
1293 2271 1348 2318 et
1371 2278 1538 2334 parva
1577 2278 1686 2318 non
1717 2271 1832 2330 est;
1862 2269 1954 2318 aut
1997 2261 2193 2330 regalis

609 2363 714 2422 est,
743 2363 801 2410 et
825 2357 1038 2426 privata
1069 2371 1175 2412 non
1213 2362 1326 2422 est;
1365 2362 1461 2410 aut
1501 2355 1838 2420 immortalis,
1868 2362 1923 2410 et
1949 2354 2191 2410 mortalis

609 2445 722 2502 non
747 2455 864 2512 est;
913 2455 1005 2502 aut
1031 2447 1186 2506 dives
1229 2455 1329 2514 est,
1365 2453 1422 2500 et
1463 2447 1784 2518 paupercula
1815 2461 1921 2502 non
1950 2455 2062 2510 est;
2099 2453 2192 2502 aut

611 2535 790 2592 divina
814 2546 918 2602 est,
947 2545 1002 2592 et
1031 2538 1266 2594 humana
1291 2555 1398 2596 non
1419 2545 1520 2594 est.
1546 2538 1626 2594 Tu
1651 2547 1832 2594 autem
1859 2537 2191 2596 confundens

613 2630 814 2695 omnia,
859 2645 1028 2688 unum
1082 2639 1138 2686 et
1183 2630 1390 2688 duobus
1432 2643 1576 2686 stare
1621 2630 1748 2686 dum
1793 2629 2043 2700 denegas,
2089 2646 2192 2686 nec

613 2721 780 2782 Deum
831 2724 986 2780 nobis
1012 2739 1218 2791 verum,
1259 2739 1358 2780 nec
1409 2723 1683 2778 hominem
1713 2738 1896 2778 verum
1935 2723 2190 2792 pncvales

607 2815 859 2872 educere.
884 2847 956 2858 —
981 2815 1252 2872 Arnobius
1277 2815 1414 2872 dixit
1443 2833 1454 2868 :
1479 2814 1618 2870 Audi
1655 2814 1784 2883 quid
1809 2813 1988 2870 dixisti
2016 2833 2028 2868 ;
2059 2813 2187 2876 0m-

509 2959 512 2964 .
607 2906 694 2960 nis
717 2905 1019 2962 substantia
1045 2913 1140 2962 aut
1167 2921 1362 2976 magna
1381 2914 1484 2974 est,
1511 2913 1568 2960 et
1593 2921 1759 2978 parva
1785 2921 1898 2962 non
1927 2914 2030 2960 est.
2063 2903 2190 2962 Sin-

605 2999 830 3066 gulatim
883 3000 976 3054 tibi
1025 3015 1258 3070 expono,
1307 3001 1356 3056 si
1397 3000 1571 3058 nescis
1604 3019 1616 3052 :
1645 2998 1702 3054 In
1751 2999 1977 3056 unic0'F
1982 3000 2070 3056 ilio
2095 2999 2188 3056 Dei

609 3091 742 3164 duas
767 3106 888 3146 esse
916 3091 1242 3146 substantias
1269 3091 1527 3162 profiteor
1547 3099 1601 3148 et
1629 3093 1862 3160 assiguo.
1895 3091 2066 3146 liabet
2093 3107 2189 3162 per

2295 1895 2392 1950 sed
2421 1911 2633 1966 semper
2675 1899 2778 1953 hoc
2807 1899 3076 1962 nominas,
3123 1899 3265 1970 quod
3311 1897 3478 1952 Filius
3507 1897 3746 1952 hominis
3781 1903 3870 1962 est,

2297 1994 2358 2040 ut
2383 1988 2452 2044 sit
2473 1987 2636 2044 Maria
2667 1991 3028 2061 Χριστος-ὁκοςῖ
3043 1989 3382 2046 -——Arnohius
3403 1990 3538 2044 dixit
3563 2009 3574 2041 :
3603 1989 3754 2044 Sicut
3781 2003 3868 2056 ego

2297 2093 2572 2148 nunquam
2599 2082 2934 2155 Χριστοτόκον
2950 2082 3064 2136 sine
3079 2091 3208 2138 Θεοτ
3219 2079 3322 2138 fatos
3349 2077 3490 2148 dico,
3509 2089 3565 2136 ct
3585 2089 3644 2136 tu
3671 2081 3740 2136 ita
3755 2097 3868 2136 con-

2301 2171 2504 2228 iitendo
2547 2173 2837 2230 confirmas
2863 2167 3020 2230 fidem
3051 2183 3214 2240 tuam,
3247 2183 3302 2230 et
3331 2175 3450 2232 finis
3497 2176 3660 2244 hujus
3689 2185 3864 2230 nostra:

2291 2251 2658 2320 altercationis
2671 2265 2920 2320 occurrit.
2937 2299 3007 2308 -
3021 2264 3282 2336 Serapion
3297 2266 3431 2322 dixit
3453 2284 3466 2318 :
3488 2263 3640 2320 Unde
3658 2267 3748 2320 tibi
3763 2267 3864 2322 haec

2289 2355 2588 2412 auctoritas
2635 2356 2794 2426 hujus
2841 2357 3166 2414 definitionis
3211 2359 3463 2414 advenit?
3501 2392 3574 2406 -ρ
3617 2359 3859 2414 Arnobius

2291 2444 2426 2499 dixit
2455 2463 2468 2498 :
2499 2445 2742 2518 Apostoli
2765 2444 2914 2502 Pauli
2941 2463 3046 2502 non
3075 2449 3154 2504 vis
3173 2449 3416 2518 recipere
3445 2449 3546 2504 hoc
3573 2449 3706 2520 quod
3732 2449 3852 2504 dixit

2291 2539 2654 2596 testimonium
2687 2559 2700 2594 :
2729 2539 2924 2598 Factus
2949 2550 3023 2598 est
3051 2544 3247 2614 primus
3287 2543 3436 2598 homo
3465 2545 3518 2596 in
3547 2545 3766 2596 animum
3791 2543 3858 2596 ri-

2273 2671 2276 2674 -
2292 2639 2504 2692 t‘entem,
2523 2633 2826 2688 novissimus
2841 2633 2991 2688 [tome
3011 2635 3066 2688 in
3079 2636 3316 2704 spiritum
3331 2635 3674 2705 viviﬁcantem
3690 2635 3730 2704 (l
3751 2634 3853 2688 Cor.

2291 2735 2399 2786 xiv,
2431 2719 2518 2792 45)
2538 2722 2561 2775 ?
2585 2751 2654 2764 -—
2689 2721 2951 2794 Serapion
2977 2724 3110 2778 dixit
3141 2745 3152 2777 :
3189 2725 3280 2778 Dic
3307 2725 3435 2780 mihi
3465 2740 3574 2796 quo
3599 2726 3778 2780 ordine
3809 2732 3854 2780 tu

2291 2812 2452 2868 istum
2475 2828 2688 2870 sensum
2711 2815 2982 2886 accipias?
3005 2850 3074 2858 -—-
3093 2815 3358 2874 Arnobius
3381 2817 3514 2872 dixit
3547 2837 3559 2870 :
3587 2817 3706 2888 Ipse
3725 2817 3852 2887 Apo-

2289 2903 2461 2958 stolus
2489 2905 2599 2960 suis
2639 2906 2818 2960 verbis
2847 2907 2952 2962 hoc
2977 2907 3122 2976 quod
3151 2908 3258 2964 dixi
3289 2909 3616 2980 explanavit,
3650 2910 3816 2964 dicens
3841 2927 3850 2958 :

2291 2992 2550 3057 Quoniam
2577 3013 2670 3067 per
2697 2997 2954 3054 hominem
2997 3016 3156 3064 mors,
3199 3009 3248 3053 et
3296 3017 3386 3072 per
3415 3001 3672 3056 hominem
3701 3017 3851 3056 rem-

2291 3089 2449 3144 rectio
2476 3098 2812 3146 mortuorum.
2837 3089 2908 3144 Et
2935 3093 3064 3148 sicut
3103 3094 3156 3146 in
3181 3093 3344 3150 Adam
3371 3109 3543 3150 omnes
3571 3096 3848 3154 moriuntur,

611 3163 1000 3240 humanitatem
1025 3191 1083 3238 ω
1101 3197 1228 3238 vere
1255 3183 1429 3238 ωίηοι·
1449 3181 1610 3238 Pau-e
1629 3177 1700 3238 sit
1729 3183 1908 3254 (lam,
1937 3199 2043 3248 χιγ,
2067 3183 2181 3252 28);
2209 3163 2257 3228 C
2289 3177 2362 3230 ita
2383 3179 2436 3232 in
2462 3176 2666 3236 Clu-isto
2695 3179 2722 3216 ά
2746 3197 2921 3238 onmes
2951 3183 3271 3254 riviﬁcantnr
3311 3171 3354 3252 (l
3381 3183 3504 3240 Cor.
3533 3200 3621 3248 xv,
3646 3175 3730 3246 Ἦ,
3756 3181 3849 3252 2‘2).

603 3273 772 3330 habet
797 3273 937 3330 unde
1203 3287 1329 3328 vero
1370 3274 1598 3344 sumpsit
1619 3289 1688 3330 ex
1717 3281 1992 3344 tempore;
2025 3274 2188 3330 habet

609 3365 752 3424 ttttde
779 3379 904 3420 vere
945 3365 1018 3422 sit
1045 3363 1404 3435 inpassibilis,
1445 3363 1610 3422 habet
1660 3370 1716 3418 et
1756 3361 1896 3420 unde
1923 3363 2187 3440 passibilis

601 3457 840 3522 exstitit;
873 3456 1034 3512 habet
1063 3455 1204 3514 unde
1230 3469 1360 3512 vere
1385 3455 1702 3514 immortalis
1728 3455 1830 3521 sit;
1863 3454 2020 3510 habet
2046 3453 2186 3514 unde

609 3563 734 3604 vere
762 3549 832 3603 sit
859 3555 1100 3603 mortuus
1145 3556 1200 3603 et
1236 3547 1503 3618 sepultus;
1537 3547 1698 3601 habet
1736 3546 1878 3601 unde
1916 3561 2185 3616 nunquam

609 3643 840 3698 cessavit
859 3642 1058 3704 vivere,
1092 3649 1148 3696 et
1173 3643 1339 3696 vitam
1368 3641 1616 3695 omnibus
1649 3639 1740 3710 qui
1759 3640 1943 3694 vivunt
1965 3653 2066 3694 suo
2095 3653 2184 3694 ar-

608 3733 770 3792 bitrio
796 3733 1138 3802 dispensare;
1177 3733 1364 3792 habuit
1414 3733 1576 3788 etiam
1615 3731 1756 3790 unde
1803 3733 1940 3792 inter
1983 3734 2186 3790 animas

605 3825 982 3882 defunctorum
1009 3825 1245 3882 animam
1274 3825 1517 3896 corporis
1546 3825 1628 3880 sui
1654 3821 1888 3880 defuncti
1921 3825 1997 3880 ire
2025 3825 2092 3878 ad
2113 3825 2187 3880 in-

605 3919 750 3975 feros
777 3921 1134 3990 pemittcret,
1165 3927 1220 3974 et
1246 3920 1422 3974 redire
1451 3919 1569 3988 (Pa.
1623 3919 1736 3988 xv).
1767 3927 1792 3958 ⁸·
1823 3918 2020 3974 Habuit
2045 3919 2186 3974 unde

603 4009 792 4066 mortis
841 4010 1124 4082 imperium
1163 4007 1501 4080 subiugatum
1547 4017 1782 4075 teneret;
1833 4009 2016 4064 habuit
2043 4009 2186 4065 unde

605 4104 798 4158 mortis
825 4103 1130 4172 subiaceret
1157 4103 1384 4173 imperio
1415 4099 1573 4172 (Heb.
1607 4119 1664 4168 ιι,
1689 4101 1798 4174 li).
1823 4101 2018 4160 liabui-t
2045 4103 2186 4159 unde

601 4193 844 4262 aploraret
861 4193 1194 4259 defunctum,
1223 4202 1282 4250 et
1303 4195 1358 4250 in
1383 4205 1452 4250 eo
1479 4203 1596 4250 erat
1611 4195 1750 4250 unde
1771 4195 1985 4263 juberet
2013 4196 2184 4266 ipsum

605 4287 770 4351 minoia
817 4283 1062 4353 plorabat
1103 4293 1378 4339 mortuum
1425 4285 1672 4338 suscitari
1699 4283 1881 4354 (Joan.
1931 4301 2005 4348 χι,
2041 4284 2112 4338 55
2135 4294 2186 4338 et

607 4373 720 4442 44).
753 4372 820 4428 Et
843 4373 956 4428 haec
997 4374 1135 4430 ratio
1165 4371 1466 4430 Divi'nitatls
1495 4371 1630 4444 eius,
1655 4381 1714 4426 ut
1741 4387 1862 4428 cum
1900 4373 2032 4430 duas
2059 4375 2186 4429 istas

607 4465 978 4532 integerrimas
1004 4463 1332 4522 substantias
1362 4461 1576 4528 habeat.
1609 4477 1772 4520 unum
1797 4471 2000 4520 tantum
2029 4465 2082 4520 in
2104 4465 2187 4519 his

2289 3298 2360 3310 —
2399 3269 2662 3344 Serapion
2686 3273 2820 3328 dixit
2853 3292 2864 3328 :
2897 3261 3070 3330 Video
3095 3275 3236 3344 quod
3284 3275 3490 3332 moliris
3527 3285 3778 3340 astruere,
3804 3281 3852 3329 ut

2288 3363 2414 3432 quia
2444 3365 2498 3418 in
2529 3365 2776 3424 isto-loco
2801 3366 3041 3422 nominat
3065 3365 3353 3436 Apostolus
3381 3367 3648 3424 hominem
3675 3367 3847 3430 solum,

2287 3469 2397 3510 non
2419 3455 2582 3510 etiam
2602 3453 2790 3522 Deum,
2819 3455 3065 3512 docuisse
3089 3457 3332 3512 videatur
3353 3458 3745 3514 resurrectionis
3763 3472 3848 3512 no-

2287 3550 2412 3596 stra:
2439 3543 2662 3610 gloriam
2688 3543 2982 3600 celebrare.
3015 3579 3084 3588 -—
3110 3543 3377 3601 Arnobius
3403 3547 3536 3602 dixit
3565 3543 3841 3600 :Cbristum

2287 3635 2502 3703 quando
2525 3635 2692 3703 audis,
2719 3644 2775 3692 et
2801 3653 2904 3691 non
2929 3637 3079 3692 audis
3101 3647 3297 3694 sancta:
3321 3639 3495 3694 Maria:
3521 3637 3726 3705 Virginis
3751 3633 3834 3688 Fi-

2289 3723 2436 3790 lium,
2469 3726 2608 3781 scias
2637 3733 2692 3780 te
2725 3735 2747 3763 ο
2773 3743 2934 3781 unum
2963 3743 3030 3782 ex
3057 3728 3217 3782 rebus
3244 3727 3540 3784 ludarorum
3559 3726 3764 3781 audire:
3792 3735 3844 3779 et.

2289 3815 2409 3870 ileo
2428 3815 2704 3872 hominem
2746 3817 2888 3874 hunc
2927 3819 3100 3874 solum
3130 3829 3246 3876 esse
3267 3820 3414 3890 justa
3453 3821 3655 3876 ratione
3679 3817 3843 3873 ﬁrma-

2285 3926 2424 3966 mus.
2457 3911 2692 3980 Virginis
2717 3921 2896 3968 autem
2923 3912 3113 3968 Filium
3142 3911 3310 3970 Deum
3353 3925 3408 3971 et
3445 3915 3708 3972 Christum
3743 3925 3848 3967 esse

2285 4003 2548 4058 catholica
2577 4003 2836 4060 ﬁdelitate
2853 4005 2959 4061 hoc
2985 4005 3174 4060 ordine
3191 4007 3531 4072 conﬁtemur,
3559 4015 3618 4060 ut
3645 4003 3846 4076 gloriam

2286 4107 2444 4168 quam
2473 4095 2764 4153 humanum
2791 4112 2958 4168 genus
2977 4103 3076 4168 per
3100 4099 3331 4170 primum
3369 4101 3644 4156 hominem
3688 4101 3851 4154 amise-

2285 4198 2370 4244 rat
2391 4205 2486 4259 per
2515 4189 2674 4246 istum
2714 4185 2904 4246 Filium
2937 4185 3184 4262 Virginis,
3215 4193 3306 4264 qui
3338 4193 3478 4252 Deus
3503 4205 3558 4250 et
3579 4193 3760 4258 homo,
3801 4193 3848 4248 iu

2285 4285 2596 4354 centuplum
2635 4286 2834 4340 mlius
2875 4293 3236 4356 recuperaret.
3285 4288 3416 4342 Nam
3462 4289 3694 4357 paradisi
3725 4287 3850 4355 regio

2287 4388 2386 4444 per
2405 4375 2634 4444 primum
2663 4375 2934 4430 hominem
2963 4377 3158 4446 icgitur
3195 4378 3360 4434 fuisse
3387 4379 3621 4444 sublata,
3665 4395 3756 4452 per
3779 4365 3868 4432 se?

2288 4455 2520 4527 cundum
2556 4486 2686 4526 vero
2708 4469 2978 4526 hominem
3009 4477 3063 4526 et
3089 4486 3255 4540 regno
3281 4469 3516 4543 paradisi
3553 4473 3850 4532 restituitur,

607 4555 814 4611 duabus
840 4555 1032 4610 Filium
1061 4555 1156 4609 Dei
1195 4553 1401 4610 credas.
1431 4575 1504 4598 -ω-
1529 4553 1792 4622 Serapion
1831 4553 1968 4608 dixit
1997 4571 2008 4606 :
2039 4553 2183 4624 Ergo
2210 4539 2263 4600 Ῑ)
2289 4567 2344 4614 et
2365 4558 2383 4598 ί
2404 4550 2642 4615 etodium
2663 4560 2991 4638 indulgentia
3013 4539 3303 4618 conici-tur:
3327 4591 3396 4604 —-
3415 4561 3684 4632 Serapion
3703 4562 3852 4618 dixit:

611 4649 1020 4708 conrersiouem
1043 4647 1298 4720 ‘aliqu‘am
1327 4648 1380 4702 in
1405 4643 1716 4718 smetipso,
1749 4645 1890 4704 unde
1925 4647 2185 4720 inciperet

605 4757 725 4798 esse
751 4737 894 4812 quod
921 4756 1030 4795 non
1059 4749 1196 4806 erat,
1237 4735 1444 4794 habuit.
1468 4757 1544 4784 '——
1567 4735 1830 4794 Arnobius
1857 4729 1990 4798 dixit
2020 4759 2030 4794 :
2067 4737 2182 4798 Non

606 4834 679 4888 ita
725 4841 806 4887 est
835 4852 848 4886 τ
893 4833 988 4888 sed
1015 4832 1194 4888 seriae
1221 4829 1416 4894 Patris,
1463 4845 1734 4900 antiquam
1761 4845 1794 4884 a
1823 4827 1982 4890 Patre
2007 4832 2181 4890 disce-

603 4923 754 4991 dens,
803 4924 966 4979 homo
993 4925 1194 4998 quippe
1245 4919 1360 4982 fieri
1415 4923 1666 4994 dignatus
1711 4927 1794 4980 est
1833 4933 2042 4981 secreto
2087 4937 2184 4984 suo

2289 4649 2432 4720 Ergo
2453 4651 2567 4706 htec
2603 4657 2752 4705 tanta
2779 4649 3038 4707 beneﬁcia
3086 4651 3248 4708 homo
3273 4653 3432 4707 nobis
3457 4653 3727 4721 praestitit,
3763 4664 3854 4704 non

2289 4741 2454 4799 Filius
2481 4741 2578 4799 Dei
2603 4741 2786 4805 Deus?
2816 4763 2885 4787 —‘-
2913 4741 3182 4800 Arnobius
3207 4743 3338 4798 diiit
3390 4763 3400 4797 :
3435 4743 3766 4798 Calumniam
3791 4739 3858 4792 vis

2289 4853 2358 4896 ex
2386 4851 2450 4892 ea
2489 4835 2654 4902 nasci,
2683 4850 2754 4890 ex
2779 4849 2883 4904 qua
2912 4843 3067 4892 natus
3093 4844 3178 4892 est
3219 4835 3310 4904 qui
3341 4851 3440 4891 nos
3467 4851 3534 4890 ex
3563 4835 3714 4890 omni
3738 4832 3856 4886 libe—

2289 4936 2436 4984 raret
2481 4936 2538 4984 et
2578 4928 2646 4984 ab
2685 4928 2832 4983 omni
2867 4935 3124 4998 peccato;
3153 4937 3209 4983 et
3249 4925 3376 4983 inde
3404 4927 3483 4982 vis
3523 4941 3613 4981 me
3643 4927 3858 4982 vinctum

1775 5029 1884 5098 FB.
1927 5042 2412 5104 FEUsARDENTll
2450 5043 2674 5102 NO‘UE.

603 5133 674 5187 Et
722 5135 776 5188 in
807 5131 1052 5202 Symboia
1081 5133 1372 5202 Athanmii,
1404 5133 1596 5187 dicitur
1635 5131 1866 5188 Christus
1892 5151 2004 5188 esse
2029 5151 2180 5202 unus,

603 5147 674 5187 Et
722 5147 776 5188 tn
807 5147 844 5189 δ
885 5147 1052 5187 moota
1081 5147 1372 5197 Athonem,
1404 5147 1596 5187 dicitur
1635 5147 1866 5188 uarium
1892 5151 2004 5188 esse
2029 5151 2178 5202 unus,

601 5221 706 5259 non
733 5147 1034 5328 coniunctio
1059 5201 1377 5268 substantiis,
1421 5203 1511 5257 sed
1539 5204 1739 5258 unitate
1769 5217 2006 5274 personui
2037 5205 2178 5276 (Lib.

601 5284 784 5328 contra
868 5281 959 5328 est.
993 5281 1042 5327 et
1063 5271 1328 5328 Romam.

599 5284 792 5354 contra
811 5271 959 5328 Neu.
985 5281 1042 5354 et
1063 5271 1328 5354 Eutych.)

675 5357 698 5382 ο·
731 5345 824 5400 His
874 5345 1088 5416 penitus
1134 5339 1329 5416 similia
1381 5339 1894 5416 scribit_Gregorius
1939 5346 2182 5414 pontifex

601 5411 891 5482 Maximus,
907 5415 999 5470 lib.
1019 5429 1144 5470 xm!
1168 5411 1376 5483 Mor-al”
1395 5427 1514 5482 cap.
1533 5411 1622 5478 27,
1640 5414 1897 5468 adversus
1909 5411 2176 5483 eumdem,

603 5485 726 5556 licet
739 5481 1034 5556 stippresso
1064 5485 1297 5549 nomine,
1329 5481 1653 5536 Nestorium.

675 5555 700 5592 ι’
729 5553 1238 5610 iam—admonuimus
1260 5559 1474 5608 veteres
1493 5567 1600 5607 non
1629 5553 1972 5608 abhorruisse
2001 5569 2030 5606 a
2051 5569 2174 5608 ver-

601 5621 684 5678 bis
729 5627 952 5690 misceri,
1005 5625 1342 5688 cmumisreri,
1389 5637 1452 5677 c
1499 5623 1760 5692 componi,
1805 5623 2020 5692 quando
2051 5624 2174 5678 inti-

603 5707 746 5746 mam
774 5693 934 5748 Vcrbi
961 5711 1082 5750 cum
1111 5709 1273 5750 carne
1299 5695 1594 5749 unitionem
1613 5730 1630 5755 ,
1671 5691 1936 5759 simulque
1988 5707 2176 5747 conse-

603 5770 856 5834 quentem
910 5767 1296 5833 proprietatum
1339 5761 1882 5819 communicationem
1910 5762 2180 5831 explicare

2291 5137 2596 5193 voluerunt.

2365 5219 2387 5246 ο
2421 5206 2588 5260 Vetus
2613 5205 2785 5260 codex
2811 5204 2974 5259 etiam
3003 5204 3092 5260 hie
3121 5203 3278 5260 valde
3303 5205 3522 5260 mutilus
3567 5214 3684 5268 est;
3715 5201 3862 5257 habet

2289 5277 2432 5331 enim
2459 5293 2470 5328 :
2508 5274 2610 5338 Qui
2631 5283 2788 5328 natus
2813 5283 2890 5328 est
2917 5291 2982 5328 ea:
3005 5273 3197 5337 Maria,
3221 5283 3280 5328 ut
3309 5277 3376 5328 sit
3407 5274 3582 5330 Maria
3603 5275 3856 5332 θεοτόκοςς

2287 5346 2378 5399 sed
2399 5361 2598 5413 semper
2625 5345 2718 5399 hoc
2747 5346 3022 5399 norninaiu
3048 5343 3181 5415 quod
3207 5346 3348 5415 ﬁlius
3377 5345 3598 5400 hominis
3623 5352 3703 5399 est
3721 5385 3734 5408 ,
3761 5349 3856 5396 etc.

2287 5415 2496 5469 Caetera
2529 5429 2626 5468 nos
2652 5415 2973 5469 addidimus.

2359 5481 2384 5520 ἀ
2415 5481 2726 5554 Communis
2745 5483 2910 5554 editio
2938 5483 3148 5545 Latina,
3175 5483 3591 5554 uim'ﬁcafmn-tnr.
3625 5481 3862 5554 Sedeunt

2287 5553 2525 5626 Arnobio
2553 5553 2754 5626 faciunt
2800 5553 3022 5626 Ruﬁnus
3051 5552 3482 5626 indispositione
3509 5552 3750 5626 Symboli
3769 5589 3784 5616 ,
3813 5553 3862 5602 et

2283 5623 2658 5686 Tertullianus,
2691 5625 2727 5676 Ι.
2755 5641 2804 5678 iv
2833 5625 3086 5682 adversus
3111 5623 3456 5680 Marcionem.

2357 5702 2382 5732 ο
2423 5691 2562 5758 Quid
2587 5695 2630 5746 si
2659 5693 2976 5758 legeremus,
2999 5711 3157 5748 unum
3183 5711 3248 5748 ea:
3279 5693 3528 5748 Rabbiuis

2362 5761 2381 5802 τ
2412 5761 2530 5818 Non
2553 5762 2694 5818 male
2719 5763 2918 5828 forsan,
2941 5766 3126 5828 omnis,
3153 5765 3240 5820 vel
3268 5763 3520 5822 omnibus.

4045 4776 4049 4914 ί

4045 4961 4049 5204 ἰ
