4108 6348
548 320 649 380 387

536 434 687 497 Audi
716 444 772 490 et
800 432 944 490 aliud
993 429 1354 487 testimonium
1406 446 1415 480 :

548 529 772 593 stellam,
804 527 967 601 gavisi
995 533 1115 579 sunt
1145 523 1336 596 gaudio
1374 539 1567 594 magno
1595 520 1764 588 valde,
1789 529 1839 575 et
1874 521 2134 574 intrantes

548 623 755 677 domum
799 621 1103 676 invenerunt
1153 631 1370 686 puerum
1422 630 1539 669 eum
1586 611 1763 667 Maria
1809 620 1977 667 matre
2020 612 2134 683 ejus

548 712 759 787 (Matth.
792 728 849 776 ιι,
882 709 942 763 II
965 710 1005 782 ).
1057 707 1263 778 Ubique
1300 707 1454 779 pueri
1500 713 1694 772 mater,
1736 720 1846 762 non
1883 704 2127 770 Deitatis,

546 806 708 876 Virgo
728 801 1070 875 praedicatur.
1106 811 1131 862 εξ
1156 799 1295 867 Quid
1324 799 1484 868 igitur
1512 797 1732 855 ordinas
1758 811 1978 853 carnem
2016 811 2133 852 ma-

541 904 678 952 trem
704 894 962 950 Deitatis?
982 892 1052 947 Et
1070 892 1232 965 paulo
1252 899 1377 963 post
1400 908 1413 944 :
1445 890 1650 962 Virgini
1666 890 1988 968 Χρωτοτὸκῳ
2002 905 2135 947 ωη-

540 988 658 1059 tigit
690 1002 885 1059 parere
918 985 1339 1051 humanitatem,
1377 984 1473 1040 Dei
1507 984 1674 1040 verbo
1707 983 1932 1040 Deitatis
1968 982 2130 1038 mini-

537 1078 782 1137 sterium.
795 1079 948 1135 —Et
965 1094 1088 1136 cum
1106 1079 1312 1147 legeret
1331 1077 1445 1132 haec
1463 1076 1973 1147 judices'dixerunt:
1994 1075 2141 1133 Hac-.

536 1183 695 1232 tenus
721 1174 957 1231 Nestorii
989 1172 1132 1230 dicta
1156 1170 1432 1228 'sul‘llciant
1464 1188 1477 1224 :
1519 1169 1651 1240 quid
1685 1169 1752 1225 ad
1788 1169 1903 1226 haec
1935 1169 2133 1225 sentiat

458 1250 461 1255 Γ
537 1266 821 1339 Serapion,
840 1265 1060 1337 pandat.
1587 1322 1591 1326 ,

607 1360 722 1415 XII.
746 1391 819 1401 —
841 1359 1104 1431 Serapion
1132 1358 1450 1431 respondit:
1482 1357 1541 1414 Si
1570 1357 1779 1413 ita’non
1804 1350 1999 1422 sentit,
2030 1370 2133 1411 nec

534 1453 708 1511 credit
733 1434 1020 1516 Arnobius,
1051 1467 1217 1522 quare
1238 1447 1544 1521 frequentat
1567 1450 1906 1526 Ipwroréxov
1925 1456 1981 1505 et
2009 1458 2131 1529 Θερ-

535 1548 721 1604 τόκονῖ
740 1580 811 1589 -
832 1547 1101 1601 Arnobius
1117 1545 1254 1601 dixit
1280 1564 1291 1599 :
1317 1543 1373 1600 Si
1393 1545 1727 1622 Χριστοτὼιον
1747 1540 1893 1608 dico,
1914 1552 1970 1598 et
1990 1558 2130 1614 nego

535 1639 797 1705 Θεοτόκον,
827 1636 857 1677 δ
885 1645 1034 1694 recte
1057 1638 1237 1708 arguis
1257 1652 1345 1693 me
1365 1637 1765 1703 Nestorianum,
1787 1636 1871 1692 vel
1891 1651 1990 1707 per
2012 1637 2129 1694 leve

534 1732 892 1788 accusationis
920 1739 1025 1787 tuae
1051 1731 1335 1802 vestigium
1380 1732 1605 1787 forsitan
1653 1731 1943 1787 accusaris.
1976 1731 2130 1788 Nunc

1872 309 2145 369 ARNUBII
2183 308 2486 368 JUNIORIS

1474 428 1719 483 Videules
1773 435 1941 481 autem
1990 427 2131 497 magi
2158 428 2399 492 Acat‘:
2429 423 2551 480 Non
2605 426 2847 481 erubesco
2907 423 3285 497 Evangelium;
3334 423 3492 478 virtus
3543 421 3685 476 enim
3731 420 3837 476 Dei

2237 520 2292 573 in
2325 519 2546 574 salutem
2583 527 2661 574 est
2699 520 2841 575 ornni
2877 519 3106 575 credenti
3153 516 3331 591 (Rom.
3365 534 3401 586 ι,
3433 514 3546 588 16).
3589 514 3672 572 Tu
3700 528 3835 587 ergo

2237 629 2362 670 eum
2389 614 2663 672 erubescis
2689 615 2795 672 hoc
2822 613 3047 671 credere
3094 613 3413 678 Dominum,
3443 625 3606 683 quem
3657 609 3860 666 Deum'

2237 705 2621 777 impassibilem
2648 707 2836 765 volens
2867 706 3174 773 ostendere,
3206 704 3556 761 liberatorem
3582 710 3830 761 nostrum

2235 799 2409 857 solum
2438 800 2715 856 hominem
2734 800 2994 870 assignas.
3028 796 3182 855 Unde
3212 811 3436 854 necesse
3460 803 3545 853 est
3569 796 3704 853 mihi
3743 796 3831 852 in-

2235 899 2513 964 terrogare
2532 899 2588 949 te
2613 911 2627 947 :
2650 891 2783 962 Quis
2799 901 2885 949 est
2910 893 3001 963 qui
3030 908 3130 964 pro
3166 891 3324 949 nobis
3341 906 3533 963 passus
3558 898 3661 957 est,
3684 889 3829 947 Deus

2235 1002 2305 1043 an
2349 988 2555 1044 homo?
2578 1020 2652 1032 -—
2672 987 2942 1043 Arnobius
2986 985 3166 1042 dixit:
3200 984 3268 1041 Et
3316 986 3483 1042 homo
3530 992 3691 1041 natus
3739 991 3828 1041 est

2234 1082 2397 1148 Deus;
2427 1089 2484 1138 et
2508 1082 2673 1139 homo
2692 1097 2883 1154 passus
2909 1089 3011 1137 est.
3029 1113 3101 1126 --
3119 1080 3383 1152 Serapion
3395 1080 3570 1137 dixit.
3603 1078 3671 1135 Et
3688 1094 3829 1150 quo-

2214 1174 2397 1246 ,modo
2425 1168 2810 1247 impassibilém
2833 1157 3002 1231 Deum
3032 1175 3129 1232 Dei
3155 1173 3350 1231 Filium
3377 1189 3409 1229 a
3436 1174 3692 1245 passione
3718 1173 3823 1229 hu-

2233 1268 2510 1323 manitatis
2534 1276 2853 1323 extraneum
2878 1266 3096 1323 reddis?
3113 1299 3187 1312 —
3205 1265 3474 1322 Arnobius
3496 1264 3636 1321 dixit
3663 1283 3678 1319 :
3708 1264 3826 1321 Sio-

2233 1367 2294 1415 ut
2314 1368 2480 1421 natus
2504 1367 2588 1416 est
2613 1375 2684 1416 ex
2708 1366 2973 1442 tempore,
3000 1374 3123 1415 cum
3149 1359 3222 1415 sit
3248 1366 3374 1415 ante
3401 1365 3650 1430 tempora
3672 1358 3827 1429 geni-

2232 1458 2339 1518 tus,
2368 1459 2425 1508 et
2451 1460 2630 1508 tamen
2660 1450 2803 1509 ﬁlius
2826 1451 3061 1511 hominis
3107 1458 3210 1519 est,
3242 1451 3315 1507 ita
3344 1459 3402 1506 et
3443 1465 3570 1506 cum
3597 1450 3669 1505 sit
3698 1464 3825 1506 vere

2231 1544 2594 1616 impassibilis,
2621 1560 2751 1602 vere
2777 1559 2968 1617 passus
2986 1552 3089 1610 est,
3119 1551 3177 1599 et
3202 1559 3324 1599 cum
3350 1543 3422 1599 sit
3442 1557 3572 1598 vere
3597 1543 3822 1599 immor~

2230 1635 2371 1703 talis,
2402 1650 2531 1691 vere
2558 1642 2802 1692 mortuus
2856 1643 2940 1691 est
2988 1650 3111 1692 cum
3163 1633 3401 1707 passibili
3430 1632 3822 1714 sum-Mortuus

2229 1736 2307 1781 est
2333 1727 2476 1783 enim
2503 1744 2570 1782 ea:
2595 1728 2906 1799 inﬁrmitate
2932 1735 3133 1794 nostra,
3162 1726 3255 1781 sed
3274 1727 3390 1781 vivit
3418 1742 3485 1781 ex
3510 1727 3703 1781 virtute
3724 1723 3821 1780 Dei

533 1837 663 1880 vero
692 1832 837 1880 totus
863 1822 1189 1879 defensionis
1216 1838 1349 1879 mea:
1377 1839 1566 1879 cursus
1606 1823 1886 1893 impugnat
1923 1836 2129 1893 negan-
2162 1821 2206 1883 Β
2236 1817 2301 1889 (II
2327 1812 2451 1874 Chr.
2484 1835 2596 1886 xm,
2626 1817 2704 1889 4).
2736 1818 2981 1874 Humana
3009 1819 3153 1874 enim
3181 1817 3505 1890 passibilitas
3532 1817 3603 1872 ab
3630 1832 3701 1872 eo
3730 1818 3822 1887 qui

534 1926 643 1973 tem
671 1918 914 1976 Θιοτόκον
953 1916 1210 1984 Mariam;
1233 1925 1289 1972 et
1315 1925 1373 1971 tu
1402 1931 1613 1972 mecum
1633 1914 1940 1971 Nestorium
1968 1914 2121 1970 dam-

532 2026 651 2077 nas,
672 2027 795 2068 cum
815 2026 902 2067 me
923 2020 1101 2066 tecum
1122 2018 1438 2066 exsecretur
1456 2008 1751 2065 Nestorius.
1769 2040 1841 2051 --
1860 2008 2125 2079 Serapion

530 2090 666 2158 dixit
691 2121 704 2156 :
736 2100 842 2158 Pro
862 2118 970 2174 qua
994 2117 1052 2157 re
1073 2117 1158 2158 me
1183 2109 1359 2157 tecum
1383 2109 1699 2156 exsecratur
1719 2099 2000 2157 Nestorius
2015 2101 2040 2155 ?
2053 2132 2125 2144 -

529 2195 798 2251 Arnobius
817 2195 989 2252 dixit:
1018 2193 1125 2250 Pro
1154 2209 1223 2250 eo
1249 2192 1394 2265 quod
1417 2202 1595 2250 tecum
1632 2201 1876 2249 sanctam
1900 2191 2123 2250 Mariam

527 2291 763 2346 Θεοτόκον
791 2305 900 2345 non
930 2303 1089 2358 nego.
1120 2320 1192 2332 --
1220 2287 1485 2358 Serapion
1514 2286 1651 2341 dixit
1683 2304 1696 2340 :
1730 2278 2006 2341 Sermone
2036 2301 2124 2341 ar—

527 2380 891 2450 gumentando
910 2381 1155 2439 θιοτόκον
1180 2381 1271 2451 qui
1297 2379 1594 2445 conﬁteris,
1624 2379 1957 2456 Χριστοτόκον
1978 2379 2124 2435 illam

529 2472 820 2528 asserendo
875 2472 1175 2543 impugnas.
1211 2501 1281 2512 —-
1309 2470 1580 2526 Arnobius
1623 2470 1759 2526 dixit
1791 2490 1803 2524 :
1838 2469 1919 2525 Tu
1960 2483 2124 2539 negas

529 2562 802 2622 Christum
829 2563 1023 2620 Filium
1052 2563 1147 2619 Dei
1175 2565 1333 2619 esse?
1376 2595 1448 2605 —
1474 2561 1738 2634 Serapion
1778 2562 1916 2619 dixit
1948 2581 1963 2617 :
2004 2560 2135 2619 Non

456 2708 465 2711 -
530 2668 669 2726 nego
696 2653 968 2711 Christum
995 2654 1189 2710 Filium
1218 2653 1346 2722 Dei;
1377 2653 1472 2710 sed
1510 2647 1565 2710 te
1600 2653 1818 2725 increpo
1847 2654 1941 2724 qui
1969 2652 2125 2710 Chri-

529 2752 671 2802 stum
700 2746 977 2802 hominem
1002 2745 1222 2814 asseris,
1254 2752 1311 2801 et
1339 2760 1448 2801 non
1476 2743 1669 2800 Filium
1698 2744 1814 2801 Dei.
1845 2777 1916 2790 --
1945 2745 2122 2801 Arno-

526 2837 649 2895 hius
692 2836 873 2894 dixit:
900 2838 1202 2909 Antequam
1242 2846 1556 2918 nasceretur
1589 2851 1671 2892 ex
1724 2834 2124 2906 MariaJ‘ilius

528 2929 625 2984 Dei
655 2938 780 2985 ante
809 2929 946 3008 luit?
967 2961 1040 2974 -
1063 2929 1327 3000 Serapion
1355 2927 1489 2983 dixit
1520 2946 1550 2982 :~
1567 2924 1700 2994 Quis
1726 2927 1842 2983 hazc
1875 2938 1898 2966 ε
1929 2935 2126 2999 praeter

527 3012 823 3077 Photinum
846 3022 1080 3077 dixerit?
1105 3054 1179 3066 —-
1206 3022 1477 3080 Arnobius
1511 3012 1648 3077 dixit
1678 3040 1693 3075 :
1735 3020 1878 3091 Ergo
1908 3036 2125 3094 semper

527 3111 649 3166 fuit.
683 3146 761 3181 ,-
798 3111 1070 3184 Serapion
1118 3113 1296 3169 dixit:
1328 3112 1557 3185 Semper
1599 3113 1717 3170 fuit.
1755 3147 1829 3157 —
1856 3116 2123 3173 Arnobius

2233 1912 2576 1983 impassibilis
2602 1922 2906 1995 permanet,
2939 1913 3013 1968 ita
3041 1921 3288 1984 suscepta
3315 1922 3420 1979 est,
3448 1922 3507 1968 ut
3532 1929 3657 1969 cum
3706 1914 3823 1985 ipso

2229 2016 2373 2063 esset
2390 2008 2607 2077 quando
2627 2017 2941 2080 conceptus,
2959 2010 3181 2078 quando
3201 2016 3376 2074 natus,
3397 2006 3618 2077 quando
3642 2006 3822 2078 bapti-

2228 2110 2398 2169 zatns,
2428 2101 2647 2172 quando
2678 2110 2932 2167 tentatus,
2972 2101 3192 2173 quando
3217 2100 3575 2167 venundatus,
3604 2100 3823 2171 quando

2228 2193 2473 2257 traditus,
2495 2194 2713 2265 quando
2735 2194 2939 2261 irrisus,
2961 2194 3179 2266 quando
3198 2193 3584 2265 colaphiratus,
3607 2194 3823 2265 quando

2228 2287 2396 2358 spinis
2421 2294 2728 2353 coronatus,
2759 2266 2976 2357 quando
3005 2285 3127 2342 felle
3172 2286 3401 2352 cibatus,
3446 2294 3503 2341 ct
3528 2293 3684 2341 aceto
3719 2301 3823 2356 po-

2230 2387 2390 2446 tatus,
2420 2379 2638 2450 quando
2665 2379 2954 2437 cruciﬁxus
2974 2388 3078 2447 est,
3100 2389 3157 2435 et
3183 2388 3449 2447 mortuus,
3474 2388 3529 2435 et
3555 2378 3811 2450 sepultus.

2229 2468 2354 2526 Non
2396 2472 2539 2527 enim
2569 2472 2839 2544 dereliquit
2867 2489 2982 2527 eum
3009 2473 3065 2528 in
3094 2473 3324 2545 inferno,
3355 2487 3450 2526 nec
3496 2471 3637 2525 dedit
3687 2487 3819 2525 sane

2227 2573 2364 2618 etum
2415 2581 2563 2619 suum
2612 2565 2786 2619 videre
2839 2565 3227 2637 corruptionem
3259 2562 3376 2628 (Ps.
3420 2578 3511 2630 xv,
3544 2562 3655 2636 10).
3685 2561 3822 2621 Cum

2229 2659 2347 2729 ipso
2375 2657 2537 2713 etiam
2568 2660 2725 2714 tertia
2748 2657 2837 2714 die
2865 2658 3159 2714 resurrexit
3187 2673 3218 2713 a
3259 2657 3517 2723 mortuis,
3548 2673 3673 2714 cum
3703 2658 3821 2730 ipso

2228 2748 2468 2806 ascendit
2490 2751 2543 2806 in
2564 2750 2752 2817 cmlos,
2776 2766 2897 2806 cum
2929 2751 3046 2821 ipso
3067 2749 3218 2807 sedet
3237 2749 3303 2805 ad
3319 2749 3601 2805 dexteram
3622 2747 3818 2818 Patris,

2227 2856 2351 2897 cum
2381 2856 2447 2898 eo
2476 2851 2736 2897 venturus
2769 2852 2849 2897 est
2894 2840 3079 2912 judex.
3111 2840 3386 2912 Siquidem
3431 2836 3695 2913 apostolis
3719 2857 3818 2899 au-

2225 2936 2330 3006 geli
2364 2936 2415 2991 in
2443 2936 2576 2992 hora
2606 2935 2937 2993 ascensionis
2963 2936 3213 2993 dixerunt
3238 2956 3250 2990 :
3278 2935 3380 2991 llic
3406 2935 3586 3004 Iesus,
3615 2939 3705 3009 qui
3731 2954 3817 2993 as-

2225 3038 2459 3100 sumptus
2484 3040 2561 3085 est
2588 3045 2620 3083 α
2647 3030 2789 3085 vobis
2829 3030 2884 3085 in
2935 3033 3151 3098 cretum,
3183 3030 3258 3084 sic
3286 3030 3480 3097 veniet,
3513 3040 3622 3087 etc.
3669 3032 3814 3102 (Aet.

2227 3140 2262 3188 ι,
2295 3121 2413 3191 Η).

527 3204 665 3260 dixit
691 3223 704 3259 :
738 3204 871 3274 Qu’n
896 3213 981 3261 est
1003 3206 1123 3271 iste,
1141 3206 1233 3276 qui
1259 3214 1420 3262 natus
1441 3207 1558 3263 est?
1577 3204 1927 3278 —Serapion
1948 3207 2118 3264 dixit:
2150 3213 2197 3278 C
2298 3213 2432 3269 XIII.
2463 3248 2536 3258 —
2562 3212 2823 3287 Serapion
2853 3213 2989 3271 dixit
3017 3232 3030 3270 :
3063 3212 3120 3270 lu
3148 3229 3216 3272 co
3246 3214 3416 3286 magis
3442 3200 3814 3274 Nestorianum

528 3296 648 3370 Ipse
671 3301 763 3371 qui
792 3315 1006 3371 semper
1030 3299 1150 3357 fuit.
1180 3333 1252 3344 -—
1279 3299 1551 3356 Arnobius
1575 3300 1748 3357 dixit:
1781 3300 1882 3370 Qui
1911 3318 2125 3374 semper

525 3389 822 3464 I'uit'purus
849 3401 1007 3448 natus
1048 3401 1152 3458 est,
1183 3398 1276 3447 aut
1301 3408 1425 3448 cum
1450 3392 1690 3460 homine,
1722 3401 1817 3448 aut
1843 3402 1997 3449 extra
2023 3394 2123 3450 ho-

526 3484 728 3541 minem
746 3526 762 3551 ,
790 3492 883 3541 aut
910 3500 1009 3557 per
1032 3485 1343 3542 hominem?
1382 3518 1456 3529 —
1481 3484 1743 3557 Serapion
1792 3485 1928 3543 dixit
1959 3504 1973 3541 :
2004 3485 2123 3543 Non

527 3574 626 3629 tibi
650 3575 781 3642 dixi,
813 3577 937 3646 quia
976 3577 1251 3633 hominem
1302 3577 1384 3633 vis
1430 3576 1737 3633 ostendere.
1763 3611 1835 3623 —
1856 3577 2125 3636 Arnobius

527 3666 702 3723 dixit:
731 3668 788 3724 Si
818 3669 1091 3727 hominem
1121 3670 1451 3738 dicerem,et
1474 3658 1766 3727 non‘simul
1792 3664 1983 3737 Deum,
2005 3675 2124 3729 sine

527 3758 886 3818 diminutione
935 3763 1215 3819 Dealitatis
1268 3779 1379 3820 sua:
1427 3764 1583 3819 simul
1613 3774 1797 3819 natum
1847 3780 2120 3836 negarem,

526 3862 676 3909 recte
704 3853 806 3909 ista
836 3870 1158 3926 oppmeres.
1185 3889 1257 3900 --
1275 3855 1541 3928 Serapion
1570 3856 1848 3928 respondit
1875 3875 1887 3911 :
1922 3855 2125 3913 Erube-

525 3946 633 4001 scis
656 3945 827 4002 Deum
855 3955 1059 4015 natum,
1090 3948 1258 4006 Deum
1281 3956 1568 4018 tentatum,
1599 3948 1767 4005 Deum
1788 3947 2119 4017 cruciﬁxum,

524 4047 798 4097 mortuum
841 4049 897 4098 et
944 4044 1213 4114 sepultum
1264 4042 1479 4113 dicere,
1527 4059 1650 4101 cum
1696 4052 1753 4100 et
1794 4044 1994 4103 Paulus
2038 4047 2120 4103 di-

2232 3314 2286 3362 tc
2310 3305 2605 3376 justissima
2635 3306 2887 3363 existimo
2917 3305 3154 3373 ratione,
3183 3306 3327 3377 quod
3374 3306 3541 3363 libros
3588 3306 3813 3363 Nestorii

2232 3397 2632 3466 circumferens,
2658 3396 2684 3436 «³
2713 3398 2772 3454 S.
2798 3397 2982 3472 Cyrilli
3013 3399 3274 3471 episcopi,
3296 3400 3385 3469 qui
3415 3410 3606 3456 contra
3635 3400 3814 3456 Nesto-

2233 3491 2372 3546 rium
2403 3490 2628 3561 plurima
2651 3491 2919 3547 catholico
2943 3505 3192 3548 sermone
3211 3491 3444 3562 scripsit,
3472 3492 3599 3547 nihil
3618 3507 3809 3547 memo-

2232 3580 2455 3637 raveris.
2480 3613 2549 3624 -—-
2571 3580 2843 3637 Arnobius
2863 3579 2999 3637 dixit
3023 3599 3036 3635 :
3067 3579 3284 3637 Gratias
3307 3582 3405 3639 tibi
3423 3595 3538 3652 ago,
3567 3581 3802 3652 otnuipo-

2234 3680 2353 3726 tens
2382 3670 2544 3737 Deus,
2573 3670 2718 3742 quod
2763 3685 2830 3726 ex
2859 3685 2955 3727 ore
2983 3669 3298 3743 Serapionis
3327 3672 3598 3729 victoriato
3622 3682 3819 3751 prome

2227 3763 2354 3819 listi.
2387 3797 2458 3807 --
2481 3761 2699 3819 Judices
2727 3762 3017 3819 dixerunt:
3044 3763 3102 3820 In
3131 3779 3241 3836 quo
3260 3780 3511 3822 sermone
3536 3764 3631 3821 tibi
3660 3760 3819 3820 antu?

2225 3872 2343 3913 mas
2368 3857 2650 3914 victoriam
2676 3856 2942 3929 prolatam
2969 3858 3132 3914 esse?
3158 3889 3227 3900 —
3254 3858 3525 3915 Arnobius
3551 3858 3690 3914 dixit
3721 3876 3735 3912 :
3759 3857 3813 3915 In

2225 3966 2335 4021 quo
2365 3951 2442 4007 ait
2484 3951 2542 4007 S.
2590 3949 2778 4023 Cyrilli
2825 3950 3099 4023 episcopi,
3130 3952 3223 4022 qui
3267 3961 3458 4009 contra
3514 3951 3827 4032 Nestorium

2227 4045 2395 4101 multa
2423 4044 2695 4100 catholico
2721 4059 2972 4102 sermone
2999 4045 3229 4117 scripsit.
3264 4043 3491 4103 Constat
3516 4059 3653 4116 ergo
3679 4044 3811 4118 apud

1703 4156 1813 4212 FR.
1854 4157 2335 4215 FEU-ARDENTII
2375 4156 2604 4215 NOTAE.

596 4251 621 4279 ι
650 4241 998 4318 Commodius
1018 4243 1157 4318 forte
1176 4244 1466 4318 legerQur,
1497 4245 1637 4318 Quid
1660 4247 1819 4318 igitur
1846 4248 2107 4302 carnalem

524 4321 740 4387 matrem
775 4314 1033 4387 effingitis
1060 4312 1304 4387 Deitati?
1341 4313 1408 4370 Et
1444 4316 1608 4387 paulo
1646 4312 1789 4386 post,
1832 4332 1940 4371 non
1972 4319 2112 4374 male

524 4382 1065 4452 legeretur,”De'itatis
1110 4386 1423 4452 ministrum,
1447 4382 1530 4441 vel
1558 4382 1869 4441 ministram.
1919 4387 2113 4443 Nesto—

523 4455 637 4509 rius
686 4469 919 4524 namque
973 4454 1246 4511 Christum
1283 4457 1556 4512 hominem
1602 4457 1858 4512 censebat
1906 4466 2112 4514 tantmn

523 4539 643 4579 esse
665 4525 890 4599 Deitatis
917 4527 1205 4599 ascititium
1234 4527 1571 4592 ministrum,
1601 4535 1695 4599 aut
1714 4529 2109 4599 cooperarimn,

524 4603 695 4669 ut_ex_
706 4594 947 4669 ejusdem
975 4597 1154 4669 verbis
1176 4598 1228 4669 in
1259 4599 1490 4655 concilio
1518 4598 1698 4654 citatis
1717 4594 1965 4669 apparet.

595 4666 620 4704 ιι
651 4665 771 4721 Vet.
803 4667 924 4723 cod.
963 4668 1050 4724 hic
1085 4668 1306 4724 mutilus
1331 4677 1434 4735 est,
1462 4670 1702 4725 habens:

522 4738 596 4814 ris
626 4735 1005 4814 Nestorianunt
1040 4740 1133 4814 vel
1162 4757 1258 4813 per
1299 4739 1415 4814 leve~
1440 4741 1807 4814 accusationis
1846 4735 2112 4814 vestiéium

521 4809 744 4883 forsitan
774 4812 1053 4883 accusaris.
1088 4809 1197 4866 Nos
1222 4827 1321 4883 pro
1348 4809 1552 4883 viribus
1572 4812 1952 4883 expressimus.

600 4889 621 4917 ε
655 4877 808 4933 Hunc
828 4881 1045 4936 tradunt
1071 4883 1125 4936 in
1156 4877 1352 4938 minori
1372 4880 1580 4937 Galatia
1610 4877 1807 4948 ortum,
1839 4880 2039 4939 Grtccis
2059 4893 2115 4941 et

522 4946 728 5025 Latinis
774 4950 963 5006 litteris
1004 4953 1309 5019 eruditum,
1343 4955 1710 5025 episcopatum
1751 4946 2115 5025 syrmiensem

522 5019 1026 5098 administrassenet
1049 5028 1170 5098 cum
1195 5015 1314 5079 aliis
1335 5015 1654 5098 oithodoxis
1675 5025 1726 5098 in
1752 5015 1963 5098 Nicena
1984 5043 2113 5098 syn-

519 5089 629 5146 odo
658 5091 917 5163 Arianam
956 5093 1286 5163 impietatem
1327 5093 1626 5151 damnasse.
1686 5095 1792 5151 Sed
1838 5089 2109 5152 communi

519 5162 770 5237 omnibus
796 5162 1403 5237 hairesiarchisimorbo,
1434 5166 1484 5220 id
1513 5176 1595 5222 est
1615 5167 1866 5237 superbia
1884 5210 1898 5231 ,
1927 5183 2107 5223 vanae-

519 5248 655 5306 quet
680 5234 866 5303 glorim
915 5236 1243 5306 appelentia,
1279 5237 1492 5292 tandem
1542 5239 1593 5292 in
1622 5234 1858 5303 Ebionis,
1893 5238 2111 5294 Sabellii

520 5320 585 5359 ac
624 5303 964 5361 Samosateni
988 5303 1249 5361 lucresim
1280 5306 1560 5373 incidisse,
1594 5309 1730 5364 adeo
1760 5319 1817 5363 ut
1844 5317 2114 5364 assereret

519 5373 686 5431 Deum
727 5376 994 5446 singulum
1037 5391 1155 5432 esse
1184 5386 1239 5432 et
1261 5378 1594 5445 solitarium;
1623 5388 1678 5433 et
1706 5395 1858 5434 more
1885 5378 2110 5435 Iudaico

518 5446 880 5520 conﬁtendum
910 5463 1030 5504 esse
1062 5464 1166 5503 non
1221 5456 1330 5504 tres
1359 5465 1637 5520 personas,
1665 5451 1757 5505 sed
1783 5466 1945 5520 unam
1972 5449 2109 5503 dun-

519 5522 686 5581 taxat,
718 5518 843 5575 licet
866 5520 964 5575 tria
983 5520 1200 5575 nomina
1222 5518 1398 5575 eidem
1427 5521 1812 5576 tribuerentur.
1832 5518 2106 5574 Christum

518 5598 683 5668 porro
714 5591 1070 5668 nudum_e_ss_e
1100 5592 1393 5668 hominem,
1426 5601 1480 5645 et
1510 5596 1577 5646 ex
1606 5592 1853 5646 humana:
1876 5604 2106 5668 genera-

519 5660 682 5731 tionis
709 5666 898 5731 natu_ra
923 5661 1133 5716 initium
1156 5663 1385 5727 habere,
1415 5677 1588 5731 neque
1617 5676 1736 5717 esse
1757 5670 1882 5715 ante
1910 5660 2127 5729 saecula,

517 5726 963 5804 gen_itum_.(Secr_.
993 5733 1030 5786 ι.
1059 5748 1115 5797 ιι,
1149 5750 1197 5804 c.
1222 5734 1283 5804 8;
1315 5726 1481 5804 leIl,
1502 5726 1559 5787 ἐ.
1588 5732 1684 5804 32;
1718 5731 1928 5804 Soram.
1959 5726 2115 5804 ltIV,

517 5810 564 5851 ε.
597 5794 661 5862 6;
705 5794 897 5854 Theod.
935 5800 970 5857 ι.
1002 5819 1054 5859 v.
1099 5794 1146 5857 ὲ.
1180 5794 1280 5870 Ηέ
1321 5794 1477 5859 Hier.
1513 5807 1569 5861 in
1603 5794 1773 5875 Cat).
1800 5794 2104 5859 Hmresibus

2217 4255 2403 4319 autem
2438 4245 2556 4316 ejus
2593 4247 3183 4319 constantissimesese
3224 4249 3539 4319 objecerunt
3578 4246 3817 4319 Athana;

2213 4319 2344 4409 sive
2376 4314 2714 4409 έεὶἓξῑίξξίξεεν
2730 4314 3516 4409 litavere,Permesse
3568 4314 3816 4409 War-1

2214 4389 2340 4453 tius,
2374 4386 2699 4463 yict'orinus,
2729 4386 3097 4463 Naaiauienus
3133 4386 3302 4463 etalii
3327 4386 3525 4463 passim
3554 4386 3813 4463 praestansl

2220 4469 2301 4533 tes
2336 4457 2457 4533 viri.
2498 4458 2790 4533 Socrates,
2810 4460 2903 4515 lib.
2940 4477 3148 4533 t,cap.
3188 4461 3279 4528 20,
3320 4457 3486 4519 refert
3523 4457 3807 4521 Eusebium

2216 4529 2604 4604 gesarictiseni
2659 4529 3189 4604 conl'utassclibritm
3217 4533 3495 4604 cujusdam
3539 4534 3817 4602 Marcelli;

2218 4599 2435 4674 Photini
2490 4601 2865 4674 praeceptoris,
2918 4603 3089 4674 tribus
3141 4599 3362 4674 integris
3409 4599 3815 4674 voluminibus,'

1787 4663 1896 4725 eote
1923 4686 2112 4744 argue-
2138 4663 2196 4726 Ι)
2217 4687 2354 4741 quos
2369 4663 2896 4744 aliquando'Graccos
2916 4672 3027 4744 vidi
3055 4674 3196 4732 inter
3217 4663 3406 4731 manus
3423 4672 3650 4732 Joannis
3673 4663 3804 4730 Cur;

2220 4740 2340 4798 terii
2355 4760 2382 4814 ;_
2401 4740 2556 4814 cujus
2578 4742 2755 4814 anima
2784 4757 2918 4814 pace
2938 4742 3165 4801 fruatur.

2289 4814 2315 4851 ιι
2344 4808 2574 4897 Ογνὶξιμβ
2597 4808 2934 4897 Alexandria:
2953 4814 3422 4897 fratre_'l‘heopli_ili
3447 4816 3689 4897 episcopi
3718 4808 3812 4897 nsi

2216 4893 2324 4950 tus,
2355 4884 2439 4939 vir
2465 4884 2565 4939 fuit
2604 4884 2821 4952 ingenio
2850 4884 3325 4953 excellentissimo,
3355 4889 3408 4944 in
3437 4884 3584 4945 omni
3613 4884 3804 4944 doctri-

2219 4971 2406 5032 n_aru_m
2438 4968 2695 5032 gen_ere_a
2724 4962 2919 5026 patruo
2948 4955 3238 5025 educatus,
3267 4960 3421 5032 tertia
3450 4960 3829 5032 postobitgm.

2217 5026 2457 5086 ejusdem
2496 5024 2581 5079 die
2611 5024 2817 5081 electus
2854 5034 2909 5081 et
2946 5036 3168 5086 ornatus
3196 5024 3280 5086 est
3304 5024 3678 5086 Alexandrina:
3707 5028 3804 5083 Ec-

2218 5095 2394 5171 clesia:
2432 5095 2886 5171 archiepiscopus.
2912 5095 3153 5171 __llostem
3190 5116 3355 5171 porro
3391 5101 3711 5157 acerrimum
3747 5107 3803 5154 et

2218 5166 2684 5242 vigilantissimum
2703 5166 3304 5242 _Nestorii_ac-crrorum
3333 5172 3451 5242 ejus
3479 5171 3662 5236 fuisse,
3695 5185 3800 5225 non

2220 5236 2382 5294 modo
2419 5252 2488 5293 ex
2524 5237 2673 5294 Actis
2700 5236 2957 5309 Ephesini
2993 5242 3226 5309 concilii,
3264 5236 3598 5298 cui'nomiue
3625 5241 3799 5297 Cade-

2220 5255 2382 5294 moao
2419 5255 2488 5293 ex
2524 5255 2673 5294 acus
2700 5255 2743 5292 ι
2784 5255 2957 5293 nesmt
2993 5255 3226 5309 concnn,
3264 5258 3350 5297 CIII
3381 5257 3598 5298 nonnae
3625 5255 3799 5297 Lauc-

2220 5309 2523 5393 stini_pap.'e
2551 5255 2829 5393 praesecfit,
2870 5324 3058 5393 verum
3086 5314 3267 5393 etiam
3284 5328 3353 5393 ex
3383 5310 3807 5393 ejus__ljlpistolis,j

2218 5378 2511 5452 Duodecim
2551 5378 2831 5452 Capitulis,
2878 5380 3163 5452 Apologia,
3208 5378 3462 5452 Dialogis,
3500 5378 3806 5451 Th'esauro,‘

2214 5449 2751 5526 aliisque‘perdoctis
2787 5449 3160 5526 monumentis
3196 5449 3437 5526 apertius
3473 5463 3593 5520 est,
3642 5466 3799 5526 quam

2212 5519 2394 5595 dicere
2421 5519 2496 5577 sit
2511 5536 2753 5595 necesse.
2787 5519 3022 5595 Prosper
3040 5519 3345 5595 Aquitanus
3367 5535 3523 5581 vocat
3548 5519 3676 5580 enni
3694 5523 3799 5595 glo-

2211 5591 2417 5663 riosiss.
2467 5592 2748 5663 catholjcrc
2788 5591 3296 5652 ﬁdei’del‘en‘sorem
3345 5596 3601 5663 (Tlreod.,
3642 5591 3729 5650 tib.
3766 5609 3794 5645 ν

2209 5660 2377 5736 I_l_ist_.,
2405 5678 2451 5736 c.
2483 5661 2850 5736 25;1_Viceplt.,
2873 5663 2919 5736 ζ.
2948 5681 3054 5732 XIV,
3083 5682 3129 5721 ο.
3165 5667 3233 5721 14
3259 5678 3310 5723 et
3339 5661 3437 5736 33;
3469 5660 3776 5727 Actﬁcom‘il

2208 5730 2451 5788 Chalced.
2485 5734 2574 5789 lib.
2599 5734 2665 5789 de
2690 5730 2829 5805 grat.
2860 5733 2956 5790 Dei
2983 5730 3123 5794 cont.
3156 5740 3304 5813 col.).
