4108 6348
1006 311 1427 370 CONFLICTUS
1467 310 1553 366 DE
1593 310 1730 366 Ι)Εο
1768 308 1972 365 'I'RINO
2011 308 2098 364 ET
2140 308 2295 375 UNO,
2340 310 2491 367 ΕΠ).
2535 309 2659 366 LIB.
2702 311 2766 367 II.

3416 314 3530 371 ﬁt)

247 433 606 504 Serapionem
664 429 835 486 sancti
889 428 1071 502 Cyrilli
1124 443 1310 482 sanam
1379 426 1838 498 apostolicamque
1865 431 1917 491 Α
1942 425 2075 482 tudo
2106 425 2315 481 Domini
2361 428 2680 496 parvitatem
2709 428 2918 483 servilis
2949 428 3150 494 furium,
3202 429 3273 483 ita
3303 437 3362 484 ut
3406 429 3519 501 ipsa

251 543 373 583 esse
394 526 714 582 doctrinam.
743 556 814 568 -—
835 521 1049 578 Judices
1075 521 1328 576 dixerunt
1351 535 1366 574 :
1397 520 1454 575 Si
1484 519 1587 574 hoc
1615 533 1841 588 negave-

251 619 324 675 rit
351 617 632 688 Serapion,
665 632 772 672 non
802 614 976 671 solum
1015 629 1046 668 a
1071 613 1229 668 nobis
1246 654 1261 679 ,
1289 611 1384 669 sed
1413 612 1576 667 etiam
1603 627 1634 666 a
1655 621 1840 667 sancta

255 708 617 768 Alexandrina
645 719 700 766 et
722 709 791 764 ab
821 707 1130 773 universali,
1152 723 1272 777 qua:
1301 706 1355 762 in
1379 713 1496 761 toto
1517 703 1717 761 mundo
1735 713 1837 771 est,

252 804 494 862 Ecclesia
525 803 790 860 catholica
821 802 1144 874 reprobatus
1184 799 1454 856 abscedat.
1481 830 1553 842 —
1576 797 1842 853 Arnobius

251 898 390 954 dixit
421 916 434 950 :
467 896 789 968 Apostolica:
818 892 1209 950 recordationis
1246 893 1327 947 vir
1363 891 1419 947 S.
1461 890 1708 963 Cyrillus,
1740 888 1841 946 Ec-

252 988 432 1045 clesia:
469 986 844 1043 Alexandrina:
873 984 1177 1055 episcopus,
1222 997 1342 1039 cum
1371 981 1714 1051 cognovisset
1737 979 1841 1036 Ne-

251 1079 554 1135 storianum
582 1077 776 1146 dogma
809 1074 1141 1132 contrarium
1169 1073 1291 1130 fidei
1320 1074 1603 1146 pullulare,
1632 1073 1844 1144 scripsit

251 1186 354 1243 per
382 1177 548 1224 totam
581 1168 892 1240 Egyptum,
925 1175 952 1204 ι
1002 1174 1057 1222 et
1093 1165 1161 1222 ad
1207 1175 1452 1222 sanctum
1491 1164 1840 1222 leestinum

251 1260 566 1333 apostolica:
601 1258 992 1316 recordationis
1030 1258 1323 1314 antistitem
1352 1258 1528 1322 misit;
1559 1258 1744 1314 dicens
1772 1256 1860 1312 ad.

251 1351 470 1408 laudem
500 1367 654 1407 suam
683 1351 973 1422 pertinere,
1002 1349 1048 1404 si
1077 1349 1144 1404 ab
1172 1365 1240 1405 eo
1267 1349 1358 1421 qui
1387 1349 1729 1420 pontificatus
1751 1365 1842 1404 ar-

251 1461 374 1501 cem
428 1444 678 1507 tenebat,
710 1441 899 1499 fuisset
925 1441 1127 1512 aliquid
1169 1440 1532 1496 emendatum.
1557 1439 1582 1479 ¹³
1613 1439 1843 1496 Sanctus

250 1551 386 1591 vero
413 1533 736 1592 Caelestinus
763 1534 835 1588 ita
875 1535 1230 1606 ἑγκωμὶαστης
1259 1531 1376 1602 ejus
1401 1533 1638 1598 exstitit,
1683 1541 1741 1588 ut
1787 1533 1842 1588 in

252 1626 491 1684 Nestorii
530 1625 888 1682 damnationis
933 1624 1191 1680 dictasset
1234 1625 1596 1681 sententiam:
1630 1625 1842 1681 laudem

251 1735 387 1777 vero
415 1718 598 1792 Cyrilli
646 1727 702 1774 et
729 1717 782 1789 in
811 1725 1102 1788 conspectu
1131 1717 1225 1772 Dei
1278 1726 1334 1773 et
1383 1718 1623 1773 omnium
1650 1719 1842 1790 praadi-

1937 519 2107 576 forma
2135 518 2362 584 servilis,
2391 533 2552 588 quam
2581 522 2887 591 assumpsit,
2913 529 3148 577 cessaret
3176 537 3294 576 esse
3313 521 3522 577 servilis

1936 629 2034 685 per
2052 627 2174 668 eum
2205 611 2485 668 Dominqu
2522 612 2614 680 qui
2662 627 2783 668 eam
2829 615 3135 684 assumpsit.
3168 613 3224 668 Si
3254 614 3396 669 enim
3425 613 3521 684 qui

1940 714 2131 760 natura
2179 720 2284 759 non
2309 703 2401 758 lilii
2429 703 2544 767 Dei,
2575 717 2673 773 per
2716 704 2891 774 ipsum
2936 704 3241 761 efﬁciuntur
3271 704 3360 759 lilii
3393 704 3518 770 Dei;

1939 805 2141 866 quanto
2184 796 2354 864 magis
2400 795 2515 866 ipse
2561 794 2653 866 qui
2703 804 2892 866 natura
2924 795 3090 851 Filius
3132 797 3223 852 Dei
3254 805 3356 864 est,
3384 797 3525 852 hunc

1941 905 2064 944 cum
2091 905 2200 959 quo
2229 888 2506 944 voluntate
2543 902 2638 942 sua
2685 885 2810 941 alvo
2840 886 3085 956 virginali
3137 897 3430 959 conceptus
3469 896 3526 944 et

1942 990 2100 1039 natus
2119 989 2221 1046 est,
2255 981 2326 1035 ita
2367 979 2669 1036 sublimavit
2699 977 2752 1032 in
2780 977 2979 1044 Deum,
3011 989 3065 1038 ut
3093 981 3147 1033 in
3187 982 3393 1036 nomine
3413 981 3526 1051 ejus

1943 1090 2093 1129 omne
2113 1091 2245 1146 genu
2272 1074 2513 1143 ﬂectatur
2541 1073 2840 1136 caelestium,
2872 1073 3191 1126 terrestrium
3217 1083 3267 1127 et
3292 1074 3526 1145 inferno-

1940 1165 2248 1238 rum,(Pln'l.
2295 1183 2352 1228 ιι,
2389 1165 2516 1235 10)?
2542 1175 2568 1222 ,ο
2592 1164 2723 1220 Item
2752 1179 3047 1236 praecessor
3075 1180 3231 1219 meus
3270 1166 3528 1222 Damasus

1942 1259 2182 1316 scribens
2209 1259 2277 1314 ad
2313 1257 2593 1314 Paulinum
2633 1257 2978 1313 Antiochena:
3024 1256 3276 1314 Ecclesiae
3316 1260 3526 1330 episco-

1942 1366 2068 1422 pum
2092 1388 2107 1414 ,
2149 1349 2289 1405 inter
2335 1357 2528 1404 caetera
2576 1349 2651 1403 ait
2683 1367 2696 1402 :
2731 1348 3258 1404 Anathematizamus
3297 1365 3393 1406 eos
3433 1351 3525 1420 qui

1942 1443 2079 1499 duos
2110 1441 2248 1498 filios
2270 1441 2364 1497 Dei
2386 1449 2652 1507 asserunt,
2677 1441 2905 1496 alterum
2925 1440 3017 1510 qui
3039 1456 3105 1495 ex
3129 1441 3288 1496 Patre
3317 1449 3399 1496 est
3430 1457 3526 1510 ge-

1943 1535 2106 1599 nitus,
2137 1543 2194 1590 et
2214 1535 2444 1590 alterum
2465 1534 2558 1604 qui
2585 1549 2651 1589 ex
2680 1534 3048 1603 assumptione
3070 1533 3247 1589 carnis
3267 1541 3426 1587 natus
3441 1541 3527 1589 est

1944 1642 2010 1683 ex
2039 1626 2275 1696 Virgine.
2309 1627 2440 1682 Item
2468 1627 2583 1698 ipse
2608 1626 2917 1697 apostolica:
2940 1627 3211 1688 memoria:
3233 1629 3314 1680 vir
3341 1626 3524 1682 Dama-

1943 1735 2035 1774 sus
2064 1719 2117 1774 in
2142 1719 2312 1774 altera
2334 1719 2564 1791 epistola
2579 1718 2647 1774 ad
2669 1717 2950 1773 Paulinum
2973 1735 2985 1770 :
3005 1717 3528 1775 Anathematizamus

251 1820 461 1877 casset,
501 1827 746 1867 asserens
793 1825 1010 1866 sensum
1057 1809 1176 1880 ejus
1216 1810 1598 1881 praeclarorum
1646 1820 1844 1866 nostra
1871 1814 1922 1877 Β
1947 1825 2042 1866 eos
2067 1811 2159 1880 qui
2185 1811 2323 1866 duos
2375 1811 2430 1865 in
2470 1810 2755 1866 Salvatore
2785 1809 2923 1866 filios
2966 1808 3330 1866 confitentur:
3364 1825 3527 1867 unum

252 1905 547 1977 provincia:
604 1905 980 1976 episcoporum
1033 1903 1413 1977 praedicatione
1461 1905 1737 1971 roborari;
1785 1913 1843 1961 et
1944 1909 2068 1956 ante
2095 1900 2538 1968 incarnationem,
2557 1909 2614 1957 et
2631 1901 2795 1956 alium
2818 1910 2942 1972 post
2961 1910 3287 1972 assumptam
3311 1916 3530 1958 carnem

252 1998 492 2064 Damasi,
522 1999 809 2064 Ambrosii,
842 1998 1032 2054 Ililarii
1060 1999 1204 2054 hunc
1251 1997 1414 2054 fuisse
1457 2014 1673 2056 sensum
1728 2000 1844 2054 evi-
1944 2007 2012 2047 ex
2039 1992 2262 2061 virgine.
2309 2001 2366 2047 et
2393 2009 2501 2048 non
2539 1992 2788 2049 eumdem
2821 1992 2913 2049 Dei
2943 1991 3168 2057 Filium,
3194 2000 3249 2047 et
3289 2001 3446 2048 antea
3475 2003 3531 2050 et

253 2089 447 2145 denter
475 2089 742 2160 exposuit.
775 2100 796 2128 ε
827 2089 916 2143 Ait
942 2089 1088 2144 enim
1119 2087 1173 2142 in
1205 2088 1323 2158 ipso
1345 2089 1578 2144 concilio
1605 2106 1617 2141 :
1651 2088 1848 2143 Recor-
1945 2091 2136 2152 postea
2167 2082 2342 2152 ipsum
2385 2098 2504 2138 esse
2541 2083 2814 2138 Christum
2858 2099 3044 2138 verum
3075 2083 3170 2139 Dei
3199 2083 3409 2173 Filium,
3439 2086 3531 2155 qui

170 2243 178 2252 ,
254 2179 357 2235 dor
382 2180 554 2236 beatae
583 2179 857 2234 memoriae
886 2177 1228 2233 Ambrosium
1245 2177 1299 2231 in
1314 2178 1403 2232 die
1418 2177 1610 2232 natalis
1637 2177 1850 2233 Domini

253 2271 429 2339 nostri
450 2270 576 2327 Jesu
597 2270 818 2335 Christi,
850 2285 1066 2325 omnem
1092 2269 1284 2324 fecisse
1304 2270 1566 2341 papulum
1585 2288 1689 2326 una
1719 2288 1852 2328 voce

252 2363 372 2418 Deo
401 2378 598 2418 canere
622 2381 634 2414 :
655 2361 812 2428 Veni,
840 2360 1173 2431 Redemptor
1193 2361 1452 2429 gentium,
1483 2363 1706 2419 ostende
1735 2381 1852 2435 par-

255 2464 376 2512 tum
395 2453 650 2522 Virginis,
681 2453 908 2507 miretur
929 2467 1089 2507 omne
1115 2452 1386 2519 smculum,
1411 2454 1532 2510 talis
1551 2453 1704 2510 decet
1725 2472 1848 2526 par-

255 2555 352 2600 tus
375 2544 564 2598 Deum.
605 2543 855 2612 Nunquid
879 2543 997 2598 talis
1037 2550 1223 2614 partus
1265 2543 1418 2600 decet
1441 2545 1751 2601 hominem?
1777 2545 1846 2602 Et

261 2635 500 2705 adjecit:
524 2634 667 2706 Ergo
695 2650 882 2691 sensus
908 2635 1085 2691 fratris
1113 2637 1280 2692 nostri
1295 2636 1476 2709 Cyrilli
1500 2638 1553 2694 in
1578 2639 1680 2695 hoc
1699 2639 1844 2710 quod

257 2727 395 2782 dicit
441 2729 678 2784 Θιοτὸκον
722 2726 961 2794 Mariam,
993 2728 1147 2784 valde
1195 2731 1520 2798 concordat,
1550 2732 1671 2787 talis
1697 2733 1842 2788 decet

253 2827 442 2887 partus
471 2818 654 2873 Deum.
681 2819 849 2874 Deum
874 2828 1031 2892 partu
1060 2838 1158 2877 suo
1182 2822 1342 2893 Virgo
1368 2823 1576 2894 effudit,
1601 2827 1718 2898 ipso
1744 2845 1842 2899 po-

253 2915 406 2963 tente
428 2908 520 2978 qui
544 2908 934 2978 omnipotentia
962 2911 1153 2980 plenus
1179 2921 1282 2968 est.
1311 2909 1336 2949 ἀ
1364 2913 1600 2971 Hilarius
1626 2931 1844 2986 quoque

252 3000 340 3054 vir
361 2999 962 3068 acrisingeniiseribeus
978 3002 1031 3056 in
1042 3001 1417 3060 Constantium
1439 3007 1840 3077 imperatorem,

252 3089 324 3145 de
347 3090 711 3146 incarnatione
732 3091 943 3148 Domini
967 3093 1044 3149 sic
1065 3095 1170 3148 ait:
1197 3095 1363 3151 Filius
1378 3096 1471 3152 Dei
1494 3098 1666 3153 factus
1683 3099 1847 3155 homo

1953 2180 2113 2227 natus
2141 2180 2320 2228 est—ex
2349 2173 2584 2243 Virgine,
2614 2173 2957 2230 confitentur.

2021 2263 2310 2320 XIV.—Et
2328 2281 2450 2321 cum
2472 2275 2886 2337 persequeretur
2915 2267 3028 2323 haec
3050 2268 3337 2336 Arnobius,
3354 2269 3506 2324 —-Sc

1950 2358 2138 2428 rapion
2167 2357 2300 2412 dixit
2332 2375 2345 2410 :
2381 2356 2496 2413 Non
2524 2359 2639 2413 hzec
2666 2358 2763 2414 abs
2791 2374 2849 2414 re
2873 2360 3127 2429 quassivi;
3160 2361 3253 2417 sed
3273 2361 3420 2416 volui
3449 2363 3528 2417 vi-

1947 2449 2076 2506 dere
2101 2449 2334 2505 studium
2363 2466 2461 2520 pro
2492 2451 2752 2506 catholica
2778 2451 3089 2508 defensione
3126 2463 3313 2509 contra
3341 2454 3532 2511 Nesto-

1945 2542 2152 2598 rianum
2181 2542 2375 2612 dogma
2417 2544 2490 2598 ita
2520 2544 2836 2600 instructum
2860 2583 2875 2608 ,
2917 2546 3055 2602 sicut
3083 2547 3414 2604 Nestoriaua:
3444 2567 3529 2605 as-

1949 2637 2200 2693 sertiouis
2225 2637 2468 2692 eruditus
2502 2653 2581 2693 es.
2608 2671 2678 2680 —
2701 2637 2968 2694 Arnobius
2994 2639 3130 2696 dixit
3165 2659 3177 2694 :
3210 2641 3320 2710 Ego
3345 2655 3400 2697 et
3431 2643 3531 2698 Ne-

1948 2729 2098 2783 storii
2133 2744 2375 2784 errorem
2400 2727 2778 2783 declinandum
2801 2728 2994 2793 didici,
3034 2739 3090 2785 et
3130 2731 3314 2802 Cyrilli
3351 2731 3531 2787 defen-

1945 2819 2175 2874 dendam
2222 2834 2341 2874 esse
2368 2818 2668 2873 doctrinam
2699 2821 2914 2887 agnovi.
2952 2853 3024 2862 --
3059 2822 3322 2892 Serapion
3349 2824 3482 2878 dixit
3518 2843 3530 2877 :

1948 2907 2136 2964 Profer
2160 2923 2291 2980 ergo
2320 2909 2526 2979 aliqua,
2569 2925 2667 2978 per
2693 2925 2812 2964 una:
2845 2911 2898 2965 in
2930 2926 3039 2967 uno
3067 2912 3159 2967 Dei
3200 2913 3340 2970 Filio
3363 2915 3537 2988 Cyril-

1949 3001 2060 3058 lum
2097 3001 2230 3056 duas
2269 3001 2468 3058 doceas
2507 3003 2802 3057 asseruisse
2849 3005 3206 3069 substantias,
3251 3006 3535 3065 hmnanam

1955 3097 2164 3152 scilicet
2183 3104 2236 3151 et
2257 3096 2508 3151 divinam.
2528 3129 2599 3138 —
2612 3095 2840 3153 Protulit
2852 3097 2995 3154 illico
3007 3097 3275 3156 Arnobius
3294 3102 3535 3158 codicem

219 3241 222 3244 _
251 3183 418 3239 Deus.
453 3181 519 3236 Et
563 3193 957 3254 prmposterans
989 3189 1188 3256 repetit
1215 3205 1226 3239 :
1265 3187 1408 3242 Deus
1456 3189 1594 3245 lilius
1621 3191 1850 3247 hominis
1876 3195 1924 3260 ο
1953 3189 2299 3262 epistolarum
2326 3188 2530 3261 Cyrilli,
2559 3190 2651 3260 qui
2697 3191 2750 3246 in
2779 3193 2956 3262 capite
2981 3193 3121 3248 hanc
3149 3194 3380 3250 habebat
3419 3197 3534 3267 epi-

254 3278 432 3333 factus
459 3286 543 3333 est
572 3278 734 3342 Deus,
776 3296 883 3335 non
913 3280 1055 3336 Deus
1104 3280 1277 3337 factus
1304 3291 1390 3337 est
1417 3283 1601 3349 homo,
1628 3295 1683 3341 et
1712 3285 1850 3343 filius
1955 3284 2149 3341 stolam
2183 3301 2195 3335 :
2236 3281 2252 3321 ί
2284 3281 2515 3354 Cyrillus
2543 3283 2804 3339 universis
2846 3285 3114 3356 episcopis
3155 3295 3212 3340 et
3257 3289 3535 3359 presbyte-

235 3368 490 3425 bominis
510 3367 686 3424 factus
719 3378 803 3425 est
831 3369 997 3426 Filius
1017 3371 1132 3426 Dei.
1157 3372 1440 3443 Superavit
1467 3377 1608 3448 enim
1637 3380 1846 3449 magni-
1951 3381 2044 3442 ris,
2077 3387 2131 3434 et
2160 3376 2500 3441 diaconihus,
2533 3377 2776 3445 patribus
2803 3378 3191 3434 monachorum
3231 3388 3288 3435 et
3329 3380 3412 3436 his
3448 3383 3541 3452 qui

1430 3487 1540 3542 FR.
1585 3488 2059 3548 FEU-ARDENTII
2099 3489 2327 3544 NOTAE.

187 5281 195 5296 ι
277 5264 408 5318 dum
437 5261 596 5316 fuerit
619 5278 633 5326 ;

279 5333 571 5389 Frontonis
615 5325 770 5398 fulti,
831 5349 949 5389 eam
1005 5334 1301 5403 integritati
1350 5325 1458 5390 suz'e
1509 5325 1887 5390 restituimus.-

329 3587 354 3614 ι
386 3573 730 3631 Manifestum
761 3583 842 3630 est
869 3585 937 3632 ex
967 3577 1206 3632 historiis
1243 3579 1624 3635 ecclesiasticis
1650 3579 1850 3636 Coales-

256 3649 427 3728 tiuum
448 3661 720 3728 summum
750 3644 1004 3728 Ecclesia:
1030 3648 1338 3728 pontificem
1367 3666 1397 3704 a
1422 3649 1628 3728 Cyrillo
1655 3653 1850 3728 certior

259 3735 374 3792 rem
405 3718 605 3792 factum
641 3716 719 3792 de
757 3716 989 3792 Nestorii
1032 3716 1346 3792 impietate,
1386 3716 1625 3792 ejusdem
1662 3720 1850 3792 Cyrilli

257 3786 735 3860 pietatemisimul
753 3795 807 3841 et
834 3788 1070 3860 studium
1103 3786 1398 3860 plurimum
1418 3786 1729 3855 'laudasse';
1765 3791 1847 3860 ip—

258 3858 485 3930 sumque
515 3858 833 3930 Nestorium
860 3859 1069 3930 litteris
1082 3859 1425 3930 dehortatum
1460 3868 1519 3914 ut
1558 3861 1626 3914 ah
1652 3858 1848 3930 impie-

259 3939 372 3985 tate
397 3928 700 3983 desisteret
734 3945 746 3979 :
789 3929 930 3997 quod
959 3929 1015 3982 ni
1046 3928 1250 3982 faceret
1295 3929 1434 3983 intra
1476 3929 1662 3984 decem
1703 3928 1845 3993 dies,

262 4001 377 4054 fore
404 4004 465 4050 ut
495 4013 604 4068 non
633 3997 796 4068 modo
826 4013 855 4050 a
885 3998 1265 4053 communione
1293 3998 1505 4068 piorum
1535 3999 1648 4068 ipse
1671 3999 1856 4066 rejice~

266 4079 454 4128 retur,
507 4065 603 4121 sed
652 4065 814 4138 etiam
859 4083 942 4138 ex,
971 4068 1217 4138 catalogo
1254 4065 1598 4138 sacerdotum
1639 4065 1858 4138 penitus

267 4138 640 4205 eximeretur._
671 4134 894 4205 Insuper
933 4137 981 4190 is
1027 4137 1209 4199 etiam,
1261 4137 1327 4191 ad
1366 4134 1860 4193 Joannem'Antio-

264 4209 500 4277 rhenum
535 4244 550 4268 ,
580 4275 587 4277 Α
612 4203 924 4277 Juvenalem
989 4205 1496 4277 Jerosolvmilanum
1526 4248 1541 4273 ,
1605 4206 1858 4264 Rulinhm

267 4275 839 4348 Thessalonicensem,
875 4276 1186 4348 Flavianum
1206 4275 1612 4348 Philippensem
1642 4287 1698 4334 et
1725 4281 1861 4334 alios

265 4362 396 4404 vere
417 4345 736 4416 apostolicis
756 4347 930 4402 missis
950 4348 1211 4418 epistolis,
1238 4345 1528 4403 excitatum
1558 4364 1587 4402 a
1610 4348 1859 4406 Nestorio

265 4422 526 4473 adversus
572 4419 827 4486 pietatem
875 4417 1076 4473 bellum
1126 4418 1313 4488 iisdem
1359 4419 1642 4488 exposuit,
1690 4429 1746 4474 et
1789 4419 1860 4475 ad

265 4502 555 4560 commune
597 4495 868 4560 certamen
917 4504 1018 4560 pro
1066 4487 1580 4560 eademiretinenda
1624 4506 1722 4560 pro
1763 4505 1859 4560 sua

271 4504 555 4544 commune
597 4504 868 4542 certamen
957 4504 1018 4542 ro
1066 4504 1252 4542 eaaem
1304 4504 1580 4543 retinenda
1624 4506 1722 4560 pro
1763 4505 1858 4545 sua

271 4559 597 4614 auctoritate
625 4558 879 4612 excitavit
896 4504 1188 4681 [Niceph.,
1223 4559 1313 4614 lib.
1345 4576 1453 4626 XIV,
1487 4577 1532 4613 c.
1567 4560 1635 4615 ’55
1663 4569 1718 4615 et
1751 4559 1858 4626 54;

271 4627 493 4681 Erant.
524 4627 613 4681 lib.
659 4644 694 4681 ι.
731 4645 775 4680 c.
807 4629 870 4681 ὗε
944 4629 1128 4681 iberat.
1160 4631 1214 4681 in
1247 4628 1440 4681 Brenni.
1474 4630 1712 4681 Denique
1739 4647 1858 4681 eum

270 4627 493 4701 Eragr.,
524 4627 613 4701 li_b_.
659 4644 694 4693 ι,
731 4645 780 4701 c_._
807 4629 870 4701 τῃ
896 4627 1128 4701 Liberet.
1157 4631 1214 4701 in
1247 4628 1440 4701 Brem).
1474 4630 1712 4701 Denique
1739 4647 1861 4686 cum

271 4697 784 4770 proi'alio_Nestoriii
834 4699 953 4770 loco
999 4699 1372 4770 substituendo
1404 4697 1858 4768 contenderetur,

272 4766 476 4825 eisdem
515 4766 706 4822 Joanni
745 4769 993 4823 Antioch.
1045 4768 1202 4824 Βυπο
1225 4812 1238 4836 ,
1285 4769 1538 4826 Flaviano
1577 4782 1631 4827 et
1669 4766 1864 4828 Proclo

1952 3591 2007 3641 et
2037 3581 2295 3634 unitatem
2326 3575 2774 3633 constituendam.

2030 3663 2052 3688 ε
2087 3650 2161 3704 De
2189 3649 2424 3729 quodam
2441 3649 2679 3729 concilio
2719 3648 2961 3729 IIl-migra
2989 3651 3283 3729 leestino
3310 3671 3539 3729 congre—

1954 3729 2117 3791 guto,
2134 3719 2285 3787 cujus
2313 3719 2542 3789 epistola
2583 3720 2798 3791 concilii
2831 3720 3086 3791 Ephesini
3116 3723 3183 3777 ad
3213 3719 3539 3790 Nestorium,

1954 3789 2211 3862 semelet
2251 3791 2445 3862 iterum
2493 3790 2736 3862 meminit
2776 3789 3080 3862 _:_-it‘emque
3109 3793 3347 3862 synodus
3386 3789 3542 3862 Alex.

1955 3859 2184 3930 epistola
2214 3858 2282 3930 ad
2307 3857 3012 3930 Nestorium,‘Cyrillusque:
3034 3857 3262 3930 epistola
3292 3863 3358 3914 ad
3385 3861 3546 3915 Joan-

1958 3928 2086 3984 nem
2114 3929 2532 4000 Antiochenum,
2579 3928 2812 4000 arbitror
2851 3928 3146 4000 Arnobium
3189 3929 3352 3998 loqui,
3385 3948 3548 4000 quan-

1960 3998 2253 4066 doquidem
2295 3996 2566 4066 Ephesino
2610 4012 2717 4050 non
2744 3996 3003 4066 interfuit
3029 4039 3043 4063 ,
3088 3996 3330 4055 Romano
3368 3996 3548 4057 autem

1962 4065 2592 4139 prmfuissecompertum
2615 4075 2716 4139 est.
2743 4065 2853 4139 Nisi
2885 4068 3097 4124 tandem
3129 4069 3360 4126 volueris
3379 4071 3548 4126 inter-

1962 4137 2129 4194 fuisse
2147 4137 2782 4213 Ephesiumsynodiper
2808 4137 3034 4204 litteras,
3066 4141 3259 4213 quibus
3289 4150 3342 4213 et
3370 4152 3548 4213 partes

1963 4223 2092 4283 suas
2137 4207 2341 4283 Cyrillo
2393 4207 2754 4283 Alexandrino
2772 4207 3194 4283 __conmiendavit
3216 4251 3236 4283 ,_
3251 4281 3261 4283 _
3281 4207 3548 4283 simulque

1964 4277 2263 4353 Nestorium
2293 4279 2364 4333 ob
2393 4277 2987 4353 hmresim_abdicavit,
3039 4282 3174 4337 sicut
3219 4277 3547 4353 Nicephorus

1961 4349 2598 4425 [ecitat__lil_)._xtv,_cap.
2644 4349 2732 4425 δίιῖ
2778 4348 2990 4406 Littera:
3025 4355 3317 4425 referuntur
3337 4348 3474 4410 temo
3501 4355 3548 4412 II

1964 4417 2182 4490 Concilii
2211 4419 2458 4490 Ephesiui
2477 4460 2490 4484 ,
2523 4417 2638 4490 cup.
2673 4420 2757 4474 II.

2037 4488 2063 4526 ἀ
2095 4489 2220 4545 Haec
2251 4488 2594 4555 adornantes,
2637 4490 2822 4546 Hilarii
2855 4500 2963 4547 tres
2992 4493 3157 4550 libros
3202 4493 3253 4549 in
3283 4495 3547 4552 Constan-

1963 4559 2096 4634 tium
2126 4561 2410 4630 diligenter
2450 4564 2846 4634 percurrimus,
2892 4563 2944 4617 in
2973 4565 3165 4634 quibus
3194 4565 3325 4620 nihil
3354 4567 3546 4623 horum

1966 4630 2190 4700 legimus
2228 4630 2558 4702 quapropter
2584 4641 2801 4702 oportet
2823 4633 2922 4688 hos
2948 4630 3164 4689 mutilos
3193 4651 3342 4700 esse;
3375 4636 3548 4693 Coale-

1967 4703 2164 4756 stinum
2193 4718 2322 4757 vero
2351 4711 2406 4757 et
2448 4704 2743 4758 Arnobium
2792 4704 3028 4772 integros
3063 4705 3331 4759 habuisse.
3382 4705 3550 4765 Recte

1967 4780 2147 4828 tamen
2177 4773 2314 4827 libro
2364 4789 2507 4829 nono
2535 4775 2602 4830 de
2643 4773 2906 4828 Trinitate
2939 4775 3130 4837 docet,
3167 4775 3329 4831 unitis
3368 4777 3420 4832 in
3463 4778 3547 4835 id-

272 4840 490 4920 seripsit
538 4837 695 4920 nihil.
724 4841 940 4895 obstare
986 4841 1400 4920 quominusqui
1450 4842 1676 4920 alterius
1713 4843 1862 4920 urbis
1888 4843 1944 4904 D
1968 4843 2142 4920 ipsum
2183 4844 2409 4909 naturis,
2435 4853 2637 4908 natum
2668 4844 2944 4920 utriusque
2965 4860 3077 4899 rem
3109 4847 3350 4920 eamdem
3390 4864 3547 4920 esse;

274 4909 498 4979 autjam
522 4909 592 4964 sit
611 4909 912 4979 episcopus,
941 4918 1032 4964 aut
1053 4911 1242 4965 saltem
1271 4909 1530 4977 delectus,
1555 4909 1858 4967 Constanti-

273 4981 516 5054 nopolim
557 4979 942 5054 transferatur,
986 4981 1159 5054 quiid
1189 4982 1450 5054 instauret
1490 4982 1633 5054 quod
1665 4983 1860 5054 impius

275 5049 558 5124 Nestorius
582 5049 1295 5124 labefactaverat:(Niceph.,
1327 5051 1365 5124 l_.
1397 5049 1579 5118 xiv,'c.
1611 5053 1721 5124 57).

187 5163 192 5166 .
351 5121 378 5193 ιγ
407 5121 538 5193 Tam
577 5121 717 5193 male
748 5130 968 5192 accepta
998 5119 1511 5193 fuerativoxiGraaca
1541 5139 1637 5193 per
1663 5119 1861 5179 veteris

189 5193 192 5199 ’
277 5191 478 5262 codicis
507 5189 842 5262 scriptorem,
875 5189 934 5247 ut
973 5192 1126 5247 nobis
1164 5192 1232 5247 de
1262 5192 1350 5246 illa
1379 5189 1577 5247 diutius
1614 5194 1858 5249 divinan-

709 5271 945 5335 ostremo
976 5271 1154 5335 tamen
1185 5263 1387 5335 auxilio
1417 5263 1658 5335 perdocti
1689 5262 1862 5335 Ifatris

277 5404 506 5460 Constat
533 5419 692 5474 porro
715 5418 781 5458 ex
809 5404 1012 5474 aliquot
1042 5406 1284 5474 epistolis
1310 5405 1368 5458 Β.
1393 5404 1688 5470 Coalestini,
1712 5413 1861 5461 tomo

282 5475 482 5545 primo,
503 5473 1257 5545 cap.Al'l,_con_ciliiiEphesini
1286 5476 1516 5541 insertis,
1544 5490 1664 5531 eum
1694 5477 1861 5531 maxio

281 5541 354 5600 ini
385 5541 586 5600 fecisse
611 5541 690 5614 S,
710 5543 892 5614 Cyrilli
932 5541 1146 5600 labe—res
1170 5554 1226 5600 et
1265 5545 1435 5599 studia
1453 5587 1466 5610 ,
1495 5546 1710 5614 quando
1739 5563 1862 5602 eum

282 5613 771 5696 passim-appellat,
804 5613 1056 5696 dilectum
1080 5615 1326 5696 fratrem,
1356 5616 1405 5696 in
1437 5613 1560 5670 vera
1593 5616 1695 5670 fide
1720 5624 1867 5696 tuen-

284 5684 350 5741 da
399 5684 746 5741 fortisiaimum
793 5685 1184 5751 antagonistam
1211 5724 1224 5747 ,
1271 5684 1483 5740 fratrem
1526 5696 1580 5740 et
1624 5695 1868 5743 sanctum

183 5790 186 5792 -
285 5757 666 5827 eoepise0pum
693 5795 707 5820 ,
758 5761 1031 5809 strenuum
1076 5755 1362 5827 catholicae
1401 5757 1520 5827 fidei
1568 5757 1864 5827 vindicem;

288 5823 440 5895 cu,tis
459 5823 702 5883 doctrina
725 5832 915 5895 potens
938 5832 1052 5881 erat
1083 5823 1148 5881 ad
1177 5825 1561 5882 retundendam
1581 5825 1866 5883 falsitatem

1967 4914 2037 4966 ita
2073 4922 2250 4969 tamen
2283 4923 2342 4968 ut
2370 4923 2561 4968 neutro
2601 4923 2783 4968 careat
2813 4914 2864 4968 in
2894 4923 3124 4984 utroque
3153 4933 3220 4973 ne
3246 4917 3380 4974 forte
3409 4919 3550 4975 Deus

1963 4999 2083 5038 esse
2110 4984 2272 5038 homo
2302 4984 2573 5040 nascendo
2599 4984 2887 5051 desineret,
2911 4993 2966 5040 et
2987 4986 3150 5043 homo
3173 5005 3382 5044 rursum
3407 4990 3551 5045 Deus

1963 5054 2230 5108 manendo
2261 5071 2366 5109 non
2393 5064 2554 5110 esset.

2039 5132 2062 5159 ο
2093 5123 2234 5198 I_nte_r
2254 5124 2544 5198 Damasum
2572 5134 2627 5180 et
2653 5125 3170 5198 huncileestinum
3200 5131 3551 5198 interponun-

1966 5201 2054 5265 tur
2096 5194 2368 5265 Syricius,
2403 5197 2750 5262 Anastasius,
2799 5196 3170 5264 Innocentius,
3214 5194 3456 5253 Zosimus
3495 5205 3554 5251 et

1967 5263 2292 5340 Bonifacius.
2324 5266 2769 5340 I-Iabetur_autem
2800 5279 2947 5340 tomo
2978 5263 3545 5340 primoConciliorum

1964 5336 2202 5404 ejusdem
2233 5336 2442 5392 Damasi
2475 5338 2539 5393 ad
2572 5337 2846 5394 Paulinum
2875 5335 3402 5394 Thessalonicensem
3437 5335 3548 5405 epi-

1966 5405 2124 5478 stola,
2160 5407 2211 5460 in
2234 5423 2337 5476 qua
2368 5409 2616 5478 leguntur
2645 5413 2743 5465 ista
2764 5451 2778 5473 ,
2811 5409 3320 5478 Anatliematiwmus
3349 5421 3434 5478 eos
3463 5408 3552 5476 qui

1969 5477 2096 5530 duos
2143 5474 2282 5549 ﬁlios
2312 5474 2580 5545 asserunt,
2612 5499 2769 5534 unum
2817 5490 2935 5549 ante
2972 5475 3162 5549 alecula
3191 5513 3204 5535 ,
3237 5483 3286 5526 rt
3333 5474 3552 5532 alterum

1968 5557 2080 5622 post
2102 5548 2508 5622 _assuntptionem
2539 5553 2718 5622 carnis
2743 5566 2810 5622 er
2840 5548 3094 5622 Virgine.
3318 5557 3322 5561 '

2049 5617 2065 5655 τ
2100 5617 2306 5676 Titulus
2342 5621 2498 5689 hujus
2529 5620 2769 5689 epistolm
2798 5617 2880 5689 ita-
2900 5630 3046 5689 nunc
3083 5617 3134 5664 in
3167 5628 3303 5689 nova
3331 5617 3545 5689 Coneili

1973 5687 2223 5760 Ephesiui
2271 5681 2506 5746 editione
2537 5681 2786 5760 redditur
2813 5683 2980 5751 (Tum.
3032 5681 3068 5740 Ι,
3102 5683 3238 5760 ιλι)
3267 5707 3279 5740 ;
3305 5688 3549 5759 Cyrillus.

1975 5750 2300 5830 presbyteris,
2331 5760 2583 5830 diaconis,
2619 5753 2887 5818 Patr-ibus,
2922 5750 3189 5830 monachis
3209 5750 3230 5817 ,⁷
3253 5750 3552 5830 ρωιξτνίδφιέ

1975 5815 2263 5882 solitariam
2288 5815 2446 5882 'ritam
2480 5815 2730 5882 t‘obiuum
2760 5815 3138 5881 exercentibus,
3178 5815 3226 5877 et
3250 5827 3302 5880 in
3329 5815 3551 5895 ﬁdeibci
