4108 6348
324 355 431 414 293

1079 356 1498 414 CONFLICTUS
1535 357 1622 412 DE
1663 357 1794 414 ι)Εο
1833 355 2036 415 TRl‘NO
2074 356 2160 414 ET
2199 356 2354 426 UNO,
2397 360 2550 419 ETC.
2592 361 2717 418 LIB.
2759 361 2819 418 ll.

3479 366 3585 424 ΞΜ

323 469 516 526 denter
542 482 610 524 ex
631 467 841 525 Deitate
869 475 923 524 et
948 469 1282 526 humanitate
1308 469 1623 528 Emmanuel
1646 481 1746 538 est,
1775 488 1911 529 unus
1937 473 1987 534 Α
2013 470 2298 538 Arnobius,
2329 478 2384 527 et
2408 473 2618 529 ratione
2647 474 2898 543 humana,
2928 484 2980 530 et
3009 476 3322 534 auctoritate
3349 475 3482 550 legis
3505 480 3586 538 di-

335 568 518 616 tamen
547 559 804 615 Dominus
828 558 980 616 Jesus
1007 559 1268 629 Christus,
1298 579 1434 618 unus
1470 579 1597 618 vere
1635 561 1818 630 Filius,
1857 571 1912 620 et

323 663 350 690 ε·
383 651 543 719 Deus,
569 658 624 706 et
653 668 757 707 non
778 649 940 707 homo
967 650 1261 720 deificatus,
1284 651 1334 708 id
1356 662 1438 708 est
1465 651 1771 727 Tbeopetis,
1802 653 1908 712 sic-

321 753 386 799 ut
427 744 518 799 alii
545 757 641 815 per
671 744 894 814 gratiam
927 761 938 796 :
974 743 1113 799 Deus
1142 751 1320 800 autem
1347 747 1514 818 magis
1542 761 1698 803 verus
1723 747 1774 804 in
1805 747 1907 802 hu-

321 851 484 891 mana
513 835 681 890 forma
711 835 974 906 apparuit.
1000 835 1130 891 Item
1162 838 1323 909 paulo
1353 847 1474 909 post
1505 857 1518 889 :
1549 833 1682 894 Cum
1715 839 1784 896 sit
1812 839 1909 912 igi-

329 941 421 989 tur
447 931 784 994 manifestum
817 933 961 1004 quod
991 950 1095 988 non
1124 933 1318 990 dicitur
1342 932 1586 992 Christus
1613 942 1763 992 extra
1791 951 1910 990 car-

323 1037 472 1089 nem,
503 1033 558 1080 et
595 1031 901 1094 separatum
940 1025 1033 1080 Dei
1064 1024 1296 1080 Verbum
1316 1067 1331 1091 ,
1358 1024 1547 1082 deceat
1572 1036 1750 1082 autem
1784 1043 1906 1084 eum

321 1115 498 1185 magis
525 1114 603 1170 sic
629 1115 914 1180 nominari,
949 1124 1232 1187 postquam
1261 1115 1422 1172 homo
1447 1117 1619 1174 factus
1642 1127 1741 1186 est,
1774 1135 1898 1191 pro-

319 1209 516 1266 bamus
542 1217 722 1264 autem
751 1211 918 1264 sacris
959 1209 1149 1264 litteris
1177 1204 1333 1265 iidem
1372 1210 1627 1268 facientes
1664 1212 1806 1283 quod
1836 1212 1905 1269 sit

321 1300 642 1355 naturaliter
668 1299 810 1355 Deus
833 1340 846 1365 ,
891 1309 946 1356 et
974 1297 1420 1357 incoad'unatione
1449 1319 1559 1375 sua.
1581 1319 1700 1360 cum
1741 1319 1904 1362 Carne

322 1393 660 1448 convenerit.
691 1391 819 1447 item
845 1393 1007 1464 paulo
1029 1401 1150 1463 post
1172 1394 1246 1447 ait
1278 1411 1289 1446 :
1319 1392 1467 1456 Sicut
1488 1395 1628 1450 enim
1650 1397 1704 1451 in
1737 1395 1904 1453 Adam

321 1485 595 1550 morimur,
626 1485 701 1538 ita
728 1483 757 1522 ι’
785 1488 838 1538 in
861 1483 1064 1539 Christo
1091 1499 1268 1542 omnes
1294 1486 1609 1558 riviﬁcomur
1632 1487 1808 1560 (Rom.
1837 1488 1898 1557 5;

322 1575 343 1629 Ι
371 1573 493 1630 Cor.
526 1589 614 1639 xv,
642 1571 755 1645 22).
786 1573 917 1630 Nam
957 1575 1001 1630 si
1028 1589 1134 1631 non
1157 1585 1239 1632 est
1267 1591 1453 1648 passus
1481 1579 1713 1634 humano
1753 1596 1902 1636 more

321 1683 426 1737 pro
455 1665 644 1732 nobis,
686 1679 814 1735 ergo
862 1681 1035 1738 neque
1075 1667 1258 1724 divino
1287 1683 1437 1726 more
1480 1679 1679 1726 nostra:
1715 1669 1902 1728 salutis

319 1759 511 1814 habuit
538 1758 820 1814 rationem.
853 1759 1056 1815 Dicitur
1076 1761 1225 1831 prius
1259 1771 1279 1799 ε
1309 1769 1560 1831 tanquam
1589 1761 1751 1817 homo
1782 1778 1901 1818 esse

2013 569 2166 636 vinea,
2198 577 2252 622 et
2280 568 2664 624 assertionibus
2698 570 2936 641 priorum
2965 571 3334 643 cpiscOporum
3365 589 3585 644 magno-

2010 675 2128 714 rum
2152 667 2313 729 atque
2345 667 2654 730 sanctorum
2692 657 2708 696 '
2743 659 3040 730 Ambrosii,
3083 663 3290 732 Hilarii,
3320 663 3582 736 Gregorii,

2009 749 2102 804 sed
2149 758 2202 805 et
2244 749 2519 806 Athanasii
2553 759 2607 807 et
2636 751 2802 822 ipsius
2826 750 3028 824 Cyrilli,
3059 755 3464 828 doctrinamque
3490 774 3583 815 eo-

2009 857 2125 896 rum
2156 839 2292 896 hanc
2320 839 2482 898 fuisse
2507 841 2784 899 evidenter
2811 844 3065 910 ostendit,
3091 861 3208 916 qua:
3229 848 3360 906 duas
3380 857 3584 906 astruat

2009 927 2331 988 substantias
2360 930 2412 985 in
2441 947 2547 986 uno
2576 927 2710 987 Filio
2739 929 2833 988 Dei
2861 932 3112 1001 existere,
3144 934 3358 993 deitatis
3385 937 3585 994 scilicet

2007 1030 2061 1077 et
2091 1023 2436 1078 humanitatis
2469 1043 2480 1077 :
2514 1040 2608 1096 per
2631 1039 2765 1096 quas
2796 1023 2929 1084 duas
2950 1026 3276 1086 substantias
3305 1028 3356 1084 in
3382 1038 3586 1088 tantum

2007 1111 2142 1168 duos
2173 1109 2311 1172 ﬁlios
2339 1130 2460 1170 esse
2493 1130 2596 1169 non
2627 1109 2825 1179 credit;
2859 1124 2917 1169 ut
2944 1114 3106 1176 etiam
3140 1115 3211 1172 ita
3241 1118 3462 1175 credere
3486 1136 3586 1176 vo-

2005 1201 2176 1260 lentes
2219 1204 2406 1275 legerit
2435 1204 2678 1272 Damasi,
2709 1215 2763 1261 et
2796 1203 3010 1273 lliiarii,
3039 1215 3094 1262 et
3122 1205 3389 1264 Ambrosii
3425 1226 3585 1268 exse—

2005 1295 2244 1353 cratione
2273 1298 2572 1352 damnatos.
2622 1295 2899 1369 Superﬂue
2937 1295 3117 1369 itaque
3155 1315 3429 1358 moramur
3465 1304 3584 1378 pal-

2003 1401 2143 1442 mam
2173 1386 2300 1442 dare
2331 1388 2583 1454 vincenti,
2609 1403 2728 1448 cum
2753 1388 2913 1444 etiam
2927 1385 3180 1464 S.Cyrilli
3210 1389 3446 1464 episcopi
3474 1393 3584 1467 plu.

2003 1478 2134 1532 rima
2166 1479 2467 1550 protulerit,
2500 1480 2694 1551 quibus
2715 1489 2769 1535 et
2797 1496 2826 1534 a
2855 1489 3045 1536 sancto
3074 1480 3368 1537 Athanasio
3393 1483 3583 1552 legitur

2003 1570 2055 1624 in
2098 1585 2207 1625 uno
2236 1570 2330 1627 Dei
2361 1571 2494 1627 Filio
2524 1572 2690 1626 Deum
2720 1571 3098 1644 hominemque
3127 1571 3438 1640 adunatum,
3471 1591 3577 1630 non

2002 1669 2060 1716 ut
2091 1659 2321 1718 Verbum
2350 1661 2491 1734 quod
2521 1679 2732 1735 semper
2758 1662 2811 1717 in
2840 1661 3102 1734 principio
3132 1661 3229 1717 fuit
3251 1705 3267 1731 ,
3310 1674 3364 1717 et
3404 1663 3454 1718 in
3484 1679 3579 1719 sua

2001 1751 2262 1808 Dealitate
2291 1760 2492 1817 manet,
2533 1753 2633 1808 hoc
2661 1749 2806 1824 quod
2835 1768 3049 1824 semper
3093 1750 3207 1820 fuit,
3251 1769 3348 1828 per
3385 1769 3580 1810 assum~

257 1915 261 1918 _
321 1858 600 1918 mortuus;
631 1851 988 1906 resurrexisse
1015 1865 1145 1908 vero
1172 1859 1356 1924 postea
1379 1893 1394 1918 ,
1431 1851 1554 1923 quia
1586 1861 1702 1909 erat
1742 1865 1898 1909 natu-

2004 1844 2240 1914 ptionem
2295 1845 2527 1900 hominis
2571 1843 2708 1899 Deus
2743 1859 2861 1902 esse
2889 1844 3150 1914 cessavit;
3181 1845 3275 1899 sed
3323 1855 3381 1901 ut
3419 1845 3583 1904 homo

319 1945 508 2000 raliter
535 1943 696 2000 Deus.
728 1943 869 2012 Ergo
897 1943 941 1998 si
973 1957 1076 1999 non
1121 1951 1203 1999 est
1230 1959 1418 2015 passus
1454 1946 1760 2010 carnaliter,
1805 1961 1905 2002 nec

319 2047 573 2094 mortuus
601 2037 893 2094 secundum
917 2035 1242 2107 Scripturas,
1272 2053 1370 2092 nec
1395 2036 1692 2093 viviﬁcatus
1717 2039 1907 2109 spiritu

320 2128 364 2199 (l
395 2129 512 2184 Pet.
560 2147 635 2194 ιιι,
671 2128 758 2199 18)
780 2170 795 2196 ,
827 2143 926 2183 nec
967 2129 1108 2182 idem
1137 2129 1357 2183 omnino
1385 2129 1597 2183 revixit.
1634 2125 1702 2183 Et
1727 2130 1773 2184 sl
1801 2131 1908 2186 boc

317 2235 507 2274 verum
537 2229 637 2285 est,
669 2221 848 2274 inanis
887 2227 965 2272 est
993 2219 1126 2290 ﬁdes
1173 2227 1352 2278 nostra
1382 2219 1425 2290 (ι
1466 2217 1587 2274 Cor.
1617 2235 1706 2286 xv,
1739 2219 1824 2290 Η)
1856 2231 1910 2278 et

319 2313 498 2368 adhuc
527 2328 711 2367 sumus
736 2311 788 2364 in
819 2310 1056 2380 peccatis
1085 2308 1302 2365 nostris.
1333 2309 1465 2364 item
1493 2319 1612 2381 post
1634 2313 1908 2382 paululum

327 2404 408 2457 ait
436 2422 447 2455 :
483 2401 657 2458 Audio
685 2401 933 2456 eumdem
962 2399 1244 2456 Dominum
1281 2410 1521 2456 nostrum
1551 2401 1731 2458 Iesum
1761 2399 1908 2458 Cbrl.

318 2505 465 2551 stum
489 2494 766 2550 evidenter
795 2493 1059 2549 dicentem
1089 2493 1155 2548 de
1177 2509 1270 2548 sua
1309 2493 1482 2548 anima
1514 2513 1527 2547 :
1561 2493 1732 2550 Nemo
1761 2497 1908 2550 tollet

324 2602 445 2639 eam
467 2602 500 2638 α
530 2601 629 2649 me,
655 2585 746 2640 sed
763 2601 855 2656 ego
879 2600 1066 2653 ponam
1091 2599 1204 2638 eam
1229 2599 1295 2639 ea:
1319 2599 1400 2639 me
1426 2600 1444 2638 :
1471 2592 1769 2654 potestatem
1803 2586 1898 2640 Ita-

327 2675 423 2728 beo
457 2675 682 2745 ponendi
708 2692 850 2740 eam,
883 2689 1087 2729 rursum
1113 2681 1418 2745 potestatem
1462 2675 1620 2730 habeo
1666 2677 1898 2732 sumendi

318 2781 441 2818 eam
491 2761 669 2834 (Idan.
707 2781 756 2829 x,
799 2763 907 2835 18).
941 2765 1221 2821 Descendit
1261 2765 1404 2820 enim
1451 2765 1505 2821 in
1547 2775 1773 2823 mortem
1804 2782 1899 2838 per

317 2869 540 2911 carnem
569 2869 718 2910 suam
742 2893 758 2919 ,
791 2855 881 2925 qui
925 2863 1154 2911 mortem
1180 2858 1477 2926 ignoravit,
1506 2868 1567 2914 ut
1595 2875 1694 2915 nos
1717 2875 1897 2915 resur-

319 2961 512 3015 gamus
539 2961 660 3002 eum
689 2962 756 3003 eo
796 2949 849 3002 in
880 2950 1063 3003 vitam.
1095 2947 1308 3005 Revixit
1343 2951 1485 3006 enim
1515 2967 1634 3007 cum
1671 2953 1898 3024 spolias-

311 3046 400 3094 set
425 3038 659 3104 inferna,
691 3055 797 3094 non
828 3045 1081 3110 tanquam
1118 3041 1282 3097 homo
1311 3041 1460 3111 juxta
1487 3058 1606 3108 nos,
1664 3042 1688 3079 ἀ
1717 3043 1809 3098 scd
1843 3051 1901 3098 ut

311 3129 460 3184 Deus
490 3129 542 3184 in
571 3141 736 3185 carne
762 3131 1038 3185 nobiscum
1077 3138 1132 3186 et
1161 3147 1318 3204 supra
1356 3147 1473 3187 nos.
1515 3131 1899 3204 Consequeba-

2006 1935 2265 2006 inciperet
2293 1948 2411 1990 esse
2432 1933 2573 1990 Deus
2601 1934 2743 2007 quod
2773 1939 2896 1990 ante
2941 1950 3045 1989 non
3090 1933 3263 1990 fuerat
3289 1978 3303 2002 ,
3349 1935 3401 1990 in
3433 1943 3583 1991 utero

2007 2033 2296 2094 conceptus
2324 2034 2407 2080 est
2453 2022 2804 2090 Emmanuel,
2847 2034 2903 2080 et
2951 2025 3072 2084 ideo
3121 2027 3358 2112 οιοτόκες
3397 2025 3582 2096 Maria,

2008 2115 2131 2184 quia
2163 2117 2324 2170 homo
2345 2117 2436 2186 qui
2459 2126 2746 2187 conceptus
2771 2123 2851 2172 est
2874 2122 2929 2171 et
2957 2123 3114 2172 natus
3141 2135 3169 2171 a
3201 2127 3442 2190 tempore
3463 2135 3584 2174 con-

2010 2207 2272 2276 ceptionis
2311 2207 2452 2262 Deus
2480 2209 2642 2278 cmpit
2677 2219 2796 2262 esse
2837 2207 2891 2262 in
2921 2213 3075 2263 utero
3098 2250 3112 2274 ,
3155 2214 3210 2263 et
3249 2207 3390 2263 Deus
3419 2217 3500 2263 est
3529 2207 3583 2264 in

2009 2305 2186 2370 partu.
2231 2297 2329 2354 ilic
2357 2311 2545 2355 sensus
2571 2297 2774 2372 Cyl-illi,
2807 2297 2892 2356 hic
2922 2311 3109 2354 sensus
3136 2300 3443 2364 Athatiasii',
3489 2300 3583 2356 Da-

2006 2391 2162 2456 masi,
2195 2389 2492 2455 Ambrosii,
2522 2389 2796 2460 Gregorii,
2830 2389 3034 2459 Hilarii,
3067 2391 3152 2447 hic
3181 2388 3400 2447 Arnobii
3431 2405 3582 2450 com-

2003 2481 2258 2550 probatus
2279 2490 2379 2535 est.
2414 2482 2518 2535 Aut
2547 2481 2820 2536 dexteram
2845 2480 3106 2554 Serapion
3128 2483 3428 2542 concordia:
3450 2484 3577 2554 jun-

2001 2580 2110 2640 gat,
2142 2579 2232 2627 aut
2260 2571 2566 2629 confutatus
2594 2571 2868 2628 abscedat.

2068 2659 2207 2718 ινι.
2235 2693 2305 2702 -
2329 2662 2593 2736 Serapion
2623 2664 2897 2735 respondit
2930 2683 2941 2716 :
2989 2659 3047 2720 Si
3077 2676 3185 2720 non
3231 2675 3392 2720 omne
3433 2663 3581 2735 quod

1996 2756 2425 2812 consideratione
2453 2757 2700 2829 contwpit
2721 2755 2955 2821 animus,
2978 2755 3138 2810 fuerit
3161 2754 3455 2819 climatum,
3473 2769 3580 2814 non

1999 2848 2101 2903 erit
2125 2847 2296 2902 lucida
2325 2848 2568 2901 veritatis
2592 2847 2850 2901 ostensio.
2875 2841 3026 2900 Unde
3055 2853 3115 2899 ut
3135 2845 3434 2900 evidentius
3454 2861 3581 2917 pos-

1998 2943 2098 2998 sim
2130 2943 2512 2996 assertionibus
2539 2939 2756 2995 Arnobii
2787 2939 3037 3010 przebere.
3055 2951 3374 2994 consensum
3395 2978 3408 3001 ,
3441 2937 3580 2994 tote-

1999 3045 2151 3103 ει-ιιιιι
2181 3032 2494 3103 opusculum
2521 3030 2706 3103 Cyrilii
2737 3029 2911 3085 tradat
2939 3030 2992 3084 in
3021 3035 3204 3086 vestro
3246 3028 3578 3091 recitandum

2003 3125 2207 3190 auditu,
2231 3140 2300 3181 ne
2329 3124 2466 3180 torte
2487 3123 2735 3179 castratis
2763 3123 3043 3178 sententiis
3091 3122 3369 3178 commoda
3399 3123 3578 3194 potius

310 3226 404 3272 tur
429 3219 574 3274 enim
601 3227 795 3274 namra
840 3221 894 3274 in
931 3220 1048 3291 ipso
1085 3200 1261 3290 primo
1302 3200 1758 3280 inmortalitatem
1784 3265 1798 3290 ,
1841 3209 1966 3281 etC
1999 3225 2025 3264 σ
2054 3216 2342 3273 secundum
2383 3214 2694 3270 arbitratum
2741 3200 2992 3280 secuerit,
3023 3221 3082 3268 ut
3126 3213 3422 3268 defensioni
3469 3229 3577 3268 sum

311 3310 746 3366 eontundebatur
788 3327 963 3378 mors,
1011 3325 1132 3381 qua:
1172 3314 1298 3368 vitae
1325 3328 1520 3385 corpus
1548 3331 1698 3372 more
1726 3319 1894 3373 hostis

307 3401 587 3456 invaserat
611 3420 624 3456 :
655 3403 1103 3472 quemadmodum
1127 3405 1256 3461 vicit
1285 3406 1470 3472 Adam,
1505 3409 1580 3462 sic
1600 3411 1650 3463 in
1679 3407 1889 3467 Christo

309 3494 522 3550 devicta
553 3503 652 3550 est.
688 3493 872 3566 Itaque
899 3498 1206 3554 ascendenti
1233 3507 1287 3555 et
1325 3509 1548 3576 propter
1585 3519 1682 3560 nos
1711 3513 1762 3560 et
1791 3522 1888 3576 pro

309 3587 470 3641 nobis
498 3587 562 3642 ad
592 3588 864 3644 cmlestem
894 3586 1106 3646 Patrem
1136 3600 1190 3647 et
1219 3591 1531 3660 Dominum,
1565 3601 1620 3650 ut
1663 3599 1889 3653 terrenis

307 3679 618 3735 hominibus
650 3691 674 3718 ο
713 3683 954 3752 pervium
987 3691 1042 3739 et
1070 3685 1385 3740 ascensibile
1413 3684 1615 3742 faceret
1655 3688 1846 3743 coelum
1872 3731 1886 3754 ,

309 3769 663 3840 triumphales
690 3781 876 3828 cantus
901 3773 1168 3829 referebat
1189 3775 1399 3831 divinus
1426 3767 1764 3833 modulator:
1793 3779 1891 3834 As-

309 3861 486 3916 cendit
528 3861 664 3917 Deus
691 3866 746 3918 in
781 3863 946 3936 jubiie
982 3865 1099 3936 (Ps.
1137 3881 1277 3931 vat,
1309 3866 1386 3937 6).
1436 3865 1588 3923 Unde
1615 3877 1668 3923 et
1698 3868 1893 3925 Paulus

311 3953 394 4006 ait
425 3972 436 4005 :
471 3952 573 4016 Qui
602 3955 884 4023 descendit,
913 3959 1024 4027 ipse
1053 3964 1129 4012 est
1155 3967 1204 4012 et
1237 3959 1322 4028 qui
1350 3961 1581 4014 ascendit
1610 3977 1761 4032 super
1789 3978 1892 4016 ae-

317 4045 424 4109 l'oa,
455 4053 510 4097 ut
543 4047 842 4117 adimpleret
879 4051 1054 4102 omnia
1099 4047 1256 4119 (Eph.
1283 4065 1355 4113 Iv,
1400 4049 1477 4121 9).
1507 4049 1636 4104 ltem
1662 4052 1812 4120 juxta
1844 4053 1898 4104 ll-

314 4149 442 4190 nem
486 4129 643 4206 hujus
684 4136 934 4207 Epistolas
964 4139 1081 4192 ait:
1124 4139 1238 4194 Non
1281 4140 1588 4208 ignoramus
1627 4141 1743 4210 ejus
1778 4143 1894 4211 glo-

309 4226 451 4281 riam
491 4229 580 4299 qui
625 4234 710 4283 est
733 4226 903 4286 factus
946 4228 1109 4284 homo
1131 4227 1286 4298 juxta
1315 4245 1432 4296 nos,
1481 4231 1676 4286 mansit
1712 4240 1889 4291 tamen

305 4317 456 4380 idem
487 4319 580 4388 qui
607 4318 785 4376 fuerat
812 4318 968 4376 Deus.

384 4407 496 4464 XV.
525 4438 599 4450 —-
622 4405 838 4465 Judices
865 4409 1112 4465 eﬁxeruat
1141 4428 1152 4463 :
1185 4409 1251 4464 Et
1291 4411 1582 4466 abundanti
1625 4413 1882 4468 satisfecit

1996 3309 2248 3378 probaret
2284 3303 2466 3376 Cyriili
2496 3302 2821 3359 concordare
2859 3303 3175 3358 doctrinam.
3208 3336 3277 3345 —
3309 3303 3575 3358 Arnobius

1993 3397 2128 3453 dixit
2161 3415 2173 3450 :
2207 3395 2356 3451 Licet
2385 3393 2588 3449 intlnita
2620 3394 2726 3448 sint
2755 3393 3025 3448 volumina
3052 3408 3171 3461 qua:
3213 3393 3444 3446 doceant
3471 3391 3578 3462 Cy»

1992 3492 2168 3547 rilium
2209 3491 2279 3544 ita
2310 3489 2378 3542 de
2411 3488 2638 3541 Domino
2665 3484 2790 3540 Jesu
2816 3485 3050 3538 sensisse
3099 3491 3153 3537 et
3182 3482 3495 3546 credidisse,
3519 3495 3577 3538 ut

1993 3584 2047 3637 in
2074 3595 2183 3636 uno
2211 3579 2304 3633 Dei
2334 3573 2467 3632 Filio
2497 3577 2640 3631 Deus
2666 3590 2825 3629 verus
2849 3583 2903 3628 et
2933 3589 3089 3628 verus
3117 3573 3278 3628 homo
3305 3587 3424 3629 esse
3457 3587 3576 3628 cre-

1993 3671 2197 3726 dendus
2224 3669 2295 3722 sit
2333 3675 2389 3721 et
2423 3667 2699 3730 colendus,
2741 3674 2795 3719 et
2823 3665 2896 3719 ita
2936 3679 3053 3720 esse
3096 3663 3316 3718 Mariam
3342 3665 3576 3721 οιοτόκαι

1990 3766 2129 3821 sicut
2153 3762 2512 3836 Χριστοτύπθνς
2541 3767 2720 3812 tamen
2747 3770 2873 3810 ecce
2900 3756 3036 3810 liber
3063 3770 3129 3808 ex
3157 3756 3386 3822 integro,
3419 3754 3464 3808 si
3485 3755 3574 3822 ju-

1991 3859 2149 3921 betis,
2178 3853 2487 3910 recitandus
2514 3849 2755 3904 oder-tur.
2780 3879 2850 3891 ——
2879 3846 3093 3900 Iudices
3130 3843 3380 3898 dixerunt
3427 3863 3440 3896 :
3488 3845 3577 3898 Se-

1993 3949 2101 4003 mel
2131 3946 2341 4000 animus
2368 3939 2715 3996 contentione
2743 3937 3008 3990 attonitus
3036 3935 3196 3989 etiam
3219 3949 3339 3989 cum
3371 3935 3578 4001 integer

1999 4038 2170 4094 lectus
2199 4032 2376 4096 fuerit,
2407 4043 2513 4084 non
2542 4027 2834 4082 debsbebit
2871 4024 3017 4096 quod
3061 4025 3287 4091 ingerat,
3312 4032 3366 4078 et
3391 4039 3577 4096 super-

1995 4128 2111 4184 ﬂuo
2129 4122 2402 4182 molimine
2440 4124 2668 4192 occupet
2690 4130 2959 4172 morarum
3003 4115 3172 4185 spatia
3204 4133 3214 4166 :
3241 4121 3418 4169 tamen
3448 4115 3574 4183 quia

1997 4228 2080 4289 est
2107 4233 2215 4289 prae
2243 4213 2485 4274 manibus
2528 4208 2662 4268 liber
2695 4209 2753 4264 S.
2795 4207 2997 4281 Cyrilli,
3022 4207 3295 4270 recitetur.
3327 4208 3569 4280 Cumque

1992 4315 2183 4369 ﬁnisset
2206 4307 2375 4366 codex
2405 4312 2640 4377 apertus,
2671 4303 2925 4360 recitatis
2946 4308 3029 4374 est
3057 4299 3082 4340 ⁸
3105 4300 3292 4358 titulus
3331 4302 3429 4368 sic,
3459 4311 3566 4360 etc.

1420 4563 1424 4568 ’
1471 4545 1580 4600 FB.
1623 4543 2109 4603 FEU-ARDENTII
2146 4538 2373 4597 ΝΤΞ.

387 4667 408 4692 η
438 4656 573 4712 Cum
603 4666 756 4712 vetus
783 4655 952 4728 codex
991 4653 1212 4728 haberet
1246 4651 1682 4728 aiﬁrmando,et
1727 4659 1879 4724 homo
1909 4665 1960 4728 ο
1985 4657 2152 4713 nostri
2176 4668 2335 4728 causa
2361 4647 2506 4706 nobis
2527 4647 2712 4727 similia
2737 4641 2965 4728 elocuta.
2986 4641 3234 4728 Obtiuuit
3272 4655 3445 4700 nm
3471 4663 3568 4702 na-

303 4728 605 4809 qeiﬁcatus,
639 4726 975 4808 negationem
1011 4721 1420 4809 addidimus,nct
1453 4745 1556 4809 non

303 4797 532 4869 ﬁrmus,
573 4797 827 4869 quoniam
856 4814 995 4852 nunc
1023 4797 1178 4869 apud»
1206 4797 1462 4869 Cyrillum
1504 4797 1696 4864 legitur
1727 4818 1738 4850 :
1783 4797 1885 4869 Qui

303 4865 465 4948 sintut
495 4865 631 4922 Deus
654 4874 700 4949 et
721 4867 872 4949 homo
892 4878 995 4948 est,
1026 4865 1129 4949 non
1157 4865 1308 4926 homo
1341 4865 1758 4949 deiﬁeatuahpor
1779 4865 1882 4926 illis

301 4938 523 5018 gitiuper
551 4937 772 5018 gratiam
798 4931 988 5018 divina?
1024 4947 1226 5017 natura:
1263 4931 1540 5018 participes
1577 4931 1880 5018 eﬁiﬁiuutur.
1959 4989 1967 5000 ,

302 5005 515 5072 Quibus
535 5005 800 5064 consentit
821 5007 958 5066 Butli
985 5008 1154 5070 'mius,
1178 5018 1332 5077 parte
1353 5025 1438 5064 xw
1463 5005 1751 5080 Panuplite.

387 5077 408 5112 δ
437 5074 525 5130 Sic
545 5074 903 5133 Tertulliauus
1042 5095 1071 5133 v
1099 5075 1354 5132 adversus
1374 5076 1562 5133 Mare.
1586 5086 1642 5132 et
1660 5076 1751 5133 Rul

387 5077 408 5112 δ
437 5074 525 5130 Sic
545 5074 903 5158 Tertulliauus
923 5074 1015 5133 lib.
1042 5095 1071 5134 v
1099 5074 1354 5158 adversus
1374 5076 1562 5158 Mare,
1586 5074 1642 5132 et
1656 5076 1884 5158 Rufinus

304 5157 588 5216 exponens
613 5147 911 5216 symbolum
941 5147 1188 5214 pulsanti
1219 5155 1459 5220 tempore
1488 5147 1670 5217 legunt
1692 5188 1705 5212 ,
1739 5165 1878 5202 mor.

305 5217 572 5286 tiﬁcomur
597 5224 643 5272 et
665 5216 997 5286 viui/icamur.
1424 5283 1432 5286 ι
1636 5285 1649 5286 7
1673 5283 1701 5286 _7
1731 5285 1738 5286 γ

305 5217 572 5284 tiﬁcamur
597 5224 643 5272 et
665 5217 997 5286 viviﬁcamur.
1339 5217 1348 5220 ⁷

389 5296 410 5323 ε
443 5284 640 5340 Vocem
669 5296 895 5355 mortuus
925 5287 1136 5355 ignorat
1161 5293 1317 5344 vetuo
1341 5283 1544 5355 codex;
1587 5283 1883 5344 addidimus

303 5367 442 5423 ergo
477 5367 542 5409 ex
571 5356 670 5428 hac
704 5345 908 5428 Peltani
939 5345 1288 5416 ﬁ'atislatione
1321 5375 1344 5428 γε
1379 5345 1625 5412 Traditur
1663 5374 1882 5428 namque

305 5433 527 5497 mortem
547 5425 710 5496 primo
725 5427 926 5496 quidem
942 5429 1211 5497 oppetiisse
1232 5437 1285 5482 ut
1306 5427 1485 5497 homo;
1507 5445 1627 5484 mox
1648 5443 1762 5484 vero
1790 5425 1882 5497 per
1917 5477 1920 5482 .

302 5471 370 5564 id
394 5495 527 5564 quod
547 5471 648 5549 rsua
676 5471 865 5553 ηᾶιιιῗα
893 5471 1181 5563 "TER"
1197 5500 1251 5564 in
1646 5471 1874 5552 νὲάιὶέιο.

307 5563 378 5620 Si
406 5559 572 5637 igitur
615 5575 830 5619 mortem
873 5559 1161 5620 secundum
1190 5559 1487 5637 Scripturas
1527 5583 1739 5634 corpore
1778 5583 1879 5620 non

305 5637 624 5707 pertulisset,
668 5653 827 5707 neque
851 5637 1034 5707 spiritu
1062 5637 1342 5707 uipiﬁcatus
1372 5639 1635 5707 revixisset
1653 5653 1881 5707 quoque.

387 5703 412 5742 ⁶¹
445 5704 695 5761 Peltanus
724 5703 1019 5774 elegantius
1051 5724 1061 5754 :
1095 5703 1294 5762 Rérixit
1321 5703 1887 5775 enim'despoliotisin-

313 5777 461 5847 feris,
507 5792 611 5830 non
641 5785 694 5829 ut
734 5785 921 5830 nostra:
961 5776 1273 5830 conditionis
1316 5777 1485 5842 homo,
1519 5775 1607 5830 sed
1634 5785 1686 5827 ut
1728 5775 1884 5839 Deus,

1991 4737 2105 4782 tura
2131 4728 2185 4780 iu
2208 4725 2319 4794 ipso
2342 4725 2659 4797 tanquamjn
2689 4725 2856 4785 capite
2881 4725 3366 4796 incorruptionem.

2065 4806 2087 4835 ε
2129 4787 2380 4848 Peltanus
2412 4808 2425 4842 :
2459 4781 2627 4842 Nobis
2671 4796 2822 4840 terra
2846 4779 2999 4854 ἠυνιε
3027 4782 3292 4838 Miltiauis
3321 4801 3454 4842 utam
3494 4787 3565 4842 ad

1989 4865 2168 4938 “cqu
2197 4859 2445 4938 munivit._
2516 4927 2526 4938 .
2821 4919 2852 4938 1,
2926 4933 2936 4938 Δ
3040 4918 3081 4938 ἢ
3120 4930 3132 4938 _
3207 4935 3214 4938 Δ
3388 4933 3398 4938 _
3479 4923 3515 4938 Δ,

2066 4918 2094 4974 ι
2115 4934 2283 5002 Hujus
2310 4939 2366 4986 et
2392 4927 2744 5002 plurimorum
2786 4919 3014 5002 aliorum
3040 4918 3258 5002 fair—um
3280 4923 3566 5002 sententia:

1989 4987 2475 5076 ιεθοὶιξιῇιιι-ηιοᾱισ
2503 4992 2739 5076 secuqu
2786 4991 3010 5076 Caecilii
3039 4987 3295 5076 Ephesini
3317 5035 3332 5060 ,
3363 5007 3481 5076 cap.
3511 4993 3562 5047 7.

2062 5057 2438 5145 i’iddidimus
2475 5057 2788 5145 semiudum;
2825 5057 3016 5145 deinde
3050 5057 3446 5145 pro_s¢euiérit,'
3465 5079 3564 5132 po-

1988 5145 2190 5214 suimus
2208 5133 2444 5206 secuerit,
2477 5144 2535 5194 ut
2562 5135 2752 5192 melius
2781 5133 3020 5196 caetratis
3045 5133 3312 5192 sententiis
3335 5146 3562 5201 respon-

1987 5215 2181 5340 deﬁe‘s'i
2209 5297 2296 5337 res
2327 5283 2526 5352 agatur
2544 5275 2611 5334 de
2635 5275 2878 5352 superbis
2903 5272 3068 5352 citata
3098 5271 3342 5352 epistola,
3376 5266 3561 5322 titulus

1987 5366 2070 5414 est.
2097 5373 2107 5408 :
2144 5341 2718 5430 Cyrillus'presbyteria,
2745 5341 2996 5466 diaconi?
3021 5341 3366 5398 eteflnitium
3392 5352 3560 5418 vero;

1993 5423 2072 5466 F1:
2102 5426 2180 5466 ln'a
2207 5423 2293 5466 nui
2314 5438 2419 5466 una
2440 5415 2693 5466 uobiscum
2712 5424 2920 5466 atatem
2991 5417 3168 5466 count.
3198 5415 3302 5462 816-
3334 5399 3560 5466 δεηθείη

1987 5399 2072 5480 Is:-
2097 5399 2696 5492 ὶιίίᾟίιῖἶρλῖῦᾱρᾇὲιὶὸῖ
2706 5399 2935 5492 eam
2955 5399 3302 5492 4¢W€:.¢*°-
3318 5399 3560 5492 θερτίρεει

1987 5475 2426 5563 epistolam
2453 5487 2870 5563 adNestorium,
2896 5475 3046 5563 cuius
3298 5475 3561 5563 aﬂuit“!-

1990 5543 2628 5622 Iveit‘e'rriut‘dlecondriom
2675 5557 2788 5628 uiri,
2821 5543 2925 5628 etc.
2961 5543 3188 5628 Scripsit
3215 5544 3356 5628 eiad
3385 5543 3561 5602 Theo-

1989 5611 2650 5702 aziata‘sistimus
2695 5611 2762 5678 de
2779 5611 2936 5702 ζεοςιι
2965 5611 3209 5702 item
3238 5611 3396 5702 Fide;

1991 5687 2212 5773 genus
2251 5687 2638 5773 ad'rEudociam
2679 5704 2735 5748 οι
2782 5687 3126 5773 natanata-3
3163 5687 3557 5773 imperasses,
3649 5709 3654 5712 -

1993 5757 2228 5844 eiusdem
2272 5769 2501 5830 nominis
2539 5759 2763 5818 alterum
2809 5757 3024 5820 librum,
3077 5761 3130 5807 et
3172 5758 3463 5813 secundum
3495 5757 3560 5811 ad
