4108 6348
579 309 684 369 293

1902 296 2175 354 ARNOBII
2211 287 2514 352 JUNIORIS

3764 287 3873 344 296

649 419 809 478 XVII.
829 419 1034 475 ——Post
1059 417 1198 472 hanc
1224 412 1505 485 epistolam
1527 411 1740 484 publice
1769 409 2158 482 perlectam,——
2184 411 2234 472 Α
2262 415 2486 462 matrem
2514 405 2718 477 habuit,
2750 414 2804 460 et
2831 405 2993 462 homo
3023 403 3138 472 fuit,
3188 402 3429 474 nunquid
3456 419 3578 460 eam
3623 417 3874 473 negasse

579 517 793 573 Judices
811 511 1012 584 praefati
1037 509 1319 565 dixerunt:
1344 504 1484 562 Ecce
1507 521 1576 559 ex
1603 505 1810 572 integro
1833 503 1970 556 liber
1988 501 2160 556 lectus

579 614 663 662 est
685 603 854 662 sancti
883 599 1081 672 Cyrilli,
1114 612 1274 667 quem
1314 595 1584 651 Arnobius
1628 593 1749 649 Iidei
1779 609 1888 648 suae
1929 605 2160 648 concor-

577 697 700 754 dem
728 693 964 750 noscitur
984 689 1297 761 protulisse;
1339 687 1386 742 si
1425 687 1553 755 quid
1582 684 1866 756 Serapioni
1906 682 2163 738 remansit

578 788 723 860 quod
744 788 969 856 ingerat,
999 781 1219 853 pandat.
1248 812 1319 822 —
1345 778 1608 849 Serapion
1636 777 1806 832 dixit:
1840 775 1954 846 Ego
1977 790 2163 832 amore

577 881 701 937 ﬁdei
730 880 915 944 ducor,
949 885 1003 932 et
1030 874 1172 930 vinci
1200 889 1288 929 me
1315 873 1484 942 magis
1517 872 1734 942 gloriari
1763 878 1954 942 potero
2001 885 2162 940 quam

578 970 852 1030 confundi.
878 968 995 1023 Non
1017 966 1161 1022 enim
1190 965 1257 1021 de
1279 981 1376 1020 sua
1397 965 1625 1020 victoria
1654 979 1841 1018 servus
1876 975 2036 1031 agere
2064 961 2162 1016 de-

577 1065 707 1131 bet,
748 1063 839 1132 qui
868 1060 935 1119 de
971 1061 1178 1116 honore
1217 1057 1428 1113 Domini
1455 1056 1540 1112 vel
1571 1054 2002 1111 exhonoratione
2046 1052 2165 1123 ejus

577 1173 698 1214 cum
731 1159 994 1213 conservo
1030 1151 1325 1218 contendit,
1351 1160 1372 1186 α
1401 1157 1457 1205 ει
1485 1149 1670 1204 utvult
1697 1147 1983 1204 ostendere
2010 1162 2165 1202 suum

578 1250 865 1307 Dominum
900 1248 1226 1303 inhonorare
1274 1244 1328 1300 in
1375 1245 1486 1299 suis
1528 1243 1884 1300 sermonibus.
1920 1241 2167 1296 Beatissi-

578 1358 728 1400 mum
751 1340 1110 1413 correptionis
1155 1353 1324 1409 genus
1352 1346 1436 1394 est
1477 1339 1530 1392 in
1575 1353 1684 1408 quo
1725 1352 1831 1392 non
1882 1335 2057 1406 agitur
2098 1333 2169 1390 de

569 1431 745 1492 censu
767 1433 1028 1504 pecuniae,
1071 1447 1171 1487 nec
1198 1431 1264 1500 de
1294 1431 1566 1486 rebus'his
1593 1444 1819 1500 quarum
1850 1437 1974 1500 post
2001 1428 2168 1500 depo-

579 1526 831 1585 sitionem
869 1525 1111 1596 corporis
1143 1540 1252 1579 non
1298 1539 1517 1594 egemus
1557 1542 1569 1577 :
1621 1523 1716 1579 sed
1759 1523 1936 1592 agitur
1977 1523 2045 1580 de
2086 1523 2170 1579 his

581 1635 702 1692 quae
729 1618 795 1674 ad
840 1626 1156 1689 perpetuum
1201 1615 1453 1687 gaudium
1499 1617 1793 1687 pertinent,
1824 1617 1909 1672 vel
1932 1617 2173 1686 irrogaut

580 1718 842 1767 aeternum
879 1707 1205 1764 incendium.
1230 1703 1381 1763 'Hzec
1405 1706 1526 1763 ideo
1575 1693 1782 1776 ingere,
1813 1716 1873 1762 ut
1910 1707 1957 1763 si
1999 1707 2172 1763 adhuc

2263 497 2534 554 hominem
2565 513 2685 553 esse
2711 497 2979 569 putandus
3025 497 3142 552 est?
3182 495 3460 568 Impressit
3507 495 3678 564 igitur
3723 495 3872 550 hunc

2261 589 2460 653 locum,
2492 588 2560 644 de
2588 604 2696 660 quo
2721 596 2838 644 erat
2858 588 3154 644 contentio.
3191 597 3212 625 ο
3246 586 3524 660 Nestorius
3545 587 3699 652 enim
3723 594 3874 642 nullo

2262 681 2425 738 modo
2454 698 2640 754 passus
2665 692 2748 739 est
2776 668 2972 738 debere
3012 682 3250 739 Θιοτόκον
3292 681 3462 748 credi,
3508 689 3565 737 et
3607 679 3743 736 ideo
3764 681 3873 738 fre-

2263 775 2449 844 quenti
2477 775 2774 832 assertione
2803 773 2855 829 id
2885 775 3013 844 egit,
3048 783 3106 829 ut
3134 788 3258 830 eum
3302 774 3407 830 hoc
3447 773 3595 844 quod
3641 779 3870 843 negavit

2266 870 2502 931 Θεοτόκος
2527 869 2798 926 edoceret.
2828 899 2898 909 —
2919 867 3183 938 Serapion
3212 867 3347 923 dixit
3381 886 3392 920 :
3421 867 3567 924 Doce
3595 882 3737 937 ergo
3761 884 3873 924 sen«

2268 980 2388 1021 sum
2416 962 2601 1036 Cyrilli
2628 964 2789 1018 talem
2812 963 3103 1028 exstitisse,
3135 970 3194 1016 ut
3242 962 3416 1032 ipsum
3465 961 3560 1031 qui
3585 977 3660 1018 ex
3705 959 3871 1016 Maria

2267 1066 2425 1114 natus
2462 1066 2544 1112 est
2593 1056 2764 1112 Deum
2812 1056 2962 1110 illum
3009 1061 3065 1110 et
3103 1054 3378 1123 hominem
3415 1061 3776 1110 memoraret.
3807 1081 3872 1092 --

2269 1150 2539 1207 Arnobius
2567 1150 2701 1206 dixit
2735 1168 2748 1203 :
2782 1147 2977 1223 Ethos
3005 1164 3273 1213 assumus,
3305 1155 3362 1204 et
3411 1147 3546 1202 liber
3574 1148 3672 1217 qui
3707 1147 3871 1219 lectus

2269 1250 2388 1311 est;
2421 1243 2607 1314 accipe
2635 1259 2704 1299 ex
2732 1258 2799 1299 eo
2828 1257 2948 1312 quae
2970 1241 3109 1298 lecta
3132 1249 3258 1298 sunt
3279 1240 3374 1295 ita.
3405 1239 3522 1295 Non
3545 1240 3675 1296 ideo
3707 1241 3872 1297 factus

2270 1347 2354 1394 est
2383 1338 2548 1394 homo
2571 1337 2906 1407 unigenitum
2937 1336 3033 1391 Dei
3063 1335 3317 1400 Verbum,
3351 1342 3410 1389 ut
3432 1333 3572 1388 Deus
3607 1349 3737 1388 esse
3763 1349 3869 1390 ces-

2270 1439 2446 1498 saret,
2479 1430 2572 1487 sed
2601 1439 2661 1485 ut
2708 1430 2760 1484 in
2804 1428 3173 1500 assumptione
3213 1427 3372 1483 etiam
3417 1427 3599 1483 carnis
3643 1427 3869 1498 propria:

2272 1523 2571 1594 majestatis
2616 1523 2843 1592 gloriam
2887 1523 3240 1576 intueremur.
3283 1518 3408 1575 Ilico
3450 1520 3630 1590 primo
3677 1519 3868 1574 dixisse

2246 1617 2319 1673 ‘si
2360 1633 2468 1673 non
2512 1614 2728 1681 suﬁicit,
2773 1631 2893 1684 qua:
2928 1615 2982 1669 in
3029 1612 3280 1669 secundis
3319 1612 3455 1668 dixit
3495 1612 3773 1668 ausculta.
3819 1611 3868 1665 In

2274 1725 2440 1766 carne
2475 1709 2685 1780 positus
2734 1707 2987 1762 audiebat
3033 1704 3248 1760 Patrem
3297 1703 3770 1773 dicentem,ISede
3807 1707 3865 1757 ad

581 1802 765 1873 aliqua
789 1800 1066 1872 protulero
1087 1807 1278 1855 contra
1306 1799 1620 1862 Arnobium,
1672 1814 1780 1854 non
1830 1814 2016 1855 altiore
2044 1814 2174 1855 eon-
2205 1800 2254 1863 B
2279 1803 2543 1857 dexteram
2564 1819 2731 1856 meam
2761 1800 2886 1872 (Ps.
2920 1816 3026 1866 crx,
3062 1799 3088 1852 ι
3105 1798 3143 1868 ).
3169 1799 3307 1854 Audi
3326 1798 3488 1853 etiam
3520 1797 3656 1867 quid
3682 1798 3867 1852 dixerit

584 1893 839 1951 tentionis
867 1893 1144 1948 existimer
1166 1892 1472 1963 protulisse,
1503 1900 1562 1948 ut
1588 1892 1657 1948 de
1684 1907 1804 1948 mea
1829 1893 2174 1948 contentione

582 2001 752 2042 coner
798 1985 927 2040 mihi
985 1998 1246 2054 generare
1286 1982 1597 2049 victoriam;
1661 1983 1753 2038 sed
1797 1993 1855 2039 ut
1893 1970 2173 2040 victOriam

576 2073 756 2148 ipsam
785 2075 1026 2130 veritatis
1053 2075 1326 2132 elimatam
1374 2091 1472 2146 per
1499 2075 1681 2130 omnia
1728 2075 1966 2130 membra
1996 2091 2092 2132 sua
2120 2086 2177 2134 et

579 2159 922 2240 Splendidam
957 2167 1228 2225 Arnobius
1269 2166 1540 2239 proferat,
1586 2177 1646 2223 ut
1685 2168 1816 2224 nihil
1853 2168 1984 2224 mihi
2030 2170 2176 2240 quod

584 2261 974 2332 nuncegerim,
1007 2261 1201 2332 agendi
1230 2261 1335 2317 hoc
1361 2269 1607 2332 tempore
1635 2261 1958 2316 remansisse
1985 2269 2174 2318 conte-

583 2364 775 2433 stetnr‘.
804 2387 874 2398 ——
902 2352 1120 2415 Judices
1155 2353 1267 2407 dati
1309 2352 1564 2408 dixerunt
1614 2371 1626 2406 :
1673 2352 1770 2408 Dic
1811 2367 1940 2423 ergo
1962 2353 2006 2409 si
2047 2352 2178 2424 quid

493 2443 496 2446 ’
583 2448 682 2503 tibi
712 2459 995 2516 superesse
1023 2445 1323 2513 cognoscis.

661 2535 844 2593 XVIII.
876 2568 946 2578 -—
973 2535 1237 2606 Serapion
1261 2536 1395 2591 dixit
1428 2553 1440 2589 :
1472 2535 1578 2591 Iste
1615 2536 1751 2592 liber
1777 2537 1870 2605 qui
1900 2537 2070 2592 lectus
2097 2545 2181 2593 est

587 2630 645 2687 S.
679 2630 887 2703 Cyrilli,
920 2646 1028 2686 non
1049 2629 1216 2686 docet.
1237 2629 1292 2684 in
1325 2627 1462 2685 Filio
1493 2628 1589 2683 Dei
1630 2628 1764 2683 duas
1808 2629 2138 2685 substantias
2161 2671 2177 2697 ,

588 2723 685 2784 sed
730 2738 892 2780 unam
935 2729 1166 2778 conatur
1205 2718 1511 2777 ostendere.
1563 2749 1626 2759 -
1673 2719 1943 2775 Arnobius
1982 2719 2118 2775 dixit
2164 2737 2176 2773 :

589 2815 768 2891 Ipsam
797 2832 981 2882 unam,
1010 2832 1172 2887 quam
1201 2822 1427 2888 conatur
1447 2812 1734 2870 ostendere
1776 2814 2058 2885 pande.——
2078 2813 2180 2870 Se-

589 2913 783 2986 rapion
827 2913 1000 2968 dixit:
1047 2910 1271 2966 Deitatis
1309 2917 1538 2973 tantum,
1569 2924 1679 2963 non
1709 2907 2090 2973 humanitatis;
2123 2916 2185 2963 ut

589 3003 688 3062 Dei
733 3012 909 3060 mater
953 2990 1164 3058 dicatur
1209 3001 1397 3067 Maria,
1449 3018 1557 3057 non
1601 3010 1783 3056 tamen
1826 3009 1881 3056 et
1925 3000 2178 3056 hominis.

2277 1899 2460 1962 tertio,
2482 1897 2714 1952 divinam
2737 1894 2908 1951 secuti
2935 1893 3289 1963 Scripturam,
3323 1892 3412 1947 Dei
3437 1891 3678 1947 Verbum
3709 1888 3735 1928 ἀ
3757 1908 3864 1946 cum

2277 1987 2586 2045 conditione
2607 1987 2938 2058 copulantes,
2967 1985 3256 2040 humanam
3306 1992 3361 2039 et
3401 1985 3712 2049 mortalem,
3744 1984 3867 2039 divi-

2279 2099 2511 2154 namque
2552 2090 2800 2136 naturam
2845 2081 2896 2134 in
2945 2094 3109 2134 unum
3157 2077 3360 2148 aliquid
3404 2076 3768 2140 conferentes,
3801 2079 3862 2130 ita

2280 2188 2464 2233 tamen
2493 2185 2553 2232 ut
2579 2172 2893 2246 simpliciter
2931 2189 3040 2229 non
3079 2174 3242 2227 homo
3272 2169 3573 2241 Theoferus
3611 2171 3863 2239 intelliga-

2282 2281 2394 2337 tur,
2428 2271 2523 2327 sed
2546 2271 2688 2326 Deus
2711 2269 3040 2333 incarnatus,
3064 2266 3155 2336 qui
3176 2281 3274 2336 per
3293 2264 3744 2336 dispensationem
3771 2279 3862 2319 co-

2279 2363 2571 2437 pulationis
2602 2362 2770 2432 (nota
2799 2359 2930 2432 quid
2961 2358 3146 2428 dicat)
3178 2372 3377 2428 corpus
3403 2357 3508 2411 sibi
3549 2371 3613 2410 ex
3642 2356 3857 2423 Virgine

2282 2463 2473 2512 sancta
2503 2454 2741 2510 ascribit.
2775 2451 2891 2507 Hoc
2917 2451 3060 2506 enim
3093 2449 3275 2514 modo,
3310 2464 3409 2504 nec
3435 2448 3594 2504 aliter
3622 2447 3859 2516 intelligi-

2282 2558 2372 2606 tur
2396 2548 2662 2607 Christus.
2681 2545 2934 2602 Ausculta
2957 2537 3120 2599 etiam
3142 2550 3338 2613 quarto
3363 2543 3484 2598 loco
3503 2541 3633 2613 quid
3647 2548 3853 2596 astruat.

2281 2641 2340 2696 ln
2370 2639 2586 2696 Christo
2614 2639 2904 2694 asserimus
2932 2636 3077 2708 quod
3115 2636 3362 2691 coierunt
3404 2632 3639 2703 quadam
3674 2647 3849 2687 arcana

2281 2730 2645 2802 ineliabilique
2672 2729 2884 2786 ratione
2916 2729 2970 2784 in
2997 2742 3162 2784 unum
3191 2727 3374 2782 Deitas
3397 2734 3453 2780 et
3481 2726 3715 2780 humana
3742 2739 3856 2779 eon-

2284 2824 2437 2889 ditio,
2466 2830 2525 2878 ut
2572 2823 2624 2877 in
2651 2821 2842 2878 eodem
2879 2819 3038 2876 simul
3066 2827 3122 2875 et
3150 2820 3314 2874 homo
3352 2816 3684 2886 intelligatur
3724 2814 3855 2885 juxta

2288 2934 2406 2982 nos,
2441 2925 2496 2972 et
2520 2916 2664 2972 Deus
2693 2929 2857 2985 supra
2885 2929 3002 2970 nos.
3030 2911 3231 2978 Quinto
3255 2910 3418 2966 etiam
3447 2908 3571 2964 loco
3602 2907 3725 2963 audi
3751 2903 3854 2976 quid

2285 3008 2482 3065 dixerit
2506 3007 2574 3062 de
2602 3005 2738 3061 Filio
2765 3005 2880 3060 Dei.
2915 3002 3064 3059 Sicut
3111 3001 3280 3072 ipsius
3305 3000 3468 3056 Verbi
3515 2997 3663 3069 quod
3690 3005 3768 3053 est
3801 3010 3855 3051 ex

593 3081 985 3153 Nam'esoréxov
1014 3093 1125 3148 vult
1153 3108 1277 3147 eam
1305 3092 1519 3155 vocari,
1552 3108 1661 3146 non
1689 3093 2059 3168 Xpwroréxov;
2091 3098 2185 3146 aut
2287 3100 2400 3154 Deo
2429 3097 2609 3165 Patre,
2643 3095 2862 3167 propria
2889 3093 2988 3149 fuit
3028 3108 3155 3149 caro
3186 3092 3276 3148 illa
3300 3107 3435 3162 pura
3465 3098 3632 3160 atque
3656 3101 3856 3144 venera-

593 3187 639 3243 si
669 3185 776 3241 aiio
798 3183 1086 3248 consentit,
1117 3192 1172 3238 et
1216 3181 1558 3260 Χριστετὸκον
1598 3183 1790 3254 pande.
1823 3214 1894 3224 ——
1919 3183 2186 3239 Arnobius
2213 3187 2258 3250 C
2288 3191 2428 3257 bilis,
2459 3205 2579 3260 qua:
2600 3205 2668 3244 ex
2689 3195 2872 3243 sancta
2901 3185 3121 3255 Virgine
3149 3190 3437 3256 procreata
3467 3191 3572 3248 est,
3603 3181 3676 3236 ita
3698 3177 3855 3234 omnia

594 3276 728 3332 dixit
759 3294 770 3328 :
804 3274 1033 3330 Sanctus
1060 3271 1292 3346 Cyrillus
1317 3281 1506 3328 contra
1537 3290 1632 3329 eos
1679 3274 1771 3344 qui
1803 3282 2044 3330 sanctam
2074 3274 2186 3330 Ma-
2223 3291 2234 3312 ο
2289 3297 2409 3352 qua:
2455 3281 2604 3336 carni
2643 3277 2973 3334 conveniunt
3001 3276 3203 3345 absque
3249 3273 3368 3330 solo
3415 3279 3661 3345 peccato,
3700 3268 3856 3326 subire

594 3369 730 3426 riam
758 3368 997 3424 Θεοτὸκον
1023 3376 1241 3435 negant,
1267 3373 1481 3421 secutus
1511 3366 1720 3436 priores
1749 3383 1874 3422 suos
1903 3367 2187 3438 episcopos

597 3457 977 3531 Theophilum,
1019 3458 1133 3515 sive
1180 3455 1564 3524 Athanasium,
1589 3458 1826 3514 ostendit
1867 3459 2014 3514 illam
2059 3468 2184 3516 Θω-

597 3554 743 3608 τόκον
783 3551 1074 3615 exstitisse,
1120 3565 1192 3604 ne
1236 3549 1372 3605 forte
1417 3565 1604 3620 parem
1638 3551 1838 3607 habere
1882 3558 2184 3622 putaretur,

599 3661 721 3716 cum
769 3645 1105 3720 Χριστοτόκος
1134 3642 1346 3697 dicitur.
1407 3641 1434 3681 ιι
1489 3641 1730 3698 Fuerunt
1779 3643 1921 3698 enim
1970 3651 2025 3698 et
2071 3643 2187 3698 alite

597 3735 975 3800 Christotocas,
1006 3735 1151 3790 nulla
1179 3743 1356 3789 tamen
1381 3735 1454 3789 ita
1477 3737 1815 3812 Χριστοτόιιος
1837 3744 1892 3791 et
1916 3737 2184 3804 Θεοτόκος,

601 3835 657 3883 ει
685 3826 836 3895 virgo
874 3825 1061 3880 effecta
1091 3824 1201 3880 feta
1231 3834 1316 3880 est
1343 3825 1482 3880 sicut
1510 3825 1694 3881 Maria.
1720 3826 2024 3884 Memorans
2061 3842 2190 3898 ergo

600 3919 704 3976 hoc
727 3918 874 3988 quod
901 3918 1076 3987 majus
1103 3927 1187 3973 est
1215 3920 1475 3985 Θεοτόκος,
1506 3919 1654 3988 quod
1673 3921 1850 3976 minus
1875 3931 1958 3976 est
1982 3932 2194 3998 Χριστο-

601 4013 755 4095 scion
776 4012 944 4068 siluit.
975 4009 1136 4066 Modo
1183 4011 1277 4081 qui
1321 4018 1447 4068 ante
1494 4011 1649 4077 dixit,
1677 4011 1844 4068 Maria
1892 4022 2098 4084 patrem
2139 4023 2196 4071 et

2291 3373 2494 3437 debuit,
2523 3381 2546 3408 ε
2577 3379 2631 3426 et
2660 3369 2840 3426 omnia
2887 3375 2947 3423 ut
2983 3377 3297 3424 nasceretur
3335 3381 3404 3421 ex
3432 3371 3624 3420 matre.
3670 3359 3858 3417 Audisti

2290 3464 2418 3536 quid
2467 3463 2638 3518 dixit?
2669 3491 2739 3504 —
2763 3459 3026 3530 Serapion
3068 3457 3346 3528 respondit
3394 3475 3406 3509 :
3445 3455 3649 3510 Audivi.
3677 3480 3743 3491 ——
3766 3451 3856 3505 Ar-

2291 3559 2486 3615 nobius
2515 3556 2647 3612 dixit
2679 3574 2690 3608 :
2725 3553 2968 3624 Explana
2997 3550 3126 3606 mihi
3155 3549 3298 3620 quod
3340 3548 3492 3603 dixit.
3523 3575 3585 3585 -—
3609 3542 3847 3613 Serapion

2291 3647 2571 3720 respondit
2620 3664 2632 3699 :
2672 3644 2812 3701 Caro
2859 3658 2996 3714 pura
3041 3651 3206 3712 atque
3257 3638 3596 3718 honorabilis,
3635 3649 3751 3706 qua:
3793 3647 3855 3686 ex

2294 3747 2480 3796 sancta
2529 3735 2695 3791 Maria
2736 3740 3021 3805 procreata
3068 3740 3170 3798 est,
3202 3730 3424 3787 omnino
3472 3738 3531 3784 ut
3571 3730 3858 3783 nasceretur
3937 3756 3943 3762 -

2294 3848 2360 3887 ex
2389 3837 2581 3886 matre.
2612 3861 2682 3872 —-
2704 3826 2973 3882 Arnobius
2999 3824 3135 3880 dixit
3179 3842 3190 3876 :
3223 3821 3494 3893 Quidquid
3534 3819 3774 3888 intelligis
3814 3817 3860 3870 in

2297 3925 2401 3979 hoc
2421 3922 2562 3985 loco,
2595 3919 2680 3974 fac
2708 3933 2794 3974 me
2822 3917 2982 3973 scire.
3022 3945 3087 3954 —
3112 3915 3376 3988 Serapion
3405 3914 3543 3970 dixit
3573 3932 3584 3967 :
3613 3912 3724 3986 Hoc
3747 3914 3862 3982 puto

2299 4014 2445 4069 illum
2474 4011 2691 4076 dixisse,
2724 4007 2866 4079 quod
2889 4009 3067 4064 carnis
3092 4016 3292 4064 sancta:
3317 4015 3491 4063 mater
3510 4007 3582 4063 sit
3600 4005 3761 4075 Virgo
3777 4003 3862 4058 ista

1776 4129 1885 4182 FB.
1930 4127 2426 4184 FEU-ARDENTII
2467 4127 2672 4184 NOTAE
2685 4168 2697 4182 .

601 4241 818 4298 easdem
863 4241 931 4296 de
971 4249 1119 4296 recta
1157 4243 1210 4295 in
1256 4242 1437 4297 Jesum
1466 4243 1738 4297 Christum
1771 4242 2056 4297 Dominum
2087 4260 2184 4298 no-

603 4321 773 4368 strum
813 4309 940 4382 ﬁde,
990 4311 1230 4382 aliasque
1268 4311 1335 4365 ad
1379 4311 1621 4368 diversos
1663 4312 1952 4382 epistolas:
1992 4315 2186 4382 quibus

603 4381 928 4452 gravissimis
974 4381 1323 4452 plurimisque
1369 4381 1706 4451 argumentis
1748 4381 2028 4452 catholin
2065 4381 2186 4441 ﬁdei

603 4450 852 4525 dogmata
881 4458 1205 4525 propugnat,
1216 4450 1453 4525 bazreses
1480 4468 1610 4525 vero
1634 4453 1765 4518 Arii,
1801 4450 2033 4525 Photini,
2057 4470 2189 4525 pra:-

603 4523 792 4578 sertim
829 4538 956 4591 vero
986 4521 1230 4576 ’Nestorii
1276 4523 1535 4591 coarguit.
1581 4522 1710 4590 Qum
1752 4523 1930 4578 omnia
1975 4521 2084 4580 tam
2133 4527 2188 4581 in

605 4592 764 4648 editis
810 4590 925 4716 eius
971 4591 1246 4662 operibus,
1293 4590 1453 4662 quam
1500 4603 1648 4649 tomo
1690 4593 1711 4648 I
1749 4603 1810 4658 et
1838 4593 1880 4647 II
1929 4595 2185 4651 Actorum

606 4663 818 4717 concilii
867 4661 1092 4717 ‘nhesini
1118 4664 1356 4717 reperire
1377 4679 1441 4717 ac
1461 4665 1640 4717 legere
1661 4663 1829 4717 cuivis
1849 4665 2066 4717 obvium
2087 4676 2185 4717 est.

606 4679 818 4720 CODCIIII

677 4744 701 4772 ⁸
742 4732 994 4806 Fortasse
1023 4732 1326 4806 legendum,
1369 4743 1419 4788 et
1441 4743 1496 4788 ut
1523 4732 1660 4789 ’vatit
1695 4736 1919 4806 seipsum
1949 4738 2191 4792 invictum

608 4805 889 4878 ostendere,
930 4813 1036 4878 etc.
1056 4875 1063 4878 Α
1081 4804 1250 4860 Paulo
1279 4812 1420 4878 post,
1450 4806 1514 4860 de
1541 4806 1619 4860 his
1651 4804 1778 4878 quis
1797 4806 1866 4860 ad
1893 4816 2192 4878 perpetuum

608 4875 870 4948 gaudium,
899 4875 1215 4948 adjecimus,
1244 4877 1522 4948 pertinent.

681 4951 704 4982 υ
740 4943 877 5019 Cum
911 4943 1115 5019 nomen
1161 4943 1357 5002 Christi
1407 4948 1764 5003 communiter
1807 4956 2077 5019 sumptum
2125 4951 2218 5005 ab-

608 5007 861 5088 unctione
894 5015 1210 5088 deducatur,
1235 5019 1488 5086 unctique
1509 5019 1758 5088 legantur
1783 5007 1994 5074 veteres
2022 5035 2195 5076 sacer-

608 5087 780 5161 dotes,
811 5084 1110 5161 pontiﬁces,
1163 5101 1318 5156 reges
1345 5084 1417 5161 et
1431 5084 1729 5161 propheth
1754 5089 2065 5161 priusquam
2095 5107 2195 5161 pu-

607 5155 744 5212 blica
793 5155 1004 5212 ebirent
1031 5155 1293 5228 munera;
1343 5155 1616 5228 ipsi—certe
1663 5155 1825 5214 etiam
1869 5155 2112 5225 Cbristi,’
2139 5169 2194 5215 et

608 5235 1020 5302 matresieorum
1049 5225 1392 5302 Christiparxe
1415 5230 1671 5301 appellari
1693 5238 1936 5302 possunt.
1964 5228 2095 5284 Nam
2124 5231 2194 5302 de

608 5243 809 5283 matres
833 5243 1020 5282 eorum
1049 5243 1392 5352 uanStipar-Je
1415 5243 1671 5301 appellari
1693 5243 1936 5302 possunt.
1964 5243 2095 5284 nam
2124 5243 2189 5285 ae

607 5298 690 5373 llis
726 5299 997 5373 scripturn
1033 5306 1116 5373 es_t
1165 5317 1177 5351 :
1289 5301 1409 5373 alite
1451 5311 1657 5373 tangere
1696 5301 1915 5373 cliristos
1963 5317 2100 5373 meos
2130 5301 2189 5371 (I

528 5444 530 5446 ν
609 5367 748 5446 Par._
771 5367 1028 5446 xvi_,_22;
1061 5367 1153 5446 Es.
1187 5386 1290 5446 etv,
1322 5369 1441 5446 I5).
1477 5367 1559 5446 De
1589 5371 1692 5446 hoc
1721 5371 1992 5446 disserunt
2036 5367 2207 5446 Iusti?

489 5513 494 5520 _
524 5444 536 5473 '-
607 5439 1304 5522 nusoin-dialogOuTertull.
1339 5439 1764 5512 inApologetico
1785 5483 1798 5506 ,
1843 5449 1898 5494 et
1926 5441 2190 5496 Eusebius

609 5509 761 5563 initio
789 5509 1037 5566 Historia:
1064 5510 1190 5567 Ecc.
1466 5509 1477 5512 ⁷
1833 5567 1838 5572 .

625 5589 654 5659 ‘_
683 5590 704 5615 ε
727 5579 1059 5659 .Vincentius
1088 5581 1379 5659 Lirinensis
1406 5590 1591 5652 aperte
1620 5589 1848 5659 testatur
1883 5582 2186 5659 Nestorium

610 5648 1125 5722 Mariamvirginem
1176 5648 1457 5722 Deiparani
1507 5655 1746 5708 Θεοτὸκον
1792 5668 2044 5722 negasse,
2094 5654 2187 5708 sed

611 5720 1198 5798 Xptgroromv‘tantuln
1252 5720 1519 5798 nominari
1573 5724 1804 5798 voluisse
1857 5720 1880 5793 (
1904 5721 2182 5798 Lib._adv.

612 5789 815 5858 profari.
865 5790 1000 5858 nov).
1054 5789 1240 5847 Exstat
1288 5794 1525 5863 ejusdem
1573 5792 1803 5851 Nestorii
1850 5789 2075 5864 epistola
2123 5793 2190 5849 ad

2266 5009 2271 5013 ,
2297 4947 2541 5032 superius
2557 4951 2748 5032 _citata
2796 4947 3008 5032 Cyl-illi"
3030 4950 3255 5018 epistola
3291 4947 3556 5032 {Adrerte

2292 4243 2648 4316 Cyrillum,iin
2672 4241 3515 4316 temoApriquonciliiiEphes”
3550 4245 3602 4298 in
3626 4261 3731 4314 qua
3752 4260 3861 4316 con-

2294 4313 2533 4370 tinentur
2575 4315 2688 4369 haec
2735 4313 2898 4368 verba
2943 4331 2954 4365 :
2992 4313 3055 4368 Si
3100 4330 3209 4368 rem
3251 4313 3556 4370 diliaentius
3596 4313 3861 4370 considere-

2293 4403 2425 4511 inus;
2452 4402 2605 4508 scorta
2640 4383 2796 4456 Virgo
2826 4400 2931 4439 non
2952 4382 3200 4455 Deipara,
3233 4385 3324 4440 sed
3343 4382 3679 4455 Christipara
3701 4384 3858 4458 appei-
3894 4410 3902 4418 ο

2317 4473 2383 4510 αη
2425 4475 2456 4510 a
2484 4473 2556 4510 eri
2587 4498 2599 4509 .

2317 4473 2456 4510 anaa
2484 4473 2599 4510 em.

2365 4525 2390 4565 ἀ
2431 4527 2488 4581 Id
2516 4535 2616 4592 est,
2650 4525 2982 4581 humanitate
3013 4534 3197 4581 nostra
3241 4527 3294 4581 in
3326 4527 3560 4593 Virginis
3590 4537 3746 4584 utero
3783 4528 3868 4581 vir:

2297 4606 2410 4655 tute
2459 4597 2715 4652 Altissimi
2763 4596 2977 4651 condita
3007 4605 3060 4651 et
3101 4595 3346 4652 formata.
3400 4598 3488 4653 Sic
3530 4600 3677 4652 enim
3725 4599 3867 4654 etiam

886 4662 1092 4738 phesini
1118 4664 1356 4738 reperire
1377 4679 1441 4719 ac
1461 4665 1640 4738 legere
1661 4663 1829 4738 cuivis
1849 4665 2066 4721 obvium
2087 4676 2189 4723 est.
2220 4663 2273 4726 Ι)
2298 4668 2660 4723 Tertullianus
2683 4667 2893 4722 locutus
2921 4675 3004 4722 est
3043 4665 3192 4736 (Lib.
3218 4669 3281 4723 de
3314 4667 3499 4723 Resur.
3535 4685 3684 4724 carn.
3706 4677 3754 4738 ):
3785 4667 3869 4722 Ad-

2295 4740 2437 4793 dicta
2466 4739 2792 4802 conditione,
2826 4753 2923 4808 pro
2970 4739 3102 4792 orbe
3151 4739 3397 4800 condito;
3444 4748 3499 4793 et
3538 4742 3869 4808 conditionem

2297 4811 2521 4864 colentes
2559 4809 2802 4863 adrersus
2828 4807 3186 4872 fronditorem,
3227 4810 3278 4862 id
3317 4819 3399 4864 est
3421 4851 3434 4876 ,
3467 4819 3785 4866 creaturam.
3816 4807 3876 4862 Et

2296 4880 2472 4962 paulo.
2484 4888 2606 4949 post
2620 4898 2648 4961 ,ε
2683 4877 3119 4962 onnTIieeferus
3136 4880 3475 4962 intelligetur.
3499 4880 3694 4962 Exstat
3713 4883 3809 4936 hoc
3826 4880 3870 4962 in

3665 4971 3695 5007 ο
3739 4959 3871 5007 pacto

2301 4971 2541 5021 supel'lus
2586 4971 2748 5005 enata
2796 4971 2979 5021 uyruu
3030 4971 3255 5018 εριδιυιει
3291 4971 3303 5003 ἰ
3336 4971 3556 5006 {Iurene
3665 4971 3695 5007 ο
3738 4971 3870 5022 pacm

2301 5020 2472 5075 Isaias
2514 5019 2677 5094 (Isai.
2724 5021 2814 5094 x_v)
2857 5019 3135 5094 Dominum
3163 5037 3266 5076 non
3307 5023 3563 5094 hominem
3593 4971 3870 5094 gleiferum,

2299 5101 2390 5145 aut
2432 5092 2640 5144 numine
2680 5091 2935 5161 afﬂatum,
2978 5091 3307 5146 instrumenti
3343 5091 3647 5148 Divinitatis
3693 5091 3872 5147 (annuit

2298 5163 2411 5216 loco
2443 5171 2762 5232 assumptum
2796 5171 2846 5234 eg
2871 5170 3192 5234 _usurpatum
3231 5165 3557 5234 pronuntiet;
3601 5165 3696 5234 sed
3723 5162 3872 5234 Deum

2297 5249 2412 5286 vere
2438 5229 2783 5286 incarn'atum.
2828 5231 2976 5302 Idem
3022 5229 3241 5302 rursum
3272 5234 3480 5289 scholio
3518 5234 3585 5289 de
3617 5229 3870 5302 Unigeniti

2298 5302 2689 5373 incarnatione,
2713 5317 2832 5373 cap.
2861 5300 2950 5367 εδ,
2976 5301 3106 5357 illud
3135 5302 3310 5372 ipsum
3340 5304 3551 5360 refellit.
3584 5300 3871 5373 Quinetiam

2297 5372 2746 5444 anathematismo
2775 5372 2964 5442 quinto
2985 5373 3061 5444 a_it
3091 5390 3102 5424 :
3138 5373 3335 5444 Siquis
3360 5375 3534 5430 dicere
3553 5377 3710 5429 audet
3737 5372 3874 5428 Chri-

2295 5453 2430 5515 stum
2459 5443 2717 5497 hominem
2745 5450 2946 5497 tantum
2993 5442 3263 5515 Deiferum
3284 5487 3297 5509 ,
3332 5463 3436 5500 non
3467 5462 3640 5501 verum
3694 5455 3876 5515 quoque

2296 5512 2482 5636 genus,
2508 5515 2802 5596 unicunque
2837 5530 2898 5567 ac
2931 5512 3224 5569 naturalem
3253 5515 3351 5570 Dei
3381 5517 3576 5573 Filium
3597 5512 3726 5581 esse,
3752 5512 3871 5569 ana-

2296 5592 2312 5635 t
2349 5602 2462 5636 ema
2495 5593 2580 5636 sit.

2294 5585 2462 5637 thema
2495 5585 2580 5638 sit.

2368 5666 2390 5690 ο
2432 5655 2601 5711 Docet
2635 5656 3177 5712 communicationem
3233 5658 3545 5715 idiomatum
3587 5661 3639 5715 in
3670 5659 3872 5716 Christo

2292 5725 2486 5780 factam
2517 5743 2654 5801 esse,
2686 5727 2846 5801 etiam
2878 5744 2906 5779 a
2939 5727 3142 5801 primoﬁ
3153 5729 3374 5801 instanti
3425 5739 3584 5801 atque
3613 5737 3874 5788 momento

2295 5797 2666 5867 conceptionis
2691 5793 2806 5865 ejus
2837 5797 2888 5851 in
2918 5793 3074 5853 utero
3105 5797 3383 5884 Virginis.‘
