4108 6348
345 328 453 387 997

1086 327 1510 389 CONFLICTUS
1545 327 1634 386 DE
1671 324 1806 387 1)Εο
1842 325 2051 388 ΤΗΙΝο
2086 327 2176 386 ΕΤ
2214 329 2371 400 UNO,
2414 331 2567 390 ETC.
2606 325 2733 390 LIB.
2772 327 2837 390 ll.

3504 346 3605 404 298

345 461 467 518 quae
491 439 720 519 pep‘eﬁt.
737 475 809 488 —
827 447 1096 504 Arnobius
1117 448 1255 504 dixit
1285 467 1298 504 :
1325 447 1418 505 Vis
1441 447 1623 504 videre
1650 449 1775 519 quia
1791 448 1926 504 bene
1952 453 2005 511 Α
2029 445 2274 511 obsecro,
2307 447 2385 501 uti
2405 451 2678 518 quomodo
2705 451 2880 522 primo
2906 449 3047 518 loco,
3069 458 3123 507 et
3144 451 3400 521 secundo,
3424 466 3478 512 et
3499 467 3602 513 ιρι-ς

342 531 690 595 intellexisti?
725 537 1016 595 Considera
1059 539 1188 610 quid
1228 540 1317 597 isti
1346 538 1582 595 sermoni
1628 537 1919 608 subjunxit.

267 645 272 649 '
338 629 422 698 Si,
447 618 638 704 inquit,
670 639 823 688 extra
849 648 1068 688 carnem
1115 632 1444 703 intelligatur
1464 633 1663 695 Deitas,
1692 631 1808 702 ipsa
1828 646 1926 702 per

339 743 401 783 se
431 714 536 782 erit
583 727 698 782 sine
746 735 918 784 matre
940 768 956 794 ,
1000 735 1064 794 et.
1099 735 1246 784 recte
1292 727 1530 797 quidem.
1566 759 1636 770 —
1659 725 1922 797 Serapion

274 827 278 830 '
339 818 478 886 dixit
530 837 543 873 :
597 816 729 873 Peto
771 825 828 874 ut
875 819 1094 889 planum
1140 818 1271 874 mihi
1309 817 1472 874 facias
1517 817 1646 888 quid
1698 825 1922 872 conetur

339 917 603 964 astruere.
631 937 702 947 —
729 908 999 964 Arnobius
1022 909 1156 964 dixit
1191 927 1203 962 :
1235 907 1379 964 Luce
1420 908 1615 963 clarius
1651 915 1732 963 est
1776 905 1920 976 quod

271 998 276 1001 ’
337 998 435 1056 Dei
479 1009 705 1056 matrem
738 998 962 1056 Mariam
1004 1017 1123 1058 esse
1152 1018 1248 1072 per
1275 1017 1514 1068 carnem,
1547 1016 1709 1071 quam
1747 999 1918 1054 solam

335 1093 559 1159 creavit,
592 1103 846 1164 exponat.
892 1094 1074 1150 Deitas
1095 1095 1258 1160 enim,
1289 1095 1382 1161 ait,
1414 1095 1528 1150 sola
1562 1102 1788 1148 matrem
1811 1109 1917 1148 non

335 1181 519 1250 habet,
553 1194 611 1240 ut
640 1183 1008 1252 subaudiatur,
1039 1189 1164 1256 quia
1193 1187 1334 1243 Deus
1373 1195 1428 1243 et
1465 1187 1627 1243 homo
1657 1203 1794 1242 unus
1823 1186 1917 1242 Dei

334 1272 504 1330 Filius
529 1285 611 1331 est
637 1276 738 1332 iste
777 1277 869 1346 qui
916 1286 1072 1333 natus
1115 1287 1216 1334 est.
1250 1277 1400 1334 Unde
1427 1288 1582 1336 sexto
1629 1278 1750 1334 loco
1792 1279 1917 1333 sub-

333 1367 581 1440 jungens,
608 1369 682 1424 ait
713 1388 725 1423 :
753 1369 811 1425 Si
839 1369 1168 1426 voluerimus
1194 1378 1340 1427 recte
1374 1370 1617 1438 calcare,
1648 1386 1756 1425 non
1793 1369 1918 1424 Dei-

333 1468 500 1516 tatem
523 1461 739 1527 nudam,
770 1461 864 1517 sed
893 1462 1032 1516 inter
1056 1477 1272 1517 carnem
1295 1469 1351 1516 et
1378 1470 1562 1517 natum
1590 1461 1914 1532 permixtum

334 1549 430 1605 Dei
479 1546 652 1606 Patris
678 1549 914 1606 Verbum
961 1559 1202 1607 sanctam
1230 1551 1502 1621 Virginem
1530 1567 1764 1617 creasse,
1796 1566 1915 1620 quze

333 1641 506 1696 electa
531 1651 634 1706 est,
667 1643 733 1697 ad
761 1643 1102 1714 puerperium
1123 1642 1508 1709 venerandum,
1540 1651 1600 1696 ut
1627 1641 1916 1697 carnaliter

332 1747 455 1788 eum
501 1743 734 1804 pareret,
784 1735 876 1804 qui
912 1749 1127 1790 carnem
1155 1734 1403 1804 dignatus
1437 1742 1521 1789 est
1559 1733 1802 1788 induere.
1843 1760 1915 1770 —

2027 536 2122 602 tio,
2153 534 2296 606 quod
2321 535 2389 591 de
2427 553 2491 592 ea
2521 554 2600 603 re,
2648 540 2717 596 de
2743 557 2849 611 qua
2891 542 3083 612 agitur,
3115 543 3309 599 dixerit
3352 543 3600 617 Cyrillus,

2025 627 2097 682 ita
2128 643 2223 697 per
2247 625 2490 682 ordinem
2525 632 2964 706 commemoravit
3008 632 3286 698 Arnobius,
3311 644 3369 689 ut
3400 637 3600 695 veniret

2024 721 2092 777 ad
2139 731 2376 786 sextum;
2407 738 2550 778 nunc
2594 738 2661 777 ne
2702 722 2841 778 forte
2894 726 3181 796 sumpserit
3223 727 3328 782 alia
3371 729 3600 799 capitula

2025 813 2264 883 ejusdem
2303 815 2423 869 libri
2448 813 2798 881 evidentiora,
2830 832 2947 887 qua:
2976 818 3080 874 hoc
3120 820 3291 890 ipsum
3320 821 3600 878 ostendere

2022 905 2256 967 valeant,
2306 921 2438 961 mem
2474 905 2722 975 petitioni
2759 908 3056 964 concedite.
3094 943 3164 952 —
3207 910 3418 967 iudices
3444 913 3596 969 dixe-

2022 1008 2149 1054 runt
2183 1017 2195 1051 :
2229 999 2308 1054 Ad
2335 1014 2494 1068 quam
2536 1006 2744 1069 partem
2765 999 2899 1056 velis
2939 1016 3061 1055 eum
3100 1001 3275 1058 facere
3314 1004 3498 1061 dicito.
3530 1036 3601 1047 —

2021 1089 2282 1162 Serapion
2327 1091 2459 1147 dixit
2510 1109 2521 1142 :
2563 1089 2674 1160 Ego
2720 1092 2935 1162 quidem
2996 1095 3433 1163 probatissimum
3486 1098 3599 1168 jam

2020 1186 2158 1257 apud
2189 1204 2274 1241 me
2296 1189 2502 1243 retineo
2518 1227 2532 1252 ,
2557 1194 2613 1243 et
2631 1187 2757 1242 totis
2785 1202 2853 1241 ex
2873 1186 3166 1243 visceribus
3190 1190 3352 1256 credo
3379 1193 3451 1247 ita
3481 1209 3599 1250 esse

2020 1284 2078 1330 ut
2097 1276 2334 1332 defendit
2359 1277 2642 1333 Arnobius.
2678 1287 2704 1314 ι
2728 1277 3037 1349 Sympolita:
3065 1287 3121 1333 et
3147 1280 3523 1353 Sympatriotae
3543 1286 3597 1341 in

2019 1366 2121 1424 hoc
2143 1384 2328 1424 errore
2352 1370 2531 1440 positi,
2564 1369 2617 1424 in
2647 1383 2754 1438 quo
2780 1383 2880 1438 ego
2908 1368 3014 1436 fui,
3056 1370 3200 1426 nulla
3232 1382 3484 1442 poterunt
3512 1391 3599 1430 ra-

2017 1459 2166 1515 tione
2196 1461 2264 1515 ab
2293 1460 2397 1516 hoc
2421 1476 2606 1515 errore
2630 1460 2834 1526 vocari,
2862 1460 2964 1516 nisi
2993 1461 3092 1518 hac
3130 1461 3266 1531 sola,
3297 1471 3356 1517 ut
3391 1464 3599 1520 dicatur

2018 1550 2122 1605 illis
2151 1560 2205 1606 et
2231 1552 2488 1622 probetur
2510 1552 2582 1606 ita
2604 1550 2662 1607 S.
2691 1552 2945 1624 Cyrillum
2966 1554 3218 1609 tenuisse.
3243 1567 3317 1593 —-‘
3331 1554 3599 1614 Arnobius

2015 1639 2151 1694 dixit
2185 1659 2197 1694 :
2224 1640 2495 1711 Deprecor
2522 1650 2577 1696 et
2597 1655 2698 1711 ego
2726 1642 3033 1713 aequitatem
3060 1653 3291 1699 vestram
3316 1654 3373 1698 ut
3394 1661 3489 1715 per
3516 1663 3599 1702 or-

2016 1734 2197 1790 dinem
2224 1735 2342 1791 loca
2364 1735 2736 1792 ostendentem
2757 1736 2926 1790 sancti
2953 1734 3136 1807 Cyrilli
3161 1737 3302 1805 libri,
3331 1740 3600 1810 patienter

330 1825 592 1896 Serapion
620 1827 752 1881 dixit
781 1846 793 1881 :
819 1825 1026 1882 Clausis
1048 1828 1266 1883 auribus
1290 1827 1488 1904 mentis
1517 1835 1687 1881 totum
1715 1825 1910 1880 librum
1939 1826 1988 1888 B
2014 1837 2331 1900 exspectare
2350 1829 2664 1899 dignemini,
2696 1843 2977 1906 quousque
3001 1828 3157 1884 linem
3179 1830 3295 1900 ejus
3314 1832 3594 1902 attingam.

287 1915 294 1918 ’
330 1914 491 1972 'sttln
519 1917 696 1972 audivi
729 1937 742 1972 :
773 1927 828 1974 et
855 1918 975 1974 ideo
1013 1935 1122 1974 non
1154 1919 1260 1974 vidi
1309 1920 1438 1975 istas
1475 1919 1609 1974 duas
1649 1932 1909 1988 personas
2011 1918 2318 1976 —.ludices
2339 1919 2594 1975 dixerunt
2645 1937 2657 1972 :
2702 1917 2854 1974 Licet
2897 1921 3313 1990 exspectationis
3345 1923 3488 1977 nulla
3530 1925 3600 1978 sit

283 1997 286 2001 ’
330 2008 382 2065 in
406 2026 514 2065 uno
542 2010 640 2066 Dei
681 2009 817 2066 Filio
857 2010 1041 2083 Cyrilli
1081 2012 1380 2068 assertione
1423 2026 1723 2082 expressas.
1772 2007 1907 2064 Nam

287 2095 289 2098 ’
329 2105 606 2174 quomodo
673 2119 780 2160 non
827 2101 947 2159 dure
1017 2105 1343 2159 docerentur
1388 2119 1632 2174 persona:
1670 2102 1912 2170 virgineo

330 2205 486 2270 partu
514 2197 701 2263 editae,
733 2213 856 2252 cum
883 2196 1029 2251 dicat
1054 2196 1222 2250 Deum
1266 2196 1555 2250 carnaliter
1585 2203 1791 2258 natum,
1822 2193 1914 2261 qui

328 2286 577 2358 dignatus
590 2296 674 2343 est
701 2287 1010 2343 assumere?
1040 2284 1493 2340 etc—Arnobius
1516 2285 1649 2339 dixit
1675 2303 1686 2337 :
1723 2283 1916 2353 Utique

329 2391 550 2434 sarnem
563 2378 723 2434 simul
737 2394 859 2434 cum
875 2384 1214 2447 assumptore
1229 2377 1424 2430 carnis.
1443 2375 1758 2445 Assumptor
1773 2375 1915 2430 enim

295 2477 300 2482 '
331 2472 511 2527 carnis
527 2470 671 2527 Deus
692 2478 795 2535 est,
812 2485 941 2526 caro
955 2478 1135 2524 autem
1154 2469 1362 2539 integer
1384 2469 1544 2524 homo
1569 2476 1678 2534 est;
1712 2469 1916 2540 integer

333 2568 515 2618 autem
537 2562 701 2618 homo
729 2570 832 2629 est,
861 2562 954 2632 qui
978 2577 1194 2617 carnem
1222 2570 1276 2616 et
1298 2561 1525 2616 animam
1562 2561 1740 2616 habet.
1781 2558 1912 2614 Nam

337 2653 659 2723 Apollinaris
668 2652 787 2710 ideo
799 2654 1080 2710 damnatus
1093 2662 1191 2719 est,
1205 2653 1326 2722 quia
1341 2669 1438 2723 pro
1449 2653 1624 2707 anima
1642 2652 1806 2707 Deum
1823 2669 1916 2723 po-

335 2743 444 2798 suit
457 2743 803 2798 incamatum.
820 2741 886 2798 Et
897 2744 1018 2799 ideo
1033 2759 1118 2798 res
1131 2745 1182 2798 in
1197 2742 1401 2816 synodo
1413 2742 1623 2798 Nicmna
1633 2743 1914 2798 damnatas

329 2847 432 2887 nec
450 2833 753 2889 meminisse
771 2833 1043 2889 debemus.
1076 2833 1214 2888 Audi
1242 2847 1369 2902 ergo
1385 2832 1442 2887 S.
1459 2831 1713 2904 Cyrillum
1727 2832 1913 2888 dicen-

326 2932 437 2980 tem
454 2925 506 2979 in
519 2925 696 2982 libello
707 2927 824 2996 ejus
850 2929 942 2998 qui
964 2927 1134 2982 lectus
1146 2935 1246 2982 est.
1263 2927 1320 2982 Si
1330 2937 1496 2994 recte,
1511 2928 1700 2996 inquit,
1726 2941 1917 2998 sapere

299 3017 672 3085 'voluerimus,
700 3029 754 3075 et
783 3021 1031 3075 semitam
1061 3021 1176 3076 sine
1205 3035 1389 3075 errore
1403 3019 1633 3084 calcare,
1660 3035 1766 3074 non
1795 3018 1920 3073 Dei-

323 3114 495 3162 tatem
523 3111 844 3180 permixtam
883 3110 979 3166 Dei
1025 3107 1202 3165 Patris
1219 3109 1458 3165 Verbum
1498 3117 1742 3164 sanctam
1797 3108 1919 3164 Vir-

2012 2027 2194 2077 causa,
2228 2020 2412 2066 tamen
2442 2019 2634 2065 vestrae
2661 2011 2909 2081 petitioni
2939 2011 3278 2067 annuendum
3319 2028 3437 2069 esse
3483 2030 3601 2070 cre-

2015 2102 2224 2166 dentes,
2249 2101 2484 2170 patimur
2524 2116 2593 2155 ex
2626 2099 2920 2155 abundanti
2952 2101 3070 2156 loca
3093 2101 3259 2156 libelli
3283 2103 3490 2158 ostendi
3533 2105 3601 2159 ab

2019 2191 2258 2247 Arnobio
2299 2207 2408 2262 quo
2444 2192 2654 2262 possint
2686 2200 2742 2246 et
2787 2191 3059 2247 auditores
3108 2193 3297 2260 nostri,
3345 2204 3400 2249 et
3446 2195 3603 2264 hujus

2020 2284 2249 2339 actionis
2273 2292 2472 2338 nostra:
2500 2283 2730 2338 lectores
2757 2291 2852 2338 aut
2870 2298 2977 2338 non
3009 2298 3210 2350 errare,
3241 2293 3352 2354 aut,
3377 2287 3422 2341 si
3455 2301 3603 2342 erra-

2019 2379 2213 2445 verint,
2255 2379 2323 2433 ab
2365 2378 2564 2433 erroris
2605 2379 2798 2433 itinere
2836 2379 3098 2434 revocari.
3146 2377 3262 2434 Erit
3299 2380 3394 2436 Dei
3433 2383 3603 2438 nostri

2018 2480 2204 2542 parata
2231 2469 2516 2526 clementia
2537 2469 2722 2526 electis
2757 2469 2841 2524 bis
2869 2478 2929 2524 ut
2955 2470 3179 2526 redeant
3213 2471 3280 2526 ad
3308 2471 3598 2542 Christum,

2017 2560 2086 2616 ad
2107 2576 2314 2632 pacem,
2345 2560 2412 2615 ad
2433 2561 2777 2616 concordiam
2805 2559 2929 2616 ﬁdei
2968 2563 3279 2630 catholiau,
3309 2566 3399 2634 qui
3436 2581 3600 2620 unum

2016 2652 2113 2710 Dei
2142 2653 2332 2708 Filium
2377 2655 2432 2709 in
2460 2653 2595 2709 duas
2623 2661 2805 2724 partes
2845 2653 3072 2709 divisum
3115 2655 3483 2710 existimantes
3524 2666 3602 2710 te-

2016 2762 2146 2802 nere
2176 2747 2472 2802 Romanam
2502 2744 2820 2812 Ecclesiam,
2872 2747 3080 2816 seipsos
3108 2749 3481 2802 miserabiliter
3505 2765 3601 2804 oc-

2017 2837 2282 2903 ciderunt,
2305 2836 2520 2892 dicente
2549 2837 2666 2906 ipso
2707 2836 2938 2891 Domino
2978 2845 3165 2890 nostro
3190 2836 3315 2891 Jesu
3340 2838 3552 2893 Christo
3586 2859 3598 2892 :

2024 2928 2207 2982 Omnis
2228 2929 2315 2998 qui
2342 2928 2588 2980 irascitur
2629 2926 2784 2997 fratri
2822 2941 2915 2979 suo
2962 2925 2989 2964 δ
3034 2927 3145 2980 sine
3172 2943 3330 2981 causa
3361 2945 3480 2982 reus
3506 2931 3602 2982 erit

2024 3018 2240 3072 concilio
2270 3015 2506 3087 (Matth.
2537 3032 2588 3083 ν,
2619 3013 2745 3086 23).
2792 3013 2934 3076 Ecce
2984 3031 3148 3072 causa
3175 3016 3320 3072 nulla
3357 3026 3460 3084 est,
3496 3030 3517 3058 ι
3549 3022 3605 3074 et

2025 3106 2328 3163 interfectio
2351 3106 2489 3162 facta
2517 3115 2603 3162 est
2627 3104 2980 3178 populorum;
3003 3107 3151 3164 vadit
3170 3108 3323 3164 furor
3345 3125 3520 3166 caecus
3550 3111 3602 3166 in

322 3199 507 3270 ginem
534 3203 819 3269 ereavisse,
851 3217 969 3273 quae
1009 3202 1181 3257 electa
1228 3209 1310 3257 est
1349 3201 1417 3256 ad
1445 3201 1787 3272 puerperium
1815 3216 1910 3256 ve-
1938 3205 1987 3268 ο
2016 3200 2265 3255 universo
2292 3200 2492 3271 populo
2518 3198 2824 3256 Christiano
2861 3215 2962 3271 per
2994 3202 3299 3273 episcopos,
3324 3219 3422 3274 per
3449 3220 3601 3274 pres-

322 3291 644 3360 nerandum,
673 3301 733 3348 ut
757 3294 1044 3349 carnaliter
1063 3309 1184 3349 eum
1212 3302 1447 3365 pareret,
1472 3295 1563 3365 qui
1585 3309 1800 3351 carnem
1828 3303 1911 3350 est

293 3377 578 3453 dignatus
605 3400 899 3440 assumere.
926 3418 1000 3429 —
1024 3383 1239 3442 Iudices
1268 3385 1518 3441 dixerunt
1550 3404 1562 3439 :
1595 3384 1786 3457 Liquet
1812 3385 1909 3442 de-

319 3473 626 3531 fensionem
677 3462 900 3532 Arnobii
939 3475 1122 3549 Cyrilli
1159 3477 1545 3533 assertionibus
1581 3479 1868 3534 convenire
1891 3516 1906 3541 ,

320 3565 525 3636 Injusta
546 3581 676 3638 ergo
700 3569 841 3624 ratio
861 3577 944 3624 est
963 3584 1081 3638 qua:
1100 3577 1384 3625 cunctatur
1404 3567 1612 3625 deferre
1633 3569 1909 3624 victoriam

295 3647 380 3714 ἐἰ
398 3661 490 3730 qui
517 3668 641 3730 post
685 3661 1054 3718 altercationis
1080 3663 1284 3718 exitum
1311 3663 1541 3733 palmam
1582 3670 1837 3716 meretur.

299 3751 304 3756 ’
397 3747 541 3810 XIX.
580 3785 654 3798 —
689 3752 955 3826 Serapion
998 3755 1133 3811 dixit
1169 3773 1183 3809 :
1234 3753 1338 3810 Per
1373 3755 1638 3824 justitiam
1682 3762 1912 3809 vestram

2014 3295 2252 3366 byteros,
2281 3309 2380 3365 per
2415 3293 2694 3360 diaconos,
2740 3308 2840 3364 per
2866 3295 3339 3365 archimandritas,
3357 3312 3455 3367 per
3494 3314 3603 3353 om-

2017 3401 2113 3442 nes
2136 3399 2274 3458 pene
2297 3386 2689 3442 monachorum
2714 3394 2770 3440 et
2790 3386 3259 3443 innumerabilium
3284 3389 3488 3443 turbas.
3514 3389 3604 3444 Sic

2014 3487 2129 3535 tota
2159 3477 2444 3551 Egyptus,
2475 3478 2552 3533 sic
2582 3486 2695 3532 tota
2717 3484 2802 3534 est
2836 3474 3121 3533 Palaestina
3150 3479 3393 3543 turbata,
3426 3487 3486 3534 ut
3523 3481 3602 3534 ef-

2016 3573 2156 3629 fusio
2195 3572 2469 3642 sanguinis
2511 3570 2733 3625 humani
2761 3578 2964 3625 terram
3001 3571 3174 3641 ipsam
3215 3572 3599 3640 inebriaverit;

2019 3675 2077 3723 et
2103 3681 2267 3721 causa
2307 3666 2421 3721 sola
2469 3664 2702 3720 rumoris
2742 3672 2846 3729 est,
2889 3663 3086 3720 nullius
3131 3680 3354 3735 prorsus
3379 3666 3599 3721 erroris.

2021 3757 2156 3812 Nam
2175 3773 2300 3814 cum
2327 3756 2576 3814 omnibus
2603 3754 2872 3828 Egyptiis
2891 3764 2946 3811 et
2966 3755 3116 3827 Syris
3143 3756 3457 3826 praedicatio
3476 3772 3601 3812 san-

1499 3906 1609 3961 FR.
1649 3906 2145 3965 FEU-ARDENTII
2181 3907 2412 3964 ΝΟΤιΕ.

309 4023 312 4026 ’
365 4031 439 4102 ηε
474 4019 668 4087 Quanti
696 4021 897 4102 passim
926 4018 1079 4102 ﬁeret
1121 4019 1297 4102 pietas
1311 4033 1397 4102 lac
1423 4018 1786 4102 eruditio_divi
1813 4018 1918 4102 C1-

331 4090 451 4146 rilli-
479 4086 578 4159 per
603 4086 925 4144 universam
954 4086 1142 4145 Asiani
1164 4097 1221 4143 et
1262 4086 1517 4151 Africam,
1547 4101 1616 4141 cx
1653 4088 1737 4142 his
1787 4086 1919 4144 satis

307 4168 965 4312 _‘feall;iediat.0esiderius
993 4229 1048 4284 in
1078 4227 1398 4312 quibusdam
1423 4224 1747 4312 (irmcorum
1765 4229 1918 4312 codi-

323 4299 483 4356 cibus
523 4300 814 4370 ascriptum
855 4315 974 4355 esse
999 4298 1324 4370 evangelica
1364 4298 1535 4370 textui
1563 4302 1699 4370 simi,
1731 4299 1785 4354 id
1813 4309 1914 4365 est,

305 4374 543 4435 'temere,
566 4367 786 4425 autsine
799 4387 976 4424 causa.
996 4367 1236 4438 Deinque
1257 4367 1604 4436 sequentibus
1617 4368 1912 4438 adjectum:

329 4438 437 4505 Qui
466 4442 660 4522 dixerit
697 4439 881 4522 Racba
911 4442 1024 4494 sine
1050 4454 1242 4522 causa;
1289 4440 1374 4522 qui
1402 4438 1595 4522 dixerit
1613 4441 1765 4522 fatue
1787 4441 1915 4522 sine

319 4527 522 4582 causa;
562 4512 780 4581 insuper
808 4509 1254 4582 Chrysostomum
1277 4509 1308 4572 ,ἡ
1337 4509 1484 4563 hom.
1519 4509 1586 4582 l0
1611 4509 1664 4582 in
1687 4510 1908 4582 Matth”

321 4581 554 4654 innuere
581 4579 883 4654 hoc'ipsum
908 4579 1190 4650 legendum
1197 4593 1347 4654 esse,
1372 4580 1586 4654 tametsi
1615 4581 1668 4634 in
1687 4580 1913 4654 Vulgata

320 4651 569 4706 editione
598 4649 782 4706 Latina
816 4667 924 4721 non
949 4649 1162 4721 exstet,
1187 4649 1393 4716 Quibus
1441 4649 1913 4721 addorrantiquissi-

319 4734 492 4793 mum;
503 4730 818 4793 martyrem,
838 4720 1122 4793 Irenaeum,
1153 4719 1252 4793 lib.
1273 4736 1327 4775 iv
1343 4759 1373 4790 ,_
1390 4733 1508 4793 cap.
1540 4718 1628 4773 27.

410 4802 432 4840 ε
472 4788 779 4847 Nestorium
810 4792 862 4846 in
889 4793 1078 4862 primis
1110 4788 1384 4862 hominem
1395 4788 1576 4862 fuisse
1601 4791 1914 4847 seditiosum
1945 4852 1986 4862 _
2018 4809 2192 4862 rorem
2226 4809 2373 4846 suum
2401 4794 2456 4846 in
2497 4792 2614 4862 illos
2653 4791 2860 4862 explere

2024 4021 2400 4091 acclam_ante_:
2434 4018 2987 4091 Regulamﬁabenrus,
3011 4019 3304 4091 episcopum
3323 4038 3426 4076 non
3445 4023 3602 4080 nabe-

2024 4107 2158 4166 mus,
2185 4089 2324 4166 idem
2349 4086 2582 4166 Basilius
2609 4088 2795 4144 scribit
2827 4107 2839 4141 :
2867 4086 3009 4166 Pars
3038 4086 3191 4166 illius
3211 4091 3323 4166 ipso
3362 4097 3605 4166 temporis

2025 4159 2246 4214 articulo
2278 4159 2647 4231 comprehensa
2670 4201 2684 4223 ,
2730 4168 2779 4213 et
2817 4158 2887 4211 ad
2918 4157 3151 4213 tribunal
3187 4157 3477 4229 abstracta,
3508 4167 3605 4220 tali

2023 4231 2350 4303 immanitate
2387 4228 2707 4303 diverberala
2726 4238 3150 4303 exceptoque“,
3173 4232 3340 4301 qualis
3383 4250 3446 4287 ne
3465 4237 3605 4303 apud

2020 4300 2270 4376 barbaras
2318 4302 2522 4376 quidem
2570 4301 2807 4376 nationer
2850 4300 3192 4376 quandoque
3226 4304 3422 4376 usitata
3479 4300 3601 4376 fuit.

2021 4369 2088 4424 Et
2115 4371 2182 4425 de
2211 4369 2540 4425 Nest‘orianis
2569 4369 2896 4425 satellitibus
2923 4370 3061 4424 idem
3101 4369 3184 4424 ait
3215 4391 3227 4424 :
3263 4371 3404 4436 Quos
3445 4369 3603 4431 semet

2015 4442 2284 4495 sententia:
2332 4457 2440 4495 sua:
2485 4440 2758 4510 adjunxit,
2801 4440 2916 4493 illos
2956 4441 3030 4494 ita
3076 4442 3405 4510 inﬂammat,
3449 4446 3601 4500 verba

1979 4507 1982 4510 ’
2015 4511 2195 4582 quibus
2226 4511 2442 4592 lubitum
2465 4507 2626 4592 fuerit
2653 4509 2854 4592 publice
2881 4511 3076 4592 inferre
3100 4507 3330 4592 audeant
3352 4554 3367 4579 ,
3391 4507 3603 4586 palam-

2015 4598 2110 4704 lue
2129 4582 2502 4652 persecutionis
2536 4582 2756 4664 speciem
2791 4582 3036 4663 excitare
3072 4598 3177 4636 non
3205 4582 3460 4667 dubitent,
3491 4596 3600 4669 etc.

2067 4660 2084 4704 t
2124 4652 2559 4704 auemadmadum
2577 4650 2756 4704 Judaei
2784 4669 2838 4704 in
2869 4649 3211 4704 Stephanum.
3242 4662 3315 4704 sta
3342 4663 3394 4704 et
3430 4665 3519 4704 ηιι
3545 4671 3600 4704 m

2124 4649 2838 4735 quemadnwdunrludw‘iuin
2869 4649 3211 4735 Stephanum,
3242 4654 3315 4707 ita
3342 4663 3394 4707 et
3430 4649 3602 4735 isti‘in

2017 4719 2342 4776 Christianos
2385 4723 2576 4775 cathol.
2622 4719 2858 4774 dentibus
2888 4719 3148 4843 {rendeng
3186 4738 3486 4794 omnemque
3525 4727 3604 4798 {u-

2018 4809 2192 4862 rorem
2226 4809 2373 4846 suum
2401 4794 2456 4846 in
2497 4792 2614 4862 illos
2653 4791 2860 4862 explere
2907 4790 3145 4862 aborant.
3180 4791 3362 4862 Atque
3387 4793 3502 4850 haec
3532 4795 3606 4853 de

308 4871 492 4944 ,atqm
539 4862 838 4928 crudelem,
871 4852 1034 4988 patet
1075 4876 1144 4942 ex
1185 4860 1365 4915 libello
1393 4858 1917 4942 Basilibarchiman-
1942 4852 1994 4912 D
2018 4861 2458 4918 Nestorianorum
2488 4852 2892 4942 crudelitatibus
2912 4852 3398 4932 Constantinopoli.
3427 4852 3604 4931 Quam

320 4930 510 4988 dritte.
539 4948 647 4988 auo
687 4932 826 4988 anud
917 4931 1232 4987 heodosium
1263 4937 1317 4985 et
1339 4927 1772 4987 Valentinianum
1813 4933 1912 4986 im—
2018 4941 2269 4987 cruentas
2307 4947 2524 4988 quoque
2553 4947 2607 4985 in
2636 4930 2855 4984 Oriente
2886 4930 3069 4984 turbas
3113 4931 3428 4988 excitarint.
3470 4936 3604 4988 libet.

320 4927 510 5000 dritte,
539 4948 647 5003 quo
687 4927 829 5002 apud
871 4927 1232 5003 Theodosium
1252 4937 1319 5003 et
1339 4927 1772 5003 valentinianum
1813 4933 1912 4986 im-

205 5063 220 5068 _
317 5015 445 5073 per.
487 4998 736 5071 graviter'
771 5002 1120 5073 conqueritur
1155 5000 1223 5055 de
1248 4998 1402 5073 illius
1429 5000 1679 5073 barbarie
1707 5003 1762 5056 in
1794 5003 1914 5072 pios

321 5069 624 5128 inonachos
652 5081 708 5126 et
744 5069 988 5137 clericos,
1018 5071 1264 5126 nolentes
1305 5069 1422 5137 ejus
1456 5071 1750 5126 haeresibus
1786 5069 1914 5127 sub-

598 5162 610 5196 :
643 5142 868 5214 Mandat
896 5143 913 5214 (
939 5141 1146 5214 inquit)
1177 5139 1538 5214 decurionibus
1550 5181 1576 5214 _,
1605 5150 1660 5214 ut
1685 5158 1780 5196 nos
1807 5159 1914 5214 cie-

321 5212 479 5268 dant.
510 5213 645 5269 Cwsi
673 5213 743 5266 ad
773 5210 996 5267 tribunal
1017 5210 1427 5266 ecclesiasticum
1455 5210 1782 5275 adducimur,
1824 5210 1916 5265 ibi-

317 5280 545 5354 deinque
566 5283 706 5364 perat
745 5284 978 5364 scelerati
1001 5282 1352 5364 denudatum,
1383 5281 1684 5364 reputemus
1708 5323 1722 5346 ,
1749 5283 1917 5364 jacta-

249 5381 256 5386 -
320 5351 471 5426 stur,
495 5351 814 5425 calcibusque
837 5355 1148 5426 impetimur.
1173 5351 1280 5426 Diu
1299 5351 1622 5426 multumque
1639 5353 1692 5406 in
1713 5351 1912 5426 episcof
1947 5399 1961 5426 ,

319 5425 439 5496 pati
475 5423 791 5496 consistorio
828 5426 1098 5496 ιίίυιακιζί,Δ
1119 5423 1242 5478 inde
1283 5425 1432 5496 fama
1468 5423 1800 5496 tabescentes,
1841 5423 1912 5476 ad

319 5491 618 5566 supplicum
653 5495 970 5566 ergastulum
997 5491 1320 5566 deducimur.
1361 5491 1500 5566 Hinc
1526 5494 1747 5547 civitatis
1774 5510 1914 5566 prin-7

323 5562 466 5632 fecto
488 5566 623 5620 tradi
651 5562 744 5619 nos
767 5565 979 5618 curavit.
1007 5562 1110 5616 Per
1142 5565 1275 5616 hunc
1304 5579 1425 5634 ergo
1447 5565 1584 5634 ferro
1613 5564 1786 5634 onugti
1803 5603 1818 5628 ,
1842 5564 1911 5634 ad

323 5631 590 5704 publicum
615 5650 823 5690 reorum
851 5649 1109 5704 carcerem
1136 5631 1504 5704 abstrahi—mur,
1534 5641 1637 5704 etc.
1673 5631 1858 5704 (Tom.
1888 5632 1910 5686 Ι

322 5700 532 5777 Concil.
565 5705 762 5777 Epnes.
787 5703 970 5777 c._9_u_8.)
993 5702 1196 5777 Ibidem
1221 5712 1281 5777 et
1304 5703 1370 5758 de
1396 5704 1488 5773 pio
1521 5700 1907 5777 Constantino-

322 5775 470 5848 polis
524 5771 724 5850 populo
765 5771 978 5845 publice
1035 5772 1322 5843 aliquando
1370 5771 1558 5832 contra
1602 5771 1912 5836 Nestorium

577 5873 849 5937 Panos.
896 5868 1059 5930 Llll.

2018 4941 2269 4987 cruentas
2307 4947 2524 5003 quoque
2553 4931 2607 4985 in
2636 4930 2855 5003 oriente
2886 4930 3092 5003 turbas_
3113 4930 3428 5003 excitarint,
3455 4930 3606 4994 libet

2018 5003 2180 5087 θείνει
2204 5017 2276 5083 εει
2299 4997 2599 5087 {Pestilente
2616 4999 2890 5087 aristae,
2906 4997 3008 5087 ἔξω
3051 4998 3307 5087 “esse
3333 5006 3598 5087 episcopi.

2017 5073 2160 5142 quod
2202 5073 2255 5125 in
2283 5069 2490 5126 decima
2526 5069 2977 5142 Chalcedonensis
3017 5072 3228 5127 concilii
3267 5069 3480 5131 actione
3514 5069 3603 5128 inl-

2019 5141 2222 5214 sertum
2251 5150 2360 5206 est,
2403 5142 2508 5214 hoc
2549 5141 2670 5196 loco
2716 5155 3157 5214 commemorare.
3191 5142 3440 5214 Episcopi
3478 5144 3600 5212 (in-

2019 5211 2166 5285 quit)
2197 5219 2379 5285 contra
2415 5213 2679 5285 episcopos
2721 5209 3134 5285 contentionibus
3172 5209 3494 5285 insurgunt,
3514 5229 3607 5281 po-

2015 5281 2127 5355 puli
2149 5281 2423 5355 adversum
2463 5283 2700 5354 populos,
2737 5291 2845 5355 etc.
2876 5281 2943 5335 Et
2970 5281 3222 5355 Socrates
3255 5281 3431 5355 de'his
3459 5293 3602 5355 quo-

2057 5367 2124 5422 ue
2148 5352 2222 5405 ait
2266 5370 2276 5404 :
2323 5350 2705 5422 Non'parvam
2743 5351 2945 5407 turbam
2985 5351 3098 5422 orbi
3124 5351 3360 5422 unirersa
3390 5350 3606 5417 ineptia:

2073 5423 2253 5477 estarii
2279 5417 2930 5494 peperererCassiodorus
2947 5421 3109 5494 etiam
3149 5417 3348 5494 refert,
3377 5427 3605 5494 premes-

2013 5487 2510 5566 Nestorium,'circa
2549 5493 2786 5566 Miletum
2802 5500 2870 5566 ες
2899 5487 3104 5566 Sardos
3143 5487 3281 5539 facta
3312 5487 3597 5566 seditione,

2013 5563 2212 5617 multos
2238 5556 2569 5626 occubuisse,
2601 5564 2691 5616 lib.
2711 5579 2778 5616 xu
2795 5560 3002 5633 _Histor.
3024 5556 3178 5633 _t_rip.,
3209 5569 3336 5624 cap.
3357 5556 3412 5633 δέ
3437 5557 3503 5633 ξι
3531 5556 3602 5617 de

2013 5633 2097 5687 his
2123 5634 2414 5700 hactenus;
2447 5634 2571 5688 alibi
2602 5633 2746 5685 enim
2778 5629 2844 5682 de
2873 5627 3256 5679 hmreticorum
3279 5627 3600 5688 crudelitate

2012 5705 2289 5776 copiosius
2338 5703 2702 5760 disseruimus.

3087 5855 3171 5919 10
