4108 6348
657 383 759 442 sse
1963 369 2236 439 ΑιιΝοΒιί
2274 361 2578 436 murenis
3061 443 3066 450 ,
3787 355 3898 432 ξοδ

655 505 726 560 eti
765 501 948 576 Cyrilii
973 501 1198 578 placeat,
1243 513 1362 571 quae
1408 505 1555 554 tanta
1583 491 1850 554 dementia
1879 507 1962 554 est
1999 513 2120 568 qua:
2167 495 2219 552 in
2249 491 2293 562 Ᾰ
2321 471 2454 552 duas
2471 505 2732 566 personas
2750 475 3028 550 evidenter
3046 491 3330 564 expressit.
3350 479 3704 576 -τᾹηιοὺίιιε
3722 473 3892 546 dixit:

653 613 781 652 suos
807 593 998 652 fratres
1034 591 1270 660 desaevit,
1320 601 1375 648 et
1413 600 1626 662 spumat
1669 591 1768 658 ira,
1817 607 1938 647 cum
1984 589 2224 659 ejusdem
2325 579 2549 658 Coepisti
2577 601 2734 642 aures
2763 585 2951 640 anima:
2993 589 3094 668 tua?
3139 585 3367 668 aperire.
3403 581 3602 653 Utique
3647 583 3741 668 qui
3777 599 3894 666 cum

655 685 776 742 iidei
825 687 893 741 sit
931 683 1045 740 tota
1091 675 1396 739 fraternitas
1449 681 1805 754 populorum?
1847 712 1920 754 τ-
1963 680 2223 752 Serapion

651 777 785 834 dixit
813 795 825 830 :
853 761 1052 832 Fateor
1079 777 1318 832 errorem
1348 791 1524 830 meum
1565 791 1672 830 non
1699 769 1912 830 aliunde
1939 775 2226 846 sumpsisse

601 857 608 866 ’
650 865 948 932 exordium,
983 867 1086 922 nisi
1131 867 1255 922 hinc
1296 867 1440 938 quod
1485 865 1618 920 duos
1659 863 1796 922 filios
1841 863 1938 920 Dei
1983 874 2224 921 astruere

649 967 892 1016 asserant
917 959 974 1014 bi
1003 961 1096 1032 qui
1123 959 1257 1014 duas
1279 957 1598 1014 substantias
1627 958 1679 1012 in
1715 973 1820 1012 uno
1847 957 1942 1013 Dei
1969 945 2104 1012 Filio
2133 973 2221 1012 as-

645 1055 849 1117 serunt,
883 1066 1080 1122 easque
1109 1049 1391 1122 perfectas.
1423 1047 1554 1104 Nam
1585 1049 1627 1106 si
1650 1065 1775 1104 vere
1807 1047 1902 1102 Dei
1951 1047 2116 1104 Filius
2155 1063 2224 1103 ex

647 1139 808 1199 Patre
835 1143 1046 1212 genitus
1073 1149 1198 1196 ante
1223 1139 1414 1196 saecula
1443 1139 1696 1206 creditur,
1728 1139 1816 1208 qui
1857 1155 1954 1210 per
1980 1139 2223 1209 omnipo-

647 1232 870 1288 tentiam
897 1249 1048 1286 suam
1072 1231 1238 1286 voluit
1260 1231 1538 1300 angustum
1560 1229 1780 1300 virginei
1803 1230 2002 1284 ventris
2023 1229 2223 1284 intrare

646 1319 965 1392 hospitium;
1019 1321 1156 1376 unde
1202 1321 1292 1392 qui
1339 1320 1504 1376 semel
1553 1325 1705 1374 natus
1751 1317 1923 1374 fuerat
1951 1335 2034 1374 ex.
2063 1315 2222 1375 Patre

646 1420 773 1468 ante
801 1419 1045 1482 tempora
1072 1413 1236 1476 solus,
1256 1417 1313 1466 ut
1333 1411 1524 1466 iterum
1555 1426 1660 1464 non
1692 1409 1836 1464 solus
1865 1425 1985 1464 cum
2005 1409 2220 1464 homine

647 1513 976 1571 nasceretur,
1007 1509 1216 1560 constat
1241 1503 1370 1560 duas
1400 1519 1518 1560 esse
1545 1501 1869 1560 substantias
1900 1503 1950 1556 in
1983 1519 2087 1558 uno
2115 1499 2222 1557 Do-

647 1596 794 1650 mino
816 1593 963 1662 Jesu,
995 1597 1130 1651 sicut
1169 1593 1472 1668 praedicatio
1503 1595 1671 1652 sancti
1715 1593 1895 1667 C’yrilli
1937 1593 2118 1666 posuit
2165 1594 2217 1647 in

646 1683 772 1741 ferri
803 1699 976 1741 massa
1022 1701 1180 1756 quam
1228 1686 1364 1754 ignis
1411 1683 1719 1750 inilannnat,
1753 1685 1810 1739 ut
1845 1683 1913 1740 sit
1939 1671 2138 1740 ierrum
2167 1685 2218 1738 in

645 1785 742 1831 sua
767 1777 1081 1842 substantia,
1113 1785 1167 1831 et
1195 1777 1332 1846 ignis
1361 1777 1411 1829 in
1441 1791 1535 1830 sua
1563 1781 1773 1842 natura,
1817 1767 1910 1829 sed
1940 1781 2220 1843 utrumque

2325 677 2459 734 dixit
2483 687 2619 744 erat,
2647 679 2809 732 etiam
2834 661 3121 732 ostendere
3148 661 3318 731 voluit
3343 668 3528 729 natum
3555 661 3777 748 quidem
3817 661 3894 729 in—

2325 757 2546 836 fantem,
2579 767 2668 838 qui
2695 783 2802 822 non
2831 766 3003 822 solum
3031 765 3204 820 infans
3234 759 3395 831 esset,
3427 761 3520 819 sed
3549 764 3716 844 etiam
3733 757 3889 820 Dens.

2323 849 2652 914 Duodecimn
2681 855 2841 913 etiam
2877 855 3018 924 loco,
3048 849 3265 930 quando
3287 855 3377 912 bis
3403 855 3640 928 pressius
3667 855 3890 924 insistat,

2325 950 2414 1022 qui
2445 957 2639 1020 negant
2666 945 2800 1004 duas
2836 943 3162 1005 substantias
3190 947 3244 1002 in
3274 947 3432 1006 unico
3469 947 3565 1004 Dei
3593 945 3733 1003 Filio
3771 962 3894 1026 con-

2324 1041 2551 1096 venisse.
2582 1035 2671 1095 Ait
2696 1037 2838 1096 enim
2870 1058 2882 1093 :
2907 1037 3014 1096 Sed
3041 1037 3170 1095 dicit
3195 1037 3388 1111 aliquis
3421 1058 3434 1092 :
3465 1029 3754 1107 Quomodo
3785 1037 3892 1096 ﬁeri

2325 1137 2500 1204 potest
2525 1131 2580 1187 ut
2601 1133 2830 1189 hominis
2851 1131 3038 1188 natura
3057 1125 3393 1202 majestatem
3413 1144 3632 1204 caperet
3647 1115 3885 1200 Deitatis,

2322 1223 2619 1296 praisertim
2640 1241 2759 1279 cum
2776 1207 2916 1280 Deus
2940 1221 3052 1295 ipse
3073 1219 3269 1280 dixerit
3282 1209 3723 1280 "manifestissime
3743 1209 3890 1280 beato

2321 1301 2492 1388 Moysi
2527 1333 2538 1367 :
2573 1307 2852 1382 Quomodo
2883 1330 3039 1370 nemo
3066 1311 3252 1369 videbit
3279 1315 3464 1387 faciem
3501 1331 3671 1370 meam
3698 1325 3749 1369 et
3775 1315 3888 1370 vim

2324 1403 2516 1478 (Exod.
2551 1411 2734 1472 χχχιιι,
2781 1403 2905 1478 Ξογῖ
2930 1403 2998 1461 Et
3031 1407 3075 1462 si
3121 1405 3282 1476 igitur
3319 1391 3677 1463 intolerabilis
3721 1405 3886 1464 Deitas

2321 1499 2743 1555 inaccessibilem
2793 1497 2955 1555 habet
3006 1505 3282 1564 attactum,
3322 1493 3595 1568 quomodo
3641 1497 3886 1554 credibile

2319 1593 2584 1650 videbitur
2621 1591 2786 1650 Deum
2837 1601 2890 1648 et
2927 1592 3198 1648 hominem
3247 1592 3299 1646 in
3343 1607 3506 1646 unum
3533 1593 3886 1648 convenisse?

2319 1681 2432 1753 Ego
2460 1685 2588 1740 vero
2630 1679 2886 1740 adversus
2919 1681 3222 1754 hujusmodi
3267 1681 3618 1750 quaestionem
3668 1681 3880 1738 dixerim

2317 1773 2554 1846 quidem,
2585 1789 2745 1846 super
2772 1781 2986 1829 omnem
3015 1773 3233 1828 modum
3272 1769 3328 1828 et
3353 1769 3522 1842 genus
3547 1771 3811 1840 miraculi,
3836 1781 3881 1828 et

644 1868 701 1922 in
725 1873 885 1923 tinam
915 1869 1225 1924 societatem
1250 1873 1511 1930 Connexa,
1541 1875 1595 1922 et
1617 1869 1688 1921 ita
1717 1867 1769 1920 in
1812 1881 1916 1921 una
1944 1863 2215 1922 euaduna-
2249 1865 2295 1936 Β
2319 1883 2482 1938 super
2509 1865 2702 1923 mentis
2731 1876 2928 1924 nostrae
2955 1865 3338 1936 cogitationem
3367 1873 3421 1920 et
3457 1881 3652 1922 sensus
3683 1863 3882 1936 dispen-

639 1959 790 2014 tiOne
817 1957 1125 2024 subsistunt,
1152 1965 1208 2012 ut
1231 1975 1335 2032 non
1359 1957 1556 2013 ferrum
1585 1959 1771 2028 possit,
1789 1953 1883 2013 sed
1911 1957 2057 2013 solus
2080 1957 2216 2026 ignis

641 2049 884 2105 sensibus
909 2049 1238 2104 manife‘stat‘i
1267 2049 1541 2116 humanis;
1571 2047 1834 2115 sensibus,
1865 2049 2100 2118 inquam,
2135 2049 2213 2104 vi—

639 2137 798 2194 dendi
824 2143 984 2208 atque
1013 2139 1280 2207 tangendi,
1317 2139 1509 2208 quibus
1537 2140 1674 2193 ratio
1715 2139 1897 2192 nostra
1925 2137 2212 2208 colligitur,

640 2237 697 2286 et
732 2231 800 2284 ad
851 2231 903 2286 id
949 2230 1090 2302 quod
1131 2233 1316 2286 verum
1363 2239 1446 2287 est
1481 2230 1806 2302 pervenitur.
1853 2223 2216 2298 Prosequatur

640 2323 818 2389 itaque
861 2327 1040 2394 coepta
1087 2321 1385 2389 Arnobius,
1433 2329 1492 2376 ut
1531 2321 1746 2376 tandem
1793 2321 2112 2378 erubescant
2157 2317 2214 2375 hi

637 2412 730 2482 qui
757 2411 948 2468 fratres
974 2427 1098 2468 suos
1127 2415 1519 2484 peisequuntur
1545 2413 1761 2486 injuste.

711 2501 827 2558 XX.
852 2535 922 2544 —
951 2503 1215 2557 Arnobius
1235 2503 1369 2556 dixit
1399 2521 1410 2554 :
1443 2501 1593 2557 Nunc
1629 2505 1798 2572 usque
1836 2501 1972 2558 sexti
1999 2497 2214 2572 Capituli

641 2607 802 2652 causa
827 2603 1054 2652 tractata
1082 2603 1190 2660 est;
1216 2593 1344 2665 quid
1372 2603 1550 2649 autem
1581 2595 1633 2648 in
1676 2593 1905 2664 septimo
1925 2591 2122 2648 factum
2146 2593 2217 2650 sit

639 2685 896 2740 recitabo.
939 2683 1237 2740 Carnaliter
1274 2697 1396 2740 eum
1439 2684 1670 2755 peperit,
1727 2684 1819 2756 qui
1857 2667 2094 2754 propter.
2117 2685 2216 2739 it'os

639 2775 800 2830 homo
829 2774 998 2829 factus
1025 2783 1107 2830 est
1133 2783 1187 2829 et
1215 2774 1403 2830 infans.
1429 2773 1560 2831 Erat
1595 2775 1742 2830 enim
1783 2787 1890 2830 non
1914 2773 2066 2846 juxta
2091 2787 2211 2842 nos,

637 2865 742 2922 hoc
768 2873 867 2933 est,
903 2879 1008 2922 non
1038 2867 1092 2921 in
1133 2867 1248 2922 sola
1273 2867 1444 2923 uestri
1484 2867 1828 2923 siinilitndine
1869 2869 2210 2931 constitutus,

636 2956 730 3011 sed
759 2965 876 3011 erat
897 2957 954 3011 in
981 2957 1215 3013 humana
1243 2957 1554 3014 conditione
1581 2965 1802 3030 propter
1827 2961 2046 3015 carnem
2079 2977 2091 3012 :
2123 2957 2216 3014 Di-

593 3029 614 3046 ’
640 3047 792 3102 vinus
811 3055 988 3103 autem
1011 3057 1066 3103 et
1083 3049 1314 3105 cmiestis
1340 3053 1501 3122 super
1523 3029 1639 3106 nos.
1668 3063 1740 3093 έ-
1757 3047 2018 3120 Serapion
2038 3049 2174 3105 dixit
2197 3069 2211 3104 :

641 3139 716 3194 De
742 3149 849 3208 quo
879 3139 1029 3205 dixit,
1061 3139 1233 3196 Homo
1273 3141 1444 3198 iacms
1479 3143 1606 3199 est?
1628 3176 1702 3188 ——
1728 3141 1992 3199 Arnobius
2028 3143 2164 3200 diiit
2194 3162 2208 3197 :

2318 1959 2541 2016 sationis
2588 1975 2706 2016 esse
2749 1957 2909 2030 hujus
2957 1957 3240 2014 rationem.
3424 1951 3606 2012 tamen
3637 1957 3880 2028 agebatur

2315 2051 2589 2130 sapienter
2635 2049 2744 2107 Deo
2796 2067 2945 2106 suam
2997 2059 3242 2104 naturam
3291 2045 3642 2106 imbecillitati
3703 2059 3878 2106 nostra:

2315 2135 2646 2199 tolerabilem
2695 2141 2942 2198 faciente.
2967 2173 3038 2183 —
3057 2137 3320 2212 Serapion
3347 2139 3482 2195 dixit
3523 2159 3535 2194 :
3567 2137 3755 2198 Nullus
3781 2150 3876 2196 tam

2313 2229 2590 2288 evidenter
2646 2219 2881 2286 divinam
2939 2231 3336 2306 humanamque
3382 2239 3628 2286 naturam
3679 2231 3730 2288 in
3780 2229 3875 2288 uno

2313 2321 2527 2382 Christo
2555 2325 2816 2392 distinxit,
2847 2333 2906 2380 ut
2929 2323 3152 2394 diceret,
3175 2319 3529 2398 objurgantur
3554 2336 3736 2382 contra
3760 2321 3872 2384 eum

2312 2415 2405 2488 qui
2433 2423 2631 2486 negant
2655 2415 2822 2472 Deum
2852 2415 2906 2470 in
2946 2433 3112 2471 unum
3152 2424 3207 2471 et
3247 2411 3524 2472 hominem
3554 2415 3862 2472 convenisse.

2313 2503 2627 2562 Et-adderet
2646 2507 2829 2563 dicens
2852 2525 2863 2560 :
2889 2505 3002 2577 Ego
3029 2503 3285 2562 advéi‘sus
3303 2491 3614 2576 hujusmodi
3637 2499 3870 2576 quaestio-

2314 2601 2436 2654 nem
2463 2597 2705 2666 dixerim,
2729 2607 2834 2657 etc.
2865 2632 2937 2644 —
2963 2597 3230 2654 Arnobius
3257 2591 3392 2654 dixit
3420 2618 3431 2653 :
3475 2589 3622 2654 Bene
3647 2595 3872 2653 conside-

2312 2691 2442 2746 rasti
2487 2691 2658 2746 selum
2704 2689 2854 2746 illum
2882 2689 3177 2762 apostolico
3203 2683 3468 2756 docuisse,
3503 2679 3668 2746 Deum
3701 2705 3802 2745 esse
3825 2685 3869 2740 in

2313 2777 2517 2836 Christo
2553 2781 2800 2838 mundum
2839 2779 3254 2837 reconcilianleni
3292 2769 3392 2836 tibi
3413 2777 3474 2852 ’(1
3503 2779 3625 2834 Cor.
3670 2795 3722 2846 v,
3761 2771 3868 2846 l8);

2311 2871 2498 2930 verum
2526 2873 2688 2929 etiam
2715 2873 2902 2930 contra
2931 2888 3026 2929 eos
3053 2869 3354 2944 suscepisti,
3384 2871 3475 2944 qui
3504 2869 3691 2926 dicunt
3715 2867 3866 2928 homi-

2311 2967 2435 3020 nem
2457 2965 2512 3020 iit
2537 2963 2635 3021 Dei
2659 2963 3012 3020 substantiam
3040 2961 3331 3020 convenire
3365 2962 3590 3018 minime
3629 2957 3862 3034 potuisse.

2311 3037 2669 3112 Transeamus
2708 3055 3104 3122 dubdecimum,
3151 3049 3208 3111 et
3254 3051 3323 3110 ad
3368 3051 3865 3128 quat-tutudanm

2311 3147 2607 3203 veniamus.
2632 3145 2722 3202 Ait
2747 3145 2891 3202 enim
2914 3143 2970 3201 i'n
2988 3144 3366 3218 seQuentibus:
3390 3141 3658 3214 Quantum
3683 3137 3866 3218 speciat

639 3227 716 3283 De
735 3227 870 3284 Filio
891 3227 986 3284 Dei
1013 3237 1138 3285 ante
1159 3237 1402 3302 tempora
1427 3237 1482 3288 et
1501 3245 1568 3289 ex
1595 3231 1755 3289 Patre
1781 3235 1983 3303 genito,
2012 3233 2080 3291 de
2098 3247 2206 3303 quo
2232 3239 2280 3302 ε
2309 3237 2376 3294 ad
2401 3239 2639 3294 rationes
2666 3245 2722 3294 et
2762 3252 2952 3293 sensus
2979 3235 3264 3304 humanos,
3305 3235 3643 3310 ne'q'uaq'ua'r'n
3671 3235 3866 3310 possem

633 3321 880 3390 superius
905 3319 1038 3375 dixit
1067 3339 1079 3374 :
1103 3321 1220 3378 Non
1260 3324 1486 3379 cessarit
1507 3324 1647 3379 Deus
1673 3333 1814 3388 esse,
1839 3339 1962 3380 cum
1989 3337 2202 3380 carnem

637 3413 939 3482 assumpsit.
986 3431 1054 3455 ει-
1097 3409 1359 3485 Beiapioli
1404 3414 1540 3470 dixit
1588 3434 1599 3468 :
1641 3415 1741 3470 Hic
1785 3416 1878 3486 qui
1924 3417 2212 3485 assumpsit

635 3505 906 3558 hominem
935 3504 1093 3570 Deus,
1125 3507 1300 3576 ipsum
1329 3505 1600 3562 honinem
1643 3517 1739 3576 per
1765 3519 1919 3561 suam
1959 3506 2209 3576 omnipo-

635 3597 858 3650 tentiam
875 3595 1045 3650 Deum
1067 3597 1192 3652 fecit
1210 3600 1234 3651 ?
1251 3597 1473 3653 Constat
1501 3613 1568 3653 ex
1597 3601 1902 3653 assumente
1924 3605 1978 3652 et
2004 3611 2210 3653 assum-

631 3691 726 3754 pte
755 3669 922 3738 unum
945 3684 1038 3738 Dei
1061 3685 1254 3739 Filium
1277 3687 1538 3758 Cyrillum
1563 3685 1827 3743 docuisse;
1851 3719 1924 3730 —
1942 3686 2209 3744 Arnobius

631 3773 767 3829 dixit
803 3793 817 3827 :
859 3773 998 3830 Ecce
1035 3783 1230 3830 octavo
1267 3776 1386 3832 loco
1427 3785 1758 3846 prosecutus.
1795 3777 1960 3834 Ratio
1987 3777 2208 3835 Deitatis

635 3865 792 3931 nuda,
823 3881 886 3930 ac
914 3866 958 3919 si
983 3867 1098 3922 sine
1121 3881 1283 3922 carne
1303 3868 1660 3934 existimetur,
1687 3869 1800 3938 ipsa
1827 3883 1925 3940 per
1951 3885 2013 3926 se
2037 3870 2208 3926 nostri

630 3958 893 4014 sermonis
920 3975 1026 4015 non
1050 3962 1228 4030 egebit
1252 3962 1470 4017 auxilio.
1501 3993 1574 4003 —
1600 3959 1860 4034 Serapion
1895 3961 2030 4016 dixit
2057 3980 2070 4014 :
2100 3947 2209 4017 Ex-

629 4047 994 4119 planationem
1015 4053 1190 4124 hujus,
1213 4061 1413 4124 quaiso,
1436 4053 1616 4124 pande
1640 4053 2014 4110 sententiae.-—
2033 4053 2206 4110 Arno-

629 4141 749 4198 bius
775 4137 910 4200 dixit
941 4163 952 4198 :
985 4143 1143 4202 Ratio
1170 4145 1392 4202 Deitatis
1419 4145 1464 4202 si
1493 4136 1740 4214 nuda,'id
1769 4139 1869 4212 est,
1897 4145 2016 4202 sine
2041 4159 2208 4200 carne

630 4234 984 4300 existimetur,
1009 4236 1112 4291 hoc
1137 4245 1238 4301 est,
1270 4239 1314 4290 si
1339 4239 1456 4292 sine
1475 4238 1694 4292 homine
1714 4237 1986 4303 div-initus,
2015 4235 2206 4290 huma—

629 4323 798 4382 nieris
818 4326 1028 4380 ratione
1048 4339 1156 4380 non
1179 4327 1372 4394 egebit.
1397 4325 1537 4394 Quid
1565 4328 1708 4382 enim
1737 4339 1917 4382 sermo
1939 4325 1996 4382 in
2022 4323 2210 4380 invisi-

627 4411 725 4470 bili
751 4411 864 4469 Deo
909 4413 1087 4470 dicere
1131 4417 1424 4486 praevalet?
1458 4415 1525 4471 Et
1567 4417 1687 4474 ideo
1724 4417 1778 4472 in
1825 4433 1933 4474 uno
1971 4415 2208 4488 capitulo

626 4505 772 4562 hunc
799 4506 1128 4562 intellectum
1158 4509 1406 4578 aperiens
1431 4509 1541 4562 ait:
1571 4507 1682 4564 Sed
1719 4501 1991 4578 quomodo
2014 4507 2216 4578 uulgo-5

2313 3331 2456 3386 inter
2479 3345 2538 3386 se
2573 3329 2861 3390 convenire
2889 3327 3071 3384 Deitas
3099 3336 3154 3384 et
3179 3323 3414 3384 humana
3440 3325 3714 3398 conditio;
3751 3325 3866 3383 coi-

2311 3421 2533 3475 veniunt
2576 3415 2758 3474 tamen
2805 3419 2860 3474 in
2905 3416 3196 3484 Christum,
3227 3415 3286 3476 et
3329 3419 3466 3474 unus
3513 3415 3583 3474 e'x
3627 3413 3866 3478 ambabus

2310 3507 2644 3565 Emmanuel.
2676 3507 2780 3578 Qui
2812 3511 2945 3566 vero
2986 3507 3202 3580 separat
3233 3515 3295 3564 'et
3319 3507 3592 3565 hominem
3618 3505 3860 3572 seorsum,

2311 3603 2365 3658 et
2388 3599 2582 3657 Filium
2609 3589 2726 3666 Dei,
2758 3611 2814 3657 et
2857 3601 3018 3656 alium
3046 3601 3295 3666 aestimat,
3328 3599 3374 3656 is
3399 3599 3528 3658 inihi
3553 3593 3745 3655 ῆάεᾶιξ
3769 3593 3854 3682 rfe-

2309 3695 2524 3749 ritatem
2552 3709 2660 3748 non
2687 3691 3004 3762 intelligere,
3035 3699 3090 3748 et
3107 3691 3291 3748 videre
3319 3699 3428 3746 non
3455 3695 3620 3763 posse.
3643 3683 3777 3756 [tein
3793 3683 3859 3742 de

2309 3784 2711 3856 quartOdecim'o
2748 3783 3006 3840 dicemus.
3055 3779 3126 3839 Ut
3163 3781 3471 3840 ostenderet
3507 3779 3636 3837 duas
3661 3775 3720 3834 iii
3755 3779 3863 3846 ~uno

2307 3875 2406 3934 Dei
2447 3873 2584 3930 Filio
2629 3875 2806 3932 inesse
2852 3874 3197 3938 substantias,
3241 3874 3314 3928 ait
3363 3891 3376 3927 :
3427 3869 3867 3941 Quemadmodum

2307 3967 2437 4024 ferri
2463 3967 2737 4034 materies,
2755 3981 2878 4022 cum
2905 3967 2962 4020 in
2989 3965 3166 4021 medio
3187 3963 3420 4022 fornacis
3443 3971 3580 4020 astu
3601 3960 3864 4028 conﬂatur,

2307 4057 2447 4126 ignis
2473 4058 2643 4116 instar
2683 4055 2932 4124 ardeséit,
2964 4057 3018 4112 et
3045 4055 3100 4110 in
3130 4055 3246 4125 ejus
3272 4055 3510 4134 speciem
3550 4055 3776 4116 vei-titur
3809 4050 3868 4130 ad

2307 4148 2564 4212 calorem,
2595 4155 2652 4201 et
2678 4146 2966 4202 candorem
2995 4146 3160 4216 ipsius
3179 4146 3421 4202 imitatur
3446 4143 3678 4200 ﬂammae
3703 4141 3870 4202 "victri-

2271 4305 2274 4308 ,
2308 4238 2416 4304 eis;
2451 4239 2524 4292 ita
2547 4237 2726 4293 euntis
2754 4244 2963 4304 natura,
2989 4251 3110 4292 cum
3133 4243 3338 4292 interno
3375 4243 3538 4306 atque
3565 4232 3870 4306 ineorntpti-

2308 4325 2402 4382 bili
2431 4325 2524 4380 Dei
2553 4325 2694 4382 Filio
2719 4331 2801 4381 erit
2823 4325 3131 4396 conjuncta,
3153 4323 3358 4380 destitit
3375 4335 3492 4380 esse
3512 4321 3663 4392 quod
3693 4321 3866 4408 fuerat.

2308 4449 2381 4460 —
2399 4413 2660 4488 Serapion
2683 4411 2818 4472 dixit
2849 4433 2862 4470 :
2895 4411 3034 4484 Quid
3073 4425 3172 4483 est,
3203 4413 3405 4472 destitit
3443 4430 3566 4472 esse
3766 4409 3867 4478 τὼ-

2308 4507 2430 4562 rat?
2456 4539 2528 4552 —
2553 4505 2822 4562 Arnobius
2857 4501 2991 4561 dixit
3019 4525 3032 4560 :
3063 4506 3306 4577 Sequens
3331 4505 3632 4562 versiculus
3667 4504 3871 4569 indicat

627 4595 773 4650 nitus
799 4595 898 4650 Dei
938 4593 1128 4652 Sermo
1155 4597 1325 4654 factus
1373 4605 1456 4652 est
1487 4613 1633 4665 caro,
1666 4607 1719 4654 et
1743 4599 2003 4655 habitavit
2029 4600 2084 4655 in
2103 4613 2204 4656 no—
2227 4610 2282 4672 Ῑ)
2307 4597 2478 4671 quare
2505 4597 2719 4662 dixerit,
2751 4597 2920 4654 Desiit
2946 4611 3066 4656 esse
3101 4598 3246 4668 quod
3271 4595 3464 4654 fuerat.
3508 4597 3601 4664 Ait
3646 4597 3788 4655 enim
3825 4593 3875 4652 in

625 4683 746 4744 bis?
770 4685 897 4744 ideo
927 4689 992 4744 ad
1021 4689 1195 4759 ipsum
1223 4687 1547 4746 referantur.
1592 4673 1891 4762 Sequamur
1940 4701 2101 4762 nunc,
2147 4702 2203 4750 et
2306 4691 2554 4763 "sequenti
2579 4695 2850 4750 sermone.
2877 4689 2988 4750 Nec
3024 4691 3245 4748 ulterius
3275 4695 3303 4732 ι
3328 4691 3790 4768 remansit
3811 4719 3875 4736 --

623 4777 750 4853 quid
776 4783 830 4838 in
859 4800 1002 4840 nono
1045 4785 1282 4855 capitulo
1317 4775 1516 4842 dixerit
1553 4787 1860 4842 renitentes.
1893 4786 2200 4858 Prophetis-
2303 4777 2568 4854 Serapion
2595 4784 2766 4840 dixit:
2799 4785 2962 4855 Aperi
2981 4785 3111 4840 mihi
3137 4793 3196 4840 ut
3221 4783 3352 4854 quid
3376 4784 3524 4841 dicat
3545 4784 3786 4841 videam.
3811 4812 3878 4830 -

621 4883 736 4925 sam
755 4881 996 4927 sanctam
1013 4873 1284 4942 Virginem
1304 4884 1478 4932 vocat.
1507 4873 1720 4932 Christo
1748 4877 1890 4931 enim
1917 4889 2200 4948 praegnans
2305 4877 2572 4933 Arnobius
2593 4877 2728 4931 dixit
2757 4891 2770 4930 :
2797 4876 2985 4932 Omnis
3009 4873 3198 4934 natura
3223 4877 3440 4945 generis
3465 4877 3698 4944 nummi
3723 4871 3878 4954 tiu}

620 4961 894 5036 Propheta!
917 4963 1154 5034 implevit
1174 4963 1425 5022 ofﬁcium-
1449 4965 1582 5022 llem
1609 4967 1662 5022 in
1689 4965 1898 5024 decimo
1919 4967 2152 5038 capitulo
2179 4986 2192 5022 =
2301 4967 2512 5035 limem
2538 4967 2703 5026 habet
2739 4959 3024 5026 attactum
3063 4973 3117 5024 et
3144 4971 3398 5026 sensuum
3430 4988 3442 5022 :
3471 4967 3565 5048 hic
3823 4957 3876 5028 iii

619 5051 784 5110 Natus
813 5055 954 5110 eriim
985 5054 1090 5127 (ait
1117 5055 1236 5126 ille)
1274 5057 1450 5113 infans
1476 5059 1705 5126 divinus,
1739 5067 1794 5114 et
1820 5059 1966 5115 omni
1994 5059 2195 5115 mundo
2301 5061 2442 5118 hac
2479 5070 2686 5132 pestem
2726 5075 2998 5130 nunquam
3039 5062 3284 5128 incurrit,
3319 5073 3425 5118 nee
3462 5057 3760 5131 aliquando
3785 5056 3879 5112 Ili-

617 5146 994 5214 excellentior;
1043 5158 1159 5203 erat
1203 5151 1416 5233 quidem
1463 5154 1518 5206 in
1563 5153 1829 5210 eunabulo
1867 5153 2016 5224 (Duc.
2049 5169 2106 5224 ιι,
2135 5139 2194 5224 7)
2297 5154 2428 5224 quid
2445 5155 2564 5210 sine
2579 5152 3309 5225 suameavoiuntnte;
3337 5150 3595 5207 sedateet
3619 5149 3878 5220 smptu

615 5239 930 5310 gremioque
989 5237 1274 5298 Genitrlcis
1333 5253 1554 5314 propter
1605 5253 1809 5302 morem
1866 5245 2192 5301 conditionis
2297 5247 2401 5314 e‘st,
2432 5235 2622 5302 etiam
2649 5245 2958 5320 Wieth
2981 5245 3138 5302 soliti!
3157 5241 3413 5306 esset»
3439 5243 3564 5324 facit
3585 5241 3646 5298 ὓ
3681 5241 3810 5300 cdo
3829 5241 3882 5320 el

613 5326 875 5412 humanae,
905 5329 1000 5388 sed
1019 5333 1112 5404 qui
1137 5341 1256 5388 erat
1283 5334 1444 5390 etiam
1466 5334 1626 5394 Dens.
1641 5369 1713 5380 --
1729 5335 1992 5410 Serapion
2009 5335 2145 5392 dixit
2171 5353 2186 5392 :
2293 5341 2352 5394 in
2381 5345 2535 5405 terra,
2567 5341 2620 5394 in
2657 5319 2812 5405 Μή,
2837 5319 2895 5394 in
2917 5339 3117 5410 abyssi:
3145 5337 3264 5408 (Ps.
3285 5352 3505 5405 anxur.
3526 5319 3606 5408 ὅ).
3635 5369 3718 5396 μη
3734 5319 3882 5394 Iudi-

609 5413 744 5476 Cum
763 5423 910 5488 dicit,
935 5424 1038 5480 ista
1058 5424 1232 5482 infans
1258 5427 1352 5498 qui
1377 5435 1536 5484 natus
1557 5437 1662 5494 est,
1687 5438 1806 5484 erat
1827 5431 1991 5486 etiam
2018 5429 2181 5490 Deus,
2293 5443 2386 5483 eos
2405 5428 2696 5482 dixerunt:
2725 5427 3014 5494 Quomodo
3035 5427 3265 5484 vidimus
3289 5413 3648 5498 Serapion.
3687 5431 3881 5480 ma—

1763 5577 1876 5678 re.
1915 5605 2412 5684 rue-annuum
2447 5603 2677 5680 sora.

683 5809 712 5841 ⁸
740 5803 888 5862 Meo
908 5811 1192 5878 corruptus
1209 5811 1268 5860 et
1287 5803 1616 5875 depravatae
1633 5803 1798 5890 estin
1825 5802 1996 5860 veteri
2035 5801 2326 5874 exemplari
2353 5801 2508 5860 locus
2535 5803 2654 5870 iate,
2685 5807 2745 5858 ut
2769 5805 2892 5860 eum
2929 5803 3110 5876 tegere
3135 5809 3248 5862 non
3659 5855 3670 5866 .
