4108 6348
325 337 433 398 ’⁸01

1063 339 1483 399 CONFLICTUS
1523 341 1609 397 us
1650 337 1782 398 beo
1818 323 2026 396 ramo
2063 335 2150 397 ετ
2192 344 2346 412 uno,
2388 347 2537 403 src.
2582 349 2708 404 LIB.
2751 349 2812 406 ιι.

3485 335 3592 411 eos

332 469 440 516 κω
468 458 680 516 dedisse
722 458 978 526 vietorize,
1029 461 1192 531 ipsius
1222 477 1352 531 pace
1398 461 1598 518 dictum
1629 461 1718 529 sit,
1760 459 1907 533 pacis
1932 449 1982 523 Δ
2011 478 2104 518 nes
2132 481 2318 520 omnes
2347 465 2523 521 nullus
2564 467 2638 521 uti
2671 469 2857 539 possit,
2883 463 2984 525 nisi
3015 461 3234 539 Augusti
3263 455 3422 526 luerit
3448 487 3585 542 prte-

331 549 459 607 ﬁdei
483 557 587 606 tua:
616 551 768 607 nobis
795 553 964 608 verba
987 559 1146 608 tenus
1186 551 1381 608 lineam
1405 553 1584 620 tende,
1617 559 1674 608 ut
1704 555 1910 610 memo-

331 643 502 698 randa
533 657 641 698 non
671 649 919 712 tegantur
945 642 1177 712 silentio.

405 734 545 790 XXI.
570 767 639 780 -
659 707 924 792 Arnobius
945 707 1130 792 sei'ms
1150 734 1275 791 Jesu
1294 733 1488 792 Christi
1508 737 1642 792 dixit
1667 756 1678 789 ε
1707 737 1836 792 Dum
1860 736 1911 791 in

335 824 625 894 Unigenito
645 825 778 881 duas
797 826 1118 882 conﬁtemur
1146 833 1380 890 naturas,
1405 823 1641 898 duasque
1670 829 1916 882 substan-

332 916 458 979 tias,
501 915 752 984 objicitur
797 917 942 986 quod
989 917 1214 972 alterum
1266 917 1507 972 dicamus
1555 918 1647 972 Dei
1695 915 1910 983 Filium,

332 1009 560 1062 alterum
593 1006 757 1062 ﬁlium
789 1008 1039 1063 hominis.
1071 1007 1179 1063 Nos
1203 1016 1381 1064 autem
1421 1010 1737 1064 auctoritate
1772 1007 1916 1077 Apo-

331 1100 458 1155 stoli
479 1100 704 1155 dicimus
735 1119 746 1152 ε
781 1107 808 1138 ι
837 1100 978 1155 Deus
1005 1111 1118 1156 erat
1144 1103 1198 1154 in
1228 1100 1431 1156 Christo
1458 1101 1702 1154 mundum
1733 1115 1914 1154 recon-

331 1195 520 1247 cilians
548 1188 641 1246 sibi
666 1190 731 1262 (ll
759 1191 878 1246 Cor.
904 1207 956 1255 v,
993 1191 1104 1263 l8).
1136 1191 1191 1247 Si
1213 1193 1354 1246 enim
1386 1176 1638 1246 mundum
1669 1190 1913 1246 reconci-

334 1283 504 1349 liavit,
539 1284 609 1338 ita
640 1293 698 1337 ut
726 1283 1008 1339 credentes
1037 1285 1090 1338 in
1119 1297 1178 1338 se
1217 1284 1415 1339 laceret
1445 1281 1582 1337 ﬁlios
1611 1281 1724 1348 Dei,
1753 1281 1780 1321 δ
1813 1281 1904 1337 ho-

332 1375 507 1429 mines
540 1374 722 1444 utique
757 1383 945 1428 natura
969 1387 1154 1428 servos
1180 1389 1286 1428 non
1310 1373 1404 1428 Dei
1428 1368 1587 1439 ﬁlios,
1609 1381 1728 1428 actu
1752 1373 1915 1427 etiam

331 1479 460 1521 reos
489 1475 542 1520 et
571 1479 667 1536 per
693 1466 1184 1536 praevaricationem
1215 1465 1372 1536 primi
1401 1464 1636 1520 hominis
1671 1465 1916 1520 inimicos

331 1559 547 1628 generis
589 1560 804 1612 humani
832 1558 1094 1613 obnoxios
1124 1557 1298 1626 (Rom.
1322 1573 1375 1622 ν,
1409 1557 1505 1623 l0;
1552 1556 1701 1633 Rom.
1733 1573 1805 1624 vi,
1831 1555 1914 1622 l6,

335 1649 457 1719 l7);
482 1657 656 1703 tamen
681 1664 775 1719 per
789 1663 938 1702 suam
961 1650 1186 1717 gratiam
1209 1649 1307 1702 hos
1322 1647 1417 1702 Dei
1439 1647 1575 1702 ﬁlios
1597 1646 1718 1702 fecit
1737 1647 1912 1718 (Joan.

332 1753 371 1807 ι,
401 1738 508 1807 l2).
537 1740 638 1806 Qui
667 1753 796 1807 ergo
839 1739 971 1793 alios
1014 1739 1108 1792 Dei
1153 1738 1289 1793 ﬁlios
1329 1738 1472 1802 fecit,
1505 1737 1776 1809 quomodo
1805 1739 1918 1807 ipse

2014 551 2157 608 ditus
2185 553 2459 622 dignitate.
2488 552 2803 626 lmpingitur
2832 559 2931 614 hoc
2961 560 3082 616 loco
3115 579 3126 613 :
3159 557 3298 631 Ergo
3329 560 3447 616 vilis
3468 561 3590 616 lana

2014 635 2114 698 fuit
2152 645 2298 715 prius
2342 643 2514 709 Iesus,
2549 654 2602 700 et
2635 645 2869 704 Dealitas
2896 653 3279 722 superveniens
3316 651 3441 710 fecit
3467 668 3591 708 eum

2015 737 2343 808 purpuram?
2369 735 2482 794 Non
2514 739 2586 793 ita
2617 737 2840 794 dicimus
2876 761 2886 793 :
2920 743 3012 797 sed
3052 754 3334 815 antequam
3364 744 3592 814 Spiritus

2019 827 2225 883 veniret
2249 845 2409 898 super
2428 823 2666 893 Mariam,
2701 838 2756 883 et
2775 831 2946 885 virtus
2978 833 3229 888 Altissimi
3251 835 3594 890 obumbraret

2017 925 2178 981 eam;
2231 925 2285 973 et
2333 915 2433 973 hoc
2481 919 2789 989 conciperet
2833 921 2976 991 quod
3026 931 3264 980 sanctum
3313 932 3595 981 vocaretur

2018 1005 2181 1064 Filius
2211 1008 2301 1064 Dei
2334 1009 2480 1079 (Luc.
2517 1028 2550 1074 ι,
2585 1009 2669 1076 55,
2697 1010 2809 1081 36),
2836 1023 2959 1066 ante
2989 1013 3090 1068 hoc
3130 1015 3243 1083 ipse
3273 1023 3458 1072 uterus
3483 1013 3595 1071 lla-

2015 1099 2126 1164 riie,
2159 1102 2400 1169 quamvis
2439 1100 2665 1155 mundus
2713 1109 2853 1157 esset
2905 1119 2933 1155 a
2983 1115 3207 1173 peccato
3256 1117 3312 1161 et
3355 1115 3592 1172 sanctus,

2018 1199 2195 1246 tamen
2249 1192 2450 1247 vilitate
2498 1191 2810 1246 humilitatis
2861 1203 2975 1247 erat
3015 1203 3071 1246 ut
3121 1193 3240 1250 lana
3292 1199 3493 1267 Optima
3540 1209 3600 1253 et

2020 1285 2452 1355 incomparabilis
2480 1285 2741 1340 universis
2769 1291 2887 1355 quin
2911 1293 3061 1340 erant
3090 1287 3187 1340 sub
3212 1289 3350 1342 caelo
3376 1289 3593 1357 virgini-

2018 1377 2118 1431 bus
2152 1395 2162 1429 :
2196 1387 2417 1446 eratque
2459 1375 2577 1430 talis
2619 1391 2679 1431 ac
2708 1383 2873 1440 tanta,
2905 1391 3021 1445 quin
3063 1371 3317 1431 decenter
3345 1386 3400 1432 et
3439 1379 3490 1432 in
3537 1395 3599 1434 se

2020 1463 2332 1521 Dealitatem
2364 1464 2480 1519 Filii
2512 1464 2622 1528 Dei,
2660 1466 2797 1520 sicut
2835 1465 3099 1537 conchylii
3130 1464 3249 1519 lana
3280 1467 3595 1534 sanguinem

2019 1556 2337 1626 susceperit,
2368 1566 2421 1610 et
2452 1557 2562 1625 ipsa
2595 1555 2714 1609 lana
2740 1571 2856 1609 esse
2880 1563 3117 1611 cessaret
3157 1555 3299 1621 lana,
3328 1557 3420 1611 sed
3470 1574 3595 1613 vera

2018 1655 2253 1718 purpura
2302 1659 2397 1716 per
2445 1647 2754 1713 sanguinem
2806 1643 2956 1699 ﬁeret
3003 1653 3375 1701 memoratum.
3414 1643 3435 1686 ί
3478 1643 3596 1704 Non

2021 1740 2163 1795 enim
2191 1738 2334 1799 lana,
2367 1737 2460 1792 sed
2490 1738 2724 1808 pretiosa
2755 1745 2837 1790 est
2879 1735 3036 1805 hujus
3081 1736 3350 1805 sanguinis
3390 1737 3591 1808 capax!

332 1845 444 1884 non
475 1838 561 1884 est
599 1828 764 1883 Filius
794 1829 909 1893 Dei,
939 1830 1200 1883 adunatus
1227 1845 1349 1883 cum
1379 1828 1576 1894 Verbo,
1619 1828 1761 1897 quo‘d
1791 1843 1918 1883 caro
1950 1837 1993 1899 Β
2022 1828 2176 1897 Quod
2204 1831 2248 1884 si
2288 1828 2502 1897 sanguis
2529 1829 2616 1884 hic
2643 1829 2822 1882 lanam
2860 1835 3010 1882 tanta
3039 1827 3317 1896 majestate
3345 1829 3594 1885 sublimat

331 1918 532 1977 ﬁctum
553 1921 747 1989 legitur
768 1919 947 1988 (Joan.
969 1935 1006 1983 ι.
1034 1919 1152 1989 H);
1183 1919 1416 1974 Verbum
1445 1919 1587 1989 quod
1621 1927 1734 1972 erat
1763 1927 1916 1973 ante-

331 2027 495 2083 quam
539 2012 767 2066 mundus
795 2019 938 2065 esset
974 2009 1152 2081 (Joan.
1179 2025 1305 2073 xvii,
1341 2009 1423 2076 5);
1460 2021 1480 2047 ο
1513 2009 1745 2062 Verbum
1775 2009 1918 2078 quod

331 2120 441 2160 non
470 2109 554 2160 est
575 2121 603 2158 a
624 2104 910 2175 principio,
934 2102 1027 2157 sed
1053 2103 1109 2155 in
1130 2103 1248 2170 ipso
1268 2101 1530 2170 principio
1553 2115 1769 2168 semper
1791 2099 1918 2163 fuit;

332 2193 568 2250 Verbum
617 2193 762 2264 quod
812 2199 961 2246 caret
1008 2191 1184 2252 initio,
1215 2189 1311 2242 sed
1339 2190 1512 2257 ipsum
1555 2196 1638 2241 est
1668 2187 1911 2252 initium;

334 2285 573 2340 Verbum
600 2283 743 2353 quod
789 2297 901 2337 non
929 2281 1171 2349 subjacet
1211 2281 1462 2348 tempori,
1496 2280 1580 2333 vel
1628 2285 1921 2345 momento,

333 2377 422 2432 vel
453 2384 656 2438 atomo,
688 2373 774 2428 vel
801 2381 1022 2443 puncto,
1053 2371 1147 2425 sed
1170 2378 1253 2424 est
1281 2369 1518 2424 omnium
1543 2370 1790 2424 creator?
1811 2367 1922 2424 Hoc

337 2467 582 2521 Verbum
624 2479 733 2519 non
762 2461 1058 2517 amittendo
1087 2462 1586 2531 intemporalitatem
1626 2477 1797 2526 suam,
1829 2460 1921 2516 sed

336 2557 664 2612 assumendo
692 2555 1040 2624 temporalem
1085 2554 1352 2607 hominem
1403 2552 1714 2622 perfectum,
1746 2551 1920 2622 perte-

341 2655 463 2702 ctus
485 2647 640 2711 Deus,
658 2645 930 2700 hominem
953 2652 1132 2698 natum
1161 2644 1229 2698 de
1245 2641 1446 2713 Spiritu
1462 2652 1645 2699 sancto
1665 2655 1731 2699 ex
1751 2642 1916 2698 Maria

342 2739 548 2807 virgine
575 2753 669 2807 per
689 2736 1128 2804 omnipotentiam
1161 2732 1310 2804 (Luc.
1342 2749 1376 2798 ι,
1401 2732 1498 2799 55;
1525 2733 1713 2788 Matth.
1741 2747 1776 2800 ι,
1799 2733 1911 2806 ω),

338 2828 367 2868 δ
390 2831 514 2899 quia
536 2829 875 2899 omnipotens
895 2827 1034 2882 Deus
1060 2827 1136 2881 sic
1158 2827 1319 2881 Pater
1347 2834 1399 2881 et
1424 2827 1652 2897 Spiritus
1679 2834 1910 2883 sanctus.

331 2915 442 2974 Per
468 2918 604 2972 hanc
631 2931 760 2986 ergo
789 2917 1233 2988 omnipotentiam
1263 2931 1414 2971 suam
1443 2919 1612 2973 voluit
1640 2919 1784 2974 hunc
1813 2920 1915 2974 bo-

333 3008 552 3073 minem,
580 3023 738 3077 quem
785 3009 1089 3078 assumpsit,
1121 3009 1227 3063 hoc
1263 3007 1442 3063 facere
1483 3009 1806 3064 assumendo
1849 3023 1918 3064 ex

2021 1937 2119 1990 per
2144 1935 2298 1976 suam
2345 1919 2749 1982 admixtionem,
2781 1925 2842 1974 ut
2871 1917 3002 1973 nulli
3034 1907 3134 1973 hac
3173 1919 3331 1973 liceat
3358 1920 3455 1985 uti,
3496 1920 3595 1977 nisi

2020 2010 2162 2074 huic,
2195 2011 2286 2080 qui
2315 2011 2460 2077 regia
2488 2007 2647 2063 fuerit
2671 2009 2927 2078 praeditus
2954 2009 3236 2077 dignitate;
3261 2017 3460 2078 quanto
3486 2025 3595 2064 ma-

2024 2102 2103 2168 gis
2122 2101 2335 2169 quando
2355 2099 2586 2170 Spiritus
2612 2107 2830 2156 sanctus
2847 2099 2995 2155 venit
3014 2099 3067 2154 in
3095 2099 3335 2166 Mariam,
3361 2107 3414 2154 et
3435 2102 3600 2160 virtus

2026 2191 2279 2247 Altissimi
2309 2191 2647 2246 obumbravit
2675 2197 2814 2254 eam,
2847 2190 2954 2247 hoc
2980 2199 3005 2238 ι
3034 2190 3177 2261 quod
3209 2200 3389 2244 natum
3420 2195 3504 2246 est
3531 2205 3596 2246 ex

2026 2299 2088 2340 ea
2134 2285 2196 2338 de
2237 2285 2430 2338 semine
2469 2283 2638 2337 David
2679 2282 2954 2338 nandum
2997 2299 3202 2337 carnem
3233 2280 3406 2353 (Rom.
3451 2298 3488 2344 ι,
3521 2277 3594 2352 3),

2025 2389 2205 2430 secum
2236 2373 2362 2429 fecit
2398 2371 2588 2428 Filium
2618 2372 2736 2437 Del,
2769 2380 2824 2427 ut
2853 2374 2929 2428 sic
2958 2381 3098 2427 esset
3140 2369 3302 2427 ﬂaria
3333 2374 3595 2437 οσοτόαιος.

2020 2467 2156 2521 sicut
2191 2463 2562 2541 Χρωτοτὸιωςῖ
2597 2461 2735 2530 Quia
2766 2472 2891 2518 ante
2941 2461 3160 2517 Mariam
3189 2461 3214 2499 ¹ι
3240 2463 3455 2518 fuerunt
3479 2462 3596 2518 alia:

2019 2557 2375 2621 christotocze,
2409 2554 2502 2612 sed
2556 2567 2659 2609 non
2700 2553 2953 2624 virgines,
2997 2569 3098 2611 nec
3137 2567 3201 2609 ex
3244 2552 3444 2624 Spiritu
3471 2571 3596 2609 san-

2017 2660 2123 2716 cto,
2152 2664 2251 2705 nec
2279 2649 2478 2704 virtute
2507 2647 2764 2702 Altissimi
2784 2648 3159 2702 obumbrante.
3190 2645 3317 2702 Haec
3339 2656 3517 2701 autem
3538 2654 3596 2703 et

2015 2743 2348 2819 πρωτοτάιως
2368 2749 2450 2795 est
2471 2740 2606 2805 sola,
2630 2748 2684 2792 et
2703 2741 2967 2802 θεοτεηως,
2992 2739 3103 2792 sola
3128 2723 3295 2807 virgo,
3311 2753 3378 2792 ex
3398 2735 3598 2807 spiritu

2018 2843 2206 2889 sancto
2233 2843 2289 2888 et
2329 2833 2528 2886 virtute
2559 2829 2816 2884 Altissimi
2846 2829 3175 2898 concipiens.
3311 2874 3322 2884 .

2089 2921 2251 2978 un.
2273 2955 2346 2966 —
2363 2919 2622 2989 Objicitur
2651 2929 2790 2974 nunc
2810 2918 2876 2973 de
2906 2917 3293 2974 tentationibus
3313 2925 3366 2974 et
3396 2919 3598 2990 passio-

2018 3014 2174 3070 nibus
2203 3012 2318 3081 ejus
2347 3029 2360 3064 :
2395 3008 2583 3065 Utrum
2629 3009 2742 3080 ipsa
2770 3006 3004 3063 Dealitss
3033 3007 3191 3064 simul
3227 3006 3244 3046 ί
3279 3009 3597 3079 interpreta-

333 3108 598 3170 tempore,
619 3101 764 3171 quod
787 3101 899 3170 ipse
927 3115 1146 3170 semper
1163 3101 1262 3154 iuit
1287 3101 1403 3155 sine
1425 3108 1699 3171 tempore;
1727 3108 1786 3154 ut
1810 3115 1917 3156 non
2020 3105 2168 3161 tione
2195 3102 2480 3165 diabolica,
2515 3101 2675 3156 therit
2718 3101 2770 3155 in
2809 3101 3061 3171 passione
3090 3097 3328 3156 Iudaica.
3363 3099 3441 3155 Ad
3482 3099 3598 3158 hac

332 3193 540 3264 possint
562 3193 673 3262 jam
697 3192 802 3248 dici
829 3193 935 3246 duo
961 3192 1074 3255 lilii,
1100 3193 1236 3246 alius
1256 3202 1382 3248 ante
1412 3203 1654 3263 tempora
1680 3194 1913 3263 genitus,
1939 3211 1986 3274 ρ
2021 3197 2142 3252 audi
2165 3195 2482 3267 prophetam
2512 3202 2792 3249 canenseru
2825 3211 2839 3246 :
2869 3191 3153 3261 Quomodo
3177 3191 3426 3248 Dominus
3457 3205 3597 3248 amat

331 3292 394 3340 et
418 3284 554 3341 alius
584 3294 740 3341 natus
778 3301 845 3342 ex
887 3295 1162 3354 tempore;
1193 3285 1285 3339 sed
1315 3301 1453 3340 unus
1495 3287 1591 3341 Dei
1622 3285 1787 3343 Filius
1815 3287 1913 3343 Do-
2006 3289 2280 3363 judicium,
2310 3296 2359 3342 et
2386 3301 2488 3342 non
2518 3285 2834 3358 ἀπείπηται
2871 3293 3076 3340 saneto:
3114 3297 3232 3340 suos
3263 3283 3378 3357 (Ps.
3412 3301 3595 3351 xxxvn,

329 3377 512 3433 minus
549 3376 706 3432 Jesus
744 3376 1006 3432 Christus.
1039 3375 1166 3432 lude
1193 3387 1278 3432 est
1301 3378 1446 3447 quod
1487 3379 1688 3434 dictum
1734 3388 1818 3436 est
1843 3380 1911 3436 ab
2012 3379 2125 3452 28).
2159 3377 2308 3434 Addo
2357 3375 2501 3432 aliud
2535 3393 2548 3430 :
2579 3373 2638 3431 Si
2680 3387 2787 3431 non
2837 3373 3033 3430 deserti
3076 3379 3199 3429 sunt
3229 3385 3337 3430 tres
3366 3376 3515 3445 pueri
3541 3375 3596 3430 in

333 3467 597 3538 Apostolo
626 3487 639 3522 :
663 3467 735 3522 Et
763 3471 808 3523 si
836 3470 1159 3541 cognouimus
1188 3468 1464 3524 Dominam
1503 3469 1681 3525 Iesum
1725 3489 1909 3529 senm-
2014 3471 2226 3527 eamino
2264 3469 2420 3538 ignis,
2451 3465 2546 3521 sed
2567 3466 2681 3535 ipse
2705 3464 2797 3534 qui
2817 3473 3031 3533 scmper
3055 3463 3153 3516 fuit
3182 3461 3345 3518 Filius
3373 3462 3486 3528 Del,
3521 3465 3593 3520 ibi

334 3558 458 3614 dum
486 3575 713 3626 carnem,
746 3571 772 3632 ε
801 3561 892 3615 sed
930 3576 1065 3614 nunc
1083 3561 1197 3630 jam
1235 3575 1337 3614 non
1360 3562 1587 3616 nouimus
1615 3560 1679 3630 (ll
1708 3561 1825 3617 Cor.
1857 3579 1910 3630 v,
2020 3563 2033 3612 l
2073 3563 2214 3616 inter
2241 3567 2351 3614 tres
2379 3564 2602 3629 quartus
2644 3554 2891 3624 apparuit
2937 3553 3097 3624 (Dan.
3132 3569 3205 3617 ιιι,
3239 3553 3362 3625 92);
3393 3561 3598 3626 quanto

332 3649 448 3719 16).
473 3650 634 3717 Quasi
663 3652 782 3720 quis
801 3651 943 3708 dicat
969 3669 980 3704 :
1006 3650 1073 3704 Et
1095 3652 1138 3706 si
1159 3652 1507 3720 cognovimus
1536 3653 1711 3706 lanam
1741 3655 1914 3722 prius-
2017 3653 2188 3721 magis
2238 3633 2344 3705 non
2374 3647 2656 3717 dereliquit
2681 3644 2934 3700 Sanctum
2975 3659 3148 3711 suum,
3181 3655 3300 3700 cum
3340 3647 3501 3716 erepit
3541 3645 3595 3703 in

334 3756 498 3811 quam
520 3743 584 3797 ad
607 3744 918 3798 mixtionem
941 3743 1207 3813 conchylii
1234 3741 1383 3796 ﬁeret
1403 3759 1635 3812 purpura
1657 3762 1668 3794 :
1688 3745 1780 3797 sed
1803 3745 1914 3812 jam
2017 3743 2174 3797 vulva
2204 3741 2438 3808 Virginis
2466 3738 2698 3808 concipi,
2743 3745 2798 3791 et
2825 3749 2944 3791 cum
2978 3745 3231 3790 nascente
3260 3738 3427 3800 nasci,
3475 3743 3598 3791 cum

335 3845 448 3891 non
477 3835 721 3890 novimus
748 3835 946 3897 lanam,
979 3833 1073 3890 sed
1100 3848 1410 3903 purpuram,
1436 3848 1541 3907 qua
1571 3833 1712 3887 inter
1738 3834 1912 3888 homi-
2020 3837 2250 3889 lactante
2277 3832 2488 3897 lactari,
2509 3846 2634 3887 cum
2657 3838 2934 3886 crescente
2960 3831 3242 3884 crescere?
3268 3827 3386 3897 Ipse
3413 3825 3597 3895 utique

1503 3965 1614 4021 FB.
1658 3965 2133 4022 FEU-ARDENTII
2170 3965 2397 4019 NOTIE.

421 4107 449 4137 ι
477 4098 590 4152 Hoc
615 4096 765 4167 Pauli
792 4098 1157 4152 testimonium
1187 4111 1218 4150 a
1247 4095 1461 4167 iCyrillo
1489 4095 1711 4167 aliisque
1746 4095 1921 4166 Ephe-

342 4169 452 4226 nini
472 4168 681 4225 concilii
703 4165 948 4220 Patribus
965 4180 1073 4219 non
1095 4166 1260 4219 semel
1287 4165 1614 4235 producitur,
1640 4166 1704 4219 ad
1733 4165 1923 4220 contir-

338 4239 598 4297 mandam
627 4237 836 4291 unicam
867 4235 1064 4290 Christi
1095 4237 1146 4288 in
1170 4235 1373 4290 duabus
1401 4235 1708 4292 substantiis
1739 4252 1918 4306 perso-

337 4324 490 4374 nam,
517 4309 774 4362 adversus
812 4307 1134 4360 Nestorium.

2027 4095 2218 4166 Maria,
2249 4097 2357 4160 sed,
2390 4105 2509 4166 etc.,
2543 4102 2635 4166 aut
2672 4094 3029 4166 c'erte_mutila
3059 4103 3140 4150 est
3166 4099 3448 4166 sententia.

2099 4177 2122 4214 κ
2155 4165 2354 4220 Nomen
2378 4163 2548 4218 David
2577 4182 2681 4218 non
2723 4173 2804 4219 est
2827 4164 2878 4219 in
2911 4173 3013 4220 vet.
3043 4166 3164 4221 cod.
3193 4163 3454 4222 Cieterum
3485 4171 3597 4226 Atl-

2023 4237 2291 4307 gustinus,
2326 4236 2415 4289 lib.
2445 4251 2484 4307 ιι
2533 4243 2682 4307 cont.
2725 4232 2991 4307 Faustum,
3022 4252 3139 4305 cap.
3195 4235 3248 4300 ι,
3281 4246 3502 4295 testatur
3539 4242 3596 4295 in

2023 4303 2229 4377 aliquot
2268 4305 2540 4377 codicibus
2571 4303 2773 4359 Latinis
2795 4305 2971 4370 fuisse,
3005 4303 3184 4377 natum
3208 4324 3271 4359 ex
3298 4311 3505 4376 semine,
3535 4319 3596 4366 ut

419 4379 443 4418 δ
476 4379 642 4432 Vetus
669 4377 860 4442 codex,
893 4377 1134 4430 hominis.

417 4463 438 4488 τ
465 4448 742 4520 Temporis
761 4446 1012 4501 nimirum
1035 4453 1125 4499 aut
1144 4443 1456 4520 duratignis,
1470 4445 1916 4516 quemadmodum

336 4519 516 4588 angeli
557 4505 860 4588 citeraque
897 4524 1085 4588 creata,
1114 4530 1179 4570 ex
1223 4514 1406 4579 nihilo,
1598 4511 1917 4588 acceperunt
1949 4505 1997 4564 D

336 4586 464 4647 esse
487 4598 608 4658 post
633 4604 738 4642 non
765 4586 900 4642 esse.
933 4586 1036 4658 S_ed
1076 4587 1331 4658 benehest
1358 4601 1386 4637 a
1417 4586 1674 4658 principio
1715 4586 1910 4657 produ-

338 4655 503 4715 cente
531 4668 584 4714 et
611 4665 919 4726 generante,
963 4655 1121 4710 Patre
1135 4656 1368 4726 iscilicet
1405 4655 1631 4726 divino;
1664 4655 1915 4726 quoniam

337 4730 491 4786 solus
519 4725 678 4783 Pater
706 4743 735 4781 a
772 4729 948 4796 seipso
995 4734 1094 4789 est,
1123 4725 1288 4780 Filius
1317 4733 1492 4780 autem
1524 4741 1552 4780 a
1598 4725 1775 4794 Patre,
1810 4743 1916 4782 non

339 4798 534 4862 factus,
564 4808 656 4853 aut
683 4807 910 4860 creatus,
942 4796 1034 4850 sed
1063 4797 1290 4865 genitus.

419 4869 444 4914 ει
465 4870 600 4936 Quid
629 4870 674 4922 si
695 4869 1011 4924 adderemus
1035 4867 1104 4920 ad
1131 4867 1488 4936 expletionem
1509 4881 1716 4934 sensus,
1741 4870 1814 4921 sic
1833 4883 1917 4921 ro-

339 4941 442 4995 hit
459 4949 510 4994 et
541 4941 694 4995 fecit?

422 5020 445 5048 ο
485 5006 792 5063 Addidimus
817 5007 1124 5061 adverbium
1165 5023 1320 5071 nunc,
1349 5021 1417 5076 rex
1442 5008 1557 5076 ipso
1601 5015 1747 5076 textu
1775 5006 1917 5076 Apo-

341 5081 506 5145 mli;
539 5081 665 5134 item
692 5094 756 5149 es
775 5077 994 5149 Cyrillo,
1022 5079 1093 5149 ιρι
1116 5092 1180 5130 ex
1209 5091 1275 5130 eo
1295 5075 1920 5149 adversusNestorianos

343 5150 664 5206 disserente.
708 5145 843 5212 Quid
872 5157 966 5210 est,
989 5145 1223 5211 obsecro,
1271 5145 1405 5217 quod
1437 5145 1631 5199 Paulus
1678 5147 1759 5217 hic
1806 5146 1922 5217 ait!

344 5217 604 5293 Ququid
629 5218 911 5293 Christum
943 5225 1084 5293 _post
1137 5215 1556 5293 resurrectionem
1616 5215 1924 5286 inﬁciatur?

345 5287 545 5345 Nostine
582 5287 1039 5355 illumlsecsmdum
1067 5302 1271 5339 carnem
1299 5287 1672 5357 resuscitatnm,
1715 5301 1923 5357 cumque

339 5361 530 5416 eadem
554 5363 606 5415 in
628 5360 805 5414 calum
825 5360 1126 5429 profectum,
1151 5374 1210 5408 ac
1230 5355 1492 5429 oliminde
1511 5372 1600 5408 ven
1609 5365 1774 5409 turum
1801 5355 1924 5409 scie-

339 5432 474 5486 bat?
495 5429 757 5495 Quomodo
775 5426 933 5500 igitur
955 5426 1148 5500 ilium
1175 5426 1451 5481 secundum
1467 5442 1676 5500 carnem
1704 5444 1758 5480 se
1776 5442 1924 5479 nosse

338 5505 538 5572 rugat?
567 5497 822 5572 Quoniam
843 5497 996 5572 simul
1026 5506 1176 5572 atque
1194 5514 1265 5572 ea:
1289 5497 1505 5566 mortuis
1532 5499 1804 5572 reuixerat,
1834 5513 1919 5572 sa_—
1959 5552 1968 5559 ,

341 5563 448 5626 εὖεῦ
475 5563 670 5625 εταίεπ
690 5571 861 5623 divina
889 5563 1165 5619 eminentia
1187 5567 1330 5634 illum
1351 5563 1401 5620 et
1429 5582 1578 5620 nosse
1598 5575 1646 5618 et
1666 5567 1920 5634 proﬁteri,

529 5583 586 5624 'at
606 5588 670 5625 ea:
690 5583 861 5623 animo
889 5583 1165 5619 emmenssa
1187 5583 1330 5620 suum
1351 5583 1401 5620 et
1429 5583 1578 5620 nosse
1598 5583 1646 5618 et

529 5659 593 5694 ex
622 5641 795 5694 carnis
823 5636 1142 5704 inﬁrmitate.
1169 5631 1315 5704 Unus
1336 5637 1504 5704 itaque
1527 5644 1604 5689 est
1624 5583 1699 5687 Cl:

399 5713 519 5766 ilius
545 5722 596 5765 et
628 5703 1042 5773 DominustLib.
1077 5721 1112 5757 ll
1142 5703 1204 5758 de
1237 5705 1394 5757 Recta
1415 5703 1550 5758 Fide
1580 5705 1656 5774 ad
1679 5705 1922 5774 reginas).

1702 5636 1854 5688 ristus
1877 5646 1924 5687 et
1945 5638 1952 5641 ’

2021 4374 2261 4444 hic'lcgit
2304 4374 2613 4429 Arnobius:
2649 4391 2773 4440 non,
2817 4377 3029 4445 factum,
3074 4385 3131 4430 ut
3177 4376 3337 4431 habet
3370 4374 3593 4448 Vulgata

2021 4446 2182 4504 editio
2223 4455 2422 4500 nostra.

2089 4446 2182 4502 itio
2223 4455 2422 4500 nostra.

2090 4517 2114 4553 ιι
2149 4515 2214 4570 Et
2244 4517 2403 4588 hocﬂa
2432 4514 2998 4588 Cyrillodesumptum
3027 4526 3109 4571 est
3141 4515 3208 4570 ad
3235 4514 3452 4588 Egypti
3476 4536 3595 4577 mo-

2021 4588 2217 4642 nachos
2246 4585 2511 4640 scribente
2551 4605 2561 4639 :
2597 4585 2670 4638 Ab
2709 4603 2766 4639 eo
2795 4585 2929 4652 quod
2957 4588 3149 4640 inuncti
3177 4585 3595 4652 simius—[Christi

2021 4604 2217 4642 nacnos
2246 4604 2511 4640 scribente
2551 4605 2561 4639 :
2597 4604 2670 4638 ao
2709 4604 2766 4639 eo
2841 4604 2928 4639 toa
2957 4604 3148 4640 inuncta
3177 4604 3370 4652 sumus,
3403 4604 3590 4643 (λιιι-ιω

2019 4659 2356 4728 appellamur.
2394 4604 3185 4728 (factionem[matisasancto
3232 4655 3468 4728 (l_Joan.
3510 4661 3590 4727 ιι).

2022 4723 2146 4799 Ipsa
2187 4729 2357 4781 unctio
2388 4726 2532 4779 docet
2561 4743 2665 4799 nos.
2701 4723 2840 4795 Ergo
2865 4725 2993 4778 nihil
3023 4725 3211 4794 faceret
3249 4725 3476 4793 absurdi,
3507 4723 3594 4799 qui

2019 4795 2302 4870 promiscue
2329 4795 2664 4870 quorumlibet
2692 4806 2958 4870 auctorum
2981 4805 3172 4870 matres
3200 4795 3595 4870 Χριστοτικρῦςν

2019 4864 2384 4937 Christiparas,
2429 4865 2692 4937 appellare
2741 4866 2967 4937 animum
2991 4864 3290 4937 _inducerét,
3322 4879 3416 4922 etc.
3465 4869 3596 4925 Sola

2023 4947 2190 5006 autem
2211 4930 2360 4990 'inter
2403 4930 2576 5006 omnes
2606 4951 2754 4986 sacra
2794 4932 2950 5006 Virgo
2980 4930 3300 5006 Christipura
3339 4941 3492 4994 simul
3533 4956 3596 4992 ac

2027 5005 2252 5076 Deipara
2277 5005 2566 5076 appellatur
2593 5011 2643 5056 et
2663 5018 2770 5076 esse
2797 5003 3130 5073 dignoscitur.

2102 5074 2720 5148 i'AI.ubentius__lcgerem,
2747 5074 2800 5148 in
2824 5076 3097 5128 tentatione
3121 5094 3136 5130 :
3160 5080 3452 5148 prtesertim
3474 5091 3595 5130 cum

2022 5144 2632 5216 pauloipostscribatur,
2657 5147 2768 5196 cum
2800 5149 2990 5198 tentato
3016 5144 3230 5216 tentatus
3251 5155 3344 5202 est.

2100 5216 2114 5265 i
2153 5211 2645 5269 Nabuchodonosor
2693 5228 2921 5270 namque
2969 5215 3294 5270 exclamasse
3322 5211 3590 5268 refertur:

2025 5283 2162 5340 Ecce
2188 5285 2330 5338 video
2357 5292 2574 5354 quatuor
2594 5284 2726 5337 viros
2757 5282 2966 5348 solutos,
2992 5291 3048 5354 et
3068 5283 3384 5354 ambulantes
3411 5282 3464 5354 in
3485 5295 3593 5354 rne-

2027 5356 2110 5410 dio
2139 5357 2292 5426 ignis,
2317 5345 2581 5426 tat-species
2603 5357 2769 5426 quarti
2791 5345 2975 5426 similis
2993 5351 3141 5426 ilia
3163 5348 3391 5426 Dei._S_i__c
3414 5352 3469 5426 et
3487 5345 3597 5426 Ire-

2025 5414 2183 5496 naeus'
2202 5414 2398 5496 Μαι-ψ·
2417 5414 2671 5496 judicavit
2700 5425 2936 5496 scribens
2960 5417 3093 5496 (Lib:
3116 5436 3188 5496 iv,
3210 5416 3392 5496 c.§7).
3417 5414 3599 5496 Patris

2034 5495 2252 5548 Verbum
2283 5485 2382 5548 ηοή
2415 5485 2463 5548 in
2489 5509 2592 5546 una
2613 5494 2782 5564 ﬁgura
2808 5491 2929 5546 olim
2949 5485 3237 5564 ridebatur,
3253 5485 3384 5564 sicut
3397 5485 3464 5564 in
3487 5485 3601 5553 Da,

2027 5566 2157 5618 niele
2199 5568 2441 5635 scriptum
2485 5571 2578 5627 est,
2612 5554 2854 5635 225.3315".
2881 5554 3052 5635 tribus
3093 5554 3273 5635 pueri}.
3301 5555 3358 5607 in
3387 5557 3600 5635 fornace

2025 5617 2178 5696 initis,
2205 5617 2264 5688 et
2286 5617 2514 5688 liberans
2543 5617 2645 5684 eos.
2681 5630 2746 5682 Et
2767 5617 3122 5681 Tcrtullianu's
3155 5617 3303 5696 :__ﬂic
3329 5617 3438 5696 εήιι
3463 5629 3602 5684 vi...

2075 5689 2342 5774 abg'lonico
2373 5704 2477 5772 regi
2504 5701 2804 5774 informe!-
2829 5707 2941 5774 cum
2970 5689 3276 5774 martyribus
3315 5694 3420 5749 suis
3439 5711 3604 5765 quar-

426 5759 934 5839 iwVeluitiiunitum,
979 5774 1325 5829 tantummodo
1363 5776 1475 5828 vilis
1515 5784 1564 5827 et
1609 5759 1809 5842 abjeEta
1855 5759 1930 5826 est
2033 5759 2264 5840 tus,"etc.
2295 5774 2411 5825 Lib.
2428 5759 2482 5822 iv
2514 5759 2725 5819 ad'vers.
2755 5759 3099 5817 Marcianem.
