4108 6348
620 343 725 402 303

617 562 720 608 est.
766 550 1029 620 Objicitur
1060 565 1071 600 :
1104 543 1388 612 Quomodo
1443 557 1571 610 ergo
1611 541 1780 595 Deum
1819 536 2199 609 impassibilem

615 643 855 700 asseritis
899 641 991 712 qui
1036 637 1210 693 dicitis
1249 635 1408 690 simul
1455 641 1767 702 conceptus,
1811 630 1968 685 simul
2020 638 2198 695 natus,

614 737 775 795 simul
802 742 885 791 est
912 741 967 789 et
995 739 1255 795 tentatus,
1287 735 1341 784 et
1368 741 1576 798 passus,
1614 733 1669 780 et
1696 738 1920 796 prorsus
1939 721 2199 776 Sanctum

613 843 769 885 suum
799 838 1070 894 nunquam
1100 819 1368 876 deseruit?
1407 814 1769 886 Respondebo
1803 831 1815 866 :
1848 811 2055 867 Memor
2081 824 2226 883 esse,

613 922 778 977 debes
804 915 1034 987 exempli
1061 915 1196 968 lanae
1225 919 1278 967 et
1304 909 1577 979 sanguinis
1601 905 1888 978 conchylii.
1907 903 2041 960 Cum
2069 915 2200 971 ergo

611 1013 752 1068 facta
778 1009 937 1065 fuerit
963 1008 1079 1062 haec
1106 1005 1225 1060 lana
1245 1019 1342 1074 per
1366 999 1750 1056 admixtiouem
1779 994 2052 1065 sanguinis
2081 1008 2202 1063 pur—

608 1118 767 1176 pura,
816 1115 938 1158 cum
987 1105 1165 1162 netur,
1217 1105 1310 1149 aut
1355 1093 1549 1154 ﬂlatur,
1589 1097 1683 1145 aut
1728 1094 2026 1156 torquetur,
2077 1085 2199 1138 lana

552 1207 554 1210 '
609 1199 796 1267 utique
826 1193 1017 1264 recipit
1042 1191 1400 1260 majestatem.
1434 1184 1809 1255 Nunquidnam
1839 1196 1960 1250 qua:
1982 1187 2200 1249 torque-

610 1299 719 1354 tur,
764 1304 796 1342 a
843 1301 1115 1358 purpureo
1162 1283 1346 1338 colore
1393 1279 1698 1335 deseritur?
1751 1275 1902 1330 Addo
1950 1281 2006 1327 et
2052 1270 2198 1326 aliud

557 1379 560 1382 ’
611 1380 919 1452 exemplum
949 1377 1146 1433 :.Verhi
1167 1376 1338 1445 gratia
1367 1375 1608 1428 dicamus
1633 1391 1644 1424 :
1677 1369 1880 1425 securis
1903 1367 2012 1422 ictu
2039 1365 2198 1419 arbo-

610 1489 728 1529 rem
757 1487 880 1528 cum
903 1467 1291 1532 verberavcris,
1323 1473 1379 1521 et
1407 1462 1749 1534 splendorem
1791 1459 1940 1525 solis,
1981 1458 2027 1512 si
2075 1470 2196 1512 eum

613 1562 774 1620 simul
820 1559 1171 1632 percusseris,
1231 1556 1411 1611 arbori
1467 1553 1686 1624 quidem
1740 1548 1934 1618 inﬂigis
1982 1547 2195 1614 vulnus,

611 1654 783 1711 solem
811 1667 941 1708 vero
961 1659 1014 1706 et
1036 1647 1376 1720 splendorem
1405 1645 1562 1701 simul
1592 1641 1844 1715 percutis,
1877 1649 1933 1695 et
1960 1640 2198 1695 calorem

612 1745 999 1817 impassibilem
1027 1740 1372 1812 derelinquis.
1399 1736 1553 1805 Quod
1581 1737 1625 1792 si
1648 1737 1897 1791 arborem
1923 1731 1992 1788 ad
2033 1731 2197 1786 ictum

1949 325 2223 390 ARNOBII
2258 324 2560 383 JUNIORIS
3271 383 3286 394 ,

617 473 642 500 η
667 475 788 517 cum
811 466 1015 513 tentato
1038 455 1272 510 tentatus
1292 457 1392 516 est,
1417 455 1615 505 etcum
1635 443 1891 503 crucifixo
1915 441 2203 499 cruciﬁxus
2226 443 2280 504 Α
2306 440 2490 507 morti,
2521 446 2579 493 ut
2620 437 2887 507 relinquat
2913 440 3184 489 mortuum
3221 439 3278 487 et
3303 430 3572 502 sepultum
3599 430 3793 503 (Joan.
3829 448 3899 496 xi,

3800 307 3951 402 soi,

2305 529 2391 595 '55,
2411 530 2523 598 44).
2545 529 2738 595 Unam,
2760 545 2863 600 qua
2887 527 3137 582 venditur
3155 541 3186 581 a
3209 523 3471 596 discipulo
3495 523 3719 596 (Matth.
3739 540 3899 591 XXVI;

2301 625 2459 680 Joan.
2477 625 2620 694 xnx);
2645 625 2823 689 aliam,
2842 638 2947 694 qua
2969 629 3140 676 totum
3159 619 3374 676 redimit
3393 618 3673 674 mundum.
3697 615 3896 683 Unam,

2302 733 2409 788 qua
2455 717 2578 772 felle
2623 715 2849 780 cibatur,
2899 721 2955 769 et
2979 707 3198 784 potitur
3225 718 3379 766 aceto
3419 708 3636 782 (Matth.
3688 709 3897 778 xxvn);

2303 810 2482 872 aliam,
2514 823 2619 880 qua
2647 823 2786 878 pane
2812 807 2936 861 vitm
2962 813 3175 860 aeternas
3197 803 3340 859 cibat
3361 810 3417 856 et
3444 802 3704 872 propinat
3731 815 3897 870 pocu-

2303 901 2412 956 lum
2430 900 2605 970 gaudii
2621 899 2930 970 sempiterni
2955 896 3166 963 (Matth.
3196 895 3363 966 xxvi).
3387 893 3559 950 Unam
3580 908 3689 963 qua
3707 893 3895 947 trista-

2302 1005 2391 1052 tur
2418 1011 2585 1066 usque
2612 995 2678 1049 ad
2707 1002 2967 1058 mortem;
3012 992 3199 1057 aliam,
3232 1006 3338 1061 qua
3367 1005 3396 1043 a
3428 987 3642 1043 tristitia
3673 987 3890 1054 liberat,

2303 1097 2464 1158 atque
2491 1089 2583 1142 dat
2609 1086 2857 1156 gaudium
2882 1085 3025 1140 vitm.
3055 1081 3244 1147 Unam,
3275 1097 3380 1152 qua
3402 1081 3632 1136 moritur
3653 1087 3712 1134 et
3743 1094 3895 1148 sepe-

2302 1177 2456 1242 litur;
2485 1177 2663 1241 aliam,
2706 1192 2811 1247 qua
2851 1175 3098 1245 sepulcra
3141 1172 3364 1242 aperiat,
3397 1179 3501 1226 etc.
3547 1168 3751 1234 Unam,
3791 1185 3890 1240 qua

2302 1271 2605 1334 videntibus
2624 1269 2882 1340 apostolis
2905 1269 3145 1323 elevatus
3169 1275 3254 1320 est
3279 1265 3333 1320 in
3353 1264 3537 1330 cmlos,
3559 1271 3614 1317 et
3640 1261 3805 1316 sedet
3830 1260 3890 1316 ad

2301 1362 2576 1419 dexteram
2605 1360 2781 1416 Patris
2802 1361 2936 1433 (Aet.
2970 1359 3044 1426 I);
3069 1358 3313 1423 alteram,
3342 1371 3447 1427 qua
3469 1354 3497 1394 ιι
3532 1355 3601 1410 de
3627 1355 3757 1410 sinu
3796 1351 3888 1406 Pa-

2299 1455 2399 1510 tris
2425 1470 2531 1508 non
2558 1451 2835 1516 abscessit,
2859 1450 2956 1506 sed
2983 1465 3197 1520 semper
3218 1449 3271 1503 in
3295 1446 3472 1514 Patre,
3496 1455 3553 1502 et
3578 1462 3710 1502 cum
3737 1444 3889 1498 Patre

2301 1545 2418 1612 fuit,
2451 1555 2505 1602 et
2550 1561 2667 1601 esse
2696 1560 2804 1599 non
2841 1543 3054 1599 desinit.
3086 1541 3348 1611 Objicitur
3373 1552 3502 1609 ergo
3539 1537 3650 1592 :Et
3679 1536 3886 1608 quando

2303 1638 2358 1692 in
2396 1637 2551 1692 vulva
2601 1636 2831 1705 Virginis
2857 1618 3094 1689 Verbum
3121 1648 3249 1688 caro
3290 1631 3471 1697 ﬂebat,
3511 1639 3567 1684 et
3593 1627 3817 1700 quando
3841 1628 3884 1681 in

2304 1743 2546 1799 prmsepe
2587 1727 2777 1797 pannis
2820 1724 3107 1780 obvolutus
3150 1731 3268 1777 erat
3311 1720 3503 1784 infans,
3531 1728 3587 1775 et
3612 1718 3884 1775 crescebat

614 1810 968 1910 percutientis
995 1835 1078 1891 sol
1121 1850 1227 1890 non
1249 1810 1485 1893 ﬁdeserit,
1509 1835 1713 1899 quanto
1741 1827 1912 1895 magis
1947 1824 2204 1880 Sanctum
2234 1828 2282 1887 Β
2305 1827 2464 1874 aetate
2491 1828 2545 1874 et
2573 1816 2854 1888 sapientia,
2879 1823 2932 1870 et
2955 1822 3150 1881 cetera
3171 1814 3478 1878 exercebat,
3501 1826 3621 1883 quae
3643 1818 3763 1865 tota
3790 1810 3882 1863 vita

612 1946 769 1987 suum
799 1942 1136 1999 nequaquam
1176 1925 1273 1980 Dei
1318 1923 1503 1990 Filius,
1533 1919 1679 1991 quod
1723 1927 1804 1974 est
1845 1917 2097 1981 Verbum,
2145 1916 2199 1969 in

613 2021 866 2091 passione
895 2017 1168 2074 deseruit?
1207 2014 1235 2054 ι)
1283 2013 1353 2068 Et
1391 2014 1528 2070 sicut
1553 2027 1680 2068 vere
1721 2011 1888 2066 rubus
1931 2008 2198 2062 ﬂammam

613 2111 828 2177 habuit,
857 2111 936 2166 sic
966 2124 1090 2164 vere
1137 2122 1325 2178 passus
1353 2113 1435 2162 est
1479 2103 1646 2159 Filius
1692 2100 1956 2167 hominis;
1999 2107 2055 2155 et
2092 2099 2200 2154 sie-

613 2212 676 2258 ut
717 2218 844 2259 vere
885 2218 992 2258 non
1040 2201 1289 2256 incensus
1315 2205 1418 2264 est,
1448 2197 1526 2253 sic
1568 2211 1693 2252 vere
1731 2209 1842 2250 non
1888 2207 2079 2264 passus
2116 2199 2200 2246 est

614 2294 783 2349 Filius
812 2294 927 2350 Dei.

689 2383 875 2438 XXIII.
905 2416 978 2426 —-
1003 2382 1264 2452 Objicitur
1293 2383 1486 2436 iterum
1513 2398 1526 2434 :
1561 2381 1707 2435 Duos
1733 2378 1886 2442 facis,
1917 2376 2084 2432 ﬁlium
2103 2377 2202 2432 ho-

618 2476 800 2538 minis,
846 2483 901 2530 et
937 2475 1129 2528 Filium
1170 2473 1284 2527 Dei.
1330 2469 1706 2542 Respondetur
1746 2488 1758 2522 :
1804 2468 1920 2523 Non
1959 2467 2095 2522 duos
2135 2465 2204 2520 ad

619 2565 935 2620 divisionem
955 2564 1115 2628 facio,
1143 2575 1164 2603 ο
1190 2562 1284 2618 sed
1313 2563 1368 2616 in
1389 2577 1493 2617 una
1522 2561 1784 2615 Dealitate
1805 2555 1939 2615 dua's
1958 2559 2204 2614 substan-

621 2657 726 2712 tias
771 2655 1062 2725 distinguo,
1094 2669 1255 2710 unam
1294 2667 1414 2724 qua:
1464 2652 1796 2707 nativitatem
1852 2649 2203 2721 temporalem

620 2746 827 2813 habuit,
860 2747 1084 2802 alteram
1127 2760 1247 2816 quae
1274 2744 1490 2816 penitus
1518 2741 1750 2813 tempori
1791 2740 2065 2810 suhjacere
2094 2756 2201 2795 non

619 2839 813 2911 potuit.
848 2837 1041 2902 Unam,
1065 2853 1170 2908 qua
1201 2835 1376 2892 infans
1411 2837 1462 2890 in
1489 2849 1728 2906 prarsepe
1756 2833 1979 2904 positus,
2011 2833 2202 2903 pannis

619 2926 906 3012 obvolutus
929 2930 1078 3004 (Luc.
1110 2948 1169 2998 ιι,
1195 2931 1268 3002 7),
1294 2930 1466 2986 crevit
1491 2936 1650 2984 astate
1672 2937 1729 2983 et
1754 2926 2017 2996 sapientia
2047 2923 2197 2995 (Luc.

620 3041 678 3091 ιι,
714 3025 834 3098 55);
858 3024 1045 3096 altera,
1077 3038 1182 3100 qua
1205 3023 1320 3100 ipse
1345 3028 1493 3080 creat
1520 3026 1819 3092 nascentes,
1853 3025 1908 3074 et
1929 3016 2021 3078 dat
2047 3016 2126 3073 eis
2147 3026 2204 3070 ut

623 3115 808 3177 vivant
859 3130 914 3176 et
955 3128 1200 3177 crescant
1237 3127 1397 3175 aitate
1440 3125 1495 3174 et
1534 3118 1816 3187 sapientia.
1870 3115 2060 3182 Unam,
2097 3131 2202 3184 qua

2305 1909 2496 1966 fecisse
2524 1910 2738 1974 scimus,
2770 1907 2837 1962 de
2865 1907 2984 1962 sinu
3014 1904 3188 1960 Patris
3231 1909 3578 1975 nunquamne
3602 1900 3884 1958 discessit?

2302 2001 2675 2072 Respondetur
2700 2018 2711 2052 :
2737 1997 2870 2054 Cum
2892 1996 3109 2068 quidam
3134 1996 3494 2063 interrogator
3511 1992 3732 2050 cuidam
3751 1991 3878 2046 dice.

2304 2108 2388 2155 ret
2415 2097 2626 2154 erudito
2661 2115 2673 2148 :
2707 2096 2801 2150 Dic
2828 2094 2960 2148 mihi
3005 2093 3056 2150 in
3099 2105 3208 2163 quo
3247 2091 3367 2146 loco
3407 2104 3549 2144 nunc
3587 2087 3739 2143 Deus
3779 2087 3882 2141 est?

2304 2191 2473 2246 fertur
2515 2189 2622 2243 tale
2670 2186 2882 2242 dedisse
2930 2181 3247 2254 responsum
3281 2200 3294 2234 :
3328 2181 3424 2236 Dic
3459 2180 3551 2236 ubi
3580 2195 3692 2234 non
3730 2179 3810 2241 sit,
3832 2183 3881 2232 et

2303 2282 2516 2354 inquire
2544 2279 2634 2335 ubi
2663 2278 2750 2333 sit.
2803 2277 2873 2330 At
2913 2291 3045 2331 vero
3091 2290 3213 2330 cum
3253 2273 3519 2343 propheta
3544 2270 3742 2326 clamet
3781 2287 3792 2321 :
3827 2266 3880 2321 Si

2305 2357 2585 2429 ascendere
2634 2372 2689 2424 in
2727 2369 2909 2424 caelum
2952 2367 3067 2436 (Ps.
3101 2380 3355 2426 cxxxvm,
3388 2361 3466 2434 6),
3517 2370 3645 2426 etc.,
3680 2368 3729 2416 et
3771 2359 3878 2428 ipse

2304 2465 2449 2521 dicat
2480 2482 2492 2516 :
2517 2460 2708 2516 Caelum
2748 2468 2798 2514 et
2837 2468 3024 2512 terram
3067 2455 3237 2527 repteo
3267 2453 3399 2525 (Ier.
3431 2469 3584 2518 mn,
3610 2450 3719 2521 ει),
3745 2463 3874 2520 quo-

2303 2554 2465 2611 modo
2493 2560 2708 2624 poterat
2734 2549 2847 2606 ﬂeri
2877 2557 2938 2604 ut
2964 2549 3054 2620 qui
3079 2563 3220 2603 unus
3248 2553 3333 2602 est
3354 2560 3476 2600 cum
3506 2541 3668 2598 Patre
3686 2549 3738 2597 et
3756 2539 3872 2610 Spi-

2306 2648 2414 2703 ritu
2440 2653 2628 2702 sancto
2645 2643 2859 2700 deesset
2879 2641 3026 2698 Patri
3053 2649 3108 2701 et
3127 2626 3352 2711 Spiritui
3379 2644 3591 2704 sancto,
3613 2651 3736 2692 cum
3752 2641 3874 2690 esset

2307 2739 2364 2794 in
2403 2736 2561 2793 vulva
2597 2734 2850 2804 Virginis,
2878 2749 3000 2788 cum
3048 2737 3380 2794 nasceretur,
3426 2729 3734 2792 lactaretur,
3761 2732 3871 2788 etc.,

2306 2838 2488 2885 tamen
2515 2827 2582 2883 de
2609 2828 2728 2882 sinu
2752 2825 2927 2886 Patris
2955 2839 3229 2896 nunquam
3254 2820 3520 2878 discessit.
3543 2817 3615 2874 Et
3639 2833 3759 2874 cum
3777 2815 3873 2870 hac

2307 2921 2552 2986 dixisset,
2581 2951 2652 2962 —
2688 2917 2904 2974 Iudices
2949 2925 3006 2972 et
3051 2931 3240 2976 omnes
3283 2913 3565 2974 auditores
3606 2911 3872 2975 dixerunt;

2305 3010 2452 3080 satis
2490 3010 2684 3070 subtile
2709 3008 2853 3088 quod
2896 3017 3109 3083 assem,
3136 3029 3191 3071 ει
3217 3013 3388 3070 videri
3426 3029 3456 3068 a
3483 3012 3646 3068 nobis
3674 3026 3774 3067 non
3798 3023 3872 3080 po-

2309 3121 2433 3176 test,
2459 3115 2559 3168 nisi
2588 3111 2853 3181 aliquibus
2881 3110 2985 3166 hoc
3005 3108 3166 3164 fuerit
3192 3105 3686 3178 comparationibus
3716 3100 3872 3158 decla-

620 3211 924 3282 baptizatur
945 3226 976 3266 a
1007 3210 1224 3274 famulo,
1247 3211 1401 3280 quasi
1427 3206 1906 3264 sanctiﬁcationem
1936 3206 2204 3276 accipiens
2231 3223 2279 3288 ρ
2307 3212 2501 3258 ratum.

623 3299 839 3372 (Matth.
871 3315 947 3366 ιιι,
973 3297 1062 3368 15)
1087 3315 1103 3365 ;
1132 3297 1309 3364 aliam,
1341 3312 1444 3368 qua
1469 3298 1585 3368 ipse
1611 3295 1911 3352 sanctificat
1939 3303 1994 3350 et
2014 3310 2204 3366 aquam

622 3391 829 3462 pariter
870 3397 924 3445 et
962 3388 1278 3462 Baptistam.
1305 3385 1500 3455 Unam,
1542 3402 1648 3457 qua
1676 3387 1875 3442 dormit
1900 3387 1954 3441 in
1983 3386 2124 3451 navi,
2157 3393 2226 3440 et.

624 3483 891 3538 excitatur
910 3498 942 3536 a
966 3481 1276 3552 discipulis;
1307 3479 1485 3547 aliam,
1507 3494 1614 3549 qua
1642 3479 1757 3550 ipse
1795 3479 1996 3534 excitat
2022 3485 2082 3531 ut
2117 3492 2212 3532 ex-

627 3573 798 3628 citent
825 3572 1130 3628 Dominum.
1166 3569 1372 3636 Unam,
1413 3586 1534 3640 qua:
1575 3570 1745 3626 subsit
1772 3570 1963 3636 ventis,
2003 3568 2215 3624 ﬂatibus

2383 3293 2572 3348 XXIV.
2603 3325 2677 3336 -
2701 3291 2874 3347 Dicite
2901 3290 3050 3357 mihi,
3092 3289 3227 3345 dixit
3255 3286 3524 3344 Arnobius
3556 3305 3568 3341 :
3603 3285 3748 3342 Unde
3772 3281 3873 3338 fons

2314 3386 2584 3441 nascitur?
2605 3384 2707 3452 Qui
2735 3383 3125 3454 respondentes
3142 3381 3393 3437 dixerunt
3416 3398 3430 3434 :
3453 3379 3532 3433 De
3557 3393 3690 3434 vena
3712 3384 3869 3430 terra).

2311 3507 2385 3523 —-
2412 3477 2680 3533 Arnobius
2721 3476 2855 3532 dixit
2887 3495 2900 3529 :
2929 3475 3082 3530 Vena
3128 3475 3244 3528 haec
3287 3472 3432 3528 unde
3473 3471 3702 3527 nascitur
3741 3467 3867 3529 fons,

2313 3569 2490 3631 Patris
2519 3570 2695 3624 locum
2722 3576 3026 3639 Opportune
3053 3567 3108 3622 in
3127 3573 3306 3622 vestra
3333 3574 3515 3621 mente
3539 3563 3786 3633 depingat,
3811 3565 3874 3610 ut‘

629 3669 687 3716 et
713 3661 1052 3731 tempestati;
1083 3661 1266 3726 aliam,
1299 3675 1407 3730 qua
1432 3661 1607 3715 ventis
1649 3653 1896 3730 imperat,
1927 3667 1982 3714 et
2011 3667 2214 3728 tempe-
2315 3665 2384 3720 sit
2412 3661 2572 3718 Pater
2601 3677 2755 3725 vena,
2775 3654 2939 3716 Filius
2962 3662 3099 3725 fons,
3129 3661 3220 3730 qui
3251 3669 3412 3714 natus
3433 3667 3508 3715 est
3527 3657 3590 3711 de
3615 3668 3773 3717 vena;
3799 3649 3862 3705 de

626 3753 858 3809 statibus
874 3753 1026 3823 jubet
1056 3751 1249 3824 (Marc.
1281 3769 1353 3818 ιν,
1383 3751 1484 3820 38;
1515 3751 1707 3806 Matth.
1739 3770 1847 3820 Vill,
1879 3752 1991 3824 24).
2017 3751 2208 3817 Unam,

2314 3771 2452 3811 vena
2477 3771 2608 3811 vero
2637 3762 2692 3810 et
2721 3753 2867 3812 fonte
2887 3768 2995 3808 non
3014 3751 3252 3808 nascitur
3272 3751 3483 3817 ﬂuvius,
3510 3747 3599 3805 sed
3620 3741 3867 3818 procedit.

626 3863 734 3918 qua
779 3846 958 3918 plorat
995 3846 1270 3904 hominem
1295 3854 1600 3914 mortuum;
1630 3846 1821 3912 aliam,
1853 3862 1958 3917 qua
1988 3847 2218 3917 imperat
2320 3857 2344 3886 ο
2386 3847 2543 3902 Aliud
2571 3855 2655 3901 est
2696 3846 2864 3918 nasci,
2895 3844 3037 3900 aliud
3074 3853 3157 3900 est
3183 3845 3499 3916 procedere.
3529 3835 3782 3910 Quidquid
3807 3833 3868 3889 ad

1795 3936 1903 3991 FR.
1946 3936 2427 3994 FEU-ARDENTII
2465 3935 2692 3992 NOTxE.

703 4040 727 4069 η
757 4030 1062 4088 Delevimus
1088 4047 1202 4086 cum
1238 4038 1484 4095 tentante,
1507 4029 1651 4095 quod
1680 4029 1844 4084 habet
1870 4037 1980 4084 vet.
2010 4029 2129 4084 cod.

696 4101 726 4138 ιι
756 4101 980 4157 Flaccus
1005 4099 1246 4165 Albinus,
1279 4101 1371 4171 qui
1410 4109 1465 4154 et
1505 4099 1758 4156 Alcuinus
1779 4100 1992 4166 dicitur,
2025 4099 2204 4156 Caroli

627 4169 805 4236 Magni
834 4171 1102 4239 quondam
1145 4169 1459 4239 praeceptor,
1492 4179 1614 4224 ante
1643 4172 1979 4238 octingentos
2009 4186 2196 4235 annos,

628 4239 787 4306 hujus
828 4239 933 4292 loci
975 4241 1134 4293 etiam
1175 4241 1275 4293 sub
1317 4239 1538 4293 Arnobii
1580 4241 1795 4294 nomine
1842 4241 1913 4293 ita
1963 4243 2208 4294 meminit

631 4306 827 4378 (Epist.
875 4307 942 4378 ad
987 4306 1224 4378 Flavium
1253 4308 1494 4377 Herium)
1539 4308 1845 4378 :Arnobius
1886 4312 1940 4362 in
1967 4310 2206 4377 conﬂictu

629 4375 778 4449 quem
807 4375 983 4449 habuit
1025 4375 1679 4449 cum_Serapione'rubt_tm
1720 4379 1890 4448 posuit
1936 4375 2207 4434 masculini

631 4446 850 4517 generis,
884 4446 1055 4501 dicens
1086 4465 1102 4502 :
1136 4446 1204 4500 Et
1235 4446 1364 4517 sicut
1391 4463 1504 4517 vere
1531 4446 1684 4500 rubus
1711 4446 1975 4516 ﬂammam
2007 4448 2203 4503 habuit.

707 4529 730 4556 ε
770 4517 826 4569 ld
857 4524 956 4580 est,
1007 4517 1060 4570 in
1088 4517 1242 4571 unica
1271 4515 1388 4570 Filii
1417 4516 1512 4570 Dei
1552 4515 1776 4585 persona
1815 4517 1994 4572 divina
2025 4518 2212 4572 huma-

634 4599 759 4668 nam
787 4585 1129 4668 divinamque
1157 4585 1800 4668 ςιιιὶιιβιξιιιείειιιιρι’(ιίἱιεοιτΖ
1827 4586 2136 4668 Certissima
2157 4598 2212 4644 et

629 4655 926 4730 clarissima
946 4652 1170 4712 est—haec
1201 4655 1319 4730 fidei
1348 4652 1662 4730 Christiana:
1690 4671 1755 4730 ex
1773 4656 2048 4713 Athanasii
2068 4675 2210 4730 sym-

552 4800 555 4804 ν
631 4726 758 4782 bolo
783 4726 1061 4804 desumpta
1090 4726 1360 4804 confessio
1381 4745 1392 4778 :
1424 4725 1574 4804 Sicut
1616 4729 1788 4780 anima
1840 4725 2113 4804 rationalis
2161 4740 2210 4784 et

629 4811 754 4865 caro
773 4814 904 4852 unus
933 4795 1009 4852 est
1035 4799 1206 4865 homo,
1221 4799 1296 4851 ita
1319 4795 1456 4850 Deus
1477 4807 1526 4850 et
1554 4801 1701 4852 homo
1717 4814 1848 4852 unus
1865 4807 1940 4851 est
1955 4797 2206 4854 Christus.

2312 4029 2501 4084 stiance
2528 4035 2690 4098 caput
2711 4035 2825 4082 toto
2855 4021 2985 4083 orbe
3007 4025 3279 4098 docuisse,
3305 4025 3635 4098 inculcasse,
3666 4030 3718 4098 e_t
3739 4021 3872 4098 illati-

2309 4100 2474 4179 meris
2525 4091 2828 4179 miraculis,
2855 4096 3249 4179 suppliciisque
3296 4096 3509 4179 fortiter
3528 4094 3804 4179 exantlat'i‘s
3827 4091 3872 4144 in

2311 4171 2505 4232 animis
2533 4162 3000 4222 innumerabilium
3029 4162 3305 4222 hominum
3343 4166 3729 4222 confirmasse.
3756 4162 3871 4216 Rur-

2311 4256 2428 4294 sum
2469 4239 2716 4294 similiter
2755 4246 3000 4306 apertum
3047 4246 3101 4291 et
3143 4237 3503 4306 indubitatum
3531 4244 3616 4292 est
3638 4234 3869 4306 Spiritum

2313 4318 2556 4364 sanctum
2587 4324 2655 4362 ex
2683 4299 2922 4376 ejusdem
2952 4305 3127 4362 Patris
3154 4323 3218 4362 ac
3243 4308 3406 4362 etiam
3435 4305 3557 4361 Filii
3596 4299 3870 4360 substantia

2315 4380 2628 4448 Deitateque
2650 4380 2946 4448 abiicterno
2974 4377 3290 4448 procedere,
3313 4377 3569 4448 quoniam
3598 4376 3864 4448 scribitur}

2315 4441 2639 4520 Spiritus-qui
2661 4467 2691 4501 a
2719 4447 2876 4520 Patre
2895 4441 3140 4518 procedit.
3175 4441 3285 4520 lite—
3301 4441 3365 4520 ιζε
3378 4465 3490 4502 meo
3512 4447 3752 4520 accipiet.
3764 4441 3872 4520 δρί-

2313 4512 2441 4573 ritus
2476 4512 2651 4572 Patris
2672 4521 2770 4573 mei
2799 4512 3029 4586 loquetur
3057 4520 3110 4572 in
3140 4517 3280 4572 nobis
3310 4516 3538 4572 Deitate.
3565 4512 3872 4586 HittetDeu

2315 4588 2567 4658 Spiritum
2597 4586 2723 4658 Filii
2754 4592 2833 4644 sui
2861 4583 2915 4642 in
2946 4589 3105 4643 corda
3133 4599 3316 4651 vestra,
3351 4599 3447 4642 etc.
3481 4586 3549 4641 Et
3577 4602 3702 4658 culp
3733 4583 3875 4638 Atha—

2313 4655 2465 4729 nasio
2495 4657 2810 4729 profitemur
2835 4673 3022 4714 omnes
3047 4677 3058 4712 :
3091 4659 3318 4728 Spiritus
3347 4669 3556 4712 sanctus
3585 4675 3617 4710 a
3648 4655 3806 4729 Patre
3836 4660 3876 4704 et

2312 4727 2454 4784 Filio
2478 4726 2581 4800 non
2612 4731 2798 4800 factus,
2848 4726 3186 4800 necis-reatus,
3220 4730 3560 4800 necgenitus,
3590 4726 3680 4800 sed
3722 4737 3878 4800 prece:

2314 4799 2458 4854 dens.
2491 4795 2637 4870 llaec,
2653 4799 2894 4870 inquam,
2927 4799 3034 4854 duo
3063 4799 3241 4870 capita
3267 4795 3404 4853 adeo
3432 4813 3502 4852 ex
3529 4795 3816 4870 scripturis
3832 4799 3879 4846 et

631 4899 663 4932 η
703 4864 743 4947 ἀ.
769 4867 935 4947 Vetus
985 4869 1154 4924 codex
1195 4864 1460 4947 'aﬂirmat,
1519 4866 1796 4947 abscessit;
1826 4885 1926 4924 nos
1963 4870 2209 4940 exigente
2237 4887 2286 4947 υ
2311 4864 2850 4947 symbolis-dilucida
2888 4877 2942 4947 et
2963 4878 3109 4947 certa
3129 4864 3274 4935 sunt,
3291 4878 3354 4947 ut
3371 4864 3879 4947 .nemo’Christiano—

627 4939 1185 5009 sententiasensuque
1212 4939 1554 5009 negationem
1584 4939 1892 5007 adjecimus.

707 5005 1134 5082 e_Certissimum
1187 5015 1242 5062 et
1284 5005 1759 5082 clarissimumest
1805 5026 1896 5082 ex_
1919 5009 2208 5082 Scripturis

628 5075 1167 5159 ﬂdeiquecatholitm
1181 5078 1439 5159 symbolis
1467 5077 1655 5133 Filiqu
1682 5079 1777 5159 Dei
1804 5096 1835 5134 a
1865 5079 2024 5159 Patre
2038 5075 2206 5159 'geni-

622 5155 784 5229 tum:
797 5147 1146 5229 unigenitum,
1177 5147 1235 5229 et
1259 5147 1327 5229 ab
1353 5157 1558 5229 aeterno
1583 5165 1660 5229 ex
1675 5151 1861 5229 eadem
1910 5147 2204 5229 substantia

621 5232 722 5291 s_eu
746 5217 958 5291 Deitate
985 5221 1168 5291 natum
1187 5219 1367 5291 et_dici
1387 5227 1442 5291 et
1461 5234 1597 5274 esse.
1628 5219 1895 5291 Scriptum
1916 5231 1999 5276 est
2026 5223 2200 5276 enim:

621 5285 738 5358 Ego
761 5287 912 5363 hodie
942 5289 1102 5363 genui
1125 5297 1188 5343 te.
1211 5288 1353 5363 gnte
1379 5289 1646 5363 luciferum
1680 5285 1833 5363 gehui
1859 5301 1923 5345 te.
1953 5291 2204 5363 Unigeni-

624 5310 738 5358 ago
761 5310 912 5342 ιιοαιε
942 5310 1093 5361 genus
1125 5310 1188 5343 ιε.
1219 5310 1352 5343 ante
1379 5310 1646 5360 tucqerum
1719 5310 1833 5346 enm
1859 5310 1923 5345 te.
1953 5310 2202 5363 untgem-

624 5363 725 5429 tus,
758 5361 845 5429 qui
873 5368 949 5429 est
976 5362 1030 5413 in
1058 5359 1174 5413 sinu
1202 5358 1402 5423 Patris,
1425 5369 1520 5412 etc.
1551 5358 1641 5414 Sic
1669 5310 1808 5416 gens
1830 5363 2011 5416 dilexit
2051 5365 2202 5414 mun-‘

621 5427 780 5508 dum,
803 5439 860 5508 ut
897 5428 1265 5508 Filiuntsuﬁtm
1289 5431 1607 5508 unigenitum
1637 5431 1800 5508 daret.
1833 5431 2028 5508 ilium
2055 5447 2203 5508 suum

619 5499 957 5570 unigenitum,
990 5502 1129 5556 misit
1155 5499 1296 5554 Deus
1324 5499 1679 5570 inmundum.
1710 5500 2018 5570 Passimque
2065 5499 2204 5554 Deus

621 5560 787 5643 Pater
813 5569 880 5623 de
907 5572 1045 5643 uelo
1067 5579 1401 5643 c_ontestatur
1429 5569 1700 5643 Christum
1725 5569 1906 5643 Jesum
1931 5560 2049 5643 esse
2075 5586 2207 5639 pra:-

621 5631 877 5716 dilectum
911 5639 1024 5716 _sibi
1076 5631 1288 5716 Filium,
1320 5641 1732 5716 haudquaquam
1777 5631 2118 5716 adoptivum;
2150 5648 2205 5694 et

622 5657 877 5716 uinearum
923 5657 1024 5695 sum
1077 5657 1288 5704 riuum,
1320 5657 1461 5696 naua
1506 5657 1732 5708 uaquam
1777 5657 2118 5710 adoptivum;
2150 5657 2201 5694 ει

622 5711 857 5759 nassum
904 5707 1059 5780 Iesus
1105 5712 1279 5780 palam
1323 5657 1763 5779 conﬁgentei'que
1792 5711 1954 5780 illum,
1988 5709 2201 5780 Patrem

621 5784 782 5830 suum
831 5777 1402 5848 appellat;'apostolos
1429 5777 1848 5847 denique—istud
1893 5777 2012 5834 fidei
2050 5779 2202 5836 Chri-

2310 4937 2429 4994 rum
2452 4939 2519 4994 de
2548 4938 2630 5010 his
2659 4939 2956 5010 addubitet.
2963 4937 3084 5010 (Sed
3110 4955 3277 5010 quare
3297 4937 3529 5010 Spiritus
3548 4946 3766 5010 sanctus
3783 4947 3875 5010 non

2310 5012 2481 5080 possit
2501 5009 2605 5064 dici
2634 5010 2911 5080 amborum
2939 5003 3267 5074 Filiusfcum
3284 5003 3353 5063 ex
3379 5009 3573 5080 horum
3594 5003 3875 5080 substantia

2309 5077 2607 5150 naturaque
2635 5094 2763 5150 vere
2783 5079 2870 5144 sit,
2901 5095 3068 5148 quare
3115 5088 3220 5135 nun
3249 5094 3402 5150 atque
3429 5077 3640 5135 dicatur
3683 5077 3878 5150 genitus

2308 5159 2471 5221 atque
2502 5147 2818 5221 procedens,
2850 5158 2904 5203 et
2921 5147 3190 5221 quantum
3220 5147 3431 5221 intersit
3479 5150 3620 5204 inter
3644 5147 3791 5221 nasci
3833 5150 3879 5197 et

2346 5217 2619 5285 recedere,
2654 5235 2759 5274 non
2791 5220 2863 5273 ita
2909 5217 3186 5274 definitum
3215 5227 3305 5274 aut
3351 5219 3562 5274 clarum
3579 5227 3682 5274 est.
3731 5218 3882 5271 Amo-

2347 5291 2427 5344 ius
2452 5299 2596 5346 certe
2625 5289 2712 5343 hic
2740 5289 3041 5345 orthodoxe
3083 5291 3286 5353 scribit,
3318 5290 3461 5343 aliud
3505 5305 3618 5344 esse
3654 5288 3793 5342 nasci
3836 5291 3879 5336 et

2308 5361 2452 5414 aliud
2498 5360 2788 5430 procedere,
2839 5369 2893 5414 et
2928 5361 3188 5430 e_ontinuo
3217 5371 3339 5428 post
3359 5359 3614 5430 Spiritum
3645 5364 3877 5413 sanctum

2306 5428 2562 5499 tanquam
2608 5428 2823 5484 ﬂuvium
2853 5445 2921 5485 ex
2945 5428 3103 5486 Patre
3128 5437 3184 5484 et
3212 5429 3348 5483 Filio
3378 5428 3634 5499 tanquam
3663 5445 3730 5484 ex
3748 5437 3874 5499 vena

2306 5496 2559 5580 fontisque
2581 5501 2898 5580 procedere,
2917 5517 3031 5580 non
3044 5501 3219 5565 nasci;
3245 5516 3432 5580 verum
3449 5496 3712 5570 quantum
3731 5496 3880 5551 distet

2307 5569 2408 5641 ista
2440 5570 2710 5638 processio
2732 5586 2762 5623 a
2793 5571 3071 5625 nativitate
3091 5586 3199 5641 non
3219 5569 3498 5641 explicat;-

2380 5637 2565 5712 Patres
2596 5641 2919 5712 scholastici
2971 5640 3170 5712 aliquid
3213 5637 3307 5712 ex‘
3335 5640 3632 5709 Augustino
3659 5637 3881 5712 aﬂ'eljutl

2309 5707 2444 5791 (.Lib.
2475 5727 2540 5764 xv
2569 5711 2640 5791 de
2663 5709 2872 5775 Trinit.,
2915 5728 2960 5764 c.
3012 5703 3136 5791 21),-
3155 5703 3444 5776 nimirum:
3457 5716 3740 5791 propterea
3770 5703 3882 5791 Spi-

2307 5773 2467 5835 ritum
2497 5789 2738 5836 sanctum
2762 5773 2869 5837 non
2899 5797 3019 5838 esse
3039 5773 3252 5848 Filium,
3284 5773 3740 5852 neque-genitum,
3763 5773 3880 5848 quia
