4108 6348
434 322 450 362 .‘
537 309 636 366 5H

1846 295 2118 352 ARNOBll
2157 293 2458 352 JUNIOBIS

3682 257 3814 352 ω

540 408 858 495 contignatio
891 417 1256 482 similitudinis,
1289 424 1338 469 ct
1365 429 1554 469 corona
1583 413 1802 478 decoris,
1829 413 1882 465 in
1912 413 2108 467 deliciis
2135 421 2189 479 Α
2212 412 2285 466 ita
2315 410 2381 465 ad
2409 410 2631 466 nihilum
2653 411 2970 480 redigendus
2989 412 3091 468 erit
3118 413 3170 468 in
3195 409 3513 481 ﬁnem,quia
3533 411 3802 488 scriptum

537 512 776 584 paradisi
811 511 909 566 Dei
938 511 1097 581 fuisti.
1141 505 1357 561 Omnem
1393 503 1613 576 lapidem
1653 505 1896 575 optimum
1925 504 2115 558 habens

538 605 594 657 in
624 614 672 657 te
697 603 946 666 sardium,
974 608 1023 653 et
1042 598 1313 670 topasium,
1340 605 1390 650 et
1434 596 1785 668 smaragdum,
1827 603 1876 649 et
1899 593 2118 649 carbun-

538 694 729 757 culum,
748 698 802 748 at
814 691 1112 762 saphyrum,
1128 697 1178 744 et
1187 687 1464 760 jaspidem,
1479 698 1528 742 et
1541 688 1798 760 ligurium,
1810 696 1860 741 et
1877 688 2116 754 achaten,

539 793 592 836 et
620 781 978 852 amethystum,
1008 779 1443 850 et-chrysolitum,
1483 787 1532 832 et
1559 778 1811 843 berillum,
1841 788 1890 832 et
1911 778 2122 849 onychi-

542 888 684 938 num,
716 881 767 926 et
785 889 912 927 auro
939 871 1164 942 implesti
1189 871 1448 933 thesauros
1479 879 1608 935 tuos,
1637 880 1687 925 et
1707 872 1978 942 apothecas
2009 881 2121 926 tuas

537 965 593 1020 in
624 974 687 1020 te.
741 961 884 1020 Nam
909 982 974 1019 ea:
1001 981 1101 1036 qua
1130 964 1213 1018 die
1239 973 1441 1018 creatus
1486 981 1538 1017 es
1566 973 1635 1029 tu,
1670 974 1694 1001 ἰ
1719 980 1832 1018 cum
1867 964 2122 1018 cherubim

539 1058 688 1128 posui
719 1066 766 1110 te
791 1059 846 1112 in
869 1065 1041 1110 monte
1065 1064 1244 1109 sancto
1291 1053 1408 1120 Dei,
1427 1063 1476 1108 et
1504 1057 1668 1126 factus
1691 1072 1743 1109 es
1771 1056 1825 1108 in
1853 1055 2018 1108 medio
2040 1054 2121 1108 la-

540 1148 719 1217 pidum
744 1148 1030 1218 igneorum,
1073 1154 1124 1199 et
1149 1144 1300 1199 abisti
1327 1147 1438 1198 sine
1474 1146 1674 1198 macula
1708 1147 1763 1199 in
1803 1144 1973 1199 diebus
2004 1147 2123 1206 tuis.

539 1255 607 1292 ea;
627 1255 727 1308 qua
755 1237 839 1291 die
858 1245 1059 1290 creatus
1087 1253 1140 1290 es
1171 1245 1242 1300 tu,
1274 1236 1433 1290 donec
1461 1237 1809 1291 invenirentur
1830 1238 2124 1308 iniquitates

545 1339 647 1384 tua:
671 1332 727 1382 in
760 1339 838 1394 te,
869 1327 898 1366 ι’
920 1345 953 1380 a
999 1327 1323 1384 multitudine
1350 1329 1674 1400 cogitationis
1724 1338 1839 1383 tum.
1872 1328 2121 1400 Implesti,

542 1402 680 1472 enim
713 1419 1069 1488 promptuaria
1116 1426 1204 1471 tua
1230 1419 1517 1490 iniquitate,
1548 1429 1569 1458 ο
1597 1428 1646 1472 et
1681 1421 1920 1488 peccasti,
1950 1431 1998 1474 et
2017 1421 2126 1474 vul-

547 1519 756 1564 neratus
786 1526 840 1563 es
867 1528 900 1563 a
928 1517 1099 1564 monte
1124 1506 1223 1563 Dei
1249 1527 1269 1562 :
1307 1519 1357 1564 et
1381 1509 1561 1563 eduxit
1594 1518 1643 1564 te
1667 1510 1730 1563 de
1757 1509 2033 1576 cherubim,
2064 1511 2127 1566 de

546 1601 713 1653 medio
734 1599 964 1670 lapidum
990 1601 1275 1670 igneorum.
1297 1598 1601 1658 Exaltatum
1620 1603 1753 1654 enim
1778 1610 1854 1656 est
1874 1619 1962 1656 cor
1988 1613 2126 1657 tuum

545 1691 601 1742 in
625 1690 872 1744 dedecore
897 1698 1019 1755 tuo;
1049 1690 1164 1744 ideo
1196 1691 1250 1743 in
1281 1699 1468 1744 terram
1506 1693 1699 1762 projeci
1722 1694 1837 1746 tein
1859 1702 2128 1763 conspectu

2220 508 2302 556 est
2338 520 2350 553 :
2385 501 2595 556 Terram
2623 511 2695 568 tu,
2727 502 2962 569 Domine,
2994 503 3242 575 fundasti,
3275 513 3324 557 et
3351 518 3505 573 opera
3549 517 3802 554 manuum

2223 599 2422 646 tuarum
2451 602 2570 646 sunt
2595 594 2723 648 caeli.
2758 593 2868 665 Ipsi
2907 593 3160 664 peribunt,
3203 602 3256 646 tu
3279 601 3450 646 autem
3471 592 3524 644 in
3547 599 3802 645 (sternunt

2219 703 2397 740 manes
2421 685 2536 756 (Ps.
2561 702 2629 752 c1,
2659 685 2758 752 26;
2787 685 2947 740 Hebr.
2973 703 3008 752 1,
3041 685 3149 756 10).
3182 685 3373 740 Caelum
3411 690 3591 738 autem
3611 698 3802 736 novum

2220 785 2270 831 et
2303 787 2490 832 terram
2536 795 2718 832 novam
2765 777 2992 833 ﬁdeliter
3032 777 3127 833 Dei
3154 777 3368 846 eloquia
3413 775 3802 846 repromittunt

2223 869 2377 942 (Isai.
2413 887 2534 936 va,
2569 871 2666 937 l7;
2710 870 2792 925 Id.
2838 887 2986 935 1.xv1,
3017 869 3116 937 ‘22;
3165 870 3323 940 Apoc.
3369 884 3479 933 xxi,
3515 866 3574 932 l;
3604 865 3649 920 ll
3681 864 3800 919 Pet.

2223 976 2298 1026 111,
2329 960 2451 1032 15),
2485 962 2539 1015 in
2561 962 2754 1031 quibus
2781 969 3097 1032 perpetuum
3147 960 3250 1015 hoc
3278 959 3479 1014 sanctis
3505 956 3618 1012 suis
3647 955 3803 1009 inha-

2223 1051 2359 1107 bitet
2391 1070 2403 1105 :
2436 1068 2552 1122 qua:
2580 1053 2875 1122 cujusmodi
2909 1053 3015 1107 sint
3067 1050 3260 1117 futura,
3293 1051 3406 1122 ipse
3453 1048 3602 1103 solus
3629 1046 3800 1112 novit,

2225 1143 2317 1211 qui
2347 1143 2580 1212 facturus
2609 1152 2720 1210 est;
2751 1145 2876 1214 quia
2901 1159 2991 1196 nec
3012 1143 3184 1197 oculus
3215 1141 3358 1206 vidit,
3398 1156 3489 1193 nec
3521 1139 3670 1192 auris
3711 1153 3801 1189 au-

2227 1235 2368 1300 dirit,
2400 1252 2491 1288 nec
2529 1236 2580 1288 in
2620 1251 2708 1289 cor
2735 1233 2954 1287 hominis
2983 1231 3323 1286 ascenderunt
3349 1245 3462 1303 qua:
3489 1222 3805 1300 prtéparaeit

2228 1324 2368 1379 Deus
2396 1326 2720 1398 diligentibus
2748 1343 2802 1380 se
2830 1324 2984 1395 (Isai.
3010 1341 3151 1390 1.x1v,
3182 1323 3290 1390 4;]
3318 1321 3436 1376 Cor.
3464 1337 3519 1387 11,
3551 1321 3634 1391 9).
3737 1386 3740 1389 _

2298 1414 2672 1486 Obtemperavi
2701 1416 2968 1486 petitioni,
3013 1415 3175 1469 immo
3218 1413 3445 1484 jussioni
3481 1419 3711 1476 vestrze;
3751 1417 3804 1465 et

2228 1509 2456 1578 qualiter
2483 1487 2715 1574 credam,
2743 1507 2966 1579 exposui
2994 1526 3007 1560 :
3030 1515 3272 1578 superest
3291 1511 3350 1560 ut
3378 1503 3571 1560 vestris
3599 1502 3800 1558 oratio-

2230 1600 2384 1654 nibus
2429 1600 2560 1654 mihi
2586 1600 2815 1655 donetur
2841 1615 2993 1654 amor
3023 1599 3231 1654 timoris
3258 1596 3486 1662 Domini,
3516 1605 3577 1650 ut
3604 1595 3802 1665 possim

2231 1691 2429 1746 habere
2456 1691 2542 1745 vel
2569 1691 2770 1744 initium
2803 1691 3082 1762 sapientiaz,
3115 1697 3171 1744 et
3196 1689 3266 1744 sit
3308 1689 3362 1743 in
3405 1702 3493 1742 me
3520 1686 3802 1740 intellectus

543 1797 740 1851 regum,
771 1789 820 1833 et
839 1779 958 1834 dedi
983 1789 1029 1833 te
1046 1782 1100 1834 in
1123 1779 1493 1835 traductionem
1518 1790 1724 1852 propter
1751 1783 2128 1838 multitudinem
2157 1799 2205 1860 Β
2231 1779 2410 1846 bonus,
2439 1781 2600 1835 rectis
2626 1780 2878 1850 operibus
2924 1779 3238 1834 manifestus
3267 1777 3381 1850 (Ps.
3407 1794 3496 1843 cx,
3527 1776 3654 1847 10),
3701 1790 3801 1846 quo

550 1881 875 1941 peccatorum
914 1881 1149 1936 tuorum,
1177 1880 1228 1926 et
1261 1874 1576 1945 iniquitatem
1615 1875 1972 1945 negotiationis
2003 1885 2124 1940 tute,

547 1956 573 1997 ἀ
590 1963 710 2032 quia
738 1964 1100 2017 contaminasti
1126 1971 1308 2017 sancta
1339 1973 1443 2017 tua.
1465 1963 1534 2018 Et
1561 1965 1841 2035 producam
1867 1967 2037 2038 ignem
2063 1969 2129 2022 de

464 2045 474 2054 ’
547 2054 716 2108 medio
749 2055 840 2120 tui,
866 2065 915 2108 et
933 2057 1045 2125 ipse
1062 2057 1207 2126 .ignis
1243 2055 1505 2111 devorabit
1527 2067 1589 2124 te,‘
1613 2067 1663 2112 et
1682 2059 1813 2112 dabo
1843 2069 1890 2113 te
1910 2061 1964 2113 in
1984 2061 2127 2114 cine-

546 2159 653 2197 rem
673 2161 824 2215 super
851 2156 1038 2200 terram
1058 2148 1112 2200 in
1143 2159 1414 2218 conspectu
1442 2149 1667 2202 omnium
1688 2150 1960 2223 videntium
1991 2162 2055 2216 te,
2078 2161 2131 2206 et

547 2255 721 2292 omnes
747 2239 831 2308 qui
880 2248 926 2292 te
969 2249 1216 2293 noverunt
1261 2242 1394 2294 inter
1423 2243 1656 2296 nationes
1697 2243 2128 2299 contristabuntur

547 2345 700 2399 super
730 2340 795 2382 te.
834 2339 857 2367 ι·
901 2327 971 2384 Ut
1018 2331 1307 2401 prodigium
1351 2335 1488 2386 enim
1534 2335 1701 2404 factus
1738 2351 1810 2400 es,
1833 2343 2004 2390 etnon
2025 2336 2126 2390 eris

550 2421 770 2489 amplius
798 2422 852 2473 in
881 2429 1126 2476 internum
1156 2422 1367 2493 (Ezech.
1391 2441 1571 2489 xxv111,
1597 2425 1664 2477 12
1684 2425 1720 2495 ).

624 2517 877 2571 Mundum
899 2534 1114 2587 quoque
1144 2522 1316 2589 ipsum
1343 2521 1563 2576 credere
1582 2522 1840 2577 debemus
1861 2500 1900 2577 aI
1920 2522 2032 2578 Deo
2053 2523 2132 2591 fa:-

553 2613 699 2661 ctuin
723 2623 791 2661 ex
810 2608 994 2673 nihilo,
1018 2609 1154 2664 sicut
1177 2610 1369 2679 legitur
1391 2611 1444 2666 in
1469 2611 1785 2667 Machabzeis
1810 2631 1822 2666 :
1853 2612 2129 2685 fAspicite,

553 2697 672 2767 ﬁlii,
695 2699 748 2752 in
774 2701 950 2755 ctelum
971 2710 1019 2754 et
1039 2708 1258 2766 terram;
1279 2710 1330 2756 et
1345 2705 1561 2774 aspectis
1581 2704 1831 2771 omnibus,
1850 2721 1964 2775 qua:
1981 2706 2037 2758 in
2061 2707 2134 2759 eis

550 2798 690 2852 sunt,
706 2792 760 2843 in
767 2791 975 2862 telligite
986 2792 1238 2864 quomodo
1257 2808 1321 2846 ea:
1335 2793 1498 2848 nihilo
1513 2795 1634 2865 fecit
1646 2811 1708 2848 ea
1720 2793 1860 2850 Deus
1877 2794 1940 2866 (ll
1955 2793 2013 2848 Μ
2015 2795 2131 2849 ach.

549 2896 644 2946 v11,
665 2881 776 2954 28).
835 2883 976 2952 Ergo
1023 2883 1163 2940 sicut
1200 2900 1268 2940 ex
1314 2885 1480 2941 nihilo
1529 2884 1700 2941 factus
1753 2895 1835 2942 est
1884 2887 2132 2953 mundus,

2231 1886 2261 1925 a
2288 1872 2568 1942 prohibitis
2588 1872 2879 1934 abstinens,
2906 1871 3070 1940 jussis
3089 1871 3348 1926 insistam.

2300 1961 2532 2016 XXVIII.
2546 1993 2618 2004 —
2635 1961 2896 2034 Serapion
2917 1961 3081 2016 dixit:
3112 1961 3264 2017 Hanc
3279 1975 3392 2015 rem
3411 1975 3536 2016 cum
3556 1958 3799 2013 orationi-

2231 2056 2331 2110 bus
2376 2057 2663 2126 impetrare
2702 2056 2883 2122 debes,
2933 2057 3046 2112 sive
3075 2057 3199 2124 tuis,
3228 2055 3340 2111 sive
3366 2047 3798 2126 quorumcunque

2233 2155 2538 2204 sanctorum
2583 2163 2743 2217 quam
2770 2165 2878 2203 non
2923 2147 3087 2202 habes
3132 2163 3230 2218 per
3274 2146 3480 2202 arbitrii
3507 2145 3796 2200 libertatem

2231 2242 2560 2296 concessam.
2583 2273 2654 2284 -—
2683 2239 2952 2294 Arnobius
2979 2239 3113 2314 dixit
3145 2256 3157 2291 :
3200 2237 3268 2292 Et
3291 2252 3450 2308 quam
3489 2251 3603 2291 rem
3634 2235 3794 2290 habeo

2233 2347 2331 2402 per
2369 2331 2574 2385 arbitrii
2611 2331 2911 2384 libertatein
2939 2342 3248 2384 concessam
3273 2327 3392 2380 ?—
3411 2325 3667 2396 Serapion
3709 2339 3788 2378 re-

2235 2425 2450 2495 spondit
2469 2442 2480 2476 :
2498 2433 2523 2470 ε
2550 2421 2617 2477 Ut
2645 2439 2675 2476 a
2703 2423 2985 2492 prohibitis
3004 2422 3293 2488 abstineas,
3317 2425 3370 2474 et
3383 2417 3548 2489 jussis
3575 2417 3784 2473 insistas.

2232 2548 2305 2558 —
2331 2508 2596 2570 Arnobius
2621 2515 2756 2570 dixit
2788 2533 2800 2567 :
2833 2513 2935 2581 Qui
2963 2530 2993 2568 a
3021 2513 3304 2584 prohibitis
3331 2513 3585 2578 abstinet,
3616 2519 3672 2567 et
3690 2511 3793 2566 sine

2237 2617 2460 2680 peccato
2488 2607 2748 2674 efficitur;
2789 2609 2879 2677 qui
2926 2623 3056 2663 vero
3083 2607 3242 2662 etiam
3269 2606 3430 2676 jussis
3455 2605 3669 2668 insistit,
3696 2619 3794 2658 non

2238 2701 2412 2755 solum
2451 2716 2481 2754 a
2522 2700 2726 2770 peccati
2779 2698 3192 2769 reprehensione
3239 2697 3445 2752 alienus
3490 2704 3592 2762 est,
3622 2709 3793 2751 verum

2241 2793 2404 2848 etiam
2447 2793 2603 2848 laude
2631 2792 2818 2860 dignus
2856 2799 2958 2848 est.
2988 2823 3060 2833 —
3085 2790 3342 2860 Serapion
3379 2789 3514 2844 dixit
3544 2788 3664 2852 :_lta
3703 2795 3789 2866 est.

2239 2886 2588 2942 ——Arnohius
2607 2885 2742 2969 dixit
2772 2903 2786 2938 :
2817 2884 2874 2940 Si
2903 2885 2976 2940 ita
3005 2894 3105 2948 est,
3138 2881 3168 2922 ιι
3195 2896 3323 2952 ergo
3350 2889 3530 2954 potest
3556 2897 3655 2954 per
3680 2880 3791 2936 libe-

1732 3000 1840 3054 FR.
1881 2999 2360 3080 FEUsARDENTII
2394 3000 2620 3057 NOTAE.

551 3085 802 3207 ponimus
830 3099 900 3140 ex
925 3084 1234 3158 Hieronymi
1282 3089 1723 3158 interpretatione
1744 3089 1904 3145 LXX.
1930 3091 2128 3148 Nonni-

593 3151 630 3207 il
676 3154 818 3207 enim
846 3165 1098 3207 corrupta
1147 3157 1350 3207 suntin
1397 3159 1563 3207 veteri
1603 3167 1786 3207 nostro
1814 3162 2124 3207 euemnlari-

593 3151 818 3231 ilnenim
831 3165 1104 3231 corrupta
1129 3151 1267 3212 'sunt
1296 3157 1350 3212 in
1397 3151 1563 3231 veteri
1603 3167 1786 3214 nostro
1814 3162 2124 3231 exemplari.

2189 3145 2195 3162 ,
2227 3077 2364 3147 siam
2393 3084 2712 3148 catholicam
2735 3100 3020 3162 utrumque
3071 3077 3262 3146 librum
3285 3090 3708 3162 Machabteorum
3742 3091 3790 3147 in

2233 3179 2494 3217 canonem
2535 3179 2809 3219 sacrorum
2859 3159 3185 3218 voluminum
3235 3161 3520 3230 recepisse.
3563 3159 3783 3230 Insuper,

555 3223 780 3309 Ruﬁnus
823 3223 1049 3309 iloseph'i.
1092 3227 1356 3309 interpres
1411 3229 1903 3309 ligurius__scribit,
1940 3223 2138 3309 melius
2231 3231 2737 3309 19sephum_genere
2764 3231 3062 3309 Hebraeum,
3098 3239 3154 3309 e_t
3173 3223 3430 3309 dignitate
3447 3223 3781 3309 sacerdotem,

550 3308 713 3371 quam
742 3292 993 3350 Calenius
1013 3292 1258 3371 (incuria;
1278 3292 1582 3371 ;q_uoniodo
1604 3303 1766 3353 etiam
1787 3292 1978 3368 legitur
1991 3303 2130 3371 apud

549 3361 970 3446 Hieronymum“
987 3367 1144 3446 epist.
1188 3361 1284 3420 54.7
1317 3361 1446 3446 Nnni
1473 3366 1655 3446 Qnece
1687 3361 2041 3446 θεελιῖγύρερςξ
2077 3380 2130 3425 et

548 3433 607 3507 in
639 3431 880 3507 Vulgata,
1141 3452 1320 3507 xxvm,
1355 3437 1441 3502 19,
1472 3439 1706 3507 ligurius.
1751 3431 2127 3506 Tertullianus,

553 3503 646 3557 lib.
668 3519 708 3578 _1_1
739 3497 944 3558 advers.
978 3505 1141 3578 Marc.
1169 3526 1180 3560 :
1485 3497 1732 3578 optimum
1776 3510 1984 3562 indutus
2031 3497 2126 3576 est,
2155 3497 2200 3558 C

549 3572 802 3649 sardium,
836 3577 1119 3649 topaaium,
1151 3572 1921 3649 smaragdumpcarbunculum,
1952 3572 2129 3649 saphi;

550 3657 684 3723 rum,
703 3643 904 3723 riaspin,
937 3643 1198 3723 ligurium,
1229 3643 1463 3711 achaten,
1489 3648 1848 3718 amethystum,
1881 3643 2130 3720 chrysoli-

551 3711 947 3783 tum,_berillum,
973 3711 1263 3783 onychium,
1297 3724 1399 3770 etc.

623 3788 650 3858 ξ
678 3780 757 3858 li?!
785 3781 962 3858 locu“)
990 3780 1266 3858 Diophetac
1286 3785 1470 3858 legunt
1487 3802 1550 3842 ac
1570 3787 1986 3858 interpretantur
2007 3788 2131 3842 Ter-

549 3850 668 3926 tull.
699 3851 800 3926 lib_._
825 3867 863 3905 11
890 3850 1144 3926 adversus
1190 3850 1548 3922 Marcionem;
1596 3850 1869 3926 Origenes,
1901 3858 1990 3911 lib.
2017 3874 2035 3912 1
2061 3858 2128 3913 de

549 3917 848 3996 Principiis,
867 3919 992 3996 c._5;
1009 3921 1384 3996 Hieronymus,
1407 3926 1460 3980 in
1481 3917 1638 3982 c.'1.1v
1667 3917 1813 3996 Isaiae
1833 3917 2128 3996 {Augusti-

549 4004 667 4062 nus,
697 3991 792 4062 lib.
825 4007 879 4046 x1
906 3991 972 4046 de
997 3991 1190 4049 Genesi
1212 3991 1279 4050 ad
1307 3995 1557 4062 litteram,
1587 4013 1635 4052 c.
1665 3995 1752 4051 25.

625 4058 1058 4143 {Septuaginta
1109 4067 1221 4143 ams
1249 4067 1478 4143 πλήρους
1523 4058 1615 4130 rvi:
1645 4071 1939 4143 sumptae.
1997 4068 2130 4143 Hinc

551 4125 918 4206 Iertullianus
932 4149 953 4206 _:
986 4125 1066 4206 D_e
1115 4125 1467 4206 multitudine
1487 4125 1848 4206 negotiationis
1897 4125 2029 4192 tute.
2063 4138 2130 4192 Et

551 4195 778 4278 Vulgata
821 4198 983 4278 editio
1032 4199 1218 4278 Latina
1251 4221 1264 4254 :
1298 4203 1364 4256 In
1407 4195 1732 4278 multitudine
1773 4209 2129 4278 negotiationis

552 4274 671 4345 tua.
703 4267 782 4345 _E_x
811 4267 1004 4335 quibus
1033 4271 1250 4345 omnino
1275 4278 1495 4341 apparet
1518 4274 1800 4345 legendum
1838 4267 1962 4331 csse
1991 4277 2130 4345 apud

551 4335 868 4408 Arnobium,
891 4339 1272 4408 negotiationis,
1303 4335 1413 4394 non
1450 4335 1807 4408 cogitationis.

626 4416 650 4444 ε
693 4405 860 4462 Vetus
885 4405 1087 4473 codex,
1116 4417 1166 4460 et
1191 4412 1432 4473 peccatis.
1477 4405 1837 4466 Tertullianus
1866 4431 1879 4464 :
1911 4412 2130 4468 Dromas

626 4427 650 4444 υ
703 4427 860 4462 νθιιιδ
885 4427 1087 4473 couex,
1116 4427 1166 4460 et
1226 4427 1432 4464 eccam.
1478 4427 1510 4462 '1
1523 4427 1837 4466 erunuanus
1866 4431 1879 4464 :
1911 4427 2126 4468 promas

555 4482 671 4529 tuas
718 4474 964 4558 replesti,
1020 4488 1071 4531 et
1117 4427 1394 4550 deliquisti.
1443 4479 1673 4550 Vulgata
1728 4482 1891 4537 editio
1944 4483 2126 4549 latina,

541 4555 919 4697 'ﬁﬁcas‘glcms
947 4615 1216 4686 Paguinus
1245 4633 1314 4674 ex
1350 4617 1483 4675 Heb.
1522 4638 1535 4672 :
1569 4620 1810 4676 Polluisti
1837 4623 2130 4692 sanctiﬁca-

549 4691 740 4740 tionem
773 4695 931 4740 tuam.
1942 4725 1946 4728 -
2004 4691 2009 4692 “
2114 4725 2119 4730 ι

627 4755 1140 4843 fPYulgata‘edition
1167 4759 1401 4843 liatina,‘
1421 4759 1592 4842 Nihili
1631 4764 1797 4843 [actus
1841 4780 1912 4826 es,
1949 4754 1999 4843 et
2028 4780 2126 4843 non

549 4825 651 4902 eris
672 4826 1070 4902 inperpetuum:
1099 4828 1322 4902 Rufinus
1360 4828 1603 4898 Origenis
1627 4825 1910 4902 interpres,
1941 4833 2128 4902 Perdi-

548 4895 646 4975 tio_
668 4894 875 4975 enectus
907 4915 988 4975 _es.
1036 4897 1422 4975 Septuaginta,
1453 4894 1678 4975 ἇπώλεεᾳ
1719 4894 1905 4975 ἐγὲνουξ
1941 4901 2126 4957 Melius

548 4965 730 5044 itaque
763 4965 867 5019 hoc
891 4965 1264 5024 Arnobifloco
1293 4971 1576 5038 legeretur.
1614 4972 1681 5026 Ut
1711 4965 1930 5042 perditio
1960 4975 2124 5044 factus

545 5049 620 5100 es,
647 5042 753 5095 etc.

624 5103 862 5187 (verba
889 5114 1013 5160 sunt
1057 5107 1288 5177 Salqmze
1317 5111 1503 5187 matris
1548 5120 1754 5187 septem
1782 5112 2025 5187 fratrum,
2057 5112 2123 5187 ad

543 5181 893 5248 novissimum
938 5191 1145 5244 eorum,
1175 5193 1292 5246 qua:
1332 5181 1584 5248 singulari
1612 5181 1848 5237 numero
1879 5185 1928 5236 in
1959 5181 2123 5236 sacris

543 5243 728 5319 Bibliis
750 5247 1071 5319 referuntur,
1102 5243 1304 5318 Aspice,
1329 5243 1443 5319 ﬁli;
1459 5260 1564 5306 etc.
1596 5253 1700 5305 Sed
1730 5253 2013 5308 verisimile
2042 5260 2123 5305 est

542 5317 786 5390 eamdem
796 5318 1090 5390 viraginem
1101 5319 1288 5390 eadem
1301 5317 1674 5376 exhortatione
1690 5322 1994 5390 frequenter
2009 5325 2125 5376 uni-

543 5397 726 5441 versos
755 5387 875 5461 illos
890 5388 957 5441 ad
977 5389 1290 5458 martyrium
1321 5391 1603 5456 animasse,
1623 5392 1750 5445 dum
1768 5387 1939 5445 adhuc
1966 5408 2124 5461 supe-

541 5465 766 5530 [esseuL
799 5455 1087 5522 Caeterum,
1115 5455 1222 5513 tam
1245 5473 1310 5512 ex
1331 5461 1414 5515 his
1435 5477 1594 5530 quam
1616 5478 1682 5516 ex
1713 5462 1980 5515 sexcentis
2009 5455 2126 5514 aliis

543 5520 759 5593 Patrum
807 5537 1045 5583 veterum
1073 5520 1420 5593 testimoniis,
1451 5520 1696 5586 videmus
1749 5531 1868 5584 libri
1906 5531 2125 5584 secundi

541 5589 966 5651 Machabteomm
995 5608 1389 5655 sacrosanctam
1409 5589 1471 5655 et
1497 5602 1813 5656 canonicam
1841 5599 2004 5652 fuisse
2033 5616 2126 5653 au-

544 5663 868 5744 ctoritatem.
889 5666 1120 5744 Tantum
1141 5671 1227 5744 hic
1246 5669 1441 5739 adjicio
1464 5671 1821 5744 Augustinum
1845 5668 2124 5744 (Lib.xv111

545 5729 720 5796 Civit.)
750 5742 876 5790 ante
891 5736 1037 5792 mille
1055 5745 1110 5794 et
1136 5729 1396 5799 ducenios
1423 5729 1595 5797 annos
1623 5729 1915 5796 asseruisse
1941 5737 2122 5794 Eccle-

2232 3300 2424 3371 abhinc
2445 3303 2588 3358 mille
2616 3311 2669 3357 et
2689 3303 2990 3371 quingentis
3017 3301 3170 3357 annis
3188 3307 3496 3363 constanter
3514 3300 3786 3371 afﬁrmasse

2229 3370 2368 3494 (Lib.
2399 3372 2460 3425 de
2482 3370 2724 3426 Machab.
2749 3373 2818 3425 ad
2826 3373 3002 3442 ﬁnem)
3025 3371 3331 3427 Eleazariet
3350 3379 3554 3440 septem
3581 3370 3782 3424 fratrum

2251 3442 2543 3494 iistoriam.
2589 3458 2706 3494 num
2742 3443 2976 3494 secundo
3017 3441 3152 3494 libro
3196 3440 3441 3494 refertur.
3473 3441 3625 3494 etiam
3651 3440 3778 3494 apud

2251 3442 2543 3507 iistoriam,
2589 3458 2706 3510 qum
2742 3440 2992 3496 secundo
3017 3441 3152 3496 libro
3196 3440 3441 3505 refertur,
3473 3441 3625 3510 etiam
3651 3440 3778 3510 apud

2232 3527 2359 3565 suos
2388 3509 2639 3568 Hebraeos
2668 3513 2808 3566 inter
2849 3527 3029 3566 sacras
3058 3512 3260 3566 litteras
3288 3511 3509 3568 censeri.
3554 3509 3769 3562 Viderint

2230 3595 2333 3648 qua
2361 3580 2536 3636 fronte
2583 3590 2638 3637 et
2665 3583 3001 3637 conscientia
3052 3582 3172 3636 illos
3207 3580 3451 3650 rejiciant
3491 3579 3765 3633 novissima

2229 3650 2388 3718 hujus
2411 3653 2581 3705 aetatis
2603 3653 2857 3707 hzerctici.

2303 3717 2327 3767 ϐ
2366 3719 2481 3774 Jam
2514 3738 2651 3776 nunc
2693 3721 3096 3790 Pelagianorum
3127 3737 3411 3790 personam
3445 3719 3602 3774 induit
3628 3717 3774 3772 Sera-

2228 3791 2375 3859 pion,
2407 3791 2542 3844 sicut
2569 3791 3009 3855 Sabellianorum,
3042 3791 3357 3846 Arianorum
3378 3800 3433 3845 et
3456 3790 3776 3859 Nestoriano-

2230 3858 2348 3937 rum
2375 3863 2748 3937 superioribus
2767 3861 3212 3937 disputationibus
3241 3877 3347 3937 non
3367 3862 3590 3937 impigre
3612 3858 3780 3937 gessit.

2230 3929 2362 3982 Nam
2391 3931 2503 3984 sola
2526 3931 2577 3984 vi
2603 3931 2752 3985 liberi
2780 3929 3006 3995 arbitrii,
3027 3931 3142 3986 sine
3172 3932 3353 3999 gratia:
3373 3929 3622 3984 salutaris
3647 3929 3785 3982 anxio

2230 3999 2321 4063 lio,
2354 4004 2939 4070 cunetas'pcccatorum
2970 4001 3294 4056 tentationes
3321 4001 3554 4062 vincere,
3585 4007 3640 4054 et
3666 4012 3787 4068 pne-

2230 4070 2398 4138 ceptis
2417 4069 2613 4140 divinis
2638 4086 2839 4124 morem
2855 4085 3039 4140 gerere
3051 4087 3209 4140 posse
3233 4072 3501 4135 hominem
3519 4070 3783 4140 viatorem,

2231 4137 2383 4192 error
2410 4138 2509 4192 fuit
2536 4137 2962 4207 Pelagianorum,
2981 4137 3262 4194 damnatus
3284 4156 3313 4192 a
3333 4140 3561 4195 concilio
3598 4137 3788 4207 Milevi-

2231 4215 2377 4278 tano,
2427 4217 2482 4262 et
2511 4211 2576 4264 ab
2612 4209 2926 4278 Augustino,
2951 4206 3065 4263 lib.
3111 4211 3179 4265 de
3208 4209 3526 4278 Hmresibus,
3555 4225 3676 4278 cap.
3707 4206 3786 4260 88.

2231 4275 2370 4348 Quin
2398 4279 2557 4331 etiam
2581 4275 2821 4348 plurimis
2841 4287 2894 4332 et
2913 4280 3238 4348 gravissimis
3257 4281 3466 4348 scriptis
3487 4275 3790 4346 Pelagianos

2233 4346 2540 4413 insectatur,
2573 4346 2824 4415 uttribus
2852 4346 3000 4403 libris
3036 4350 3102 4404 de
3140 4351 3309 4404 libero
3346 4346 3604 4415 Arbitrio,
3639 4348 3790 4402 tribus

2231 4415 2380 4488 libris
2407 4416 2474 4471 de
2513 4427 2851 4488 peccatorum
2883 4418 3082 4474 Meritis
3125 4429 3180 4474 et
3226 4419 3581 4488 Remissione,
3623 4419 3719 4488 lib.
3735 4417 3792 4488 de
3849 4419 3866 4438 °

2231 4485 2901 4556 Baptismo’parvulorum,
2933 4489 3023 4543 lib.
3067 4488 3134 4544 de
3162 4488 3360 4543 Na‘tura
3389 4497 3444 4542 et
3470 4486 3676 4554 Gratia,
3710 4487 3790 4540 lib.

2231 4555 2506 4629 de_Gra_tia_
2528 4555 2649 4629 novi
2671 4557 3188 4629 Testamenti,libris
3202 4567 3430 4629 quatuor
3457 4567 3646 4612 contra
3675 4557 3794 4611 duas

2230 4626 2386 4693 epist.
2421 4625 2846 4749 Pelzigianorum,
2878 4643 2972 4682 sex
3000 4627 3148 4683 libris
3176 4625 3362 4683 contra
3392 4625 3682 4692 lulianum,
3714 4636 3792 4679 to-

2231 4695 2500 4749 tidemque
2573 4698 2958 4749 vnounosticon
3005 4708 3192 4749 contra
3239 4696 3568 4749 Pelagianos.
3603 4707 3660 4749 et
3683 4710 3792 4749 nas-

2231 4695 2500 4764 tidemque
2526 4695 2958 4766 Hypognosticon
3005 4708 3192 4753 contra
3239 4696 3568 4764 Pelagianos,
3603 4707 3660 4752 et
3683 4710 3795 4764 pas-

2231 4766 2331 4820 sim
2359 4766 2501 4839 alibi.
2531 4765 2936 4839 Scripsitetiam
2965 4766 3318 4839 Hieronymus
3345 4767 3597 4839 Dialogos
3618 4766 3795 4821 adver-

2231 4835 2696 4909 snsPelagianos.
2755 4837 2993 4909 Denique
3027 4835 3414 4909 innocentius,
3463 4835 3709 4909 zosimus
3747 4842 3795 4909 et

2229 4905 2802 4977 leestinusﬂsummi
2835 4905 3084 4977 Ecclesiae
3120 4908 3398 4977 pontiﬁces
3443 4907 3554 4960 tam
3591 4905 3796 4975 scriptis

2229 4990 2386 5043 quam
2409 4976 2756 5030 conciliorum
2776 4976 3004 5032 decretis
3032 4976 3245 5033 illorum
3271 4977 3478 5031 furores
3493 4983 3796 5032 constanter

2229 5053 2284 5097 et
2310 5047 2578 5115 sapienter
2611 5056 3004 5115 represserunt,
3040 5057 3098 5101 ut
3118 5047 3257 5101 idem
3296 5055 3522 5102 testatur
3551 5043 3796 5115 Augusti-

2230 5061 2284 5097 et
2310 5061 2578 5168 sapienter
2611 5061 3004 5115 represserunt,
3040 5061 3098 5101 ut
3118 5061 3257 5101 mem
3296 5061 3522 5102 testatur
3551 5061 3789 5115 Augusu-

2230 5117 2511 5200 nus,nibro
2537 5116 2707 5200 primo
2735 5114 3012 5200 deIQratia
3063 5116 3280 5200 Christi,
3315 5115 3789 5200 capiteﬂsecundo;

2228 5186 2312 5238 cui
2344 5183 2575 5254 Prosper
2594 5186 2880 5241 subscribit
2907 5188 3004 5241 sub
3032 5202 3173 5242 anno
3195 5183 3402 5242 Domini
3430 5186 3550 5241 452.
3793 5241 3796 5244 .

2235 5287 2241 5293 -
2300 5254 2327 5290 ιι
2365 5254 2562 5308 Contra
2605 5257 2758 5309 istam
2807 5254 3212 5324 Pelagianorum
3249 5257 3566 5312 sententiam
3604 5254 3796 5324 admis-

2227 5339 2397 5398 samna
2426 5325 2736 5398 Serapione,
2768 5326 2838 5398 itn
2864 5323 3225 5398 Hieronymus
3254 5327 3520 5381 invehitur
3541 5323 3794 5398 (Epistola

2226 5393 2294 5446 ad
2333 5393 2730 5468 Ctesiphontem)
2759 5414 2770 5448 :
2798 5394 2972 5466 Rogo,
3003 5393 3116 5466 qua:
3158 5399 3259 5451 ista
3294 5407 3370 5451 est
3399 5393 3790 5468 argumentatio.

2225 5479 2374 5538 posse
2392 5479 2498 5517 esse
2519 5464 2652 5538 quod
2672 5464 2930 5538 nunquam
2953 5464 3124 5536 fuerit,
3149 5484 3296 5537 posse
3313 5468 3429 5538 ﬁeri
3449 5464 3583 5537 quod
3601 5464 3791 5538 nullum

2227 5532 2408 5613 fecisse
2435 5532 2652 5613 testeris,
2685 5535 2739 5586 id
2781 5532 2985 5613 cuilibet
3006 5532 3234 5613 tribuere
3275 5532 3361 5606 qui
3394 5532 3472 5613 an
3505 5537 3703 5613 futurus
3729 5532 3794 5584 sit

2227 5605 2452 5676 ignores,
2483 5613 2531 5655 et
2559 5605 2897 5676 darenescio
2937 5607 3017 5658 cui
3046 5605 3179 5676 quod
3216 5607 3271 5659 in
3300 5605 3639 5676 patriarchis_,
3669 5618 3787 5676 pto-

2227 5670 2388 5739 phelis
2416 5682 2466 5745 et
2507 5674 2752 5745 apostolis
2791 5675 2966 5745 fuisse
2994 5670 3210 5745 nequeas
3239 5670 3558 5744 approbare?
3587 5671 3653 5725 Et
3680 5670 3788 5724 Au-

2226 5749 2363 5809 gust.
2417 5741 2506 5796 lib.
2542 5741 2622 5798 'ad
2669 5741 3095 5810 Quodvultdeum
3128 5763 3141 5800 :
3175 5745 3235 5800 Si
3272 5741 3370 5800 hoc
3412 5753 3600 5800 certum
3640 5748 3785 5800 esset.
