4108 6348
277 305 385 378 sis

1037 304 1455 363 CONFLICTUS
1492 304 1580 361 DE
1617 305 1751 363 Ι)Εο
1789 307 1994 366 TRINO
2027 309 2116 366 ET
2158 311 2312 379 UNO,
2354 314 2508 372 ETC.
2551 317 2675 373 LIB.
2719 315 2781 371 ll.

3436 319 3538 374 δη

280 438 408 488 rum
431 420 708 478 arbitrium
734 420 852 478 sine
877 429 1098 492 peccato
1123 420 1282 487 efﬁci,
1313 429 1367 476 et
1396 421 1605 476 laudem
1633 422 1854 492 adipisci
1879 427 1932 486 Α
1958 441 2062 479 non
2087 429 2366 499 accepisti?
2384 429 2487 482 Aut
2505 432 2551 484 si
2573 431 2836 500 accepisti,
2849 431 2972 504 quid
2991 431 3231 503 gloriaris
3258 433 3404 503 quasi
3432 449 3538 488 non

279 516 538 571 divinam.
565 545 640 560 —-
667 513 926 585 Serapion
947 515 1223 584 respondit
1247 532 1259 566 :
1286 514 1364 568 lta
1385 523 1484 569 est.
1507 546 1580 558 -
1596 514 1862 570 Arnobius

276 608 421 663 dixit
452 625 465 660 :
490 605 691 663 Contra
717 606 860 661 dico.
886 631 953 646 —
985 605 1246 676 Serapion
1269 607 1404 662 dixit
1434 625 1446 660 :
1479 606 1619 676 Ergo
1646 622 1756 662 non
1777 615 1862 662 est

279 700 514 755 liberum
543 697 839 769 arbitrium.
863 727 935 740 -—
960 695 1228 753 Arnobius
1253 698 1389 752 dixit
1411 715 1424 749 :
1443 695 1694 752 Liberum
1712 696 1858 752 arbi-

281 793 448 848 trium
475 800 532 847 et
556 788 784 847 defendo
811 797 867 846 et
894 797 1074 856 teneo,
1094 789 1186 845 sed
1217 790 1353 845 intra
1374 798 1544 845 metas
1562 789 1686 844 suas
1713 788 1859 844 clau-

279 897 406 941 sum
419 891 475 939 et
487 881 684 940 ﬁnibus
693 883 805 938 suis
824 880 1187 952 limitibusque
1196 882 1858 953 distinctum—Serapion

278 973 419 1030 dixit
447 991 464 1028 ;
495 973 635 1029 Deus
659 971 931 1030 hominem
963 973 1118 1029 liberi
1142 974 1346 1028 arbitrii
1380 973 1582 1028 idcirco
1610 988 1736 1028 esse
1760 989 1858 1028 vo-

277 1064 404 1132 luit,
436 1073 494 1144 ut
511 1065 655 1135 juste
680 1065 1053 1136 vituperentur
1078 1066 1231 1130 mali,
1262 1065 1387 1136 quia
1413 1074 1706 1138 potuerunt
1739 1080 1860 1122 esse

277 1156 445 1224 boni;
484 1156 629 1227 justo
673 1159 837 1214 etiam
883 1158 1166 1214 laudentur
1210 1159 1354 1224 boni,
1405 1160 1527 1228 quia
1569 1166 1860 1229 potuerunt

279 1261 408 1304 esse
434 1248 578 1304 mali.
603 1245 755 1304 Tolle
781 1247 924 1304 enim
955 1249 1228 1318 utriusque
1256 1249 1334 1303 rei
1354 1249 1780 1320 possibilitatem,
1803 1257 1859 1304 et

281 1339 648 1408 noninveniet
665 1352 826 1410 ptma
850 1354 1010 1410 quem
1030 1337 1207 1406 feriat,
1230 1354 1332 1394 nec
1358 1339 1658 1394 invenietin
1687 1355 1861 1408 remu-

278 1431 564 1488 neratione
573 1444 732 1500 quem
759 1418 1001 1486 coronet.
1031 1462 1104 1474 —
1126 1428 1392 1486 Arnobius
1411 1430 1544 1486 dixit
1565 1448 1580 1485 :
1616 1430 1710 1486 Dic
1729 1444 1858 1499 ergo

277 1521 414 1577 mihi
433 1523 478 1578 si
505 1522 586 1577 tui
609 1519 829 1578 libertas
846 1522 1050 1576 arbitrii
1065 1521 1132 1577 ad
1159 1522 1262 1577 hoc
1276 1531 1330 1577 te
1351 1522 1641 1593 perducere
1663 1523 1856 1588 valeat,

279 1621 346 1669 ut
369 1612 544 1684 possis
571 1613 648 1668 ita
683 1628 714 1666 a
761 1612 1046 1684 prohibitis
1073 1613 1362 1679 abstinere,
1394 1622 1454 1667 ut
1493 1615 1609 1668 sine
1636 1621 1860 1684 peccato

277 1704 388 1772 sis;
419 1711 514 1760 aut
548 1707 626 1761 ita
650 1713 916 1777 praecepta
956 1705 1240 1776 perlicere,
1272 1715 1332 1760 ut
1357 1706 1640 1776 pervenias
1667 1705 1735 1759 ad
1761 1721 1858 1762 co-

1959 520 2238 590 accepisses
2262 519 2314 590 (l
2336 519 2455 574 Cor.
2486 537 2559 582 tv,
2591 520 2680 592 7)?
2699 521 2918 586 Deinde,
2949 521 3219 591 quomodo
3240 531 3394 592 potes
3419 524 3538 577 Sal-

1960 619 2203 668 vatorem
2233 621 2380 666 tuum
2409 611 2693 668 Dominum
2747 614 2990 678 credere,
3020 614 3120 669 nisi
3165 623 3220 670 te
3269 613 3536 671 infirmum

1959 705 2256 776 agnoscas?
2285 702 2391 759 Aut
2410 703 2682 773 quomodo
2706 713 2864 772 potes
2891 705 3214 774 adjutorium
3232 705 3328 761 Dei
3356 714 3411 761 et
3438 705 3537 762 ad-

1959 797 2272 854 miniculum
2297 796 2590 867 postulare,
2623 795 2723 850 nisi
2748 804 2805 851 te
2833 813 2941 852 non
2968 814 3128 868 posse
3153 799 3268 854 sine
3294 799 3408 869 ejus
3439 798 3537 854 ια.

1955 887 2158 956 jutorio
2185 888 2382 942 bonum
2411 885 2633 955 implere
2658 885 2846 941 credas
2867 887 3013 956 quod
3038 889 3240 960 cupias,
3264 898 3320 944 et
3339 889 3537 945 malum

1957 980 2228 1037 declinare
2247 979 2390 1048 quod
2413 979 2620 1048 fugias?
2642 976 2792 1034 Unde
2820 993 2982 1033 unum
3005 993 3037 1034 e
3060 979 3268 1036 duobus
3285 989 3388 1048 est,
3413 997 3540 1052 per-

1958 1072 2112 1128 mitte
2138 1079 2192 1126 te
2218 1070 2347 1126 dare
2391 1084 2728 1139 responsum,
2759 1077 2820 1124 ut
2846 1077 2938 1122 aut
2959 1069 3214 1125 miserum
3249 1079 3303 1126 te
3324 1071 3541 1127 fatearis

1959 1173 2049 1221 aut
2071 1166 2283 1228 fortem,
2315 1173 2406 1219 aut
2431 1164 2698 1220 inﬁrmum
2718 1172 2809 1218 aut
2825 1177 3034 1228 sanum,
3057 1171 3118 1218 ut
3142 1164 3330 1220 audias
3351 1147 3540 1222 vocem

1958 1258 2168 1314 Domini
2197 1256 2459 1314 dicentis:
2491 1253 2616 1312 Non
2654 1256 2888 1328 indigent
2913 1257 2998 1328 qui
3041 1266 3164 1311 sunt
3201 1259 3316 1312 sui
3343 1259 3540 1315 medico

1959 1347 2110 1417 (Luc.
2134 1364 2186 1412 v,
2218 1346 2330 1417 51).
2365 1345 2518 1402 Unde
2542 1353 2598 1400 et
2622 1345 2896 1416 propheta
2912 1346 3144 1402 clamat:
3176 1344 3301 1401 Non
3319 1349 3457 1402 enim
3485 1349 3541 1403 in

1957 1456 2081 1493 areu
2108 1455 2219 1492 meo
2255 1428 2500 1508 'spdabo,
2542 1447 2594 1491 et
2644 1437 2846 1508 gladius
2873 1453 3014 1491 ments
3052 1453 3154 1492 non
3183 1436 3399 1491 saluabit
3425 1454 3535 1502 me;

1958 1531 2048 1586 sed
2077 1530 2288 1584 dextera
2307 1539 2414 1594 tua,
2445 1538 2494 1581 et
2533 1526 2795 1582 brachium
2825 1537 2986 1593 tuum,
3025 1537 3077 1583 et
3100 1527 3408 1582 illuminatio
3431 1529 3540 1582 rul-

1961 1632 2038 1678 tus
2061 1624 2130 1676 tui
2159 1621 2328 1691 (Psal.
2363 1637 2508 1684 xtm,
2541 1619 2593 1686 ι,
2618 1620 2668 1683 'l,
2686 1619 2762 1689 8).
2790 1618 3012 1676 Unume
3031 1620 3256 1686 duobus,
3275 1629 3365 1675 aut
3385 1628 3538 1692 potes

1961 1724 2014 1771 te
2042 1714 2315 1770 abstinere
2341 1713 2408 1767 ab
2429 1713 2574 1767 omni
2604 1719 2847 1782 peccato.
2878 1721 2972 1766 aut
2997 1727 3106 1767 non
3132 1714 3322 1782 potest
3353 1713 3409 1768 Si
3437 1729 3537 1784 po-

277 1797 860 1869 romani—Serapion
882 1797 1181 1869 respondit:
1199 1797 1268 1851 Et
1294 1797 1340 1851 si
1363 1814 1469 1852 non
1485 1805 1664 1868 potest
1689 1797 1852 1853 homo
1884 1795 1926 1856 Β
1956 1818 2056 1875 ωε,
2085 1804 2354 1874 adjutorio
2374 1819 2483 1858 non
2510 1801 2750 1870 indiges;
2781 1809 2938 1872 potes
2955 1801 3116 1856 enim.
3142 1800 3198 1856 Si
3228 1817 3334 1856 non
3362 1810 3535 1872 potes,

275 1891 399 1947 sine
423 1897 647 1961 peccato
664 1904 801 1957 esse,
817 1896 1096 1961 peccatum
1114 1889 1290 1960 ipsum
1303 1904 1413 1945 non
1443 1889 1493 1944 ei
1507 1889 1854 1960 imputabitur
1953 1909 2101 1956 recte
2123 1897 2378 1952 auxilium
2405 1893 2620 1965 qumris.
2649 1893 3042 1948 Testimonium
3067 1901 3244 1948 autem
3272 1893 3367 1948 Dei
3391 1894 3538 1962 adju-

276 1997 313 2036 a
343 1981 472 2037 Deo.

1955 1991 2154 2046 torium
2179 1989 2284 2042 tale
2313 1985 2454 2041 ferre
2474 1985 2752 2056 psalmista
2777 1983 2944 2039 dicit:
2978 1981 3007 2022 δ
3033 1981 3136 2048 Qui
3155 1982 3352 2036 habitat
3369 1985 3424 2036 in
3448 1983 3539 2036 ad.

279 2106 286 2116 ι
354 2069 900 2128 XXIX—Arnobius
919 2073 1088 2127 dixit:
1114 2072 1227 2128 Hoc
1245 2071 1391 2141 (ιυοᾱ
1417 2072 1563 2126 illum
1584 2088 1614 2126 a
1633 2078 1857 2140 peccato
1952 2082 2151 2152 jutorio
2179 2079 2430 2131 Altissimi
2459 2076 2577 2145 (Ps.
2612 2092 2701 2139 xc,
2734 2075 2821 2143 t),
2849 2083 2954 2130 etc.
2986 2073 3273 2130 Videamus
3294 2091 3432 2130 nunc
3450 2077 3540 2144 qui

280 2165 457 2219 facere
471 2154 696 2220 liberum
711 2164 885 2234 potuit
901 2173 926 2199 ι
945 2164 999 2217 in
1013 2163 1170 2234 primi
1184 2164 1416 2217 hominis
1427 2163 1863 2232 praevaricatione

278 2254 471 2324 periit:
491 2253 633 2308 unde
659 2260 958 2308 creaturam
979 2267 1130 2306 suam
1148 2248 1375 2305 Creator
1396 2251 1466 2305 ad
1484 2251 1622 2306 hanc
1635 2264 1864 2327 recupe-

279 2332 548 2402 rationem
575 2342 872 2415 praevenire
909 2341 1110 2412 potuit,
1139 2349 1201 2396 ut
1236 2341 1362 2412 quia
1384 2341 1495 2411 jam
1527 2326 1866 2416 suisviribus

279 2436 501 2494 liberari
529 2452 562 2490 a
580 2443 806 2506 peccato
826 2449 934 2488 non
963 2440 1194 2503 poterat,
1213 2433 1307 2488 Dei
1330 2432 1499 2501 gratia
1527 2417 1861 2487 liberaretur.

282 2528 441 2585 Unde
482 2523 669 2582 etiam'
707 2523 1040 2579 infirmitates
1086 2531 1300 2589 nostrae,
1331 2521 1623 2578 Salvatoris
1655 2522 1862 2577 Domini

285 2633 490 2674 nomen
510 2617 898 2687 imposuerunt,
912 2615 1189 2685 captivitas
1217 2621 1401 2669 nostra
1424 2613 1856 2685 Redemptorem,

288 2710 519 2766 miseria:
546 2716 742 2764 nostra:
768 2705 1180 2770 misericordem,
1196 2708 1426 2762 servitus
1441 2708 1802 2764 liberatorem.

357 2803 511 2858 Nunc
536 2811 587 2857 te
606 2801 728 2856 volo
748 2800 1092 2870 Serapionem
1122 2801 1470 2870 interrogare.
1501 2800 1665 2871 Cupis
1700 2809 1760 2856 ut
1783 2801 1861 2856 tui

279 2890 605 2947 misereatur
626 2889 785 2956 Deus,
800 2906 882 2966 an
903 2890 1045 2945 non?
1071 2922 1142 2932 —
1168 2885 1429 2960 Serapion
1450 2890 1582 2944 dixit
1609 2909 1619 2942 :
1651 2889 1718 2944 Et
1742 2891 1862 2960 quis

278 2993 367 3039 est
391 2982 481 3052 qui
517 2996 626 3037 non
655 2981 766 3036 vult
793 2988 852 3035 ut
891 2979 1005 3049 ejus
1037 2981 1354 3036 misereatur
1382 2981 1559 3036 Deus?
1585 2999 1656 3024 —-
1686 2982 1862 3036 Arno—

278 3076 402 3133 bius
441 3074 614 3130 dixit:
643 3073 758 3142 Ego
785 3073 928 3143 quod
981 3074 1272 3142 interrogo,
1304 3073 1443 3127 sicut
1479 3080 1533 3126 te
1569 3061 1862 3139 interrogo,

1961 2172 2036 2225 ita
2078 2169 2266 2234 credit,
2299 2175 2352 2222 et
2386 2167 2475 2236 qui
2515 2166 2587 2220 ita
2629 2165 2778 2229 dicit,
2801 2164 2929 2235 quid
2968 2165 3019 2220 ei
3043 2165 3273 2220 eveniat.
3305 2165 3545 2235 Scapulis

1963 2262 2072 2315 suis
2095 2258 2412 2313 obumbrabit
2435 2256 2543 2322 tibi,
2575 2265 2755 2311 etc.—
2783 2255 3041 2326 Serapion
3061 2255 3194 2311 dixit
3219 2274 3230 2308 :
3255 2255 3392 2322 Quid
3417 2270 3545 2325 ergo

1965 2352 2184 2408 habebit
2229 2350 2447 2405 libertas
2475 2348 2718 2403 arbitrii?
2740 2381 2812 2392 —-
2838 2349 3105 2405 Arnobius
3142 2348 3276 2404 dixit
3309 2366 3320 2402 :
3354 2360 3376 2388 ο
3412 2347 3478 2405 Ut
3499 2349 3545 2406 si

1964 2425 2072 2513 non
2103 2425 2181 2496 vis
2201 2429 2538 2504 itaex-edere,
2570 2457 2678 2502 non
2708 2440 2781 2494 ita
2809 2439 3026 2505 credas,
3058 2448 3114 2495 et
3139 2429 3339 2494 auxilio
3376 2439 3541 2502 tedi-

1923 2546 1933 2560 '
1964 2534 2087 2588 vino
2113 2531 2425 2602 suspendas.
2472 2530 2527 2584 Si
2578 2530 2656 2585 vis
2683 2536 2812 2584 Vero
2845 2529 3093 2594 credere,
3123 2529 3195 2584 ita
3220 2528 3287 2583 ab
3313 2527 3397 2588 his
3423 2543 3542 2598 qua:

1961 2626 2058 2680 tibi
2088 2625 2380 2690 imminent,
2411 2622 2641 2678 faciente
2668 2621 2763 2678 Dei
2792 2621 3010 2689 auxilio,
3028 2621 3271 2678 libereris
3298 2630 3353 2676 et
3378 2622 3540 2676 mise-

1960 2716 2211 2773 ricordia.

2032 2805 2272 2861 XXX.-—
2285 2805 2547 2874 Serapion
2576 2803 2711 2858 dixit
2733 2820 2747 2858 :
2771 2801 2889 2856 Non
2904 2803 2978 2856 ita
2998 2800 3283 2856 docentem
3305 2800 3546 2868 Augusti-

1962 2914 2088 2954 num
2119 2896 2314 2951 audivi.
2336 2926 2409 2938 —
2436 2894 2705 2949 Arnobius
2732 2892 2866 2946 dixit
2889 2910 2902 2943 :
2933 2891 2992 2944 ln
3020 2906 3125 2960 qua
3157 2898 3308 2960 parte
3335 2905 3444 2944 non
3473 2891 3545 2944 ita

1962 2971 2157 3042 audisti
2186 3001 2309 3042 eum
2337 2973 2656 3041 docentem?
2675 3010 2749 3021 —-
2773 2981 3033 3052 Serapion
3073 2981 3209 3037 dixit
3241 2999 3253 3034 :
3285 2981 3401 3038 Non
3446 2982 3544 3036 im-

1967 3080 2176 3150 perium
2205 3077 2336 3147 legis
2365 3077 2587 3148 implere
2615 3075 2792 3131 omnia
2837 3075 3106 3129 volumina
3138 3082 3457 3129 tractatuum
3489 3082 3543 3128 ct

278 3165 352 3221 ad
387 3180 451 3220 ea
476 3165 602 3220 volo
627 3165 756 3219 mihi
781 3162 1124 3234 respondeas.
1151 3162 1322 3228 Unde,
1355 3163 1442 3217 dic
1468 3164 1618 3226 mihi,
1643 3163 1783 3232 petis
1808 3171 1867 3218 ut
1894 3155 1940 3220 C
1970 3171 2228 3225 librorum
2256 3168 2371 3239 ejus
2400 3175 2665 3223 testantur
2708 3167 2924 3238 scripta.
2959 3198 3030 3208 —
3058 3165 3324 3221 Arnobius
3363 3166 3496 3220 dixit
3529 3185 3541 3219 :

279 3258 364 3313 tui
382 3257 704 3312 misereatur
730 3256 909 3311 Deus?
935 3288 1007 3298 —
1033 3254 1294 3325 Serapion
1319 3254 1454 3309 dixit
1487 3273 1498 3306 :
1534 3254 1715 3318 Plane,
1742 3255 1867 3324 quia

279 3350 403 3425 hoc,
425 3347 666 3427 quotidie
700 3347 869 3402 Deum
907 3363 1100 3418 precor
1126 3355 1181 3401 et
1203 3334 1211 3340 ’
1232 3348 1476 3402 obsecro.
1507 3379 1576 3388 ——
1605 3345 1867 3401 Arnobius

281 3442 452 3497 dixit:
481 3425 624 3510 Ergo
643 3425 906 3495 miserum
945 3448 999 3494 te
1041 3437 1320 3504 confitere,
1346 3451 1400 3493 ut
1447 3427 1865 3495 misericordiam

280 3532 664 3602 consequaris;
696 3531 764 3585 ad
788 3546 947 3601 quam
996 3546 1108 3585 rem
1141 3531 1264 3585 audi
1292 3530 1608 3586 clamantem
1639 3530 1868 3600 Aposto-

281 3625 396 3680 lum
440 3642 451 3676 :
503 3620 667 3678 Miser
712 3639 805 3694 ego
833 3623 1002 3685 homo,
1045 3625 1157 3693 quis
1185 3638 1266 3676 me
1294 3621 1526 3677 liberabit
1576 3622 1638 3676 de
1660 3640 1870 3693 corpore

281 3717 462 3771 mortis
483 3715 674 3786 hujus?
694 3713 877 3767 Gratia
899 3713 994 3768 Dei
1015 3707 1295 3784 pierlesum
1315 3713 1571 3768 Christum
1594 3713 1871 3768 Dominum

283 3815 517 3864 nostrum
541 3807 559 3876 (
584 3805 734 3883 Rom.
764 3822 856 3870 vn,
891 3804 971 3882 ‘24
995 3805 1033 3873 ).
1067 3804 1276 3872 Collige
1332 3818 1460 3872 ergo
1504 3807 1789 3870 rationem,
1820 3813 1874 3859 et

283 3899 409 3954 vide
435 3900 562 3967 quia
583 3897 630 3952 si
650 3905 804 3966 potes
823 3897 940 3952 sine
967 3905 1193 3966 peccato
1223 3911 1343 3950 esse
1361 3935 1376 3959 ,
1403 3897 1654 3950 miserum
1676 3905 1729 3952 te
1757 3911 1876 3951 esse

285 3986 542 4046 conﬁteri
567 4003 674 4042 non
701 3987 906 4056 poteris
923 4027 939 4051 ,
969 3995 1026 4040 et
1052 4002 1173 4042 cum
1202 3977 1457 4039 miserum
1484 3996 1538 4039 te
1576 4003 1681 4040 non
1709 3985 1876 4040 conli-

289 4077 452 4140 teris,
481 4093 512 4129 a
540 4076 908 4130 misericordia
954 4076 1050 4130 Dei
1073 4084 1126 4129 te
1153 4075 1456 4145 suspendis.
1489 4075 1557 4128 Et
1597 4085 1687 4129 aut
1725 4085 1880 4144 potes

289 4166 528 4236 teipsum
557 4181 588 4220 a
615 4153 836 4236 peccato
864 4154 936 4220 ita
961 4165 1310 4234 suspendere,
1327 4173 1431 4218 uta
1453 4165 1733 4234 prohibitis
1757 4182 1883 4236 pos-

285 4259 368 4316 sis
396 4258 601 4313 viribus
631 4257 737 4311 tuis
784 4256 1074 4321 abstinere,
1104 4263 1159 4310 et
1194 4255 1360 4310 miser
1385 4271 1490 4309 non
1542 4256 1631 4310 sis.
1665 4255 1720 4310 Si
1750 4272 1878 4312 vero

284 4351 553 4406 miserum
582 4356 638 4404 te
676 4337 800 4414 scis,
835 4358 890 4404 et
935 4364 1042 4404 non
1073 4348 1248 4419 possis
1276 4347 1586 4419 simpliciter
1613 4348 1874 4415 confiteri,

285 4449 442 4500 recte
470 4457 502 4496 a
531 4441 645 4496 Deo
679 4441 1105 4496 misericordiam
1133 4441 1385 4509 consequi
1415 4442 1635 4510 poteris.
1660 4441 1791 4496 Nam
1821 4451 1877 4497 et

1973 3263 2160 3331 Tangit
2188 3278 2273 3317 me
2303 3263 2375 3316 ita
2403 3263 2540 3316 sicut
2569 3269 2692 3315 Sunt
2720 3261 2854 3314 mira
2885 3258 3000 3328 ejus
3028 3259 3189 3313 verba
3220 3259 3272 3313 in
3310 3259 3542 3314 medium

1967 3349 2228 3430 proferre,
2258 3364 2313 3411 et
2339 3357 2566 3426 probare
2595 3361 2850 3423 quantum
2871 3351 3002 3419 legis
3024 3351 3265 3420 imperio,
3288 3357 3546 3418 quantum
3569 3331 3576 3342 ’

1970 3435 2144 3512 liberti
2168 3446 2493 3502 concedatur
2521 3444 2760 3497 arbitrio.
2787 3475 2857 3512 -_-—
2877 3441 3136 3509 Scrapion
3165 3439 3298 3493 dixit
3324 3457 3334 3490 :
3361 3439 3549 3495 Testor

1969 3535 2158 3602 Deum,
2190 3535 2315 3606 quia
2344 3532 2684 3589 sollicitudini
2731 3546 2863 3583 mea:
2912 3528 3156 3582 universa
3204 3527 3548 3596 ambiguitate

1971 3629 2236 3691 eliminas,
2267 3627 2310 3683 si
2340 3625 2405 3679 de
2434 3625 2516 3678 his
2545 3622 2658 3691 ejus
2687 3621 2816 3674 mihi
2846 3618 3063 3673 delinita
3093 3618 3331 3688 proferas
3354 3657 3370 3683 ,
3399 3613 3454 3673 et
3481 3618 3548 3673 de

1973 3717 2219 3771 omnibus
2246 3729 2364 3784 quae
2405 3720 2674 3767 transacta
2714 3718 2838 3765 sunt
2883 3709 3148 3765 evidentia
3195 3708 3310 3777 ejus
3357 3708 3549 3762 afferas

1973 3808 2312 3863 documenta.
2341 3804 2536 3859 Fateor
2564 3803 2706 3857 enim
2734 3817 2820 3857 me
2843 3802 2959 3868 ejus
2988 3801 3308 3854 assertiones
3329 3799 3400 3852 ita
3422 3815 3549 3867 pro-

1975 3899 2127 3953 batas
2154 3899 2372 3959 habere,
2398 3904 2457 3949 ut
2484 3896 2719 3962 seipsum
2748 3907 2843 3946 ore
2861 3907 2960 3946 suo
2981 3891 3289 3944 harreticum
3316 3889 3548 3956 detegat,

1979 3988 2070 4055 qui
2099 3986 2451 4054 Augustinum
2479 3981 2748 4053 putaverit
2776 3982 2828 4033 in
2858 3981 3036 4047 aliquo
3060 3977 3553 4049 reprehendendum

1981 4069 2213 4146 eloquio.
2247 4073 2608 4144 ——,Arnobius
2635 4070 2769 4125 dixit
2800 4088 2813 4123 :
2847 4069 2965 4124 Meo
3004 4085 3163 4125 sensu
3211 4069 3418 4123 locutus
3446 4083 3505 4122 es
3538 4087 3549 4121 :

1980 4185 2104 4224 nam
2148 4184 2210 4224 ea
2257 4183 2376 4237 qua:
2413 4165 2548 4236 ejus,
2572 4179 2714 4219 nunc
2738 4162 2979 4234 profero,
3011 4177 3073 4216 ac
3109 4162 3153 4216 si
3199 4161 3552 4216 sacratissima

1981 4259 2344 4331 apostolorum
2374 4257 2570 4326 scripta
2600 4255 2677 4310 sic
2701 4251 2882 4317 credo,
2914 4247 2976 4306 et'
2999 4259 3185 4316 teneo,
3215 4259 3270 4305 et
3297 4249 3548 4304 defendo.

1978 4351 2064 4406 Ait
2104 4349 2251 4404 enim
2289 4366 2300 4401 :
2342 4347 2618 4416 lnquirens
2656 4344 2709 4399 in
2738 4342 2930 4398 diiinis
2976 4341 3264 4412 Scripturis
3309 4341 3436 4411 quid
3483 4342 3552 4394 sit

1977 4442 2167 4511 gratia,
2198 4448 2372 4494 utrum
2420 4437 2645 4492 liberum
2693 4434 2971 4490 arbitrium
3018 4439 3160 4488 esset
3203 4433 3404 4500 gratia,
3435 4431 3550 4485 sive

282 4535 334 4591 si
367 4534 562 4588 habere
587 4541 642 4587 te
667 4531 867 4602 aliquid
893 4529 1032 4586 forte
1058 4531 1370 4587 existimare
1397 4533 1598 4597 v’aleas,
1628 4540 1684 4587 et
1709 4532 1870 4587 doee-
1892 4527 1948 4588 D
1971 4532 2193 4601 gratiam
2235 4545 2354 4584 esse
2397 4534 2740 4599 peccatorum
2761 4564 2777 4591 ,
2825 4526 2938 4580 sive
2980 4523 3204 4593 gratiam
3256 4538 3374 4577 esse
3421 4522 3552 4592 legis

284 4643 374 4693 re,
401 4627 596 4683 clamat
639 4626 707 4691 ad
749 4633 806 4681 te
832 4626 1119 4697 Apostolus
1150 4644 1162 4679 :
1194 4623 1332 4690 Quid
1356 4628 1494 4681 enim
1519 4626 1693 4692 habes,
1735 4626 1873 4700 quod

1976 4631 2260 4696 praecepta,
2293 4630 2348 4677 et
2375 4621 2506 4676 nihil
2547 4636 2734 4676 eorum
2773 4616 3000 4688 cognovi
3039 4632 3158 4686 quae
3185 4631 3282 4687 per
3326 4615 3552 4671 admini-

1451 4737 1561 4792 FR.
1603 4735 2084 4794 FEU-ARDENTII
2121 4733 2348 4790 NOTAE.

286 4835 493 4906 frustra
517 4829 767 4885 Dominus
787 4830 982 4884 dixisse
1004 4829 1264 4884 uideretur
1295 4845 1311 4883 :
1340 4829 1467 4884 Sine
1493 4847 1576 4884 me
1612 4830 1742 4884 nihil
1779 4846 1871 4900 po-

287 4903 460 4972 testis
468 4903 654 4972 facere.

371 4980 397 5008 ⁸
432 4967 598 5026 Docte
624 4979 680 5025 et
700 4978 848 5026 recte
874 4970 942 5024 de
969 4970 1071 5024 hac
1105 4985 1166 5024 re
1206 4969 1417 5039 scripsit
1443 4970 1666 5038 August.
1694 4987 1707 5022 :
1742 4967 1874 5022 Pec-

285 5048 414 5097 cato
436 5039 564 5094 Adae
592 5039 806 5094 liberum
840 5039 1111 5094 arbitrium
1150 5040 1212 5092 de
1250 5039 1512 5093 hominum
1534 5049 1732 5107 natura
1756 5055 1870 5108 per-

287 5113 419 5166 iisse
439 5126 542 5163 non
570 5111 804 5173 dicimus,
828 5110 918 5164 sed
944 5110 1014 5162 ad
1040 5109 1352 5176 peccandum
1378 5109 1548 5162 ualere
1578 5110 1633 5162 in
1654 5108 1874 5162 homini-

288 5181 392 5234 bus
419 5179 632 5260 subditis
663 5180 888 5260 diabolo.
919 5178 1000 5260 Ad
1038 5178 1362 5260 bene_autent
1401 5180 1580 5260 pieque
1606 5178 1873 5260 uiuendum

287 5267 404 5306 non
424 5252 612 5315 valere,
644 5251 743 5304 nisi
770 5253 883 5320 ipsa
905 5251 1140 5304 uoluntas
1161 5249 1382 5302 hominis
1402 5247 1508 5319 Dei
1520 5249 1689 5320 gratia
1721 5248 1875 5320 fuerit

289 5319 482 5383 libera,
511 5327 561 5373 et
587 5321 654 5373 ad
685 5319 838 5374 omne
861 5320 1047 5375 bonum
1089 5320 1329 5383 actionis,
1370 5319 1640 5389 sermonis,
1670 5319 1870 5389 cogita-

291 5390 664 5471 tionis‘adjuta
695 5389 901 5471 (143.03..."
928 5390 1273 5471 contra__dttas
1301 5391 1448 5471 epist:
1473 5388 1682 5470 .Pelagu
1711 5385 1755 5440 c'.
1794 5385 1866 5454 5).

373 5459 399 5497 δ
440 5457 750 5514 Per'omnia
778 5461 878 5514 sibi
903 5461 1241 5515 consentiens
1287 5457 1569 5523 Arnobius,
1601 5457 1874 5513 commen-

289 5529 454 5586 tariis
479 5531 534 5584 in
561 5530 704 5586 hunc
729 5530 994 5597 psalmum
1019 5530 1180 5586 etiam
1210 5528 1611 5597 Pelagianorum
1635 5543 1873 5581 errorem

291 5601 388 5657 his
413 5600 610 5656 refellit
640 5599 843 5654 :Multi
869 5607 1052 5667 putant
1073 5599 1372 5652 libertatem
1412 5599 1613 5651 arbitrii
1655 5613 1872 5667 eousque

292 5687 454 5743 posse
491 5669 588 5752 sibi
613 5671 868 5752 sumsere,
899 5677 954 5720 ut
997 5684 1107 5721 sese
1141 5683 1231 5737 per
1270 5669 1434 5737 ipsum
1481 5667 1762 5746 libertatem
1809 5666 1872 5718 ab

289 5737 896 5807 hostibushmmibthbus
923 5752 1102 5793 eruere
1135 5753 1286 5804 posse
1320 5737 1603 5806 conﬁdant.
1638 5733 1870 5789 Liberta-

1974 4835 2073 4881 tem
2103 4837 2271 4881 autem
2301 4824 2505 4879 arbitrii
2547 4834 2597 4878 et
2624 4839 2816 4894 negare
2845 4823 3127 4894 periculum
3151 4829 3246 4885 est,
3278 4823 3552 4894 etqnudare

1973 4905 2258 4967 peccatum.
2292 4895 2352 4950 Si
2384 4890 2853 4967 enintgnegaueris,
2879 4890 3114 4946 omnibus
3144 4894 3294 4963 frena
3323 4892 3546 4960 laxasti,

1974 4965 2020 5021 si
2049 4966 2342 5027 nudaveris,
2373 4965 2633 5032 decepisti,
2666 4970 2772 5032 etc.
3451 5016 3456 5022 .
3525 5013 3544 5022 ..

2051 5047 2073 5094 φ
2116 5035 2195 5089 Ad
2225 5033 2382 5091 ﬁdem
2411 5031 2814 5102 concipiendam
2856 5039 2910 5087 et
2949 5032 3277 5088 retinendam
3325 5034 3551 5090 liberum

1975 5106 2206 5160 hominis
2253 5103 2529 5173 arbitrium
2579 5117 2672 5173 sua
2717 5103 3068 5173 consensione
3113 5104 3427 5173 cooperari,
3471 5103 3552 5155 his

1973 5175 2152 5246 verbis
2165 5172 2368 5246 asserit
2385 5171 2706 5246 Augustinus
2727 5170 2868 5246 (Lib.
2888 5189 2922 5227 ιι
2942 5173 3004 5227 de
3026 5170 3234 5246 Spiritu
3254 5183 3303 5224 et
3327 5171 3475 5232 Litt.,
3500 5185 3545 5220 c.

1978 5244 2066 5313 52)
2102 5263 2113 5296 :
2150 5242 2286 5307 Quid
2310 5251 2384 5296 est
2402 5245 2539 5313 enim
2567 5243 2791 5307 credere,
2817 5244 2916 5298 nisi
2945 5242 3232 5306 consentire
3253 5253 3552 5313 verumAesse

1979 5308 2114 5386 quod
2141 5314 2367 5386 dicitur?
2387 5311 2668 5386 Consensio
2691 5321 2861 5386 autem
2890 5315 3163 5386 uoluntatis
3190 5317 3292 5370 est,
3322 5308 3550 5386 profecto

1978 5373 2107 5454 fides
2135 5387 2187 5438 in
2218 5383 2477 5438 voluntate
2503 5392 2598 5437 est.
2630 5383 2694 5436 Et
2723 5384 2882 5452 paulo
2910 5391 3032 5454 post
3063 5400 3075 5434 :
3108 5378 3238 5454 Cum
3266 5373 3551 5454 ergo-ﬁdes

1979 5443 2034 5508 in
2063 5463 2310 5523 potestate
2337 5455 2434 5515 sit,
2466 5456 2702 5523 quoniam
2724 5443 3004 5525 cumbit“.
3034 5450 3242 5520 quisque
3280 5443 3551 5525 εζξιζὶςξηει

1979 5511 2093 5577 cum
2123 5524 2302 5589 credit,
2347 5511 2517 5578 uolens
2544 5525 2723 5577 credit.
2755 5521 2822 5574 Et
2855 5511 3000 5573 idem
3040 5511 3403 5591 alibi
3432 5511 3546 5584 (Tr.

1977 5593 2048 5648 26
2095 5596 2147 5648 in
2193 5579 2383 5660 Joait.)
2429 5611 2440 5644 :
2488 5592 2696 5647 Intrare
2746 5591 3011 5658 quisquam
3048 5579 3348 5660 _Ec€l€85!tt_tt
3385 5579 3552 5656 potest

1979 5664 2176 5729 nolens,
2219 5652 2459 5718 accedere
2487 5664 2553 5713 ad
2582 5652 2935 5729 altare'potest
2973 5652 3172 5729 nolens,
3209 5652 3438 5729 accipere
3464 5673 3552 5710 sa.

1977 5721 2294 5790 crumentum
2307 5740 2470 5802 potest
2487 5729 2684 5790 nolens,
2701 5721 2905 5778 credere
2933 5737 3032 5776 non
3055 5728 3218 5792 potest
3236 5721 3337 5778 nisi
3357 5725 3547 5784 uolens.
