4108 6348
532 278 754 368 Isis.

1937 307 2211 366 ARNOBII
2246 307 2552 367 JUNIORIS

3771 313 3887 372 HO

601 429 919 486 strationem
945 426 1178 499 Spiritus
1199 426 1372 484 sancti
1399 425 1708 498 pertineant
1725 425 1793 481 ad
1811 427 2190 498 concupiscam
2214 427 2264 488 Α
2293 425 2551 484 faciamus
2577 428 2798 494 bonum,
2827 428 2918 484 ubi
2944 427 3158 495 dicitur.
3180 427 3398 486 Declina
3423 436 3476 484 et
3496 446 3531 484 ι
3551 430 3693 486 malo
3718 436 3770 484 et
3794 433 3886 504 [ac

603 519 1162 588 tias'tentationesque
1187 517 1504 584 vincendos,
1535 531 1696 588 quam
1725 516 1987 574 ditissima
2014 515 2187 572 citim-

601 612 695 668 det
717 626 880 684 super
907 626 1006 665 nos
1048 609 1144 680 qui
1187 608 1422 664 ascendit
1465 610 1522 663 in
1567 609 1781 672 celum,
1823 616 1881 664 et
1925 610 2188 681 captiuam

603 703 952 774 captivitatem
993 699 1137 754 dedit
1163 699 1306 755 dona
1334 697 1625 754 hominibus
1655 699 1827 771 (Psat.
1863 715 2043 766 mm,
2074 697 2186 773 19).

604 793 741 850 Hinc
767 800 823 849 et
849 807 1068 848 oramus
1093 799 1152 847 ut
1179 800 1524 862 peccatorum
1568 793 1892 849 tentationes
1932 807 2193 863 superare

601 887 896 959 possimus,
927 893 986 940 et
1009 884 1244 956 Spiritus
1289 884 1418 951 Dei,
1449 884 1592 940 unde
1627 885 1820 955 pignus
1864 885 2190 956 accepimus,

602 980 818 1050 adjuvet
845 977 1212 1034 inﬁrmitatem
1239 987 1498 1034 nostram.
1533 976 1637 1046 Qui
1664 960 1845 1034 autem
1875 985 1996 1035 orat
2022 986 2078 1034 et
2104 977 2191 1034 dio

601 1072 712 1129 cit:
739 1070 824 1126 Ne
851 1088 945 1127 nos
972 1071 1148 1126 induci
1175 1072 1396 1144 patiaris
1426 1071 1480 1124 in
1511 1071 1846 1126 tentationcm
1867 1069 2081 1142 (Matth.
2115 1086 2187 1136 vt,

605 1165 729 1238 i5),
759 1181 866 1222 non
896 1166 1080 1236 utique
1109 1164 1162 1220 id
1189 1172 1339 1232 erat,
1373 1171 1432 1220 ut
1458 1164 1623 1220 homo
1646 1164 1763 1230 sit,
1796 1163 1943 1234 quod
1969 1173 2052 1220 est
2096 1177 2192 1218 na-

602 1271 750 1327 tura;
783 1267 959 1330 uellue
987 1259 1040 1314 id
1086 1267 1225 1325 orat,
1268 1265 1327 1313 ut
1371 1258 1567 1315 habeat
1614 1257 1840 1314 liberum
1888 1257 2188 1323 arbitrium,

601 1353 750 1424 quod
773 1353 885 1424 jam
914 1353 1122 1423 accepit
1149 1368 1274 1408 cum
1300 1360 1578 1407 crearetur
1605 1352 1720 1423 ipsa
1767 1359 1984 1429 natura;
2016 1367 2193 1423 neque

602 1451 723 1500 orat
750 1451 1098 1515 peccatorum
1127 1443 1518 1506 remissionem,
1551 1443 1676 1512 quia
1707 1435 1810 1499 hoc
1833 1444 2080 1514 superius
2106 1443 2191 1499 di-

602 1535 742 1591 citur
774 1553 787 1585 :
816 1534 1034 1590 Dimitte
1078 1535 1225 1589 nobis
1273 1533 1445 1588 debita
1492 1544 1699 1599 nostra;
1749 1549 1922 1604 neque
1968 1543 2089 1590 orat
2135 1542 2193 1590 ut

603 1626 830 1697 accipiat
884 1625 1192 1681 mandatum
1226 1644 1239 1678 :
1271 1623 1367 1681 sed
1407 1635 1528 1682 orat
1567 1627 1726 1696 plane
1767 1635 1824 1681 ut
1851 1627 2013 1682 faciat
2042 1643 2194 1682 man-

603 1719 804 1774 datum.
837 1716 968 1773 Orat
996 1727 1054 1774 ut
1092 1734 1199 1774 non
1230 1727 1455 1789 peccet,
1487 1721 1591 1775 hoc
1619 1727 1701 1776 est
1724 1761 1738 1782 ,
1773 1737 1839 1775 ne
1877 1721 2003 1790 quid
2033 1721 2194 1777 faciat

2293 517 2511 586 bonum;
2543 526 2598 576 et
2622 529 2802 576 tamen
2827 529 3013 576 oratur
3039 529 3098 576 ut
3124 521 3382 578 faciamus
3417 523 3636 588 bonum,
3670 522 3762 577 ubi
3800 523 3888 579 di-

2292 613 2432 669 citur
2473 631 2485 665 :
2525 611 2651 668 Non
2688 629 2949 668 cessamus
2973 630 3071 684 pro
3098 612 3238 669 vobis
3266 621 3494 677 orantes,
3523 620 3584 667 ut
3609 613 3890 670 ambuletis

2293 703 2447 775 digne
2473 703 2601 769 Deo,
2625 705 2680 758 in
2709 704 2945 760 omnibus
2970 703 3359 777 beneplacentes
3405 704 3538 772 Deo,
3564 712 3616 759 et
3651 706 3707 760 in
3741 707 3888 762 austri

2293 812 2446 866 opere
2483 794 2634 852 bono.
2667 795 2724 852 Si
2753 810 2882 866 ergo
2908 797 3247 866 agnoscimus
3275 797 3625 860 voluntatem,
3651 798 3738 852 cui
3767 799 3888 854 hac

2294 887 2691 958 przecipiuntur,
2721 888 2799 942 sic
2825 887 3082 943 debemus
3130 902 3424 957 agnoscere
3451 889 3700 956 gratiam,
3742 903 3887 958 qne-

2293 979 2454 1034 modo
2491 978 2608 1034 sine
2649 979 2743 1034 Dei
2779 979 2950 1048 gratia
2979 993 3102 1048 quae
3140 979 3366 1050 implere
3403 980 3652 1051 etspimus
3679 980 3889 1036 nullum

2293 1072 2589 1128 sortiuntur
2635 1072 2904 1128 effectum.
2948 1103 3020 1114 —
3055 1070 3320 1143 Serapion
3372 1071 3508 1128 dixit
3551 1090 3565 1124 :
3601 1071 3891 1139 Quomodo

2294 1178 2485 1234 magna
2527 1164 2640 1219 haec
2679 1165 2902 1220 assertio
2947 1165 3119 1220 sancti
3165 1164 3266 1219 viri
3312 1171 3460 1218 tanta
3508 1171 3591 1219 est
3630 1165 3892 1234 tequitate
3934 1237 3939 1241 .

2293 1257 2539 1322 subnixa,
2572 1265 2630 1312 ut
2657 1264 2847 1312 contra
2875 1258 2990 1312 haec
3017 1257 3212 1312 mentis
3237 1257 3400 1312 homo
3423 1255 3612 1312 venire
3638 1272 3746 1311 non
3768 1271 3893 1327 pos-
3943 1259 3945 1262 ⁴

2293 1349 2400 1405 sit:
2433 1364 2590 1414 nosse
2626 1348 2786 1420 cupio
2825 1349 2869 1404 si
2898 1349 3059 1404 etiam
3089 1347 3159 1403 de
3183 1349 3266 1402 his
3289 1362 3411 1416 quae
3448 1347 3709 1403 anteriori
3747 1355 3893 1403 tem-

2295 1457 2428 1514 pore
2472 1443 2697 1510 egimus,
2749 1440 2840 1512 tali
2869 1441 2936 1495 ab
2967 1455 3033 1495 eo
3077 1439 3275 1494 fuerint
3302 1454 3463 1494 sensu
3500 1439 3588 1496 vel
3636 1453 3890 1496 sermone

2293 1523 2528 1590 deﬁnita.
2559 1565 2631 1575 —
2658 1532 2928 1591 Arnobius
2969 1531 3106 1586 dixit
3151 1549 3163 1583 :
3197 1529 3362 1585 Multa
3410 1538 3535 1586 sunt
3580 1529 3651 1586 de
3694 1530 3891 1600 quibus

2294 1625 2586 1696 disputatio
2626 1631 2810 1680 nostra
2847 1639 2945 1694 per
2983 1623 3392 1678 altercationem
3428 1621 3676 1693 pervenit
3714 1620 3781 1676 ad
3816 1618 3885 1674 ﬂ-

2296 1733 2418 1773 nem
2443 1735 2457 1785 ;
2489 1719 2558 1773 de
2584 1733 2692 1787 quo
2720 1731 2863 1772 nunc
2892 1716 3048 1770 titulo
3089 1714 3262 1770 sancti
3287 1714 3568 1783 Augustini
3598 1714 3680 1769 vis
3719 1713 3885 1769 robo-

605 1810 731 1866 mali
759 1827 771 1863 :
805 1810 947 1882 quod
989 1826 1089 1880 pro
1136 1809 1432 1867 Corinthiis
1473 1822 1594 1868 orat
1634 1814 1924 1884 Apostolus
1962 1814 2147 1870 dicens
2179 1834 2192 1868 :
2226 1817 2274 1878 B
2300 1812 2406 1866 rari
2431 1811 2724 1865 sermone?
2749 1807 3101 1878 —Serapion
3139 1807 3275 1861 dixit
3305 1825 3316 1860 :
3349 1807 3425 1862 De
3451 1805 3734 1861 nativitate
3759 1805 3885 1862 ιωυ

607 1899 832 1957 Oramus
862 1911 1031 1958 autem
1062 1903 1131 1958 ad
1155 1903 1350 1983 Deum,
1384 1921 1449 1960 ne
1476 1907 1598 1978 quid
1627 1909 1834 1978 faciatis
1863 1909 2004 1962 mali.
2041 1908 2193 1965 Unde

605 1995 736 2050 satis
763 2003 988 2065 apparet
1014 1996 1140 2066 quia
1171 1995 1237 2050 ad
1267 2012 1374 2052 non
1405 1997 1752 2072 peccandum,
1778 1999 1832 2055 id
1861 2009 1962 2066 est,
1988 2001 2055 2056 ad
2087 2017 2194 2057 non

604 2086 1046 2144 malefaciendum
1069 2129 1085 2156 ,
1115 2092 1358 2160 quamvis
1388 2107 1506 2148 esse
1533 2108 1642 2148 non
1671 2093 1940 2150 dubitetur
1968 2096 2194 2152 liberum

603 2179 881 2236 arbitrium
911 2181 1236 2249 voluntatis,
1268 2192 1446 2241 tamen
1477 2186 1593 2257 ejus
1632 2195 1872 2259 potestas
1911 2204 2016 2244 non
2048 2189 2196 2244 sum-

603 2271 733 2335 ciat,
765 2272 868 2328 nisi
898 2273 1182 2344 adjuvetur
1216 2275 1518 2334 inﬁrmitas.
1560 2275 1679 2350 ipsa
1710 2281 1870 2350 igitur
1910 2283 2086 2336 oratio
2115 2289 2198 2337 est

604 2366 901 2422 clarissima
927 2369 1113 2436 gratia:
1141 2369 1466 2427 testificatio.
1499 2372 1622 2428 Haec
1651 2374 1739 2428 ille
1759 2374 2078 2430 confiteatur
2104 2375 2197 2446 qui

607 2458 858 2526 denegat,
889 2466 944 2513 et
971 2475 1094 2514 eum
1121 2462 1415 2528 gaudemus
1461 2465 1572 2519 sive
1616 2474 1821 2521 rectum
1870 2469 1981 2522 sive
2010 2482 2195 2522 corre-

607 2554 772 2602 ctum.
805 2548 1188 2620 Distinguenda
1218 2566 1347 2620 ergo
1378 2554 1462 2608 lex
1494 2563 1578 2610 est
1605 2565 1659 2610 et
1684 2559 1872 2625 gratia.
1908 2557 2019 2614 Lex
2043 2559 2198 2628 juva-

609 2645 695 2692 ret
724 2638 824 2694 nisi
857 2648 1001 2696 esset
1030 2642 1295 2709 voluntas,
1327 2659 1428 2700 nec
1471 2647 1641 2713 gratia
1683 2647 1899 2716 juvaret
1928 2650 2028 2704 nisi
2058 2657 2200 2706 esset

612 2728 912 2785 inﬁrmitas.
946 2730 1174 2788 Jubetur
1204 2742 1262 2788 ut
1289 2735 1516 2802 habeam
1546 2737 1876 2794 intellectum
1899 2780 1913 2806 ,
1947 2740 2034 2795 ubi
2063 2740 2196 2796 dici-

610 2828 715 2890 tur,
750 2821 927 2880 Nolite
965 2827 1081 2897 ﬁeri
1109 2844 1265 2899 equus
1294 2838 1343 2882 et
1391 2830 1576 2898 mulus,
1619 2839 1747 2897 etc.;
1778 2839 1832 2887 et
1861 2841 2040 2888 tamen
2070 2849 2198 2890 ora-

610 2931 729 2969 mus
759 2923 817 2970 ut
844 2916 1139 2984 habeamus
1169 2919 1528 2988 intellectum,
1563 2923 1652 2978 ubi
1682 2923 1877 2980 dicitur
1911 2945 1921 2979 :
1955 2925 2040 2979 Da
2070 2927 2198 2982 mihi

606 3006 920 3062 intellectum
947 3017 1003 3062 ut
1023 3009 1225 3064 discam
1251 3012 1507 3067 mandata
1537 3021 1643 3068 tua.
1668 3013 1893 3074 Jubetur
1921 3025 1978 3082 ut
2006 3019 2198 3075 habea-

609 3113 728 3154 mus
756 3099 1092 3170 sapientiam,
1123 3103 1212 3158 ubi
1233 3102 1428 3158 dicitur
1452 3123 1463 3157 :
1491 3105 1673 3175 Stulti,
1697 3109 1978 3181 aliquando
1999 3114 2194 3184 sapite;

2297 1902 2516 1967 Christi,
2549 1903 2601 1957 in
2622 1917 2727 1972 qua
2756 1902 2898 1958 Deus
2921 1910 2976 1957 et
3000 1902 3164 1956 homo
3193 1900 3349 1956 nobis
3376 1915 3474 1971 per
3491 1899 3627 1955 duas
3647 1899 3886 1967 substan-

2298 1998 2401 2051 tias
2448 1995 2750 2050 declaratus
2795 2003 2909 2057 est,
2956 1994 3008 2048 in
3056 1993 3251 2062 quibus
3285 1999 3525 2047 sanctam
3569 1988 3796 2046 Mariam
3832 1997 3882 2046 et

2297 2091 2636 2168 Χριστοτὸκον
2681 2097 2736 2142 et
2773 2088 3010 2144 Θεοτόκον
3049 2083 3348 2149 exstitisse,
3399 2091 3452 2138 te
3507 2091 3789 2167 astrqente
3834 2089 3884 2138 et

2297 2183 2576 2254 probante,
2609 2179 2852 2248 cognovi.
2959 2189 2964 2194 '

2369 2271 2557 2326 XXXI.
2583 2305 2652 2315 ——
2683 2270 2953 2324 Arnobius
2990 2269 3126 2324 dixit
3155 2287 3166 2321 :
3198 2266 3256 2323 Si
3283 2267 3448 2322 verba
3479 2266 3596 2336 ejus
3622 2282 3721 2338 per
3741 2279 3879 2323 com-

2300 2375 2446 2421 mata
2475 2365 2641 2420 incisa
2669 2378 2974 2434 pr0ponere
3012 2361 3267 2427 voluero,
3300 2361 3660 2432 suspicionem
3705 2361 3880 2430 potius

2298 2473 2459 2528 quam
2489 2456 2906 2512 satisfactionem
2952 2454 3258 2510 exhibuisse
3286 2452 3528 2525 videbor.
3563 2451 3706 2508 Unde
3744 2463 3874 2507 con-

2300 2565 2490 2620 gruum
2519 2564 2713 2604 censeo
2757 2556 2815 2602 ut
2854 2549 3118 2615 integrum
3146 2547 3244 2601 tibi
3291 2545 3407 2616 ejus
3439 2552 3720 2601 tractatum
3751 2544 3876 2600 assi-

2300 2657 2477 2714 gnem,
2508 2656 2616 2714 quo
2646 2641 2921 2696 evidenter
2948 2654 3209 2710 agnoscas
3255 2654 3376 2693 eum
3407 2637 3542 2693 duas
3581 2637 3876 2693 nativitates

2299 2735 2539 2802 duasque
2566 2733 2892 2788 substantias
2922 2731 2974 2786 in
3004 2732 3162 2786 unico
3188 2730 3284 2786 Dei
3312 2729 3448 2786 Filio
3478 2729 3812 2802 praedicasse.

2301 2848 2484 2906 Sermo
2509 2848 2676 2902 sancti
2705 2846 2981 2918 Augustini
3002 2844 3248 2918 episcopi,
3264 2842 3340 2918 de
3364 2839 3658 2898 Natiuitate
3678 2840 3874 2896 Domini

2813 2916 2974 2970 nostri
2995 2913 3120 2970 Iesu
3151 2913 3360 2968 Christi.

2371 3021 2398 3050 ει
2439 3010 2688 3066 Salvator
2735 3016 2920 3064 noster
2961 3016 3115 3062 natus
3155 3005 3223 3062 de
3272 3005 3429 3060 Patre
3475 3006 3593 3060 sine
3636 3005 3743 3069 die,
3792 3018 3874 3075 per

2297 3117 2456 3174 quem
2488 3102 2658 3156 factus
2688 3107 2771 3154 est
2811 3099 2986 3154 omnis
3013 3098 3158 3164 dies,
3184 3097 3354 3152 voluit
3399 3096 3454 3151 in
3501 3105 3646 3151 terra
3692 3095 3875 3151 habere

608 3195 663 3242 et
692 3197 870 3244 tamen
901 3207 1118 3248 oramus
1146 3201 1206 3248 ut
1235 3193 1527 3252 habeamus
1559 3198 1875 3271 sapientiam
1895 3241 1908 3265 ,
1943 3203 2033 3257 ubi
2062 3202 2194 3260 dici-
2225 3198 2272 3262 C
2304 3193 2537 3249 natalem
2583 3193 2725 3249 hunc
2751 3191 2913 3257 diem:
2945 3206 3105 3260 quem
3133 3188 3293 3244 hOdie
3333 3187 3690 3244 cclebl‘amus-
3731 3186 3874 3255 ριιὶε·

580 3287 696 3334 .tur
721 3300 733 3334 :
761 3281 823 3336 Si
851 3285 963 3354 quis
992 3292 1212 3340 vestrum
1233 3287 1435 3360 indiget
1456 3291 1734 3360 sapientia,
1759 3298 1980 3364 postulet
2008 3312 2038 3348 a
2059 3294 2191 3363 Deo,

607 3373 693 3443 qui
728 3373 820 3427 dat
846 3374 1080 3431 omnibus
1109 3377 1396 3448 afﬂuenter,
1428 3390 1478 3434 et
1505 3398 1611 3436 non
1650 3383 1990 3453 imprOperat,
2011 3395 2070 3441 et
2100 3387 2196 3453 da-

608 3465 744 3519 bitur
771 3468 839 3522 ei.
870 3465 1129 3525 iubemur
1155 3471 1355 3527 habere
1394 3475 1801 3542 continentiam,
1835 3477 1926 3532 ubi
1953 3478 2148 3534 dicitur
2181 3500 2191 3534 :

608 3555 828 3614 Contine
857 3563 1105 3633 teipsum;
1137 3572 1192 3619 et
1220 3573 1401 3623 tamen
1441 3577 1626 3623 oratur
1656 3577 1713 3624 ut
1741 3572 2033 3627 habeamus
2062 3589 2193 3628 con-

609 3650 908 3722 tinentiam,
943 3655 1031 3708 ubi
1061 3655 1254 3711 dicitur
1290 3677 1301 3711 :
1335 3658 1463 3714 Cum
1489 3663 1674 3716 scirem
1703 3664 1821 3736 quia
1849 3680 1996 3718 nemo
2028 3672 2195 3734 potest

605 3746 878 3801 continens
907 3763 1017 3803 esse
1040 3749 1142 3813 nisi
1163 3747 1305 3804 Deus
1332 3751 1436 3817 det,
1466 3759 1514 3805 et
1543 3753 1639 3807 hoc
1666 3755 1834 3827 ipsum
1853 3766 1965 3809 erat
1994 3757 2200 3827 sapien-

605 3838 672 3892 tis
700 3838 858 3908 scire,
892 3840 1040 3912 cujus
1078 3851 1215 3898 esset
1243 3843 1340 3898 hoc
1387 3843 1600 3912 donum,
1643 3854 1693 3898 et
1738 3848 1932 3902 accessi
1973 3848 2042 3903 ad
2084 3847 2196 3904 Do;

607 3934 820 4016 minam,
845 3942 895 3988 et
914 3934 1215 4007 deprecatus
1243 3955 1357 3992 sum
1385 3955 1517 3994 eum.
1544 3936 1851 4006 Postremo,
1886 3957 1952 3996 ne
1973 3943 2196 3998 nimium

606 4022 823 4093 longum
851 4024 921 4078 sit
945 4035 1136 4080 cuncta
1167 4043 1498 4097 percurrere,
1527 4027 1782 4098 jubemur
1805 4040 1863 4084 ut
1892 4048 1999 4086 non
2034 4031 2197 4088 facia-

607 4127 727 4168 mus
745 4113 905 4178 mala,
931 4115 1020 4198 ubi
1044 4116 1236 4170 dicitur
1261 4136 1272 4170 :
1298 4117 1520 4173 Declina
1549 4137 1580 4173 a
1603 4122 1762 4187 malo,
1787 4129 1837 4175 et
1867 4125 1951 4194 {ac
1976 4123 2196 4190 bonum;

609 4211 666 4256 et
703 4211 886 4258 tamen
927 4214 1110 4259 oratur
1155 4215 1214 4270 ut
1240 4224 1347 4262 non
1395 4207 1650 4266 faciamus
1697 4213 1928 4282 malum,
1954 4215 2042 4268 ubi
2071 4214 2200 4270 dicit

610 4289 897 4364 Apostolus
939 4311 951 4345 :
1003 4293 1227 4349 Oramus
1269 4304 1440 4354 autem
1489 4301 1559 4353 ad
1605 4299 1914 4367 Dominum,
1968 4321 2031 4357 ne
2077 4307 2200 4377 quid

611 4383 731 4440 mali
771 4383 996 4454 faciatis.
1027 4382 1286 4441 Jubemur
1313 4396 1372 4443 ut
1421 4405 1528 4445 non
1579 4389 1833 4450 faciamus
1880 4394 2109 4461 malum,
2143 4406 2199 4452 et

2300 3286 2420 3356 quis
2489 3286 2630 3340 hunc
2695 3283 2834 3338 diem
2902 3281 3150 3344 miraris,
3207 3288 3467 3335 aeternum
3528 3280 3724 3335 mirare
3784 3293 3874 3349 po-

2302 3379 2408 3434 tius
2446 3385 2571 3433 ante
2599 3391 2814 3432 omnem
2843 3373 2986 3429 diem
3024 3381 3460 3444 permanentem,
3503 3387 3716 3428 omnem
3742 3370 3876 3426 diem

2301 3477 2594 3534 creantem,
2627 3469 2679 3523 in
2707 3467 2792 3522 die
2819 3474 3147 3532 nascentem,
3197 3481 3228 3520 a
3271 3464 3475 3519 malitia
3517 3464 3624 3520 diei
3651 3464 3875 3518 liberan-

2303 3570 2430 3615 tem.
2465 3560 2651 3614 Adhuc
2701 3559 2900 3612 mirare
2945 3576 2957 3610 :
2989 3572 3111 3628 qua:
3151 3557 3382 3627 peperit,
3418 3565 3589 3611 mater
3631 3564 3682 3609 et
3726 3554 3875 3621 virgo

2302 3661 2409 3719 est;
2441 3667 2602 3722 quem
2628 3649 2839 3722 peperit
2868 3649 3042 3703 infans
3077 3657 3132 3703 et
3160 3647 3398 3704 Verbum
3430 3654 3505 3702 est
3533 3643 3701 3715 (Joan.
3725 3659 3761 3706 ι,
3785 3641 3863 3712 1).

2302 3744 2494 3799 Merito
2535 3742 2657 3798 οωιί
2704 3741 2869 3797 locuti
2915 3747 3071 3806 sunt,
3101 3739 3279 3809 angeli
3323 3736 3604 3808 gratulati,
3632 3742 3877 3806 pastores

2302 3835 2486 3902 lmtati,
2521 3833 2659 3902 magi
2690 3831 2917 3898 invitati,
2951 3844 3105 3900 reges
3132 3830 3352 3895 turbati,
3385 3827 3591 3900 parvuli
3618 3824 3877 3882 coronati.

2303 3926 2486 3992 Laeta,
2520 3914 2711 3988 mater,
2745 3924 2922 3978 cibum
2952 3930 3224 3988 nostrum,
3256 3921 3395 3976 iacta
3425 3934 3619 3990 panem
3648 3918 3715 3972 de
3747 3915 3880 3972 uelo

2304 4021 2638 4086 venientem,
2669 4026 2722 4074 et
2751 4019 2805 4074 in
2847 4017 3110 4088 prmsepio
3141 4016 3374 4087 positum
3402 4014 3551 4069 velut
3577 4013 3785 4085 piorum
3811 4007 3882 4066 ci-

2302 4117 2450 4171 baria
2475 4114 2843 4185 jumentorum
2867 4109 3016 4183 (Luc.
3036 4126 3071 4173 ι,
3099 4097 3192 4176 10;
3224 4106 3413 4162 Matth.
3445 4121 3503 4171 ιι,
3530 4105 3591 4171 i;
3621 4104 3782 4160 Joan.
3808 4117 3877 4167 v1;

2303 4207 2428 4261 Luc.
2463 4206 2542 4276 ιι).
2576 4205 2687 4260 illic
2715 4205 2858 4259 enim
2905 4204 3142 4275 cognovit
3189 4201 3277 4256 bos
3325 4215 3676 4272 possessorem
3725 4211 3877 4260 nam,

2303 4302 2478 4356 asinus
2524 4315 2749 4370 praesepe
2796 4296 2989 4352 domini
3029 4296 3110 4350 sui
3162 4293 3314 4367 (Isai.
3348 4309 3386 4358 ι,
3435 4291 3521 4361 3);
3554 4288 3880 4346 circumcisio

2303 4395 2507 4452 scilicet
2554 4400 2609 4447 et
2656 4390 3005 4464 praeputium,
3045 4385 3366 4444 conserendo
3412 4383 3578 4468 lapidi
3621 4380 3882 4455 angulari,

1791 4525 1898 4580 FB.
1941 4526 2419 4585 FEU-ABDENTII
2458 4526 2686 4583 ΝΟΤᾹΞ.

677 4621 706 4652 ι
742 4611 965 4688 Arnobii
980 4614 1270 4688 scriptum,
1300 4629 1425 4670 cum
1470 4613 1752 4688 Augustini
1798 4633 2047 4688 sermone
2087 4622 2191 4676 im-
2221 4625 2275 4686 Ι)
2300 4620 2586 4685 Arnobius,
2618 4634 2737 4688 qua:
2764 4626 2889 4675 sunt
2917 4619 2970 4673 in
2996 4616 3293 4688 Augustino
3325 4633 3338 4667 ε
3371 4613 3510 4688 ΟΜ
3529 4614 3756 4684 ϐεβαία
3780 4630 3890 4684 Ρκ·

605 4697 794 4756 presso
816 4683 1041 4756 Lutetia;

604 4754 888 4830 diligenter
913 4754 1273 4830 conferentes,
1297 4756 1464 4823 multa
1493 4754 1845 4830 emendanda,
1869 4754 2046 4815 varias
2066 4777 2196 4830 quo-

604 4839 710 4898 que
736 4826 996 4898 lectiones
1018 4828 1072 4882 in
1100 4835 1331 4898 utroque
1356 4827 1733 4898 comperimus,
1761 4843 1880 4898 qua:
1907 4830 1994 4887 hic
2013 4826 2191 4887 brevi-

605 4895 706 4950 bus
730 4903 791 4967 et,
809 4897 997 4967 ordine
1023 4894 1962 4967 consignabilnusIArnobius—habet
1991 4920 2003 4955 :
2039 4900 2193 4966 Quis-

603 4967 718 5041 quis
756 4963 1150 5041 indemiraris;
1181 4963 1552 5041 Augustinus,
1587 4963 1829 5041 Quisquis
1875 4972 2009 5026 hunc
2055 4963 2193 5029 diem

603 5036 831 5116 miraris.
865 5036 1133 5116 Arnobius
1150 5077 1165 5101 ,
1180 5037 1372 5116 ﬁngi“
1386 5038 1587 5116 invitati
1606 5036 1981 5116 {Augustinus
1998 5084 2012 5108 ,
2026 5043 2103 5116 _M
2106 5047 2193 5116 agi

602 5107 815 5184 imitati.
837 5105 1136 5184 AArnobius,
1172 5103 1272 5172 Qui
1293 5103 1402 5184 :tibi
1428 5103 2190 5184 uniusjfecunditatis;Augu-

602 5177 791 5250 stinus,
827 5173 929 5241 Qui
959 5178 1049 5250 tibi
1076 5194 1260 5250 munus
1290 5173 1645 5250 fecunditatis.
1680 5173 1975 5250 Arnobius,
1997 5183 2064 5238 Ut
2085 5173 2191 5239 ἤιξε

601 5247 940 5323 procederet;
972 5246 1315 5323 Augustinus,
1353 5246 1423 5323 Ut
1460 5249 1549 5304 ille
1587 5251 1705 5323 hinc
1733 5246 2048 5323 procederet.
2089 5255 2191 5310 Ar-

603 5319 826 5381 nobius,
870 5319 1020 5374 Venit
1048 5335 1104 5373 se
1133 5320 1343 5383 testari;
1385 5319 1742 5388 Augustinus,
1780 5323 2011 5379 Venisse.
2046 5325 2189 5380 Idem

603 5389 955 5462 Augustinus,
983 5388 1251 5462 AQu‘ando‘
1283 5389 1415 5462 hanc
1463 5395 1876 5462 generationem;
1925 5395 2191 5450 Arnobius

600 5467 748 5522 caret
776 5459 1032 5533 adverbio
1064 5456 1303 5533 Quando.
1329 5456 1688 5533 Augustinus,
1721 5456 1889 5527 Quam
1936 5467 2023 5532 pia
2062 5465 2190 5533 ﬁdes

603 5532 808 5603 agnovit
834 5540 886 5603 et
914 5533 1110 5595 tenuit;
1141 5531 1426 5603 Arnobius,
1459 5529 1595 5596 Quia
1617 5533 1746 5603 ﬁdes
1767 5529 1982 5603 excepit.
2009 5529 2191 5603 Augu-

603 5552 634 5578 α
740 5552 807 5584 νη
834 5552 886 5584 es
914 5552 1110 5595 lenuit;
1141 5552 1426 5597 AI'IIODIIIS,
1459 5552 1595 5596 υιιια
1617 5552 1746 5612 μαεδ
1767 5552 1888 5588 exce
1923 5552 1982 5587 ιι.
2009 5552 2088 5588 All
2164 5566 2191 5576 '-

603 5552 792 5676 sms,
817 5599 952 5676 _Non
975 5603 1124 5676 siluit
1146 5602 1506 5676 quidicelrat;
1541 5603 1824 5676 Arnobius,
1860 5552 1959 5676 diti
1988 5552 2194 5658 dicea-

607 5676 706 5721 tur.
736 5669 936 5743 Deinde
959 5669 1194 5729 Arnobio
1223 5675 1449 5730 deerant
1476 5689 1571 5743 sex
1601 5673 1862 5727 dictiones
1898 5674 2030 5737 istm,
2061 5690 2192 5743 quas

607 5752 676 5792 ex
727 5740 1020 5807 Augustino
1068 5745 1396 5798 restituimus
1433 5763 1444 5796 :
1493 5742 1628 5808 Quia
1677 5760 1779 5797 non
1822 5761 1937 5799 eum
1978 5740 2186 5800 vivendo

607 5811 870 5878 prteredit.
927 5811 1229 5887 Segregata.
1287 5813 1520 5871 Carebat
1566 5830 1778 5870 rursum
1832 5816 1915 5873 his
1959 5824 2189 5887 quatuor

2243 5354 2247 5358 -
2293 5326 2464 5379 stinus
2495 5324 2683 5390 habet,

1121 4683 1242 4749 571,
1271 4683 1639 4760 cum_reliquis
1662 4686 1904 4760 ejusdem
1932 4687 2194 4760 Operibus
2223 4683 2243 4686 ’
2300 4702 2432 4750 sent.
2464 4683 2807 4760 Augustinus,
2842 4683 3288 4742 Transcendamus
3325 4693 3374 4738 et
3411 4683 3616 4760 animos
3658 4683 3888 4760 nostras;

2302 4755 2588 4826 Arnobius,
2635 4759 2824 4814 Omnes
2873 4761 3210 4830 cOgitatianes
3258 4765 3482 4830 nostras.
3535 4755 3888 4830 Augustinus,

2301 4831 2468 4898 Quam
2481 4832 2708 4902 nondum
2722 4827 2952 4902 perfecte
2961 4829 3180 4902 palpitat
3191 4827 3715 4902 inﬁrmus‘upectlss.
3741 4828 3897 4884 Arno-

2297 4897 2434 4967 bius,
2469 4901 2603 4973 Quia
2633 4897 2897 4973 perspecta
2917 4897 3598 4973 palpitatanimoinﬁrmtts
3625 4908 3891 4973 αροορδ.

2301 4918 2434 4967 Dius,
2469 4918 2603 4966 quia
2633 4918 2897 4973 perspecm
2954 4918 3598 4982 atpttatantmomprmus
3625 4918 3891 4968 “pecus.

2301 4974 2532 5049 Bursam
2561 4918 2949 5049 desunt_apu(i’
2965 4970 3260 5049 Arnobium
3288 4970 3370 5023 ha:
3398 4983 3562 5049 voces
3588 4977 3734 5049 octo
3753 5010 3768 5036 ,
3802 4965 3898 5049 Per

2301 5043 2502 5107 Israel,
2533 5054 2584 5098 et
2611 5044 2726 5113 ﬁeri
2755 5037 3081 5113 Emmanuel,
3129 5039 3398 5113 nobiscum
3424 5037 3600 5113 Deus,
3641 5040 3898 5113 arcanis

2297 5109 2621 5186 inﬁrmitate,
2651 5129 2784 5182 quas
2812 5127 2879 5167 ex
2919 5111 3214 5179 Augustino
3260 5109 3623 5180 reposuimus.
3663 5109 3900 5166 Aboram

2299 5194 2354 5239 et
2395 5186 2474 5238 hae
2519 5185 2654 5250 diuae,
2713 5183 2880 5254 Super
2907 5184 3110 5254 omnia;
3141 5179 3470 5254 Augustinus
3507 5194 3648 5254 vero

2295 5225 3470 5321 §;n2‘:...;;;:;"..;;."t;.;'.:.“bs;.zaaa:"sn
3518 5225 3674 5306 ἰςῖοἷιι
3691 5225 3895 5321 ’ῐῆιὶὶ

2771 5333 2789 5377 t
2820 5327 2872 5378 in
2900 5326 3012 5395 ejus
3041 5319 3409 5395 misericordia!
3438 5321 3511 5395 de
3547 5323 3766 5395 astutia
3794 5319 3903 5374 tia-

2294 5396 2397 5448 boli
2427 5396 2512 5464 ﬁsi
2543 5390 2937 5464 triumphamus,
2965 5393 3017 5446 in
3047 5393 3220 5448 veteri
3249 5390 3472 5464 Arnobii
3501 5393 3688 5464 nostri
3719 5405 3904 5464 exesa:

2295 5461 2435 5534 piari
2481 5461 2710 5529 legitur,
2773 5464 2840 5518 Ut
2884 5465 2996 5536 ejus
3040 5463 3398 5536 misericordia
3446 5461 3661 5536 astutia!
3708 5461 3906 5536 diaboli

2294 5532 2446 5601 uicta,
2479 5536 2868 5605 triumphamus,
2902 5532 3006 5590 etc.
3041 5532 3121 5588 Ex
3150 5533 3234 5588 his
3262 5541 3444 5605 autem
3467 5534 3796 5605 perspiciet,
3815 5533 3910 5588 he-

2297 5607 2518 5662 nevolus
2558 5603 2747 5670 lector,
2778 5620 2915 5676 quos
2960 5605 3112 5674 locos
3158 5603 3570 5676 restituerimus,
3618 5603 3909 5676 simulque

2297 5677 2563 5749 expendet
2589 5673 2851 5749 quantum
2879 5676 2941 5749 in,
2981 5675 3098 5749 aliis
3118 5675 3308 5749 multis
3356 5673 3676 5749 hujusmgdi
3709 5674 3909 5749 depu-

2301 5740 2439 5804 vatis
2467 5749 2598 5806 locis
2608 5740 2976 5805 emendandis
3004 5747 3159 5805 nobis
3188 5740 3540 5803 laborandum
3565 5740 3776 5802 ﬁsos-it.
