4108 6348
348 287 454 356 517

1096 288 1511 348 consumes
1552 293 1638 346 os
1681 291 1814 347 nso
1853 292 2060 364 ramo
2099 292 2186 364 ar
2228 293 2392 366 uno,
2433 277 2581 351 ar'c.
2623 294 2750 351 ua.
2791 295 2855 351 ιι.

346 417 581 474 quorum
627 404 870 475 primitiae
917 404 1127 476 fuerunt
1172 416 1415 476 pastores
1462 415 1517 462 et
1551 409 1712 475 magi.
1763 406 1924 462 Laeta
1954 418 1996 466 Α
2031 404 2243 460 Patrem
2286 410 2609 478 sempiterno
2654 412 2920 480 genuisse,
2968 419 3020 465 et
3060 411 3248 466 Filium
3285 413 3609 488 sempiterno

346 506 472 548 eum
501 495 592 564 qui
618 483 779 549 talem
811 495 934 550 fecit
962 505 1014 551 te
1035 538 1049 562 ,
1082 506 1140 551 ut
1169 497 1281 568 ipse
1316 497 1556 553 lleret'in
1597 507 1680 564 te,
1711 501 1802 568 qui
1832 501 1924 555 tibi

346 594 404 640 et
432 602 626 640 munus
654 585 986 642 fecunditatis
1015 589 1188 643 attulit
1216 601 1525 661 conceptus,
1558 599 1612 646 et
1638 591 1801 646 decus
1823 591 1927 646 vir-

344 677 586 745 ginitatis
622 695 726 733 non
756 680 972 735 abstulit
1010 689 1198 748 natus;
1230 684 1320 754 qui
1349 684 1448 738 sibi
1495 685 1800 754 priusquam
1832 698 1929 738 na-

331 776 610 833 'seeretur,
640 779 694 826 et
714 772 853 825 diem
877 787 979 840 qua
1011 785 1320 828 nasceretur
1347 774 1528 842 elegit.
1561 773 1626 827 Et
1656 774 1768 844 ipse
1796 790 1927 847 con-

345 864 482 918 didit
509 866 651 940 quod
683 866 860 934 elegit,
886 876 945 921 ut
971 867 1058 923 ille
1081 865 1205 923 hinc
1231 867 1523 940 procederet
1543 877 1597 922 ut
1619 885 1835 940 sponsus
1863 869 1929 922 de

347 957 577 1012 thalamo
620 975 712 1026 suo
757 958 929 1030 (Psal.
961 963 1113 1025 xvm,
1147 960 1222 1030 6),
1254 953 1360 1030 quo
1408 961 1720 1015 mortalibus
1757 960 1928 1016 oculis

344 1056 532 1116 posset
575 1048 762 1115 videri,
813 1056 867 1102 et
913 1058 1200 1118 augmento
1247 1051 1378 1106 lucis
1425 1066 1613 1104 annum
1657 1067 1716 1104 se
1751 1050 1924 1106 lucem

345 1137 532 1191 mundi
558 1139 766 1193 venisse
787 1141 975 1194 testari
1005 1140 1183 1212 (Joan.
1218 1158 1252 1210 ι,
1284 1142 1362 1212 9).
1392 1129 1671 1212 Prophetae
1711 1145 1926 1199 cecine-

345 1236 474 1282 runt
501 1229 830 1285 conditorem
873 1232 994 1287 ειεΙί
1023 1249 1085 1286 ac
1117 1241 1269 1287 terra:
1297 1234 1351 1287 in
1383 1243 1523 1287 terra
1547 1249 1665 1288 cum
1695 1234 1927 1290 homini-

346 1320 449 1374 bus
468 1320 698 1376 ibturum
717 1321 961 1390 (Bai-uela.
978 1326 1077 1392 ιιι),
1093 1325 1309 1394 angelus
1331 1327 1593 1380 nuntiavit
1611 1326 1924 1382 Creatorem

345 1411 525 1466 carnis
552 1421 607 1465 et
626 1413 843 1482 spiritus
871 1414 922 1468 in
952 1430 1115 1469 carne
1144 1423 1444 1471 venturum.
1476 1417 1734 1472 Salutavit
1763 1416 1925 1474 Joan-

347 1516 447 1556 nes
491 1516 559 1556 ex
599 1489 752 1558 utero
803 1505 854 1558 in
903 1513 1055 1560 utero
1096 1505 1457 1576 Salvatorem;
1501 1507 1718 1564 Simeon
1759 1524 1926 1566 senex

346 1591 517 1646 Deum
547 1595 765 1662 agnovit
794 1595 1046 1651 infantem
1071 1614 1085 1665 ;
1117 1597 1266 1652 Anna
1297 1599 1452 1653 vidua
1485 1599 1756 1669 Virginem
1801 1617 1920 1655 ma-

344 1691 484 1737 trem
515 1682 667 1756 (Luc.
719 1701 754 1751 ι,
803 1685 886 1756 ιι).
936 1685 1061 1742 Hmc
1115 1698 1238 1742 sunt
1283 1691 1585 1760 testimonia
1633 1693 1924 1749 nativitatis

2025 502 2212 546 natum
2243 507 2360 548 esse
2389 496 2705 562 cogitemus,
2741 496 2785 550 si
2823 497 3091 564 valemus;
3122 497 3166 551 si
3213 513 3317 551 non
3348 495 3603 568 valemus,

2027 583 2326 638 credamus.
2373 583 2486 638 Non
2530 594 2612 638 est
2653 585 2741 640 hic
2783 587 2925 656 quod
2971 588 3150 644 dicere
3193 589 3437 662 volumus
3469 607 3484 643 :
3512 591 3605 647 sed

2027 682 2210 728 tamen
2239 691 2344 729 non
2376 684 2456 730 est
2478 675 2636 744 longe
2656 678 2886 746 positum
2910 680 2976 733 ab
2998 695 3317 754 unoquoque
3335 675 3604 737 nostrum.

2032 767 2097 822 In
2125 769 2216 823 illo
2248 771 2383 824 enim
2429 770 2663 834 vivimus,
2693 786 2952 826 movemur
2991 781 3040 826 et
3084 757 3259 828 sumus
3308 777 3442 844 (Act.
3477 791 3604 840 xvn,

2027 859 2142 930 28).
2174 860 2633 917 Transcendamus
2661 877 2875 916 carnem
2907 873 3164 931 nostram,
3197 867 3250 921 in
3278 882 3381 936 qua
3421 883 3605 943 paren-

2031 961 2112 1006 tes
2139 959 2265 1007 ante
2295 951 2430 1006 filios
2456 954 2661 1018 vivunt,
2693 955 2816 1021 quia
2846 961 2904 1007 ut
2923 954 3060 1008 ﬁlios
3085 967 3308 1026 possent
3347 972 3605 1028 generare

2029 1053 2330 1110 creverunt,
2361 1053 2415 1099 et
2446 1044 2565 1099 ﬁliis
2593 1045 2953 1100 crescentibus
2976 1045 3084 1115 jam
3115 1058 3419 1113 senescunt.
3463 1049 3605 1106 Non-
3657 1125 3660 1128 ι

2029 1137 2154 1193 dum
2185 1139 2322 1192 natis
2350 1136 2469 1192 ﬁliis
2499 1148 2748 1214 parentes
2773 1139 3038 1202 vixerunt,
3061 1140 3186 1212 quia
3213 1150 3268 1198 et
3293 1144 3604 1212 parentibus

2029 1229 2254 1283 mortuis
2284 1226 2375 1282 ﬁlii
2395 1229 2586 1283 victuri
2612 1238 2754 1284 sunt.

2105 1339 2122 1370 ι
2159 1319 2612 1375 Transcendamus
2641 1329 2694 1374 et
2724 1321 2928 1376 animas
2955 1330 3192 1388 nostras;
3217 1322 3434 1394 pariunt
3461 1325 3602 1380 enim

2028 1418 2083 1465 et
2103 1409 2248 1480 ipsae,
2280 1411 2476 1480 aliquid
2499 1411 2802 1480 cogitando,
2833 1413 2974 1482 quod
3003 1428 3181 1467 secum
3205 1413 3406 1468 habent
3434 1417 3603 1470 scien-

2028 1503 2128 1570 do;
2157 1503 2249 1558 sed
2276 1512 2500 1573 possunt
2528 1505 2772 1558 amittere
2802 1503 3178 1572 obliviscendo,
3209 1505 3329 1574 quia
3362 1520 3468 1558 non
3505 1507 3602 1559 ha-

2029 1595 2227 1650 bebant
2256 1603 2412 1648 antea
2446 1594 2729 1649 nascendo.
2754 1595 2954 1649 Cuncta
2982 1611 3226 1666 corpora,
3255 1602 3309 1648 et
3329 1581 3600 1665 tempora-

2028 1685 2116 1751 lia,
2149 1693 2204 1739 et
2232 1684 2503 1739 mutabilia
2544 1684 2996 1749 transcendamus,
3027 1693 3086 1739 ut
3129 1685 3402 1741 videamus
3440 1701 3600 1756 super

344 1783 468 1840 ture,
502 1774 726 1831 Domine
751 1775 896 1842 Iesu,
928 1787 1214 1848 antequam
1251 1780 1346 1835 tibi
1396 1779 1586 1837 ﬂuctus
1627 1789 1925 1840 siemeren-
2027 1777 2226 1841 omnia,
2259 1792 2358 1847 per
2380 1791 2539 1845 quem
2577 1775 2712 1830 facta
2744 1785 2867 1830 sunt
2895 1777 3092 1830 omnia.
3127 1775 3389 1831 Ascensus
3419 1785 3601 1832 noster

343 1874 432 1919 tur
459 1866 701 1934 calcanti,
726 1858 977 1925 cederent
1000 1870 1310 1942 imperanti;
1339 1882 1624 1942 antequam
1649 1881 1842 1931 ventus
1866 1879 1922 1930 te

343 1955 563 2030 iubente
590 1958 837 2026 siluisset,
870 1969 1111 2015 mortuus
1140 1971 1192 2016 te
1222 1972 1449 2018 vocante
1487 1965 1707 2020 vixisset
1737 1966 1917 2037 (Joan.

339 2047 441 2118 x’r),
473 2050 552 2104 sol
580 2059 634 2104 te
659 2052 921 2106 moriente
949 2053 1224 2122 palluisset
1248 2093 1264 2120 ,
1293 2064 1432 2109 terra
1462 2064 1772 2126 resurgente
1810 2067 1920 2112 tre-

343 2139 586 2204 muisset,
618 2142 812 2196 cmlum
855 2150 910 2196 te
955 2143 1276 2198 ascendente
1315 2145 1604 2213 patuisset;
1636 2155 1924 2214 antequam

344 2230 532 2286 istaet
558 2231 661 2285 alia
691 2233 953 2286 mirabilia
979 2232 1090 2300 jam
1114 2233 1365 2302 juvenilis
1407 2235 1480 2288 tui
1501 2237 1739 2306 corporis
1767 2246 1926 2293 aetate

339 2320 581 2378 fecisses.
611 2322 799 2392 Adhuc
826 2325 1129 2394 portabaris
1155 2325 1210 2379 in
1240 2326 1485 2380 manibus
1509 2328 1710 2394 matris,
1737 2337 1791 2383 et
1814 2327 1925 2397 jam

342 2413 606 2468 Dominus
633 2415 779 2468 orbis
827 2415 1201 2483 agnosceharis
1225 2433 1239 2482 ;
1271 2416 1383 2486 ipse
1409 2432 1544 2486 puer
1569 2419 1822 2488 parvulus
1857 2433 1925 2475 ex

328 2504 553 2558 mine
579 2503 742 2557 lsrael
766 2502 923 2574 (Isai.
955 2505 1059 2575 ιιι),
1096 2515 1151 2561 et
1177 2506 1292 2577 ipse
1320 2507 1596 2562 nobiscum
1624 2507 1764 2564 Deus
1792 2507 1920 2564 Em-

350 2592 568 2647 manuel
597 2591 651 2662 (I
655 2595 748 2646 sai.
782 2593 896 2662 vn).

430 2701 448 2734 ι
483 2681 611 2748 Quae
639 2691 692 2738 et
717 2685 891 2752 qualis
916 2693 1008 2751 est.
1033 2685 1121 2740 illa
1147 2686 1426 2755 generatio
1459 2686 1783 2756 Salvatoris,
1811 2704 1917 2759 qua

346 2773 581 2842 gignenti
631 2772 772 2829 Patri
819 2784 1116 2832 coaeternus
1155 2785 1236 2832 est
1279 2778 1477 2832 Filius?
1516 2779 1738 2846 Quando
1782 2781 1919 2836 hanc

344 2865 742 2933 generationem
771 2881 836 2920 ex
865 2866 1082 2938 Virgine
1120 2869 1349 2925 mundus
1378 2872 1609 2941 expavit,
1643 2877 1806 2942 quam
1829 2874 1918 2944 pia

343 2948 476 3023 lides
503 2957 714 3028 excepit
742 2966 795 3013 et
827 2959 1014 3026 tenuit,
1047 2960 1334 3016 inﬁdelitas
1371 2971 1551 3018 autem
1599 2964 1782 3028 irrisit,
1828 2981 1919 3020 su-

339 3045 524 3114 perbia
551 3047 729 3102 timuit
774 3051 1064 3118 superata?
1091 3049 1348 3117 Quaenam
1371 3063 1455 3107 est
1492 3054 1580 3107 illa
1623 3056 1921 3122 generatio.

2030 1868 2082 1922 in
2109 1868 2272 1922 cerde
2299 1875 2398 1932 est,
2423 1867 2547 1936 quia
2575 1876 2628 1921 et
2657 1866 2783 1921 illud
2808 1882 2916 1936 quo
2939 1866 3270 1921 ascendimus
3288 1883 3456 1940 prepe
3484 1877 3600 1936 est;

2027 1959 2186 2029 longe
2213 1969 2390 2014 autem
2419 1959 2486 2014 ab
2526 1976 2590 2015 eo
2612 1977 2811 2027 sumus,
2841 1961 2892 2014 in
2921 1970 3177 2031 quantum
3206 1960 3487 2016 dissimiles
3515 1978 3601 2016 su-

2029 2067 2166 2106 mus.
2203 2051 2450 2106 Ascendit
2479 2066 2606 2120 ergo
2637 2053 2701 2106 ad
2730 2068 2851 2106 eum
2895 2069 2990 2107 sua
3032 2053 3322 2108 similitudo
3349 2069 3507 2124 quam
3549 2054 3602 2112 in

2031 2142 2186 2198 nobis
2215 2140 2337 2195 fecit
2382 2151 2436 2195 et
2487 2141 2698 2208 refecit,
2730 2145 2852 2212 quia
2882 2151 3162 2212 perspecta
3189 2144 3411 2213 palpitat
3440 2146 3601 2200 animi

2031 2231 2273 2286 inﬁmus
2330 2239 2601 2302 aspectus,
2655 2242 2708 2286 et
2761 2232 3078 2287 ineffabilem
3129 2234 3412 2288 candorem
3472 2235 3603 2292 lucis

2028 2331 2240 2377 aeterna:
2258 2340 2362 2378 non
2379 2331 2556 2393 potest
2571 2324 2780 2378 intueri.
2799 2323 2962 2404 Cujus
2982 2338 3110 2392 ergo
3131 2323 3386 2396 fulgorem
3414 2326 3603 2383 mentis

2027 2414 2170 2468 acies
2198 2413 2429 2468 nondum
2459 2414 2601 2484 capit
2636 2432 2649 2466 :
2681 2413 3072 2469 Generatiouem
3100 2416 3212 2486 ejus
3238 2418 3352 2488 quis
3385 2433 3601 2486 enarra-

2027 2503 2098 2556 bit
2125 2501 2280 2573 (Iani.
2307 2503 2458 2571 Lm)?
2483 2503 2586 2559 Sed
2623 2503 2841 2558 Verbum
2865 2520 2987 2558 caro
3028 2506 3220 2575 factum
3249 2515 3348 2572 est,
3379 2516 3429 2560 et
3456 2505 3598 2561 liabl-

2023 2593 2154 2646 ubt't
2174 2595 2234 2648 in
2261 2593 2409 2649 nobis
2435 2594 2612 2664 (Joan.
2643 2596 2704 2664 l).
3047 2623 3056 2628 -
3151 2661 3162 2676 .

2099 2705 2118 2740 ι
2154 2685 2304 2744 Hanc
2329 2701 2459 2756 ergo
2485 2688 2910 2755 generationem,
2939 2686 3090 2756 cujus
3113 2687 3432 2746 hodiernum
3458 2688 3600 2748 celes.

2023 2780 2241 2833 bramus
2267 2779 2442 2843 diem;
2475 2780 2641 2842 hanc,
2673 2781 2725 2832 in
2753 2795 2858 2847 qua
2887 2780 3135 2845 dignatus
3163 2788 3246 2833 est
3293 2781 3478 2834 venire
3506 2794 3600 2850 per

2023 2868 2203 2933 Israel,
2236 2876 2291 2921 et
2317 2867 2430 2921 fieri
2479 2865 2814 2930 Emmanuel,
2848 2867 3125 2921 nobiscum
3153 2867 3312 2932 Deus,
3346 2867 3397 2920 in
3427 2867 3601 2921 carnis

2024 2957 2352 3024 inﬁmitate,
2385 2972 2492 3012 non
2522 2957 2799 3014 nobiscum
2829 2957 2882 3010 in
2906 2954 3081 3012 cordis
3107 2956 3386 3026 iniquitate
3411 2974 3426 3023 ;
3455 2972 3601 3014 aere-

2025 3051 2157 3106 dens
2182 3051 2248 3106 ad
2274 3067 2372 3106 nos
2397 3066 2494 3120 per
2516 3049 2566 3103 id
2589 3050 2732 3118 quod
2761 3051 3046 3120 assumpsit
3062 3064 3126 3105 ex
3156 3058 3358 3114 nostro,
3384 3060 3440 3107 et
3466 3049 3599 3107 libe-

335 3150 446 3222 qua
486 3138 541 3192 in
585 3140 840 3211 principio
887 3149 998 3196 erat
1047 3140 1268 3196 Verbum
1310 3145 1450 3215 apud
1492 3144 1676 3211 Deum,
1703 3155 1752 3200 et
1783 3147 1920 3202 Deus
1947 3151 1992 3211 ρ
2026 3158 2150 3197 rans
2179 3158 2277 3198 nos
2303 3156 2401 3214 per
2427 3140 2478 3194 id
2498 3141 2642 3212 quod
2683 3143 2878 3197 mansit
2905 3142 2958 3196 in
2984 3156 3082 3195 suo
3109 3141 3364 3212 (visitavit
3400 3141 3598 3212 quippe

336 3239 454 3283 erat
505 3229 723 3284 Verbum
768 3229 948 3299 (Ioan.
995 3248 1032 3298 ι,
1077 3232 1170 3305 i)?
1199 3232 1351 3300 Quod
1392 3244 1473 3290 est
1520 3237 1620 3292 hoc
1658 3235 1914 3305 Verbum,

335 3321 484 3390 quod
507 3321 744 3380 dicturus
771 3333 933 3381 antea
962 3340 1068 3379 non
1096 3326 1308 3389 silebat,
1337 3341 1444 3394 quo
1471 3328 1616 3384 dicto
1639 3346 1747 3385 non
1774 3332 1920 3388 siluit

336 3414 432 3482 qui
471 3414 790 3470 dicebatur?
824 3416 937 3472 Hoc
979 3425 1063 3472 est
1101 3418 1332 3474 Verbum
1375 3421 1487 3476 sine
1525 3430 1794 3494 tempore,
1821 3441 1918 3498 per

336 3505 482 3576 quod
510 3504 649 3564 facta
676 3515 800 3562 sunt
830 3515 1100 3580 tempora;
1131 3509 1363 3566 Verbum
1388 3513 1529 3582 quod
1560 3515 1694 3571 labia
1720 3517 1917 3574 nullius

335 3598 547 3665 aperuit
571 3608 826 3670 emptum,
857 3601 1112 3659 clausitve
1137 3602 1360 3660 ﬁnitum.
1387 3605 1621 3662 Verbum
1649 3609 1794 3679 quod
1815 3610 1914 3665 ini-

335 3685 470 3740 tium
499 3704 603 3743 non
635 3690 797 3745 habet
817 3707 882 3746 ex
907 3708 1001 3747 ore
1028 3693 1376 3762 loquentium,
1408 3704 1463 3750 et
1490 3698 1660 3767 aperit
1688 3713 1782 3752 ora
1806 3714 1915 3753 mu-

333 3783 542 3844 torum;
571 3778 989 3851 Verbum'quod
1030 3783 1222 3852 linguis
1248 3786 1485 3854 gentium
1534 3787 1760 3842 desertis
1807 3805 1914 3846 non

334 3865 414 3932 ﬁt,
449 3875 503 3924 et
531 3868 740 3937 linguas
782 3871 1060 3928 infantium
1098 3874 1326 3930 disertae
1367 3875 1509 3931 facit.
1551 3876 1807 3943 Quaenam
1834 3889 1915 3936 est

335 3958 428 4012 illa
456 3963 760 4025 generatio,
791 3965 876 4016 cui
906 3963 1079 4027 Pater
1106 3967 1384 4020 moriendo
1427 3983 1531 4022 non
1560 3971 1760 4036 credit,
1791 3973 1915 4039 quia

337 4062 452 4101 non
497 4063 618 4102 eum
662 4051 890 4106 vivendo
938 4053 1210 4121 praecedit,
1243 4067 1517 4124 segregata
1566 4059 1632 4111 ab
1673 4061 1919 4116 omnibus

340 4135 583 4200 locorum
621 4139 932 4204 intervallis,
962 4151 1370 4214 temporumque
1399 4147 1612 4215 spatiis,
1644 4163 1805 4217 quam
1835 4152 1919 4208 vel

335 4227 394 4280 in
423 4226 630 4289 diebus.
678 4228 763 4284 vel
805 4229 857 4284 in
907 4231 1223 4300 corporibus
1267 4235 1464 4290 sentire
1510 4241 1915 4296 consuevimus?

332 4315 599 4382 Laenius
626 4320 693 4374 ad
722 4335 864 4386 eum,
888 4332 1148 4392 quantum
1168 4325 1284 4396 ipso
1307 4326 1588 4397 adjuvante
1609 4347 1908 4402 possumus,

328 4409 568 4486 animam
615 4419 882 4480 nostram,
916 4414 962 4468 si
989 4429 1097 4482 quo
1124 4416 1284 4471 modo
1328 4432 1522 4488 capere
1565 4413 1830 4478 valeamus
1857 4433 1912 4480 et

2023 3235 2280 3301 Dominus
2307 3251 2490 3292 servos
2518 3249 2646 3290 suos
2685 3249 2782 3308 per
2811 3235 3090 3292 mortalem
3121 3233 3510 3300 inﬁrmitatem,
3539 3240 3597 3292 ut

2019 3344 2113 3385 eos
2143 3330 2339 3386 liberos
2364 3328 2562 3384 laceret
2605 3343 2701 3398 per
2729 3327 3221 3388 immutabilem
3251 3325 3553 3391 veritatem)
3578 3341 3594 3389 ;

2018 3423 2156 3477 hanc
2182 3434 2309 3490 ergo
2337 3421 2736 3490 generationem
2757 3459 2772 3484 ,
2817 3420 2970 3487 cujus
3008 3425 3294 3486 utrumque
3323 3432 3488 3486 capax
3518 3423 3598 3469 est

2016 3515 2249 3580 humana
2269 3512 2557 3582 fragilitas;
2577 3526 2682 3566 non
2701 3511 2844 3564 illam
2865 3523 2984 3578 qua:
3003 3509 3117 3568 sine
3139 3515 3380 3579 tempore
3397 3514 3597 3574 manet,

2016 3604 2134 3658 sine
2159 3611 2332 3658 matre
2360 3618 2521 3672 super
2542 3603 2722 3658 omnia
2740 3641 2755 3667 ,
2783 3601 2880 3660 sed
2919 3601 3079 3656 istam
3104 3615 3223 3669 qua
3261 3601 3315 3656 in
3356 3608 3599 3670 tempore

2016 3695 2154 3750 facta
2175 3702 2256 3749 est
2270 3695 2384 3749 sine
2405 3693 2563 3748 Patre
2583 3695 2723 3748 inter
2735 3693 2934 3749 omnia.
2960 3691 3110 3747 Hunc
3129 3691 3360 3761 Virginis
3381 3691 3590 3754 Filium,

2015 3795 2069 3842 et
2092 3787 2354 3854 virginum
2374 3800 2647 3854 sponsum,
2671 3784 2737 3838 de
2757 3785 3066 3853 incorrupta
3088 3794 3258 3838 matre
3287 3790 3594 3838 nascentem

2017 3895 2070 3939 et
2097 3884 2486 3952 incorruptibili
2529 3884 2756 3940 veritate
2801 3883 3079 3946 fetentem,
3117 3882 3416 3945 laudemus,
3446 3895 3595 3936 amo.

2017 3997 2155 4044 mus,
2189 3980 2488 4044 adoremus,
2513 3987 2572 4032 ut
2601 3979 2654 4032 in
2683 3979 2798 4046 ejus
2817 3977 3182 4032 misericordia
3210 3976 3289 4032 ﬁsi
3309 3976 3376 4032 de
3400 3977 3593 4032 astutia

2018 4081 2218 4138 diaboli
2245 4081 2380 4142 victa
2410 4079 2813 4149 triumphamus.
2845 4076 3096 4138 Diabolus
3115 4077 3182 4133 ad
3211 4093 3310 4134 nos
3327 4075 3596 4149 decipien-

2018 4183 2117 4237 dos
2153 4187 2404 4251 corrupta
2432 4179 2659 4234 feminea
2699 4187 2880 4234 mente
2919 4177 3222 4247 subrepsit:
3253 4175 3496 4232 Christus
3523 4177 3590 4232 ad

2016 4300 2115 4340 nos
2139 4281 2442 4338 liberandos
2470 4281 2777 4350 incorrupta
2810 4278 3034 4336 feminea
3075 4280 3236 4336 etiam
3274 4293 3436 4334 carne
3462 4292 3590 4352 pro-

2014 4386 2192 4448 cessit,
2225 4385 2316 4460 qui
2345 4391 2428 4438 est
2473 4381 2787 4436 benedictus
2814 4394 2937 4435 cum
2965 4378 3123 4435 Patre
3149 4387 3206 4436 et
3241 4379 3446 4450 Spiritu
3466 4393 3593 4436 san-

326 4481 518 4558 liatum
547 4519 651 4558 non
691 4481 1103 4573 prasvenientem
1145 4510 1236 4577 qui
1277 4481 1462 4577 gignit,
1512 4521 1566 4566 et
1606 4515 1908 4584 gignentem

2020 4495 2100 4548 cto
2130 4485 2183 4540 in
2213 4484 2404 4540 scecula
2433 4482 2770 4544 saeculorum,
2795 4481 2984 4535 Amen.
3017 4499 3034 4531 ι

327 4608 441 4650 non
469 4595 879 4666 subsequentem
916 4599 1008 4667 qui
1044 4600 1292 4669 gignitur,
1330 4600 1541 4659 Patrem
1583 4615 1637 4660 et
1683 4607 1903 4677 Filium;

326 4698 433 4740 nec
460 4682 619 4748 Pater
643 4686 842 4758 pariter
871 4704 969 4746 nec
993 4687 1157 4754 Filius
1185 4691 1404 4761 pariter,
1437 4702 1491 4747 et
1527 4699 1727 4766 pariter
1751 4709 1906 4755 mter-

326 4789 448 4838 nus.
479 4775 597 4832 Non
628 4786 908 4848 utrumque
946 4791 1317 4849 generantem,
1345 4801 1451 4841 non
1487 4795 1769 4858 utrumque
1807 4808 1903 4847 na-

2084 4583 2293 4640 XXXII.
2318 4616 2388 4626 —
2413 4582 2674 4652 Serapion
2712 4580 2846 4636 dixit
2875 4599 2886 4632 :
2919 4579 3262 4636 Satisfactum
3289 4593 3408 4636 esse
3443 4577 3587 4634 desi-

2009 4688 2160 4746 derio
2189 4701 2310 4740 meo
2339 4684 2530 4738 fateor.
2554 4683 2695 4737 Vere
2725 4681 2866 4736 enim
2895 4688 2949 4735 et
2970 4680 3100 4734 duas
3119 4688 3357 4744 naturas,
3383 4686 3438 4731 et
3457 4678 3590 4738 duas

2006 4787 2330 4846 substantias
2355 4785 2630 4840 evidenter
2657 4782 2902 4838 asseruit.
2929 4780 3078 4840 Nune
3096 4788 3156 4836 ut
3177 4779 3430 4836 radicitus
3456 4778 3588 4838 mihi

322 4876 588 4929 licentem,
619 4871 714 4925 sed
751 4871 975 4926 alterum
1021 4873 1137 4928 sine
1165 4875 1336 4930 altero
1373 4892 1479 4931 non
1520 4879 1803 4946 viventem,
1849 4893 1904 4938 et
2005 4888 2263 4942 evellatur
2292 4886 2465 4938 omnis
2493 4879 3017 4952 cunctatio,prohari
3047 4879 3189 4950 apud
3216 4895 3302 4936 me
3321 4879 3479 4951 cupio
3497 4888 3586 4956 ιιι

1511 4990 1617 5046 ra.
1661 4992 2138 5058 FEU-ABDENTII
2178 4973 2402 5051 norm.

401 5088 426 5116 ⁸
456 5078 640 5148 Εινὶιίδ
667 5093 774 5132 non
804 5079 941 5148 male
969 5071 1096 5133 mihi
1118 5080 1367 5148 colligere
1396 5080 1579 5134 videor
1597 5081 1901 5140 conﬂictum

324 5151 490 5218 istum
522 5147 737 5203 Arnobii
785 5155 839 5202 et
865 5147 1174 5218 Serapionis
1215 5147 1300 5203 vel
1330 5150 1537 5213 initum,
1589 5153 1672 5205 vel
1715 5153 1906 5208 saltem

323 5213 597 5288 scriptum,
611 5219 770 5272 fuisse
784 5213 1110 5288 temporibus
1135 5217 1372 5287 ejusdem
1393 5221 1707 5276 sanctissimi
1734 5232 1790 5275 et
1807 5223 1904 5278 do-

323 5287 550 5360 ctissimi
568 5287 773 5360 Leuius
798 5303 968 5360 papze.
997 5287 1354 5360 Superior-«um
1374 5289 1513 5343 enim
1555 5290 1687 5360 ejus,
1715 5299 1771 5345 ut
1800 5293 1908 5347 Da-

324 5357 463 5414 masi
483 5365 540 5412 et
557 5355 847 5419 leestin‘i,
871 5355 1136 5424 meminit,
1170 5361 1308 5413 ultra
1337 5359 1532 5414 Leonis
1555 5355 1765 5416 nitatem
1797 5379 1900 5417 non

322 5428 685 5500 progreditur,
729 5435 986 5498 praeterea
1015 5428 1253 5497 ejusdem
1283 5445 1446 5499 opera
1486 5439 1539 5483 et
1568 5433 1760 5486 seculo
1802 5433 1904 5488 Ne-

322 5498 480 5570 storii
503 5498 658 5570 labes
697 5511 888 5570 magna
916 5512 983 5570 ea
1009 5507 1163 5570 parte
1187 5498 1382 5562 deleta,
1427 5515 1672 5570 peneque
1698 5504 1903 5557 exstin-

323 5577 415 5639 cta
441 5566 579 5639 fuit;
609 5568 842 5639 denique
870 5566 1071 5619 nullum
1101 5569 1242 5622 aliud
1284 5566 1492 5639 tempus
1520 5566 1752 5639 occurrit
1783 5573 1904 5626 huic

322 5637 677 5724 disputationi
707 5636 876 5724 magis
903 5645 1084 5703 aptum
1103 5645 1158 5691 et
1176 5636 1541 5724 gemmodum.
1569 5638 1734 5724 Paulo
1763 5651 1902 5724 post,

325 5705 426 5770 ubi
449 5709 660 5778 legitur,
690 5714 747 5761 ut
770 5706 1142 5778 alloquamur
1173 5705 1484 5776 Orientales,
1510 5725 1616 5763 non
1632 5705 1779 5764 male
1798 5705 1905 5766 for;

2010 5102 2107 5141 san
2135 5086 2418 5153 legeretur,
2462 5092 2517 5135 ut
2544 5081 2905 5153 alloqueretur.
2935 5079 3155 5153 Scripsit
3185 5084 3328 5137 enim
3357 5081 3424 5135 ad
3459 5081 3585 5153 Fla-

2014 5149 2224 5230 vianum
2247 5149 2897 5230 Constantinopolitanum
2938 5149 3338 5208 celeberrimam
3385 5151 3585 5230 episto-

2010 5224 2394 5303 lam_adversus
2422 5221 2734 5303 Eutychetis
2760 5236 2989 5303 errores,
3013 5236 3138 5303 qua:
3158 5237 3226 5303 ’θ’
3252 5221 3587 5303 curretisloff

2012 5294 2259 5365 thodoais
2288 5293 2339 5365 ia
2361 5285 2587 5347 concilio
2607 5285 3334 5365 Chalcedonensilaudatam
3361 5285 3584 5365 probata

2011 5363 2145 5427 fuit;
2176 5363 2388 5427 deinde,
2432 5379 2640 5434 tunsum
2686 5369 2740 5434 et
2769 5362 2848 5434 ad_
2879 5361 3014 5434 alios
3041 5356 3360 5434 Orientales,
3393 5351 3587 5434 videli-

2010 5443 2114 5496 cet,
2134 5419 2212 5488 Iad
2238 5419 2410 5504 ipsum
2438 5431 2767 5504 Eutychetis,
2787 5431 2853 5504 ad
2875 5419 3583 5504 Anastasiuni..'l'hessaloni:

2010 5492 2220 5558 censent
2241 5492 2273 5568 ,’
2308 5502 2375 5556 ad
2423 5492 2728 5557 Anaiolium
2755 5492 3487 5572 'Coristantiliopolitanum,.
3511 5492 3582 5549 ad
3640 5513 3656 5526 ο

2011 5561 2296 5633 Maximum
2341 5572 2730 5626 Antiochenum
2777 5567 3106 5638 episcopum,
3153 5561 3218 5616 ad
3248 5561 3391 5638 ipsos
3418 5561 3580 5618 etiam

2008 5631 2449 5716 Qrientisimper.
2478 5631 2855 5716 Theodosium,
2881 5631 3230 5716 ﬂagellum,
3257 5631 3498 5716 leonem
3526 5641 3584 5716 et

2013 5695 2352 5768 Pulcheriatn'
2369 5695 2396 5777 ς-
2411 5695 2644 5776 denique
2681 5713 2736 5760 et
2763 5695 3142 5756 adeundum
3175 5698 3499 5774 Εμδθῧίηω
3523 5711 3582 5765 ⁸⁸
