4108 6348
876 278 926 287 ,ρ

548 356 553 362 ’
611 353 716 411 519

1931 351 2203 408 ARNOBll
2239 351 2538 408 JUNIORIS

3759 353 3859 408 320

607 467 870 524 Dominus
907 482 1058 524 meus
1095 468 1177 524 vir
1203 469 1528 539 apostolicus
1571 471 1680 526 Leo
1707 486 1846 542 papa
1897 468 2180 526 venerabi-
2208 471 2257 533 Α
2283 474 2396 523 tum
2423 477 2506 528 est
2547 484 2577 524 a
2613 468 2889 523 catholicis
2925 468 3210 539 episcopis,
3242 467 3286 523 is
3323 481 3476 524 error
3517 466 3758 534 inolevit,
3801 481 3858 525 ut

595 542 679 615 7lis.
703 559 907 629 priores
932 574 1058 614 suos
1084 559 1138 614 in
1156 559 1257 614 hac
1275 569 1428 630 parte
1455 569 1670 617 secutus
1696 569 1779 616 est
1796 601 1812 627 ,
1843 568 1904 616 ut
1940 561 2182 630 alloque-

609 657 759 705 retur
782 647 1079 706 Orientales
1105 666 1320 708 suarum
1352 654 1698 724 epistolarum
1727 654 1957 723 scriptis.
1984 685 2056 696 -—
2085 654 2184 708 Ar-

607 743 800 800 nobius
835 741 1006 798 dixit:
1039 742 1237 814 Accipe
1275 744 1403 814 quid
1449 747 1756 816 apostolica:
1795 745 2184 802 recordationis

607 833 689 888 vir
732 847 871 903 papa
915 833 1238 890 venerabilis
1285 835 1544 892 Damasus
1590 836 1658 892 ad
1711 844 1955 892 sanctum
2010 837 2184 910 virum

604 923 895 981 Paulinum.
914 931 1112 982 sancta:
1138 927 1410 982 memoriae
1441 937 1468 965 α
1495 923 1844 984 Antiocheam
1868 928 2012 983 urbis
2039 929 2181 986 anti-

602 1014 783 1070 stitem
807 1015 1100 1086 scripserit,
1133 1025 1200 1072 ut
1219 1032 1510 1088 cognoscas
1549 1020 1769 1088 antiquo
1808 1035 1909 1075 usu
1936 1028 2182 1078 sanctum

599 1114 658 1162 et
675 1106 1092 1166 eruditissimum
1114 1110 1284 1166 virum
1302 1126 1497 1182 papam
1511 1109 1748 1166 Leonem
1769 1110 1835 1166 ad
1855 1113 2183 1169 revocandas

597 1198 667 1253 ab
695 1214 881 1254 errore
909 1199 1172 1256 Ecclesias
1201 1202 1269 1256 ad
1297 1201 1597 1258 Orientales
1624 1202 1833 1257 litteras
1861 1201 2174 1260 destinasse.

668 1288 931 1361 Cumque
949 1291 1064 1348 hate
1088 1292 1310 1349 dixisset
1351 1293 1640 1359 Arnobius,
1668 1293 1891 1365 protulit
1917 1295 2176 1362 codicem,

598 1398 669 1438 ex
695 1398 806 1453 quo
831 1384 1115 1439 recitatum
1143 1392 1224 1440 est
1251 1386 1360 1441 sic:

679 1493 698 1526 ι
735 1475 1093 1532 Dilectissimo
1121 1476 1271 1532 fratri
1301 1475 1542 1542 Paulino,
1568 1477 1844 1532 Damasus.
1879 1476 1983 1532 Per
2006 1479 2180 1549 ipsum

599 1565 768 1622 ﬁlium
794 1581 973 1620 meum
1001 1565 1232 1621 Vitalem
1253 1567 1320 1622 ad
1349 1575 1402 1622 te
1429 1568 1685 1638 rescripta
1711 1567 2032 1634 direxeram,
2061 1583 2179 1638 quae

599 1663 704 1710 tua:
734 1657 992 1712 voluntati
1020 1664 1076 1712 et
1097 1656 1298 1726 judicio
1327 1659 1503 1712 omnia
1524 1658 1917 1728 derelinquens,
1942 1658 1970 1698 δ
1999 1667 2055 1714 et
2081 1675 2179 1730 per

598 1745 907 1803 Petronium
951 1748 1324 1820 presbyterum
1351 1750 1588 1804 breviter
1614 1751 1975 1805 indicaveram
2011 1767 2098 1807 me
2123 1752 2178 1806 in

2285 559 2502 629 quidam
2553 569 2574 596 ο
2625 575 2721 614 ore
2767 559 3028 628 sacrilego
3076 559 3336 614 auderent
3379 559 3560 615 dicere
3606 559 3855 630 Spiritum

2284 661 2529 708 sanctum
2578 651 2776 708 factum
2823 668 2942 708 esse
2970 668 3066 722 per
3092 652 3319 718 Filium,
3351 652 3859 712 anathematizamus

2285 759 2379 799 eos
2403 744 2495 813 qui
2520 759 2628 799 non
2659 752 2772 799 tota
2803 743 3051 798 libertate
3085 743 3417 814 proclamant
3444 742 3702 813 Spiritum
3741 761 3859 801 san-

2284 837 2430 891 ctum
2461 851 2582 891 cum
2626 835 2787 891 Patre
2815 844 2870 890 et
2896 836 3032 891 Filio
3061 837 3219 891 unius
3245 837 3530 906 potestatis
3557 853 3676 894 esse
3703 848 3859 910 atque

2283 927 2614 982 substantiae.
2633 927 3161 982 Anathematizamus
3179 941 3396 998 quoque
3415 942 3510 983 eos
3529 928 3623 997 qui
3644 928 3859 986 Sabellii

2282 1027 2578 1090 sequuntur
2606 1035 2842 1076 errorem
2861 1062 2876 1087 ,
2907 1019 3154 1076 eumdem
3199 1019 3442 1076 dicentes
3462 1056 3463 1059 η
3483 1018 3699 1076 Patrem
3749 1038 3858 1078 esse

2282 1127 2442 1182 quem
2471 1120 2526 1166 et
2555 1111 2768 1166 Filium.
2800 1111 3325 1166 Anathematizamus
3353 1110 3541 1167 Arium
3569 1119 3735 1182 atque
3763 1112 3858 1168 Eu-

2283 1204 2542 1270 nomium,
2565 1205 2658 1274 qui
2684 1205 2798 1274 pari
2830 1205 3108 1274 impietate
3136 1204 3283 1276 (licet
3319 1219 3569 1261 sermone
3596 1205 3854 1279 dissimili)

2279 1295 2474 1352 Filium
2503 1304 2558 1352 et
2584 1296 2842 1367 Spiritum
2875 1304 3119 1352 sanctum
3157 1304 3402 1354 asserunt
3420 1311 3540 1352 esse
3566 1307 3852 1354 creaturas.

2280 1387 2804 1445 Anathematizamus
2836 1375 3283 1454 ‘Macedonianos,
3313 1389 3406 1458 qui
3441 1389 3509 1445 de
3554 1391 3670 1446 Arii
3697 1393 3855 1463 stirpe

2279 1481 2574 1545 venientes,
2605 1497 2710 1536 non
2741 1477 3019 1550 perﬁdiam
3040 1487 3336 1544 mutavere,
3359 1478 3698 1536 sed‘nomen.
3726 1481 3855 1537 Ana-

2280 1571 2683 1626 thematizamus
2711 1569 3022 1634 Photinum,
3053 1571 3144 1639 qui
3190 1569 3444 1625 Hebionis
3489 1571 3744 1629 hmresim
3779 1575 3849 1630 in-

2279 1669 2544 1727 staurans,
2576 1661 2859 1716 Dominum
2885 1659 3065 1718 Jesum
3086 1658 3356 1714 Christum
3376 1668 3588 1717 tantum
3607 1678 3680 1718 ex
3700 1663 3850 1723 Maria

2281 1751 2496 1821 Virgine
2522 1752 2825 1807 conﬁtetur.
2875 1751 3404 1808 Anathematizamus
3448 1766 3544 1808 eos
3588 1754 3688 1822 qui
3731 1755 3850 1813 duos

595 1838 824 1895 articulo
853 1839 964 1908 jam
1004 1839 1354 1910 profectionis
1381 1840 1496 1910 ejus
1542 1841 1719 1909 aliqua
1748 1856 1815 1897 ex
1841 1850 1996 1911 parte
2023 1859 2174 1899 com-
2205 1849 2253 1910 Β
2278 1842 2415 1898 ﬁlios
2461 1852 2724 1910 asserunt,
2754 1860 2916 1899 unum
2963 1851 3088 1899 ante
3126 1843 3339 1910 saecula,
3369 1851 3426 1898 et
3469 1844 3702 1900 alterum
3744 1856 3848 1917 post

593 1939 819 1987 motum.
854 1931 1003 1988 Unde
1033 1948 1101 1988 ue
1130 1941 1222 1988 aut
1250 1933 1346 1989 tibi
1375 1933 1655 2004 scrupulus
1681 1933 1968 2000 resideret,
1997 1944 2052 1989 et
2079 1951 2175 1994 v0-

593 2021 764 2078 lentes
788 2021 1012 2077 forsitan
1040 2021 1292 2079 Ecclesia:
1318 2023 1556 2092 copulari
1579 2030 1670 2078 tua
1693 2023 1872 2078 cautio
1901 2024 2170 2093 probanda

591 2107 849 2174 differret,
883 2109 1040 2167 ﬁdem
1067 2121 1306 2168 nostram
1346 2113 1605 2180 misimus,
1640 2128 1748 2168 non
1775 2120 1884 2168 tam
1914 2115 2036 2178 tibi,
2081 2106 2176 2188 qui

590 2202 829 2273 ejusdem
859 2204 982 2261 ﬁdei
1007 2208 1388 2263 communione
1415 2207 1656 2274 sociaris,
1687 2221 1846 2276 quam
1876 2207 1960 2263 his
1985 2209 2080 2277 qui
2119 2195 2170 2262 in

589 2313 654 2352 ea
682 2297 1096 2365 subseribentes,
1127 2301 1242 2367 tibi,
1274 2300 1328 2355 id
1353 2307 1436 2355 est
1470 2299 1646 2365 nobis,
1686 2314 1783 2368 per
1812 2307 1865 2354 te
1907 2299 2173 2354 voluerint

587 2388 814 2456 sociari,
859 2400 881 2429 ο
914 2390 1258 2447 dilectissime
1296 2392 1481 2447 frater.
1531 2392 1666 2458 Quia
1718 2403 1840 2461 post
1885 2393 2170 2448 concilium

589 2477 885 2546 Niemnum,
907 2477 935 2518 ά
965 2490 1022 2536 et
1039 2481 1185 2552 quod
1213 2482 1345 2537 urbe
1369 2481 1539 2536 Roma
1569 2483 1853 2537 concilium
1876 2486 2170 2552 congrega-

2274 1936 2697 2004 nssumptionem
2743 1934 2921 1990 carnis
2966 1949 3035 1988 ex
3061 1933 3299 2003 Virgine.
3334 1933 3847 1992 Anathematisamus

2278 2039 2370 2080 eos
2397 2026 2488 2094 qui
2513 2041 2612 2096 pro
2644 2026 2875 2081 hominis
2902 2024 3079 2079 anima
3107 2023 3417 2080 rationabili
3443 2032 3500 2079 et
3539 2025 3844 2094 intelligibili

2267 2117 2458 2176 dicunt
2479 2119 2576 2174 Dei
2603 2119 2839 2174 Verbum
2869 2117 2922 2172 in
2950 2117 3181 2173 humana
3224 2132 3388 2172 carne
3415 2125 3711 2185 versatum,
3739 2135 3842 2175 cum

2252 2216 2258 2221 ’
2296 2228 2389 2282 pse
2416 2206 2582 2267 Filius
2611 2213 2681 2269 sit
2708 2212 2945 2267 Verbum
2972 2210 3089 2275 Dei,
3119 2218 3176 2265 et
3202 2225 3310 2264 non
3354 2225 3454 2280 pro
3483 2211 3663 2265 anima
3695 2212 3842 2268 ratio-

2278 2303 2384 2358 nali
2424 2289 2500 2358 et
2524 2301 2841 2371 intelligibili
2887 2301 2941 2356 in
2988 2315 3085 2356 suo
3124 2315 3352 2371 corpore
3397 2299 3560 2355 fuerit
3591 2318 3605 2354 :
3636 2301 3840 2356 sedne-

2277 2404 2472 2461 stram,
2523 2394 2576 2449 id
2617 2401 2732 2475 est,
2783 2390 3158 2446 rationabilem
3204 2399 3261 2446 et
3305 2389 3689 2459 intelligibilem
3730 2393 3834 2450 sine

2275 2495 2495 2556 peccato
2523 2486 2754 2541 animam
2791 2483 3084 2562 susceperit
3121 2488 3282 2552 atque
3318 2483 3624 2540 salvaverit.
3657 2483 3675 2534 ι
3709 2482 3835 2538 Anax

1787 2593 1897 2646 FR.
1937 2593 2418 2651 FEU-ARDENTII
2455 2597 2679 2652 NOTAE.

588 2696 1022 2774 Chalcedonense
1050 2702 1104 2757 in
1147 2701 1365 2774 Oriente
1394 2703 1662 2758 celebrata
1691 2703 1949 2774 plurimas
1977 2713 2033 2760 et
2071 2705 2168 2761 do-

586 2772 852 2844 ctissimas
867 2773 1124 2829 adversus
1151 2773 1381 2829 haereses
1405 2772 1740 2841 emergentes
1761 2790 1858 2844 per
1895 2773 2167 2832 Orientem

584 2843 841 2916 epistolas
867 2845 1031 2910 misit,
1060 2859 1179 2915 quae
1206 2844 1346 2899 inter
1366 2851 1558 2899 caetera
1583 2843 1782 2914 scripta
1804 2844 1920 2914 ejus
1941 2845 2170 2916 impres-

584 2912 658 2967 sic
686 2912 1006 2969 referuntur.

497 3027 502 3030 .
585 3052 616 3055 _
657 2980 843 3055 {Cum
883 2985 1211 3055 temporibus
1236 2984 1451 3039 Damasi
1491 2985 1685 3040 summi
1723 2985 1991 3055 pontiﬁcis
2029 2987 2166 3043 alter

585 3052 1058 3127 Paulin_us_fuerit
1084 3055 1455 3127 Antiochense,
1478 3055 1626 3127 alter
1664 3052 1900 3127 ejusdem
1948 3073 2165 3127 quoque

585 3122 816 3177 nominis
844 3121 1330 3196 Thessalonicensis
1356 3124 1620 3196 Ecclesia:
1665 3121 1982 3196 episcopus;
2000 3135 2054 3182 et
2074 3121 2160 3183 'ad

586 3200 869 3263 utrumque
897 3193 1153 3263 Damasus
1180 3194 1432 3263 epistolas
1470 3193 1759 3263 scripserit,
1784 3193 2163 3253 addubitarunt

585 3262 826 3334 nonnulli
850 3262 924 3334 ad?
943 3278 1102 3332 quem
1122 3262 1322 3334 phorum
1345 3262 1544 3320 directa
1573 3262 1748 3330 fuerit,
1774 3263 1893 3334 q'uae
1922 3268 2006 3321 hic
2028 3269 2162 3323 cita-

585 3339 672 3385 tur
699 3333 816 3399 ejus
843 3333 1087 3402 epistola.
1121 3333 1338 3399 Verum,
1371 3340 1478 3388 tam
1517 3349 1584 3388 ex
1621 3335 1725 3389 hoc
1754 3333 1972 3390 Arnobii
2003 3339 2158 3391 testi-

581 3404 785 3467 monio,
814 3419 981 3476 quam,
998 3420 1065 3459 ex
1095 3403 1435 3459 Theodoreto
1464 3402 1604 3476 (Lib.
1644 3421 1694 3476 v,
1723 3421 1766 3459 c.
1802 3405 1886 3470 10,
1922 3405 2005 3472 11,
2045 3405 2152 3476 15),

580 3480 729 3545 patet
767 3473 1255 3545 ad'Antioclienum
1297 3473 1551 3545 scriptam
1581 3474 1786 3545 fuis‘se:
1820 3477 2031 3530 tametsi
2063 3473 2154 3530 Ni-

2272 2717 2321 2762 et
2343 2717 2554 2782 anteet
2572 2718 2748 2780 postea
2775 2709 3101 2780 conﬁtentur.
3141 2707 3440 2782 Quicunque
3471 2710 3590 2764 huic
3627 2713 3836 2780 epistola

2269 2779 2583 2835 subscribere
2609 2782 2842 2844 voluerit,
2876 2779 2955 2834 ita
2993 2789 3162 2834 tamen
3201 2787 3257 2832 ut
3284 2782 3339 2834 in
3357 2779 3834 2837 ecclesiasticos“-

2269 2866 2448 2914 nones,
2461 2868 2586 2922 quos
2606 2852 2970 2922 optime‘nosti,
2986 2859 3035 2922 et
3054 2851 3108 2903 in
3124 2849 3398 2905 Nicamam
3413 2851 3571 2922 ﬁdem
3594 2865 3714 2907 ante
3732 2854 3830 2908 sub-

2269 2919 2550 2992 scripserit,
2564 2919 2696 2974 hunc
2719 2919 2926 2974 habebis
2946 2919 3136 2992 absque
3157 2922 3329 2992 aliqua
3350 2919 3688 2992 ambiguitate
3700 2927 3833 2978 susci-

2268 3007 2416 3059 pere.
2440 2989 2563 3045 Non
2589 2992 2724 3062 quod
2747 2991 2856 3063 [rrec
2875 2992 3008 3061 ipsa,
3039 2989 3152 3061 quia
3179 2989 3272 3063 nos
3299 2989 3594 3054 scribimus,
3626 3010 3726 3047 non
3751 3012 3832 3063 po-

2269 3063 2426 3131 tueris
2471 3062 2864 3114 convertentium
2901 3062 3212 3131 susceptioni
3240 3077 3560 3131 proponere;
3598 3065 3690 3116 sed
3711 3062 3831 3131 quod

2273 3129 2362 3184 tibi
2389 3147 2667 3202 consensus
2708 3140 2881 3184 noster
2907 3128 3145 3202 _liberum
3189 3128 3248 3184 in
3282 3128 3613 3202 suscipiendo
3661 3136 3723 3186 tri

2268 3201 2576 3271 exmplum.
2610 3200 2877 3271 Hactenus
2906 3200 3182 3271 Damasus,
3208 3200 3434 3270 epiStola
3469 3201 3538 3255 ad
3567 3200 3826 3259 Paulinum

2269 3267 2678 3338 Antioclienum.
2707 3269 2959 3338 Sequitur
2988 3270 3200 3324 ibidem.

2267 3337 2531 3411 Professio
2560 3337 2826 3400 catholica:
2843 3341 2987 3411 ﬁdei,
3015 3357 3167 3410 quam
3184 3341 3388 3411 scripsit
3416 3339 3672 3395 Damasus
3697 3341 3826 3395 Parte

2283 3477 2286 3479 λ
2380 3409 2385 3411 γ
2414 3411 2546 3480 _lino
2572 3413 2809 3480 episcopo
2841 3409 3217 3480 Thessalonica:
3255 3409 3307 3463 in
3334 3409 3659 3475 Macedonia.

2344 3497 2361 3528 ι
2397 3478 2530 3544 Quia
2577 3478 2700 3548 post
2740 3478 3023 3533 eonciliuln
3063 3479 3352 3542 Nicaenum,
3384 3488 3513 3543 etc.,
3546 3499 3564 3531 ι
3597 3495 3707 3548 quae
3741 3481 3821 3535 hic

580 3537 1063 3619 :eephorusdiserte
1085 3545 1281 3619 scribat
1308 3537 1452 3598 illam
1477 3546 1710 3619 missam
1734 3544 1988 3619 l'uissead
2018 3545 2157 3619 Pau-
2185 3537 2232 3600 C
2263 3537 2658 3619 referuntur-al)
2687 3549 2942 3619 Arnobio,
2977 3550 3194 3619 insuper
3215 3556 3270 3602 et
3299 3537 3810 3619 a'TheodorétoLlib.

581 3609 825 3684 lin’umAin
855 3613 1164 3668 Macedonia
1190 3615 1522 3684 episcopum,
1559 3615 1650 3684 qui
1679 3616 1842 3669 etiam
1870 3615 2156 3671 Thessalo-

579 3680 714 3736 nicae
741 3681 931 3753 fuerat,
961 3683 1053 3736 lib.
1089 3701 1177 3748 xu,
1209 3680 1455 3753 (Ξθρηίξ.
1497 3684 1552 3737 ιιι
1577 3680 1871 3739 novissima
1903 3687 2160 3741 concilio-

579 3766 696 3824 rum
725 3751 976 3824 editione,
1010 3751 1465 3824 Venetiis,'1585,
1490 3754 1637 3823 prior
1665 3756 1903 3823 epistolae
1933 3771 2055 3824 pars
2077 3756 2159 3810 di-

578 3820 766 3893 rigitur
829 3821 1162 3878 Antiocheno
1187 3841 1234 3893 ;_
1268 3820 1555 3893 posterior,
1616 3820 1764 3892 cujus
1803 3820 2011 3879 initium
2053 3834 2154 3893 est,

577 3889 712 3954 Quia
739 3900 855 3960 post
882 3894 1154 3948 concilium
1180 3889 1478 3956 Niéaznum,
1507 3889 1988 3950 Thessalonicensi.

643 3960 671 3999 δ
699 3961 778 4016 lta
806 3964 1136 4020 restituimus
1155 3979 1222 4019 ex
1248 3964 1496 4030 Damaso,
1526 3964 1872 4033 delemusque
1891 3980 1960 4020 ex
1985 3966 2156 4021 veteri

573 4027 794 4086 Arnobii
816 4034 1018 4098 codice,
1051 4044 1098 4086 et
1125 4046 1172 4088 te
1191 4034 1422 4089 Petrum.

646 4111 669 4140 ε
699 4099 798 4175 Hic
826 4103 1003 4175 multa
1028 4105 1386 4173 prmtermittit
1414 4105 1699 4175 Arnobius,
1732 4121 1852 4175 quae
1888 4105 1941 4159 in
1965 4111 2154 4161 eadem

574 4169 787 4245 Damasi
816 4169 1045 4245 epistola
1063 4175 1430 4245 continentur,
1447 4169 1858 4245 referunturque
1884 4183 2032 4230 tomo
2055 4177 2157 4245 pri-

574 4237 1030 4311 moConciliorum
1041 4243 1460 4309 geuerulium.Et
1479 4245 1732 4311 quoniam
1749 4237 2154 4299 a'd’ﬁdeinos'trm

573 4307 1357 4380 conﬁrmationem‘plnrimum
1403 4307 1704 4373 conferunt,
1741 4329 1845 4366 non
1887 4314 2153 4380 ingratum

573 4379 679 4432 erit
693 4379 794 4447 piis
814 4394 878 4434 ac
895 4379 1148 4435 studiosis
1169 4380 1478 4444 lectoribus,
1497 4382 1543 4436 si
1557 4397 1620 4436 ea
1641 4379 2042 4448 subjecerinius.
2064 4383 2156 4439 Se-

612 4448 753 4522 uitur
797 4463 925 4517 ergo
968 4468 980 4522 ς
1015 4447 1344 4522 QuaprOpter
1381 4467 1426 4504 st
1473 4447 1797 4522 supradictus
1829 4452 1971 4521 ﬁlius
2012 4470 2152 4508 meus

627 4519 768 4594 italis
808 4527 855 4594 et
891 4521 976 4594 qui
1018 4519 1139 4594 cum
1172 4519 1239 4574 eo
1275 4522 1515 4594 suuttibi
1536 4519 1807 4594 'voluerint
1831 4519 2147 4594 aggregari,

572 4588 805 4665 primum
820 4581 1002 4643 debent
1020 4591 1076 4665 in
1102 4608 1164 4665 ea
1191 4593 1510 4665 expositione
1530 4581 2152 4665 ﬁdei‘subscrib'Erezquee

571 4658 712 4780 γειίί
731 4657 785 4712 Ν
788 4661 967 4742 ἱςωαηι
995 4661 1083 4731 pia
1110 4657 1330 4714 Patrum
1358 4657 1616 4717 voluntate
1637 4662 1849 4732 firmata
1875 4670 1968 4716 est.
1989 4657 2151 4716 Dein-

607 4745 652 4780 e.
676 4745 916 4780 mmmam
963 4748 1110 4780 nemo
1152 4739 1318 4780 potest
1349 4734 1532 4780 futuris
1571 4731 1863 4780 vulneribus
1906 4731 2149 4780 adhibere

572 4731 652 4793 de,
676 4732 916 4810 quoniam
963 4748 1110 4785 nemo
1150 4739 1318 4802 potest
1346 4734 1532 4803 futuris
1571 4731 1863 4787 vulneribus
1906 4731 2149 4788 adhibere

569 4799 894 4858 medicinam.
925 4819 986 4854 ea
1014 4801 1224 4856 Iucresis
1263 4803 1583 4858 eradicauda
1610 4812 1704 4858 est.
1746 4820 1861 4858 (mw
1887 4812 2065 4858 postea
2092 4805 2146 4858 in

571 4821 894 4865 meuwmam,
925 4821 986 4854 ea
1014 4821 1224 4856 ruerem
1263 4821 1583 4858 eraaicauaa
1610 4821 1704 4868 est,
1746 4821 1861 4875 qua!
1886 4821 2065 4874 postea
2092 4821 2143 4858 in

571 4864 783 4944 Oriente
801 4871 990 4944 dicitur
1008 4873 1323 4944 pullulasse;
1341 4875 1408 4944 id
1435 4883 1529 4938 est,
1562 4874 1882 4944 confitendus
1909 4876 2025 4944 ipsa
2053 4892 2143 4928 sa-

568 4938 911 5016 pientia,_ipse
930 4938 1111 5006 sermo,
1133 4942 1299 5016 Filius
1324 4943 1418 4999 Dei
1442 4938 1720 5016 humanum
1735 4938 2017 5016 suscepisse
2039 4962 2147 5000 cor-

566 5024 681 5076 pus,
707 5013 948 5086 animam,
969 5029 1190 5086 sensum,
1213 5014 1268 5066 id
1288 5023 1383 5077 est,
1407 5016 1661 5086 integrum
1681 5014 1866 5080 Adam,
1880 5013 1930 5068 et
1950 5017 2028 5085 (ut
2053 5031 2148 5069 ea:-

567 5081 791 5155 pressius
810 5081 1000 5155 dicam)
1024 5090 1182 5155 totum
1195 5093 1407 5138 veterem
1434 5081 1665 5139 nostrum
1689 5086 1801 5138 sine
1827 5081 2031 5155 peccato
2059 5087 2148 5139 Ito-

565 5151 772 5226 ntinem.
817 5151 982 5208 Sicuti
1032 5154 1168 5226 enim
1195 5155 1488 5226 conﬁtentes
1515 5173 1628 5209 eum
1657 5151 1934 5209 humanum
1961 5173 2144 5226 corpus

564 5224 862 5297 suscepisse,
899 5238 1002 5276 non
1021 5225 1268 5297 statimei
1294 5234 1343 5277 et
1368 5225 1617 5279 humanas
1645 5227 1878 5280 vitiorum
1902 5224 2143 5297 adjungi-

563 5306 675 5367 mus
695 5293 980 5367 passiones,
1024 5293 1100 5346 ita
1137 5302 1186 5347 et
1215 5294 1433 5349 dicentes
1461 5312 1574 5349 eum
1591 5299 1886 5367 suscepisse
1909 5293 2145 5350 et'liomi-

564 5361 643 5414 nis
673 5361 909 5418 animam
923 5372 973 5417 et
991 5380 1214 5429 sensum,
1239 5380 1341 5419 non
1369 5367 1544 5419 statim
1563 5361 1775 5420 dicimus
1796 5373 1846 5421 et
1867 5369 2140 5429 cogitatio-

563 5445 685 5489 num
732 5451 865 5507 eam
884 5435 1228 5507 humanarum
1269 5435 1586 5506 subjacuisse
1631 5447 1854 5507 peccato.
1917 5435 1976 5507 Sj
2028 5437 2138 5507 quis

565 5512 733 5556 autem
760 5506 949 5560 dixerit
979 5521 996 5558 :
1026 5503 1262 5566 Verbum
1289 5503 1380 5576 pro
1407 5503 1640 5560 humano
1663 5523 1814 5560 sensu
1842 5508 1896 5559 in
1929 5503 2140 5576 Domini

566 5583 722 5623 carne
759 5585 1028 5641 versatum,
1065 5576 1198 5630 hunc
1232 5575 1488 5632 catholica
1525 5576 1761 5629 Ecclesia
1798 5575 2146 5628 anathemati-

566 5647 682 5719 ἔςτί
713 5657 908 5719 necnon
936 5656 985 5700 et
1003 5663 1088 5700 eos
1116 5648 1202 5719 qui
1238 5649 1293 5700 in
1327 5647 1600 5719 Saluatore
1637 5646 1778 5719 ﬁlios
1812 5646 2138 5715 conﬁtentur,

566 5706 622 5759 id
632 5718 739 5786 .est,
770 5714 929 5767 alium
948 5724 1070 5786 ante
1094 5706 1524 5782 incarnationem,
1547 5725 1597 5770 et
1623 5706 1781 5786 alium
1807 5706 1921 5786 ρρεὶ
1943 5706 2142 5786 sums

485 5811 510 5829 -.
567 5778 792 5849 ptionem
809 5785 982 5839 carnis
1002 5803 1066 5840 ea:
1099 5786 1329 5858 Virgine,
1355 5797 1404 5843 et
1426 5778 1531 5843 non
1569 5778 1920 5841 eumdem'Dei
1949 5783 2143 5841 Filium

2262 3632 2312 3678 v,
2341 3634 2456 3686 cap.
2491 3617 2575 3682 15,
2607 3627 2662 3672 et
2690 3617 3010 3688 Nicephoro,
3045 3617 3135 3673 lib.
3169 3635 3258 3683 xu,
3283 3635 3402 3688 cap.
3437 3619 3515 3681 l8,
3545 3634 3605 3671 ex
3630 3617 3806 3685 quibus

2260 3688 2497 3754 signatos
2523 3689 2726 3758 aliQuot
2754 3690 2902 3746 locos
2928 3689 3347 3744 emendavimus.

2329 3755 2354 3794 d
2387 3757 2498 3814 Hoc
2527 3767 2698 3813 totum
2744 3759 2985 3814 incisum.
3016 3773 3179 3814 usque
3209 3759 3276 3812 ad
3316 3758 3464 3814 illud.
3493 3760 3537 3811 is
3563 3773 3699 3811 error
3738 3757 3753 3810 i

2329 3767 2354 3794 α
2387 3767 2498 3814 Hoc
2527 3767 2698 3813 totum
2745 3767 2985 3824 incisum,
3016 3773 3179 3826 usque
3209 3767 3276 3812 ad
3316 3767 3464 3823 illud,
3493 3767 3537 3811 is
3563 3773 3699 3811 error
3738 3774 3819 3812 ut-

2259 3827 2429 3892 olevit,
2464 3829 2700 3882 additum
2741 3828 2950 3883 videtur
2989 3830 3054 3883 ab
3094 3828 3352 3893 Arnobio,
3379 3829 3628 3896 quoniam
3655 3841 3822 3896 neque

2257 3899 2397 3977 apud
2413 3897 2842 3977 _Tlieod“0retum,
2875 3914 3047 3966 neque
3067 3897 3225 3977 apud
3255 3897 3632 3977 Nicephorum,
3659 3912 3823 3977 neque

2256 3967 2309 4021 in
2341 3968 2566 4037 epistola
2593 3969 2822 4031 Damasi,
2851 3982 2969 4037 quae
2998 3976 3081 4022 est
3107 3968 3160 4022 in
3191 3976 3338 4038 torno
3367 3966 3542 4038 primo
3569 3966 3823 4038 Concilio-7

2255 4041 2393 4102 rum,
2427 4039 2636 4106 legitur.
2668 4038 2928 4092 Caeterum
2958 4054 2988 4092 a
3021 4038 3236 4092 concilii
3271 4037 3469 4092 Nicaeni
3496 4045 3742 4107 tempore
3764 4037 3825 4093 ad

2256 4107 2540 4163 Damasum
2571 4124 2739 4176 usque
2767 4109 2990 4176 plurima
3037 4108 3262 4162 concilia
3293 4107 3476 4162 Romae
3509 4106 3696 4162 coacta
3725 4106 3827 4161 fuen

2255 4188 2379 4231 runt
2411 4196 2422 4229 :
2455 4179 2684 4247 primum
2713 4180 2818 4232 sub,
2839 4177 3128 4247 Sylvestro,
3170 4186 3444 4247 prmsente
3479 4176 3826 4233 Constantino

2255 4245 2499 4318 augusto,
2547 4249 2600 4301 in
2629 4263 2736 4316 quo
2783 4264 2819 4318 ra
2855 4245 2966 4318 275,
3003 4245 3268 4318 episcopis
3313 4245 3693 4318 conﬁrmatum
3738 4247 3829 4318 fuit

2253 4317 2505 4385 quidquid
2548 4318 2734 4373 Patres
2776 4317 2972 4371 Nicmni
3019 4316 3354 4372 deﬁnieram.
3396 4316 3706 4373 Secundum
3735 4317 3826 4385 sub

2255 4384 2464 4450 eodem,
2497 4387 2939 4441 convenientibus
2965 4386 3033 4440 67
3062 4396 3172 4448 aut,
3205 4395 3272 4441 ut
3291 4386 3380 4440 alii
3411 4387 3620 4452 volunt,
3648 4386 3716 4441 84
3744 4384 3828 4440 Pa-

2255 4456 2423 4511 tribus
2451 4465 2505 4511 et
2533 4455 2849 4521 Sabellium,
2873 4457 3073 4522 Arium,
3113 4457 3395 4512 Ph‘otinum
3431 4455 3824 4510 damnantibns.

2253 4525 2490 4596 Tertium
2522 4527 2716 4581 iterum
2736 4528 2836 4580 sub
2863 4527 3070 4596 eodem,
3094 4526 3199 4579 28L
3226 4527 3510 4596 episcopis,
3536 4527 3594 4580 in
3615 4527 3828 4581 thermis
3894 4538 3900 4542 '

2252 4595 2565 4651 Domitianis
2590 4597 2944 4666 congregatis.
2964 4594 3221 4663 Quartum
3248 4594 3347 4652 sub
3374 4594 3538 4660 lolio,
3558 4603 3831 4653 trecento-

2250 4681 2366 4748 rum
2396 4667 2664 4748 sexdecim
2690 4667 3082 4748 episcoporum,
3124 4667 3216 4734 qui
3245 4682 3444 4748 omnes
3463 4681 3558 4721 eos
3587 4667 3687 4748 qui
3715 4681 3830 4721 cum

2250 4737 2378 4791 Ario
2406 4735 2949 4792 seutiebant’rursum
2989 4735 3328 4802 damnarunt,
3359 4735 3720 4791 Athanasium
3747 4751 3832 4792 ve-

2248 4822 2311 4861 ro
2341 4807 2634 4862 innumeris
2677 4807 2958 4860 calumniis
3004 4814 3270 4869 vexatum,
3315 4807 3382 4860 ab
3431 4807 3496 4861 iis
3524 4806 3830 4861 absolutum

2247 4877 2302 4931 in
2331 4878 2761 4933 communionem
2801 4883 3138 4945 receperunt.
3177 4874 3432 4942 Quintum
3458 4877 3557 4931 sub
3601 4876 3830 4932 Damaso
3911 4937 3916 4941 η

2248 4949 2538 5016 nonaginta
2578 4948 2968 5016 episcoporum,
3013 4946 3105 5014 qui
3133 4945 3483 5016 Ariminensis
3524 4954 3830 5016 conventus

2245 5015 2555 5088 Symbolum
2577 5015 2982 5088 damnaverunt,
3013 5031 3331 5088 rursumque
3356 5015 3572 5088 decreta
3605 5015 3830 5088 Nicena:

2246 5085 2748 5158 cemprobaverunt.
2793 5085 3172 5158 Sextumsub
3219 5086 3426 5158 eodem
3452 5085 3730 5158 Damaso,
3781 5087 3828 5158 in

2244 5174 2352 5228 quo
2370 5155 2688 5228 'Apollinarii
2709 5165 2764 5212 et
2791 5156 3059 5228 Timothei
3088 5157 3314 5228 hmreses
3340 5156 3568 5228 publicis
3590 5155 3833 5228 decretis

2243 5225 2458 5284 fuerunt
2485 5229 2747 5298 damnatae
2777 5227 3034 5298 (Sozam,
3065 5225 3180 5280 libr.
3225 5243 3296 5298 vi,
3337 5225 3385 5279 ὸ.
3429 5225 3538 5290 25;
3586 5225 3831 5298 Theodo-

2245 5310 2362 5371 ζει,
2392 5299 2486 5371 lib.
2510 5315 2563 5362 ιι,
2596 5315 2639 5371 c.
2667 5296 2887 5371 22).'_De
2914 5313 3021 5366 quo
3041 5305 3228 5371 autem
3254 5296 3827 5371 horutn‘eoneiliorum

2245 5367 2337 5488 hi?
2369 5369 2568 5422 scribat
2611 5365 2896 5433 Arnobius,
2936 5365 3178 5423 studioso
3216 5366 3403 5422 lectori
3443 5365 3831 5435 inquirendtun

2245 5452 2301 5488 re
2325 5453 2506 5488 mnuo.

2242 5452 2506 5498 relinquo.
3493 5489 3499 5498 ,

2325 5455 2375 5490 in
2419 5454 2506 5492 uo.
3493 5489 3499 5498 ,

2318 5517 2340 5577 ς
2372 5453 2592 5562 Xrnobii
2612 5509 2888 5577 exemplar
2916 5516 3084 5569 vetus,
3105 5520 3250 5562 more
3275 5507 3548 5577 sacrilego.

2320 5574 2338 5614 ί
2371 5577 2655 5646 Nicephori
2685 5573 2965 5648 interpres
2997 5596 3010 5630 :
3045 5577 3144 5642 Qui
3174 5579 3351 5632 dicunt
3394 5573 3617 5629 Verbum
3664 5573 3830 5637 Dein

2245 5647 2405 5701 Patre
2448 5650 2748 5702 extensione
2773 5657 2823 5700 st
2857 5649 3204 5702 contractione
3234 5653 3557 5717 segregatum
3595 5656 3738 5717 esse,
3780 5651 3836 5699 et.

2243 5717 2514 5773 subsistere
2543 5719 2597 5772 id
2622 5735 2725 5772 non
2757 5727 3036 5789 posse,_aut
3059 5720 3144 5789 qui
3172 5715 3328 5789 ﬁnem
3364 5715 3419 5770 id
3444 5732 3592 5770 suum
3616 5716 3832 5772 habitu~

2246 5805 2358 5843 rum
2378 5807 2487 5844 esse
2515 5785 2872 5848 blaspheniant
2894 5785 3030 5856 (Lib.
3057 5785 3147 5853 xu,
3173 5785 3226 5842 Vc.
3261 5787 3346 5859 18)

3355 5827 3368 5840 ’
3397 5843 3437 5862 δ
