4108 6348
303 355 405 431 sai

1257 371 1727 436 COMMENTABII
1763 377 1832 434 IN
1868 375 2196 443 PSALMOS.
2231 375 2619 460 ΑωωΝιτιο.

304 488 720 544 thematizamus
765 497 858 544 eas
904 486 994 560 qui
1042 489 1275 546 Verbum
1319 492 1413 548 Dei
1462 491 1654 546 Filium
1697 499 1886 546 exten-
1913 495 1964 555 Α
1990 499 2174 558 tatem,
2229 498 2583 562 potestatem,
2628 489 2996 558 majestatem,
3035 488 3361 560 potentiam,
3400 503 3563 546 unam

302 580 480 647 sione,
509 587 605 636 aut
628 580 962 646 collectione,
1003 589 1058 637 et
1084 598 1113 636 a
1143 581 1303 638 Patre
1333 592 1658 653 separatum,
1701 581 1882 637 insub-

303 670 618 740 stantivum,
647 680 704 729 et
733 673 892 728 tinem
915 673 1222 731 habiturum
1249 691 1369 731 esse
1396 675 1743 730 contendunt.
1775 673 1883 729 Eos

303 771 488 818 autem
529 766 622 836 qui
667 764 735 820 ab
780 763 1030 824 Ecclesiis
1075 766 1142 820 ad
1191 766 1454 822 Ecclesias
1500 767 1879 836 migraverunt,

303 857 492 911 tandiu
535 872 566 911 a
595 857 971 912 communion’e
999 867 1183 913 nostra
1227 859 1485 914 habemus
1523 860 1755 923 alienos,
1785 857 1882 912 do-

303 963 413 1004 nec
437 947 505 1004 ad
532 963 626 1004 eas
652 948 910 1004 redierint
944 951 1190 1005 civitates
1215 951 1270 1005 in
1299 952 1492 1020 quibus
1518 951 1625 1004 sint
1651 951 1882 1020 primum

303 1040 604 1096 constituti.
654 1039 808 1107 Quod
848 1042 891 1095 si
941 1042 1060 1110 quis
1107 1043 1259 1106 alius,
1302 1044 1407 1097 alio
1449 1043 1879 1110 transmigrante,

304 1141 336 1171 ι
385 1133 441 1186 in
487 1130 662 1186 locum
715 1131 942 1186 viventis
989 1133 1261 1188 ordinatus
1308 1144 1422 1195 est,
1479 1133 1660 1188 tandiu
1718 1142 1872 1188 vacet

302 1222 594 1281 sacerdotii
647 1222 904 1291 dignitate
947 1225 1038 1292 qui
1092 1240 1242 1278 suam
1296 1225 1528 1280 deservit
1575 1225 1879 1290 civitatem,

303 1314 546 1386 quandiu
573 1329 852 1370 successor
877 1314 994 1383 ejus
1028 1317 1270 1384 quiescat
1298 1317 1350 1370 in
1393 1317 1636 1371 Domino.
1669 1315 1726 1371 Si
1765 1317 1885 1385 quis

306 1421 419 1461 non
447 1405 639 1460 dixerit
666 1419 877 1475 semper
923 1404 1155 1473 Patrem,
1188 1422 1400 1478 semper
1427 1407 1640 1472 Filium,
1671 1424 1886 1478 semper

305 1495 565 1566 Spiritum
612 1505 852 1552 sanctum
898 1494 1060 1552 fuisse
1105 1505 1160 1552 et
1200 1513 1339 1562 esse,
1387 1485 1669 1553 anathema
1709 1499 1796 1553 sit.
1828 1498 1885 1553 Si

303 1589 433 1656 quis
471 1602 577 1641 non
617 1585 813 1641 dixerit
848 1585 1038 1642 Filium
1084 1598 1265 1643 natum
1293 1588 1360 1644 de
1389 1587 1567 1662 Patre,
1599 1589 1651 1644 id
1676 1598 1776 1656 est,
1819 1589 1888 1646 de

306 1678 607 1732 substantia
635 1677 814 1732 divina
843 1678 1024 1748 ipsius,
1057 1680 1342 1734 anathema
1373 1681 1460 1734 sit.
1493 1679 1522 1719 ιι
1547 1679 1604 1734 Si
1635 1681 1754 1750 quis
1779 1697 1885 1735 non

306 1767 506 1822 dixerit
551 1766 784 1822 Verbum
830 1766 1038 1822 Domini
1093 1768 1287 1824 Filium
1325 1769 1440 1836 Dei,
1485 1770 1657 1826 Deum
1703 1787 1883 1826 verum

1981 583 2224 654 gloriam,
2263 583 2706 650 dominationem,
2736 598 2897 638 unum
2926 597 3149 652 regnum
3167 620 3183 646 ,
3215 590 3374 652 atque
3401 597 3562 637 unam

1981 680 2333 744 voluntatem,
2366 695 2429 734 ac
2456 679 2757 742 veritatem,
2789 679 3074 733 anathema
3110 678 3198 732 sit.
3229 675 3285 731 Si
3309 677 3427 746 quis
3456 685 3564 730 tres

1981 785 2239 841 personas
2266 787 2374 825 non
2403 769 2597 823 dixerit
2621 783 2794 831 veras,
2828 766 3040 824 Patrem
3067 776 3124 823 et
3147 767 3337 822 Filium
3364 775 3419 821 et
3443 766 3565 836 Spi-

1982 865 2146 918 ritum
2192 873 2451 929 sancttun,
2501 862 2764 931 aequales,
2814 875 3029 930 semper
3073 862 3332 926 viventes,
3383 859 3562 913 omnia

1984 955 2320 1010 continentes
2349 954 2574 1008 visibilis
2603 962 2658 1007 et
2707 951 3011 1012 invisibilia,
3062 953 3242 1005 omnia
3289 958 3556 1022 potentes.

1985 1045 2164 1099 omnia
2189 1043 2510 1113 judicantes,
2542 1043 2721 1096 omnia
2773 1040 3122 1101 viv'iﬁcantes,
3155 1042 3335 1095 omnia
3366 1039 3567 1095 iacien-

1986 1143 2087 1198 tes,
2119 1135 2299 1190 omnia
2338 1150 2457 1204 quze
2500 1142 2624 1188 sunt
2662 1132 2915 1188 salvanda
2957 1131 3246 1198 salvautes,
3287 1133 3568 1187 anathema

1983 1226 2072 1281 sit.
2098 1225 2155 1280 Si
2181 1226 2301 1295 quis
2329 1243 2437 1282 non
2465 1225 2660 1281 dixerit
2686 1225 2942 1296 Spiritum
2969 1233 3213 1279 sanctum
3241 1223 3571 1286 adorandum

1985 1321 2053 1375 ab
2077 1320 2224 1374 omni
2251 1327 2517 1384 creatura,
2543 1319 2682 1373 sicut
2707 1317 2899 1372 Filium
2925 1325 2982 1372 et
3011 1315 3255 1380 Patrem,
3284 1316 3570 1370 anathema

1985 1413 2074 1468 sit.
2103 1411 2160 1467 Si
2188 1411 2308 1480 quis
2328 1410 2395 1465 de
2416 1409 2575 1465 Patre
2603 1417 2657 1464 et
2685 1407 2819 1463 Filio
2841 1411 2975 1463 bene
2995 1407 3244 1471 senserit,
3271 1405 3339 1460 de
3366 1406 3571 1476 Spiritu

1985 1510 2164 1558 autem
2185 1510 2371 1556 sancto
2389 1517 2494 1555 nou
2510 1509 2656 1555 recte
2675 1500 2938 1562 habuerit,
2964 1495 3244 1554 hmreticds
3273 1506 3374 1559 est,
3395 1505 3420 1541 π
3442 1495 3568 1566 quia

1987 1609 2177 1650 omnes
2205 1593 2460 1656 haeretici,
2505 1592 2572 1646 de
2616 1591 2750 1645 Filio
2779 1591 2871 1645 Dei
2899 1598 2954 1646 et
2981 1589 3184 1659 Spiritu
3212 1595 3402 1643 sancto
3430 1583 3570 1639 male

1947 1683 1952 1689 ’
1988 1686 2298 1748 sentientes,
2333 1684 2385 1737 in
2417 1681 2721 1736 Judmorum
2752 1689 2914 1749 atque
2942 1679 3219 1747 gentilium
3239 1674 3460 1747 perﬁdia
3490 1676 3571 1729 in—

1988 1779 2293 1833 veniuutur.
2327 1774 2354 1813 ιι
2385 1773 2538 1842 Quod
2580 1775 2623 1829 si
2677 1773 2796 1843 quis
2842 1771 3101 1843 partiatur
3145 1769 3312 1824 Deum
3357 1766 3571 1822 Patrem

305 1860 449 1915 είευι
483 1857 694 1913 Palmm
730 1857 865 1926 eius:
894 1867 948 1914 οι
975 1859 1155 1914 omnia
1196 1876 1374 1930 P0530.
1405 1869 1463 1915 ει
1500 1862 1680 1916 omnia
1708 1877 1884 1927 nosse.
1921 1870 1965 1930 Β
1989 1869 2193 1933 dicens,
2225 1878 2278 1922 et
2307 1868 2473 1922 Deum
2499 1865 2689 1919 Filiqu
2712 1864 2849 1932 ejus,
2880 1873 2934 1916 et
2963 1861 3129 1916 Deum
3168 1860 3425 1930 Spiritum
3446 1874 3571 1914 san-

308 1949 592 2004 anathema
623 1950 710 2003 sit.
768 1948 823 2004 Si
864 1950 984 2018 quis
1010 1950 1204 2004 dixerit
1244 1951 1389 2020 quod
1419 1952 1473 2006 in
1501 1967 1662 2008 carne
1689 1953 1889 2007 consti-

309 2047 459 2094 tutus
485 2039 650 2094 Filius
689 2039 784 2095 Dei
812 2056 933 2095 cum
963 2049 1107 2096 esset
1144 2043 1197 2096 in
1244 2050 1418 2107 terra,
1469 2044 1523 2098 in
1571 2045 1722 2099 caelis
1768 2062 1890 2100 cum

310 2127 473 2186 Patre
500 2147 609 2186 non
637 2139 784 2194 erat,
817 2132 1105 2186 anathema
1149 2133 1238 2187 sit.
1280 2132 1338 2186 Si
1367 2135 1489 2202 quis
1515 2134 1712 2189 dixerit
1751 2135 1893 2204 quod

309 2221 366 2275 in
396 2221 646 2292 passione
672 2222 848 2276 crucis
875 2221 1118 2276 dolorem
1142 2223 1441 2276 sustinebat
1461 2222 1627 2278 Filius
1652 2224 1767 2289 Dei,
1796 2236 1816 2263 ε
1840 2234 1896 2280 et

310 2329 419 2368 non
447 2329 576 2368 caro
603 2329 724 2368 cum
767 2313 962 2378 anima,
995 2330 1158 2384 quam
1189 2313 1433 2369 induerat
1462 2316 1515 2370 in
1545 2316 1714 2372 forma
1757 2321 1895 2374 sem’

311 2404 538 2476 (Philip.
567 2406 649 2478 ιι),
675 2420 836 2476 quam
864 2406 963 2476 sibi
991 2415 1274 2478 acceperat
1291 2447 1307 2473 ,
1336 2409 1471 2464 sicut
1499 2411 1574 2464 ait
1600 2410 1891 2481 Scriptura,

313 2499 607 2552 anathema
641 2498 730 2552 sit.
773 2495 801 2535 ει
827 2497 884 2553 Si
925 2499 1044 2569 quis
1071 2515 1178 2554 non
1225 2499 1419 2555 dixerit
1449 2502 1592 2571 quod
1632 2504 1685 2558 in
1733 2521 1894 2560 carne

309 2604 481 2658 quam
528 2590 812 2660 assumpsit
856 2589 1003 2645 sedet
1051 2590 1116 2645 ad
1164 2591 1674 2660 dexteram'Patris,
1705 2596 1758 2650 in
1787 2612 1891 2667 qua

321 2667 576 2734 venturus
627 2687 708 2735 est
738 2678 977 2749 judicare
1024 2682 1176 2737 vivos
1221 2692 1276 2737 et
1315 2691 1574 2752 mortuos,
1605 2688 1889 2743 anathema

317 2767 410 2822 sit.
453 2767 510 2822 Si
539 2769 661 2839 quis
698 2785 804 2824 non
845 2771 1038 2827 dixerit
1064 2771 1324 2843 Spiritum
1354 2784 1596 2832 sanctum
1636 2778 1702 2833 de
1731 2777 1890 2834 Patre

312 2873 435 2914 esse
461 2875 588 2916 vere
615 2877 678 2918 ac
703 2865 920 2934 proprie
961 2865 1097 2920 sicut
1125 2875 1179 2921 et
1208 2866 1400 2922 Filium
1428 2869 1497 2925 de
1534 2869 1714 2926 divina
1758 2873 1888 2927 sub-

310 2949 512 3010 stantia
552 2960 606 3006 et
631 2951 801 3008 Deum
829 2970 1033 3022 verum,
1065 2957 1350 3013 anathema
1379 2960 1467 3014 sit.
1498 2970 1521 2998 ο
1551 2959 1609 3016 Si
1635 2963 1756 3032 quis
1783 2980 1893 3020 non

313 3039 510 3096 dixerit
541 3040 798 3113 Spiritum
825 3055 1068 3102 sanctum
1089 3050 1270 3104 omnia
1305 3066 1483 3120 posse,
1507 3054 1690 3108 omnia
1713 3070 1894 3122 nosse,

311 3139 371 3186 ct
396 3131 592 3202 ubique
615 3149 735 3190 esse
762 3135 901 3192 sicut
929 3136 1142 3194 Patrem
1163 3148 1219 3194 et
1253 3139 1468 3209 Filium,
1495 3144 1776 3198 anathema
1807 3146 1895 3200 sit.

1991 1968 2162 2021 ctum,
2193 1967 2302 2012 tres
2329 1957 2460 2012 deos
2502 1957 2626 2018 dici,
2670 1963 2725 2009 et
2766 1971 2874 2008 non
2924 1953 3092 2006 Deum
3139 1958 3364 2021 propter
3411 1964 3572 2004 unam

1991 2049 2333 2103 Divinitatem
2363 2055 2417 2101 et
2444 2046 2772 2115 potentiam,
2805 2059 2964 2112 quam
3007 2040 3271 2096 credimus
3300 2049 3354 2094 et
3380 2040 3577 2094 scimn

1995 2139 2170 2194 Patris
2208 2149 2262 2194 et
2289 2139 2408 2193 Filii
2447 2148 2503 2192 et
2531 2139 2763 2207 Spiritus
2789 2137 2978 2202 sancti,
3008 2137 3176 2191 Deum
3205 2150 3418 2200 verum;
3448 2135 3575 2188 sub-

1997 2232 2215 2284 trahens
2242 2239 2419 2284 antem
2448 2229 2637 2282 Filium
2659 2236 2713 2282 et
2738 2228 2994 2297 Spiritum
3023 2235 3286 2290 sanctum,
3311 2227 3382 2279 ita
3404 2224 3602 2300 δοιωί

1995 2325 2266 2382 existimet
2295 2323 2457 2377 Deum
2489 2321 2700 2376 Patrem
2741 2321 2846 2375 dici
2888 2329 2978 2374 aut
3019 2318 3161 2374 credi
3191 2335 3353 2373 unum
3383 2319 3576 2382 Deum,

1996 2418 2280 2472 anathema
2306 2415 2392 2469 sit.
2421 2413 2621 2467 Nomen
2653 2427 2888 2481 namque
2917 2410 3161 2475 deorum,
3191 2419 3245 2465 et
3274 2408 3497 2477 angelis,
3527 2416 3583 2463 et

1993 2507 2192 2561 sanctis
2220 2505 2464 2559 omnibus
2501 2519 2531 2556 a
2582 2502 2692 2555 Deo
2735 2508 2820 2556 est
2865 2501 3174 2571 impositum
3216 2509 3272 2554 et
3299 2498 3575 2554 donatum.

1991 2595 2070 2652 De
2118 2593 2275 2648 Patre
2324 2602 2500 2646 auth
2532 2600 2585 2646 et
2627 2590 2762 2645 Filio
2809 2598 2863 2645 et
2910 2588 3111 2660 Spiritu
3140 2596 3329 2644 sancto
3355 2596 3580 2659 propter

1992 2705 2153 2745 unam
2178 2697 2231 2743 et
2257 2687 2515 2757 aequalem
2565 2684 2937 2749 Divinitatem,
2968 2699 3076 2737 non
3105 2698 3298 2737 nomen
3329 2680 3583 2744 deorum,

1991 2779 2087 2835 sed
2116 2779 2208 2834 Dei
2237 2779 2394 2833 nobis
2434 2776 2733 2830 ostenditur
2761 2783 2923 2842 atque
2974 2773 3256 2834 indicatur,
3293 2780 3354 2824 ut
3393 2769 3581 2824 creda-

1994 2887 2114 2926 mus
2141 2870 2264 2939 quia
2307 2869 2359 2923 in
2397 2867 2559 2920 Patre
2598 2875 2652 2919 et
2695 2864 2834 2918 Filio
2859 2872 2914 2917 et
2941 2863 3144 2932 Spiritu
3181 2869 3369 2916 sancto
3409 2861 3582 2916 solum

1995 2963 2361 3034 baptizamur;
2393 2978 2498 3015 nou
2547 2959 2600 3012 in
2649 2954 3089 3023 archangelorum
3140 2951 3442 3008 nominibus
3492 2960 3585 3006 aut

1999 3054 2340 3123 angelorum,
2394 3050 2408 3088 ί
2457 3047 2727 3120 quomodo
2781 3045 3050 3112 haeretici,
3103 3054 3196 3099 aut
3243 3043 3409 3099 Judmi
3432 3085 3447 3110 ,
3492 3051 3585 3098 aut

1999 3144 2164 3199 etiam
2191 3143 2417 3212 gentiles
2442 3141 2720 3195 dementes
2748 3137 2965 3192 faciunt.
3000 3135 3124 3190 Haec
3160 3143 3243 3190 est
3278 3148 3409 3202 ergo
3436 3133 3582 3189 salus

310 3222 371 3280 Si
399 3226 517 3295 quis
543 3227 737 3284 dixerit
765 3227 1021 3300 Spiritum
1049 3240 1290 3288 sanctum
1318 3232 1578 3290 facturam
1617 3252 1764 3305 esse,
1806 3233 1971 3298 autC
1999 3237 2445 3302 Christianorum,
2476 3245 2534 3290 ut
2579 3233 2860 3291 credentes
2900 3231 3179 3293 Trinitati,
3213 3228 3264 3283 id
3293 3236 3405 3292 est,
3439 3226 3586 3281 Patri

311 3330 412 3388 per
437 3315 627 3372 Filium
652 3317 870 3388 factum,
901 3324 1188 3379 anathema
1215 3325 1304 3380 sit.
1335 3324 1394 3381 Si
1415 3328 1536 3396 quis
1563 3345 1672 3384 non
1696 3330 1892 3387 dixerit

318 3402 341 3442 ί
373 3407 551 3462 omnia
577 3424 677 3479 per
702 3407 892 3466 Filium
922 3421 1108 3483 postea
1153 3415 1488 3472 incarnatum
1506 3457 1521 3483 ,
1553 3427 1608 3474 et
1635 3419 1890 3491 Spiritum

311 3506 558 3554 sanctum
604 3498 818 3559 Patrem
861 3502 1080 3574 fecisse,
1111 3509 1394 3564 anathema
1423 3509 1512 3565 sit.
1541 3509 1599 3567 Si
1635 3514 1755 3582 quis
1783 3531 1891 3570 non

311 3587 508 3647 dikerit
535 3588 710 3650 Patris
736 3602 793 3650 et
818 3593 938 3652 Filii
965 3606 1022 3654 et
1048 3597 1280 3670 Spiritus
1303 3603 1475 3658 sancti
1513 3619 1673 3659 unam
1699 3605 1894 3661 divini-

1999 3340 2055 3388 et
2081 3329 2221 3386 Filio
2249 3338 2305 3385 et
2349 3327 2573 3399 Spiritui
2619 3333 2826 3392 sancto,
2859 3333 2914 3380 et
2941 3325 2997 3379 in
3025 3338 3147 3378 eam
3184 3318 3462 3389 baptizati,
3493 3332 3583 3372 ve-

1998 3439 2113 3480 ram
2163 3423 2442 3491 solamque
2487 3434 2651 3474 unam
2698 3417 3056 3478 divinitatem,
3107 3411 3427 3482 potentiam,
3473 3422 3586 3461 ma-

1994 3514 2249 3586 jestatem
2277 3521 2333 3567 et
2359 3509 2725 3579 substantiam.
2757 3505 2995 3575 ejusdem
3043 3503 3162 3557 sine
3205 3499 3370 3555 dubio
3396 3496 3586 3553 creda-

2001 3625 2143 3665 mus.
2175 3629 2194 3661 ι

1511 3714 1623 3771 FB.
1663 3716 2139 3776 FEU-ARDENTII
2178 3716 2404 3774 ΝΟΤΕ.

335 3867 348 3880 .
389 3806 416 3837 ι
447 3797 635 3882 lta_ex.
663 3798 1031 3882 Theodorew,
1056 3802 1364 3882 Nicephoro
1389 3814 1446 3882 et
1484 3815 1631 3862 tomo
1659 3807 1682 3862 l
1710 3808 1896 3867 Conci-

311 3865 777 3992 l‘ipnrlp‘m‘legimus.
807 3865 1098 3944 Exemplar
1141 3865 1387 3941 Arnobii,
1427 3878 1666 3931 inventus
1706 3865 1896 3936 ester-

349 3947 543 3993 inatus.

387 4006 416 4045 δ
447 4007 799 4078 Nieephorus,
851 4011 912 4066 Si
951 4014 1065 4078 quis
1094 4029 1199 4067 non
1234 4029 1406 4067 suum
1446 4013 1613 4069 Deum
1651 4031 1762 4070 esse
1802 4017 1898 4071 Dei

320 4073 539 4146 Filium,
570 4073 721 4146 sicuti
746 4073 914 4133 verum
937 4073 1105 4135 Deum
1123 4081 1359 4146 Patrem,
1393 4084 1524 4146 ejus,
1553 4093 1657 4140 etc.

395 4155 416 4183 ε
450 4144 799 4219 Nicephorus,
848 4147 965 4203 Una
1010 4166 1123 4204 cum
1161 4144 1360 4205 anima.
1400 4144 1787 4219 Theodoretus,
1829 4157 1901 4210 Et

259 4271 261 4274 ,
316 4232 422 4287 non
446 4216 506 4287 in
532 4232 690 4287 came
716 4219 878 4272 solum
905 4227 955 4274 et
982 4222 1178 4274 anima.
1203 4219 1488 4287 Arnobius,
1517 4231 1607 4277 aut
1634 4216 1827 4280 anima.

386 4282 412 4322 δ
446 4285 544 4340 Hic
572 4285 724 4342 lacus
769 4287 821 4342 in
855 4288 1081 4362 Arnobii
1121 4291 1414 4362 exemplari
1457 4282 1618 4362 plane
1661 4296 1899 4362 mutilus,

388 4363 494 4427 test
521 4370 592 4411 ex
620 4364 766 4427 tomo
810 4359 984 4427 primo
1021 4358 1400 4427 Conciliorum,
1452 4358 1797 4422 Theodoreto
1844 4358 1900 4422 et

363 4426 620 4503 icephoro
658 4426 736 4482 sic
770 4426 1053 4483 instaurari
1103 4448 1116 4483 :
1161 4430 1223 4485 Si
1263 4426 1394 4503 quis,
1417 4449 1523 4488 non
1571 4434 1760 4488 dixerit
1798 4436 1898 4491 Dei

323 4493 542 4550 Verbum
563 4507 720 4550 carne
744 4513 970 4572 passum,
993 4515 1150 4572 came
1167 4493 1492 4572 crucifixum,
1510 4511 1561 4558 et
1585 4521 1741 4559 carne
1759 4523 1897 4561 mar—

315 4573 412 4654 tem
433 4576 691 4654 gustasse,
717 4569 1109 4654 primogenitum
1140 4569 1426 4654 factum‘ex
1457 4575 1695 4654 mortuis,
1718 4594 1814 4646 pro
1835 4595 1895 4654 eo

314 4638 594 4718 atqueyita
615 4643 691 4690 est
786 4635 1072 4718 uiuiﬁcus,
1095 4635 1280 4713 quippe
1307 4640 1470 4709 Deus,
1505 4635 1785 4700 anathema
1806 4650 1890 4702 sit.
1924 4635 1976 4695 Ῑ)

315 4703 522 4788 Siquis
563 4723 670 4788 ηο-ξι
699 4705 851 4788 dicat
879 4703 993 4788 eum
1026 4703 1080 4763 iu
1108 4703 1283 4768 ‘ca'r'nc
1321 4703 1475 4785 quam
1511 4719 1787 4788 assumpsit
1826 4719 1897 4772 ad

315 4774 582 4844 dexteram
607 4774 785 4830 Patris
803 4778 997 4844 sedere,
1021 4787 1124 4835 etc.

391 4855 414 4882 ε
445 4843 599 4915 Hunc
626 4843 1125 4905 anathematismum
1161 4852 1379 4924 reliquit
1421 4853 1773 4926 Nicephorus,
1803 4868 1898 4914 aut

2002 3813 2119 3882 ejus
2148 3812 2412 3882 interpres
2435 3827 2456 3882 ί
2481 3817 2661 3882 servat
2688 3823 2852 3879 porro
2879 3815 3058 3862 tomus
3085 3804 3294 3877 primus
3320 3802 3593 3860 Concilio-

2004 3881 2124 3938 rum
2145 3896 2268 3935 cum
2297 3881 2555 3934 Aruobio.

2080 3951 2100 3990 ί
2128 3950 2461 4019 Nicephorus
2507 3957 2563 4002 et
2601 3956 2784 4019 tomus
2821 3947 3022 4016 primus
3053 3942 3417 4019 Conciliorum
3459 3941 3592 4019 adji-

2006 4021 2174 4082 ciunt,
2197 4010 2421 4072 visibilia
2438 4027 2486 4069 et
2506 4010 3033 4079 invisibiliafcarent
3054 4021 3234 4067 autem
3261 4010 3403 4082 quod
3433 4010 3599 4082 paulo

2008 4099 2132 4159 post
2153 4081 2395 4158 Sequitur
2425 4088 2478 4140 in
2507 4085 2764 4151 Aruobio,
2793 4101 2908 4155 qua:
2936 4093 3055 4139 sunt
3083 4081 3354 4137 salvanda.
3435 4081 3438 4082 ⁷

2081 4170 2105 4208 s
2139 4159 2338 4212 Vocem
2378 4158 2500 4212 auia
2528 4172 2593 4211 ex
2636 4162 2784 4210 tomo
2824 4155 2995 4212 primo
3034 4151 3396 4209 Conciliorum
3419 4159 3474 4208 et
3502 4149 3598 4207 Ni-

2081 4172 2105 4208 s
2144 4172 2338 4212 vocem
2378 4174 2500 4228 quia
2528 4172 2593 4211 ex
2636 4172 2784 4210 tomo
2824 4172 2995 4226 pruuo
3034 4172 3106 4209 b0

2007 4230 2247 4337 cephoro
2274 4226 2591 4282 addidimus.
2801 4297 2811 4308 ι
2907 4297 2917 4308 ο
3095 4296 3106 4307 ι

2141 4298 2401 4337 ΔιιηηΙιίιιε
2435 4315 2445 4326 ο
2478 4291 2747 4337 nunmtxdn
2767 4312 2810 4337 aa
2832 4311 2944 4337 man
2970 4304 3104 4337 Mus

2135 4298 2402 4368 Ατιιρὺὶυε
2434 4315 2446 4350 ε
2478 4291 2747 4368 Quomodo
2767 4297 2811 4368 si
2831 4297 2944 4368 quis
2967 4296 3227 4368 partiatur
3268 4291 3480 4368 Patrem

2003 4386 2124 4424 cens
2151 4377 2200 4423 et
2229 4366 2444 4431 Filium,
2478 4375 2582 4422 etc.
2610 4361 2940 4436 Nicephorus
2966 4361 3044 4420 sic
3071 4364 3267 4436 clarius
3287 4361 3440 4436 eﬂert
3473 4382 3484 4416 :
3525 4363 3590 4418 Si

1999 4441 2114 4521 quis
2150 4439 2487 4521 Diviuitatem
2526 4433 2755 4501 dividat,
2807 4436 3114 4507 singillatim
3163 4433 3329 4488 Deum
3375 4433 3594 4487 Patrem

1999 4510 2557 4634 dwf’iﬁsdtgigvidetur
2590 4586 2800 4633 veteres
2821 4575 3125 4643 Gnosticos,
3156 4575 3247 4644 qui
3277 4575 3526 4644 traditam
3556 4589 3592 4626 a

1998 4649 2212 4705 Christo
2235 4649 2541 4720 baptizandi
2562 4649 2844 4720 formulam
2864 4663 3017 4720 atque
3040 4643 3201 4716 impie
3221 4662 3284 4720 ac
3305 4643 3590 4714 impuden-

1999 4729 2084 4775 ter
2111 4714 2526 4790 corrumpebant
2573 4728 2629 4790 et
2657 4714 3041 4790 immolabant,
3062 4714 3131 4790 ut
3157 4731 3223 4770 ex
3253 4714 3456 4790 lre_n_:eo
3495 4728 3591 4783 pa-

1999 4798 2097 4857 tet,
2125 4800 2180 4846 et
2207 4807 2306 4846 nos
2327 4784 2735 4845 observavimus
2763 4788 2816 4841 in
2845 4788 2960 4856 ejus
2978 4786 3109 4860 libri
3137 4792 3296 4855 caput
3322 4784 3408 4838 18.

338 4983 3584 5014 -η-Ψ--ᾕ--Μ

1126 5075 1231 5138 DE
1272 5077 1882 5144 COMMENTARIIS
1923 5081 2003 5143 ΙΝ
2048 5079 2409 5144 PSALMOS
2450 5082 2774 5144 DAVIDIS

614 5231 1276 5318 ADMONITIO
1352 5234 1624 5318 BEV.
1700 5234 2348 5321 LAURENTII
2422 5237 2578 5319 DE
2652 5234 2795 5319 LA
2870 5231 3312 5322 BARRE,

1023 5393 1148 5470 Qui
1179 5411 1310 5457 non
1337 5401 1526 5476 recte,
1550 5403 1626 5459 ut
1651 5396 1924 5473 videtur,
1949 5415 2049 5462 eos
2072 5395 2366 5459 attribuit
2393 5395 2671 5460 Arnobio
2696 5397 2876 5477 Afro.

391 5653 472 5726 De
494 5668 691 5723 genere
710 5653 932 5726 Δροδῇ
957 5653 1087 5708 nihil
1121 5653 1261 5726 aliud
1289 5655 1563 5726 reperitur
1579 5656 1713 5726 certi
1741 5669 1901 5725 quam

318 5725 469 5793 quod
505 5722 730 5780 sanctus
777 5722 1133 5794 Hieronymus
1163 5725 1213 5777 in
1261 5722 1506 5792 catalogo
1536 5722 1816 5780 illustrium
1847 5737 1903 5781 et

321 5795 622 5866 appendiee
649 5795 715 5850 ad
736 5793 1040 5850 ChronicOu
1081 5793 1292 5848 Eusebii
1322 5797 1396 5849 ait
1424 5796 1476 5850 in
1508 5794 1681 5850 Africa
1716 5797 1900 5852 rheto-

2007 5672 2121 5713 rem
2143 5657 2365 5718 clarum,
2388 5662 2443 5709 et
2466 5651 2841 5723 philosophum
2863 5640 3122 5723 habitum,
3141 5709 3156 5723 _
3171 5633 3463 5723 Sleeaiper
3497 5645 3592 5723 ξιξ.

2007 5709 2138 5796 quot
2150 5709 2332 5779 Ehhbs
2349 5709 2695 5796 iuventutern'
2711 5725 2766 5768 et
2791 5709 3124 5796 nominatim!
3138 5709 3475 5796 laetantium
3494 5717 3590 5796 ἁρ-

2009 5780 2287 5853 clamando
2310 5780 2622 5848 instituisse.
2652 5787 2824 5842 donec
2854 5783 2905 5837 in
2935 5780 3404 5885 somniisoadactm
3429 5788 3602 5872 fuerit.
