  <div class='ocr_page' id='page_1' title='image "/cluster/home/n/w/nwhite01/storage/ocr_20150623/53/hvd.32044015471576/169.png"; bbox 0 0 4108 6348; ppageno 0'>
   <div class='ocr_carea' id='block_1_1' title="bbox 631 327 827 392">
    <p class='ocr_par' dir='ltr' id='par_1_1' title="bbox 631 327 827 392">
     <span class='ocr_line' id='line_1_1' title="bbox 631 327 827 392; baseline -0.01 0"><span class='ocrx_word' id='word_1_1' title='bbox 631 327 737 392; x_wconf 69' lang='grc'><strong>327</strong></span> <span class='ocrx_word' id='word_1_2' title='bbox 823 359 827 364; x_wconf 91' lang='grc'>·</span> 
     </span>
    </p>
   </div>
   <div class='ocr_carea' id='block_1_2' title="bbox 629 463 2212 586">
    <p class='ocr_par' dir='ltr' id='par_1_2' title="bbox 629 463 2212 586">
     <span class='ocr_line' id='line_1_2' title="bbox 631 463 2212 516; baseline -0.009 -11"><span class='ocrx_word' id='word_1_3' title='bbox 631 463 741 504; x_wconf 91' lang='lat' dir='ltr'><strong>non</strong></span> <span class='ocrx_word' id='word_1_4' title='bbox 770 463 941 516; x_wconf 72' lang='grc' dir='ltr'><strong>ρθςειῑ</strong></span> <span class='ocrx_word' id='word_1_5' title='bbox 977 463 1196 508; x_wconf 77' lang='lat' dir='ltr'><strong>somnus</strong></span> <span class='ocrx_word' id='word_1_6' title='bbox 1223 463 1518 514; x_wconf 80' lang='lat' dir='ltr'><strong>onrepere;</strong></span> <span class='ocrx_word' id='word_1_7' title='bbox 1568 463 1647 496; x_wconf 76' lang='lat' dir='ltr'><strong>su;</strong></span> <span class='ocrx_word' id='word_1_8' title='bbox 1677 463 1813 507; x_wconf 84' lang='lat' dir='ltr'><strong>tum,</strong></span> <span class='ocrx_word' id='word_1_9' title='bbox 1861 463 1918 493; x_wconf 80' lang='lat' dir='ltr'><strong>ul.</strong></span> <span class='ocrx_word' id='word_1_10' title='bbox 1946 463 2212 506; x_wconf 67' lang='grc' dir='ltr'>διιιειιιιςμι</span> 
     </span>
     <span class='ocr_line' id='line_1_3' title="bbox 629 505 2212 586; baseline -0.008 -14"><span class='ocrx_word' id='word_1_11' title='bbox 629 517 806 572; x_wconf 85' lang='lat' dir='ltr'><strong>adhuc</strong></span> <span class='ocrx_word' id='word_1_12' title='bbox 825 524 878 570; x_wconf 92' lang='lat' dir='ltr'><strong>et</strong></span> <span class='ocrx_word' id='word_1_13' title='bbox 893 515 1054 586; x_wconf 79' lang='lat' dir='ltr'><strong>plura</strong></span> <span class='ocrx_word' id='word_1_14' title='bbox 1083 516 1389 586; x_wconf 86' lang='lat' dir='ltr'><strong>cupientem</strong></span> <span class='ocrx_word' id='word_1_15' title='bbox 1406 512 1668 567; x_wconf 82' lang='lat' dir='ltr'><strong>dimittat.</strong></span> <span class='ocrx_word' id='word_1_16' title='bbox 1698 508 1965 586; x_wconf 63' lang='lat' dir='ltr'><strong>iamcum</strong></span> <span class='ocrx_word' id='word_1_17' title='bbox 1992 507 2046 561; x_wconf 92' lang='lat' dir='ltr'><strong>in</strong></span> <span class='ocrx_word' id='word_1_18' title='bbox 2077 505 2212 586; x_wconf 50' lang='lat' dir='ltr'><strong>&#39;ller-</strong></span> 
     </span>
    </p>
   </div>
   <div class='ocr_carea' id='block_1_3' title="bbox 630 578 2214 652">
    <p class='ocr_par' dir='ltr' id='par_1_3' title="bbox 630 578 2214 652">
     <span class='ocr_line' id='line_1_4' title="bbox 630 578 2214 652; baseline -0.007 -11"><span class='ocrx_word' id='word_1_19' title='bbox 630 587 858 650; x_wconf 87' lang='lat' dir='ltr'><strong>tulliani,</strong></span> <span class='ocrx_word' id='word_1_20' title='bbox 882 578 1122 652; x_wconf 74' lang='lat' dir='ltr'><strong>Origenis</strong></span> <span class='ocrx_word' id='word_1_21' title='bbox 1151 578 1214 640; x_wconf 77' lang='lat' dir='ltr'><strong>ac</strong></span> <span class='ocrx_word' id='word_1_22' title='bbox 1237 584 1481 640; x_wconf 89' lang='lat' dir='ltr'><strong>omnium</strong></span> <span class='ocrx_word' id='word_1_23' title='bbox 1521 589 1766 652; x_wconf 76' lang='lat' dir='ltr'><strong>veterum</strong></span> <span class='ocrx_word' id='word_1_24' title='bbox 1795 580 1940 652; x_wconf 94' lang='lat' dir='ltr'><strong>libris</strong></span> <span class='ocrx_word' id='word_1_25' title='bbox 1967 578 2214 649; x_wconf 76' lang='lat' dir='ltr'><strong>qucedam</strong></span> 
     </span>
    </p>
   </div>
   <div class='ocr_carea' id='block_1_4' title="bbox 632 650 2214 725">
    <p class='ocr_par' dir='ltr' id='par_1_4' title="bbox 632 650 2214 725">
     <span class='ocr_line' id='line_1_5' title="bbox 632 650 2214 725; baseline -0.006 -14"><span class='ocrx_word' id='word_1_26' title='bbox 632 657 867 711; x_wconf 81' lang='lat' dir='ltr'><strong>admixta</strong></span> <span class='ocrx_word' id='word_1_27' title='bbox 895 650 1021 720; x_wconf 72' lang='lat' dir='ltr'><strong>sint,</strong></span> <span class='ocrx_word' id='word_1_28' title='bbox 1058 670 1179 725; x_wconf 74' lang='lat' dir='ltr'><strong>qua:</strong></span> <span class='ocrx_word' id='word_1_29' title='bbox 1217 663 1312 710; x_wconf 90' lang='lat' dir='ltr'><strong>aut</strong></span> <span class='ocrx_word' id='word_1_30' title='bbox 1353 653 1690 725; x_wconf 84' lang='lat' dir='ltr'><strong>manifestum</strong></span> <span class='ocrx_word' id='word_1_31' title='bbox 1728 650 2214 725; x_wconf 67' lang='lat' dir='ltr'><strong>habent&#39;errorem,</strong></span> 
     </span>
    </p>
   </div>
   <div class='ocr_carea' id='block_1_5' title="bbox 631 717 2218 795">
    <p class='ocr_par' dir='ltr' id='par_1_5' title="bbox 631 717 2218 795">
     <span class='ocr_line' id='line_1_6' title="bbox 631 717 2218 795; baseline -0.006 -14"><span class='ocrx_word' id='word_1_32' title='bbox 631 734 693 781; x_wconf 91' lang='lat' dir='ltr'><strong>ut</strong></span> <span class='ocrx_word' id='word_1_33' title='bbox 721 725 953 795; x_wconf 89' lang='lat' dir='ltr'><strong>suspecti</strong></span> <span class='ocrx_word' id='word_1_34' title='bbox 980 717 1244 793; x_wconf 69' lang='lat' dir='ltr'><strong>dogmatis</strong></span> <span class='ocrx_word' id='word_1_35' title='bbox 1273 733 1414 788; x_wconf 90' lang='lat' dir='ltr'><strong>sunt,</strong></span> <span class='ocrx_word' id='word_1_36' title='bbox 1445 725 1524 778; x_wconf 90' lang='lat' dir='ltr'><strong>sic</strong></span> <span class='ocrx_word' id='word_1_37' title='bbox 1551 722 1749 795; x_wconf 83' lang='lat' dir='ltr'><strong>ubique</strong></span> <span class='ocrx_word' id='word_1_38' title='bbox 1781 726 2046 795; x_wconf 72' lang='lat' dir='ltr'><strong>temperat</strong></span> <span class='ocrx_word' id='word_1_39' title='bbox 2073 717 2218 795; x_wconf 83' lang='lat' dir='ltr'><strong>cala-_-</strong></span> 
     </span>
    </p>
   </div>
   <div class='ocr_carea' id='block_1_6' title="bbox 629 787 2216 864">
    <p class='ocr_par' dir='ltr' id='par_1_6' title="bbox 629 787 2216 864">
     <span class='ocr_line' id='line_1_7' title="bbox 629 787 2216 864; baseline -0.003 -14"><span class='ocrx_word' id='word_1_40' title='bbox 629 810 777 850; x_wconf 89' lang='lat' dir='ltr'><strong>mum</strong></span> <span class='ocrx_word' id='word_1_41' title='bbox 802 787 877 864; x_wconf 10' lang='lat' dir='ltr'><strong>f&#39;ut</strong></span> <span class='ocrx_word' id='word_1_42' title='bbox 922 787 1304 864; x_wconf 55' lang='lat' dir='ltr'><strong>nihil&#39;usquam</strong></span> <span class='ocrx_word' id='word_1_43' title='bbox 1353 787 1707 864; x_wconf 75' lang='lat' dir='ltr'><strong>compererint</strong></span> <span class='ocrx_word' id='word_1_44' title='bbox 1736 787 1997 864; x_wconf 60' lang='lat' dir='ltr'><strong>quod&#39;ulli</strong></span> <span class='ocrx_word' id='word_1_45' title='bbox 2025 787 2216 864; x_wconf 63' lang='lat' dir='ltr'><strong>haeresi</strong></span> 
     </span>
    </p>
   </div>
   <div class='ocr_carea' id='block_1_7' title="bbox 631 858 2216 934">
    <p class='ocr_par' dir='ltr' id='par_1_7' title="bbox 631 858 2216 934">
     <span class='ocr_line' id='line_1_8' title="bbox 631 858 2216 934; baseline -0.006 -13"><span class='ocrx_word' id='word_1_46' title='bbox 631 866 702 922; x_wconf 80' lang='lat' dir='ltr'><strong>sit</strong></span> <span class='ocrx_word' id='word_1_47' title='bbox 729 863 906 920; x_wconf 75' lang='lat' dir='ltr'><strong>aliine.</strong></span> <span class='ocrx_word' id='word_1_48' title='bbox 949 864 1081 919; x_wconf 85' lang='lat' dir='ltr'><strong>Nam</strong></span> <span class='ocrx_word' id='word_1_49' title='bbox 1123 858 1268 934; x_wconf 80' lang='lat' dir='ltr'><strong>quod</strong></span> <span class='ocrx_word' id='word_1_50' title='bbox 1297 858 1495 918; x_wconf 60' lang='lat' dir='ltr'><strong>scribit&#39;</strong></span> <span class='ocrx_word' id='word_1_51' title='bbox 1528 864 1579 934; x_wconf 90' lang='lat' dir='ltr'><strong>in</strong></span> <span class='ocrx_word' id='word_1_52' title='bbox 1609 858 1994 934; x_wconf 83' lang='lat' dir='ltr'><strong>commentario</strong></span> <span class='ocrx_word' id='word_1_53' title='bbox 2022 858 2216 934; x_wconf 85' lang='lat' dir='ltr'><strong>psalmi</strong></span> 
     </span>
    </p>
   </div>
   <div class='ocr_carea' id='block_1_8' title="bbox 632 930 2217 1006">
    <p class='ocr_par' dir='ltr' id='par_1_8' title="bbox 632 930 2217 1006">
     <span class='ocr_line' id='line_1_9' title="bbox 632 930 2217 1006; baseline -0.006 -16"><span class='ocrx_word' id='word_1_54' title='bbox 632 934 1030 1006; x_wconf 87' lang='lat' dir='ltr'><strong>decimiquarti</strong></span> <span class='ocrx_word' id='word_1_55' title='bbox 1067 930 1266 990; x_wconf 77' lang='lat' dir='ltr'><strong>:Jesus</strong></span> <span class='ocrx_word' id='word_1_56' title='bbox 1314 933 1687 1006; x_wconf 80' lang='lat' dir='ltr'><strong>immaculatus</strong></span> <span class='ocrx_word' id='word_1_57' title='bbox 1734 930 1880 986; x_wconf 91' lang='lat' dir='ltr'><strong>solus</strong></span> <span class='ocrx_word' id='word_1_58' title='bbox 1922 930 2217 1006; x_wconf 75' lang='lat' dir='ltr'><strong>virgineam</strong></span> 
     </span>
    </p>
   </div>
   <div class='ocr_carea' id='block_1_9' title="bbox 631 1001 2218 1074">
    <p class='ocr_par' dir='ltr' id='par_1_9' title="bbox 631 1001 2218 1074">
     <span class='ocr_line' id='line_1_10' title="bbox 631 1001 2218 1074; baseline -0.004 -16"><span class='ocrx_word' id='word_1_59' title='bbox 631 1005 807 1058; x_wconf 86' lang='lat' dir='ltr'><strong>aulam</strong></span> <span class='ocrx_word' id='word_1_60' title='bbox 837 1001 1109 1072; x_wconf 79' lang='lat' dir='ltr'><strong>ingressus</strong></span> <span class='ocrx_word' id='word_1_61' title='bbox 1139 1005 1313 1074; x_wconf 90' lang='lat' dir='ltr'><strong>ipsum</strong></span> <span class='ocrx_word' id='word_1_62' title='bbox 1343 1001 1741 1074; x_wconf 78' lang='lat' dir='ltr'><strong>tabernaculum</strong></span> <span class='ocrx_word' id='word_1_63' title='bbox 1773 1016 1803 1054; x_wconf 92' lang='lat' dir='ltr'><strong>a</strong></span> <span class='ocrx_word' id='word_1_64' title='bbox 1832 1001 2068 1074; x_wconf 85' lang='lat' dir='ltr'><strong>_maculis</strong></span> <span class='ocrx_word' id='word_1_65' title='bbox 2096 1014 2218 1053; x_wconf 86' lang='lat' dir='ltr'><strong>car-</strong></span> 
     </span>
    </p>
   </div>
   <div class='ocr_carea' id='block_1_10' title="bbox 629 1071 2218 1141">
    <p class='ocr_par' dir='ltr' id='par_1_10' title="bbox 629 1071 2218 1141">
     <span class='ocr_line' id='line_1_11' title="bbox 629 1071 2218 1141; baseline -0.004 -12"><span class='ocrx_word' id='word_1_66' title='bbox 629 1075 842 1130; x_wconf 83' lang='lat' dir='ltr'><strong>nalibus</strong></span> <span class='ocrx_word' id='word_1_67' title='bbox 887 1071 1175 1136; x_wconf 68' lang='lat' dir='ltr'><strong>liberavit,</strong></span> <span class='ocrx_word' id='word_1_68' title='bbox 1213 1090 1316 1129; x_wconf 89' lang='lat' dir='ltr'><strong>non</strong></span> <span class='ocrx_word' id='word_1_69' title='bbox 1368 1074 1538 1128; x_wconf 77' lang='lat' dir='ltr'><strong>sensit</strong></span> <span class='ocrx_word' id='word_1_70' title='bbox 1565 1073 1632 1127; x_wconf 90' lang='lat' dir='ltr'><strong>de</strong></span> <span class='ocrx_word' id='word_1_71' title='bbox 1672 1071 1896 1126; x_wconf 78' lang='lat' dir='ltr'><strong>maculis</strong></span> <span class='ocrx_word' id='word_1_72' title='bbox 1934 1075 2218 1141; x_wconf 5' lang='lat' dir='ltr'><strong>quaajaute</strong></span> 
     </span>
    </p>
   </div>
   <div class='ocr_carea' id='block_1_11' title="bbox 633 1137 2232 1212">
    <p class='ocr_par' dir='ltr' id='par_1_11' title="bbox 633 1137 2232 1212">
     <span class='ocr_line' id='line_1_12' title="bbox 633 1137 2232 1212; baseline -0.003 -14"><span class='ocrx_word' id='word_1_73' title='bbox 633 1144 932 1212; x_wconf 78' lang='lat' dir='ltr'><strong>ingressum</strong></span> <span class='ocrx_word' id='word_1_74' title='bbox 955 1141 1152 1198; x_wconf 77' lang='lat' dir='ltr'><strong>Christi</strong></span> <span class='ocrx_word' id='word_1_75' title='bbox 1182 1144 1402 1198; x_wconf 74' lang='lat' dir='ltr'><strong>fuissent.</strong></span> <span class='ocrx_word' id='word_1_76' title='bbox 1431 1145 1485 1198; x_wconf 92' lang='lat' dir='ltr'><strong>in</strong></span> <span class='ocrx_word' id='word_1_77' title='bbox 1516 1141 1700 1207; x_wconf 85' lang='lat' dir='ltr'><strong>Maria,</strong></span> <span class='ocrx_word' id='word_1_78' title='bbox 1733 1141 1839 1212; x_wconf 14' lang='lat' dir='ltr'><strong>sed,</strong></span> <span class='ocrx_word' id='word_1_79' title='bbox 1866 1137 1984 1212; x_wconf 65' lang='lat' dir='ltr'><strong>quae</strong></span> <span class='ocrx_word' id='word_1_80' title='bbox 2013 1137 2076 1194; x_wconf 87' lang='lat' dir='ltr'><strong>in</strong></span> <span class='ocrx_word' id='word_1_81' title='bbox 2097 1137 2232 1202; x_wconf 83' lang='lat' dir='ltr'><strong>aliis-</strong></span> 
     </span>
    </p>
   </div>
   <div class='ocr_carea' id='block_1_12' title="bbox 631 1210 2218 1283">
    <p class='ocr_par' dir='ltr' id='par_1_12' title="bbox 631 1210 2218 1283">
     <span class='ocr_line' id='line_1_13' title="bbox 631 1210 2218 1283; baseline -0.003 -15"><span class='ocrx_word' id='word_1_82' title='bbox 631 1210 843 1283; x_wconf 78' lang='lat' dir='ltr'><strong>feminis</strong></span> <span class='ocrx_word' id='word_1_83' title='bbox 872 1229 991 1268; x_wconf 90' lang='lat' dir='ltr'><strong>esse</strong></span> <span class='ocrx_word' id='word_1_84' title='bbox 1033 1222 1445 1279; x_wconf 88' lang='lat' dir='ltr'><strong>consueverunt,</strong></span> <span class='ocrx_word' id='word_1_85' title='bbox 1490 1230 1520 1267; x_wconf 89' lang='lat' dir='ltr'><strong>a</strong></span> <span class='ocrx_word' id='word_1_86' title='bbox 1550 1213 1742 1283; x_wconf 86' lang='lat' dir='ltr'><strong>quibus</strong></span> <span class='ocrx_word' id='word_1_87' title='bbox 1787 1210 2027 1283; x_wconf 81' lang='lat' dir='ltr'><strong>Christus</strong></span> <span class='ocrx_word' id='word_1_88' title='bbox 2067 1224 2218 1283; x_wconf 80' lang='lat' dir='ltr'><strong>suam</strong></span> 
     </span>
    </p>
   </div>
   <div class='ocr_carea' id='block_1_13' title="bbox 630 1279 2220 1362">
    <p class='ocr_par' dir='ltr' id='par_1_13' title="bbox 630 1279 2220 1362">
     <span class='ocr_line' id='line_1_14' title="bbox 630 1279 2220 1362; baseline -0.004 -23"><span class='ocrx_word' id='word_1_89' title='bbox 630 1282 855 1339; x_wconf 81' lang='lat' dir='ltr'><strong>Matrem</strong></span> <span class='ocrx_word' id='word_1_90' title='bbox 871 1285 1112 1362; x_wconf 75' lang='lat' dir='ltr'><strong>servavit</strong></span> <span class='ocrx_word' id='word_1_91' title='bbox 1130 1285 1449 1362; x_wconf 65' lang='lat' dir='ltr'><strong>immunem1</strong></span> <span class='ocrx_word' id='word_1_92' title='bbox 1477 1292 1532 1362; x_wconf 82' lang='lat' dir='ltr'><strong>et_</strong></span> <span class='ocrx_word' id='word_1_93' title='bbox 1557 1279 2018 1362; x_wconf 48' lang='lat' dir='ltr'><strong>auxit‘castitatem</strong></span> <span class='ocrx_word' id='word_1_94' title='bbox 2037 1279 2220 1362; x_wconf 69' lang='lat' dir='ltr'><strong>putius</strong></span> 
     </span>
    </p>
   </div>
   <div class='ocr_carea' id='block_1_14' title="bbox 634 1348 2220 1425">
    <p class='ocr_par' dir='ltr' id='par_1_14' title="bbox 634 1348 2220 1425">
     <span class='ocr_line' id='line_1_15' title="bbox 634 1348 2220 1425; baseline -0.004 -17"><span class='ocrx_word' id='word_1_95' title='bbox 634 1361 795 1425; x_wconf 85' lang='lat' dir='ltr'><strong>quam</strong></span> <span class='ocrx_word' id='word_1_96' title='bbox 837 1354 1072 1425; x_wconf 74' lang='lat' dir='ltr'><strong>violavit.</strong></span> <span class='ocrx_word' id='word_1_97' title='bbox 1101 1353 1262 1425; x_wconf 81' lang='lat' dir='ltr'><strong>Quin</strong></span> <span class='ocrx_word' id='word_1_98' title='bbox 1309 1363 1384 1425; x_wconf 83' lang='lat' dir='ltr'><strong>et_</strong></span> <span class='ocrx_word' id='word_1_99' title='bbox 1409 1353 1666 1425; x_wconf 76' lang='lat' dir='ltr'><strong>Ecclesiae</strong></span> <span class='ocrx_word' id='word_1_100' title='bbox 1710 1351 1964 1425; x_wconf 42' lang='lat' dir='ltr'><strong>Romani:</strong></span> <span class='ocrx_word' id='word_1_101' title='bbox 2009 1348 2220 1425; x_wconf 76' lang='lat' dir='ltr'><strong>videtur</strong></span> 
     </span>
    </p>
   </div>
   <div class='ocr_carea' id='block_1_15' title="bbox 633 1419 2218 1492">
    <p class='ocr_par' dir='ltr' id='par_1_15' title="bbox 633 1419 2218 1492">
     <span class='ocr_line' id='line_1_16' title="bbox 633 1419 2218 1492; baseline -0.004 -13"><span class='ocrx_word' id='word_1_102' title='bbox 633 1419 739 1479; x_wconf 74' lang='lat' dir='ltr'><strong>hoc</strong></span> <span class='ocrx_word' id='word_1_103' title='bbox 766 1424 991 1479; x_wconf 85' lang='lat' dir='ltr'><strong>honoris</strong></span> <span class='ocrx_word' id='word_1_104' title='bbox 1014 1419 1242 1488; x_wconf 84' lang='lat' dir='ltr'><strong>deferre,</strong></span> <span class='ocrx_word' id='word_1_105' title='bbox 1282 1432 1341 1477; x_wconf 89' lang='lat' dir='ltr'><strong>ut</strong></span> <span class='ocrx_word' id='word_1_106' title='bbox 1369 1419 1520 1492; x_wconf 79' lang='lat' dir='ltr'><strong>extra</strong></span> <span class='ocrx_word' id='word_1_107' title='bbox 1566 1422 1885 1478; x_wconf 84' lang='lat' dir='ltr'><strong>catholicam</strong></span> <span class='ocrx_word' id='word_1_108' title='bbox 1923 1419 2218 1492; x_wconf 78' lang='lat' dir='ltr'><strong>Ecclesiam</strong></span> 
     </span>
    </p>
   </div>
   <div class='ocr_carea' id='block_1_16' title="bbox 633 1489 2220 1562">
    <p class='ocr_par' dir='ltr' id='par_1_16' title="bbox 633 1489 2220 1562">
     <span class='ocr_line' id='line_1_17' title="bbox 633 1489 2220 1562; baseline -0.004 -14"><span class='ocrx_word' id='word_1_109' title='bbox 633 1493 726 1559; x_wconf 84' lang='lat' dir='ltr'><strong>sit,</strong></span> <span class='ocrx_word' id='word_1_110' title='bbox 750 1495 841 1562; x_wconf 89' lang='lat' dir='ltr'><strong>qui</strong></span> <span class='ocrx_word' id='word_1_111' title='bbox 870 1495 940 1548; x_wconf 89' lang='lat' dir='ltr'><strong>sit</strong></span> <span class='ocrx_word' id='word_1_112' title='bbox 967 1494 1033 1548; x_wconf 90' lang='lat' dir='ltr'><strong>ab</strong></span> <span class='ocrx_word' id='word_1_113' title='bbox 1057 1495 1156 1548; x_wconf 89' lang='lat' dir='ltr'><strong>hac</strong></span> <span class='ocrx_word' id='word_1_114' title='bbox 1179 1490 1403 1559; x_wconf 81' lang='lat' dir='ltr'><strong>alienus,</strong></span> <span class='ocrx_word' id='word_1_115' title='bbox 1428 1502 1484 1548; x_wconf 91' lang='lat' dir='ltr'><strong>et</strong></span> <span class='ocrx_word' id='word_1_116' title='bbox 1504 1501 1560 1548; x_wconf 91' lang='lat' dir='ltr'><strong>ut</strong></span> <span class='ocrx_word' id='word_1_117' title='bbox 1584 1491 1735 1547; x_wconf 85' lang='lat' dir='ltr'><strong>exsul</strong></span> <span class='ocrx_word' id='word_1_118' title='bbox 1740 1507 1788 1562; x_wconf 68' lang='lat' dir='ltr'><strong>_a</strong></span> <span class='ocrx_word' id='word_1_119' title='bbox 1811 1506 1939 1562; x_wconf 86' lang='lat' dir='ltr'><strong>vera</strong></span> <span class='ocrx_word' id='word_1_120' title='bbox 1962 1489 2083 1555; x_wconf 80' lang='lat' dir='ltr'><strong>fide,</strong></span> <span class='ocrx_word' id='word_1_121' title='bbox 2101 1489 2220 1560; x_wconf 67' lang='lat' dir='ltr'><strong>~sive</strong></span> 
     </span>
    </p>
   </div>
   <div class='ocr_carea' id='block_1_17' title="bbox 635 1559 2220 1633">
    <p class='ocr_par' dir='ltr' id='par_1_17' title="bbox 635 1559 2220 1633">
     <span class='ocr_line' id='line_1_18' title="bbox 635 1559 2220 1633; baseline -0.003 -16"><span class='ocrx_word' id='word_1_122' title='bbox 635 1559 912 1633; x_wconf 76' lang='lat' dir='ltr'><strong>transfuga</strong></span> <span class='ocrx_word' id='word_1_123' title='bbox 960 1563 1322 1633; x_wconf 64' lang='lat' dir='ltr'><strong>eliminatosL</strong></span> <span class='ocrx_word' id='word_1_124' title='bbox 1359 1577 1478 1632; x_wconf 81' lang='lat' dir='ltr'><strong>quae</strong></span> <span class='ocrx_word' id='word_1_125' title='bbox 1525 1565 1688 1618; x_wconf 85' lang='lat' dir='ltr'><strong>totius</strong></span> <span class='ocrx_word' id='word_1_126' title='bbox 1730 1559 1999 1633; x_wconf 55' lang='lat' dir='ltr'><strong>Ecclesia;</strong></span> <span class='ocrx_word' id='word_1_127' title='bbox 2038 1563 2220 1633; x_wconf 80' lang='lat' dir='ltr'><strong>teneat</strong></span> 
     </span>
    </p>
   </div>
   <div class='ocr_carea' id='block_1_18' title="bbox 635 1631 2220 1706">
    <p class='ocr_par' dir='ltr' id='par_1_18' title="bbox 635 1631 2220 1706">
     <span class='ocr_line' id='line_1_19' title="bbox 635 1631 2220 1706; baseline -0.001 -21"><span class='ocrx_word' id='word_1_128' title='bbox 635 1631 1015 1706; x_wconf 71' lang='lat' dir='ltr'><strong>principatum,</strong></span> <span class='ocrx_word' id='word_1_129' title='bbox 1043 1649 1267 1703; x_wconf 62' lang='lat' dir='ltr'><strong>quicque</strong></span> <span class='ocrx_word' id='word_1_130' title='bbox 1296 1631 1898 1706; x_wconf 82' lang='lat' dir='ltr'><strong>Petrum_apostolorum</strong></span> <span class='ocrx_word' id='word_1_131' title='bbox 1922 1631 2220 1706; x_wconf 82' lang='lat' dir='ltr'><strong>principem</strong></span> 
     </span>
    </p>
   </div>
   <div class='ocr_carea' id='block_1_19' title="bbox 633 1699 2220 1772">
    <p class='ocr_par' dir='ltr' id='par_1_19' title="bbox 633 1699 2220 1772">
     <span class='ocr_line' id='line_1_20' title="bbox 633 1699 2220 1772; baseline -0.005 -13"><span class='ocrx_word' id='word_1_132' title='bbox 633 1699 894 1759; x_wconf 75' lang='lat' dir='ltr'><strong>inaruerit</strong></span> <span class='ocrx_word' id='word_1_133' title='bbox 933 1699 1131 1758; x_wconf 78' lang='lat' dir='ltr'><strong>habere</strong></span> <span class='ocrx_word' id='word_1_134' title='bbox 1179 1699 1472 1772; x_wconf 81' lang='lat' dir='ltr'><strong>pastorem.</strong></span> <span class='ocrx_word' id='word_1_135' title='bbox 1505 1699 1680 1757; x_wconf 78' lang='lat' dir='ltr'><strong>Locus</strong></span> <span class='ocrx_word' id='word_1_136' title='bbox 1721 1711 1804 1756; x_wconf 90' lang='lat' dir='ltr'><strong>est</strong></span> <span class='ocrx_word' id='word_1_137' title='bbox 1832 1699 2220 1772; x_wconf 80' lang='lat' dir='ltr'><strong>commentario</strong></span> 
     </span>
    </p>
   </div>
   <div class='ocr_carea' id='block_1_20' title="bbox 636 1771 2220 1840">
    <p class='ocr_par' dir='ltr' id='par_1_20' title="bbox 636 1771 2220 1840">
     <span class='ocr_line' id='line_1_21' title="bbox 636 1771 2220 1840; baseline -0.003 -13"><span class='ocrx_word' id='word_1_138' title='bbox 636 1775 933 1828; x_wconf 90' lang='lat' dir='ltr'><strong>centesimo</strong></span> <span class='ocrx_word' id='word_1_139' title='bbox 962 1781 1133 1836; x_wconf 79' lang='lat' dir='ltr'><strong>sexto,</strong></span> <span class='ocrx_word' id='word_1_140' title='bbox 1180 1771 1328 1828; x_wconf 80' lang='lat' dir='ltr'><strong>etin</strong></span> <span class='ocrx_word' id='word_1_141' title='bbox 1367 1773 1754 1829; x_wconf 90' lang='lat' dir='ltr'><strong>commentario</strong></span> <span class='ocrx_word' id='word_1_142' title='bbox 1800 1771 1993 1840; x_wconf 83' lang='lat' dir='ltr'><strong>psalmi</strong></span> <span class='ocrx_word' id='word_1_143' title='bbox 2033 1779 2220 1824; x_wconf 89' lang='lat' dir='ltr'><strong>cente-</strong></span> 
     </span>
    </p>
   </div>
   <div class='ocr_carea' id='block_1_21' title="bbox 1965 317 2579 382">
    <p class='ocr_par' dir='ltr' id='par_1_21' title="bbox 1965 317 2579 382">
     <span class='ocr_line' id='line_1_22' title="bbox 1965 317 2579 382; baseline -0.002 0"><span class='ocrx_word' id='word_1_144' title='bbox 1965 326 2248 382; x_wconf 75' lang='lat' dir='ltr'><strong>ABNOBII-</strong></span> <span class='ocrx_word' id='word_1_145' title='bbox 2277 317 2579 382; x_wconf 75' lang='lat' dir='ltr'><strong>JUNIORIS</strong></span> 
     </span>
    </p>
   </div>
   <div class='ocr_carea' id='block_1_22' title="bbox 770 435 2298 516">
    <p class='ocr_par' dir='ltr' id='par_1_22' title="bbox 770 435 2298 516">
     <span class='ocr_line' id='line_1_23' title="bbox 770 435 2298 516; baseline -0.007 -14"><span class='ocrx_word' id='word_1_146' title='bbox 770 445 951 516; x_wconf 80' lang='lat' dir='ltr'><strong>possit</strong></span> <span class='ocrx_word' id='word_1_147' title='bbox 977 459 1196 508; x_wconf 87' lang='lat' dir='ltr'><strong>somnus</strong></span> <span class='ocrx_word' id='word_1_148' title='bbox 1223 444 1485 516; x_wconf 75' lang='lat' dir='ltr'><strong>obrepere</strong></span> <span class='ocrx_word' id='word_1_149' title='bbox 1503 458 1540 516; x_wconf 63' lang='grc' dir='ltr'><strong>ς⁸</strong></span> <span class='ocrx_word' id='word_1_150' title='bbox 1568 435 1647 496; x_wconf 89' lang='lat' dir='ltr'><strong>sic</strong></span> <span class='ocrx_word' id='word_1_151' title='bbox 1676 439 1813 516; x_wconf 70' lang='lat' dir='ltr'><strong>fluit,</strong></span> <span class='ocrx_word' id='word_1_152' title='bbox 1859 446 1918 493; x_wconf 92' lang='lat' dir='ltr'><strong>ut</strong></span> <span class='ocrx_word' id='word_1_153' title='bbox 1946 437 2217 516; x_wconf 53' lang='lat' dir='ltr'><strong>sitientem</strong></span> <span class='ocrx_word' id='word_1_154' title='bbox 2243 442 2298 502; x_wconf 74' lang='grc' dir='ltr'>Α</span> 
     </span>
    </p>
   </div>
   <div class='ocr_carea' id='block_1_23' title="bbox 2294 1695 3197 1768">
    <p class='ocr_par' dir='ltr' id='par_1_23' title="bbox 2294 1695 3197 1768">
     <span class='ocr_line' id='line_1_24' title="bbox 2294 1695 3197 1768; baseline -0.002 -16"><span class='ocrx_word' id='word_1_155' title='bbox 2294 1700 2296 1703; x_wconf 84' lang='grc'><em>’</em></span> <span class='ocrx_word' id='word_1_156' title='bbox 2325 1696 2522 1752; x_wconf 86' lang='lat' dir='ltr'><strong>Paulus</strong></span> <span class='ocrx_word' id='word_1_157' title='bbox 2567 1695 3114 1768; x_wconf 38' lang='lat' dir='ltr'><strong>apostolus,exLﬁ(le</strong></span> <span class='ocrx_word' id='word_1_158' title='bbox 3142 1697 3197 1750; x_wconf 90' lang='lat' dir='ltr'><strong>in</strong></span> 
     </span>
    </p>
   </div>
   <div class='ocr_carea' id='block_1_24' title="bbox 3751 322 3906 378">
    <p class='ocr_par' dir='ltr' id='par_1_24' title="bbox 3751 322 3906 378">
     <span class='ocr_line' id='line_1_25' title="bbox 3751 322 3906 378; baseline 0.013 -2"><span class='ocrx_word' id='word_1_159' title='bbox 3751 322 3906 378; x_wconf 53' lang='lat'><strong>~33</strong></span> 
     </span>
    </p>
   </div>
   <div class='ocr_carea' id='block_1_25' title="bbox 2322 424 3904 502">
    <p class='ocr_par' dir='ltr' id='par_1_25' title="bbox 2322 424 3904 502">
     <span class='ocr_line' id='line_1_26' title="bbox 2322 424 3904 502; baseline -0.004 -11"><span class='ocrx_word' id='word_1_160' title='bbox 2322 437 2429 491; x_wconf 91' lang='lat' dir='ltr'><strong>tius</strong></span> <span class='ocrx_word' id='word_1_161' title='bbox 2469 431 3277 502; x_wconf 25' lang='lat' dir='ltr'><strong>ediditrcommentariosAquam</strong></span> <span class='ocrx_word' id='word_1_162' title='bbox 3303 424 3737 502; x_wconf 35' lang='lat' dir='ltr'><strong>inHPsalterium.</strong></span> <span class='ocrx_word' id='word_1_163' title='bbox 3767 426 3904 485; x_wconf 84' lang='lat' dir='ltr'><strong>Nam</strong></span> 
     </span>
    </p>
   </div>
   <div class='ocr_carea' id='block_1_26' title="bbox 2320 496 3904 573">
    <p class='ocr_par' dir='ltr' id='par_1_26' title="bbox 2320 496 3904 573">
     <span class='ocr_line' id='line_1_27' title="bbox 2320 496 3904 573; baseline -0.005 -11"><span class='ocrx_word' id='word_1_164' title='bbox 2320 506 2454 562; x_wconf 90' lang='lat' dir='ltr'><strong>locis</strong></span> <span class='ocrx_word' id='word_1_165' title='bbox 2477 503 2684 573; x_wconf 84' lang='lat' dir='ltr'><strong>aliquot</strong></span> <span class='ocrx_word' id='word_1_166' title='bbox 2712 501 2949 557; x_wconf 88' lang='lat' dir='ltr'><strong>declarat</strong></span> <span class='ocrx_word' id='word_1_167' title='bbox 2986 518 3044 558; x_wconf 88' lang='lat' dir='ltr'><strong>se</strong></span> <span class='ocrx_word' id='word_1_168' title='bbox 3078 496 3263 557; x_wconf 67' lang='lat' dir='ltr'><strong>Grmca</strong></span> <span class='ocrx_word' id='word_1_169' title='bbox 3291 498 3558 573; x_wconf 68' lang='lat' dir='ltr'><strong>calluisse.</strong></span> <span class='ocrx_word' id='word_1_170' title='bbox 3599 496 3773 568; x_wconf 79' lang='lat' dir='ltr'><strong>Hujus</strong></span> <span class='ocrx_word' id='word_1_171' title='bbox 3811 511 3904 566; x_wconf 73' lang='lat' dir='ltr'><strong>ge-</strong></span> 
     </span>
    </p>
   </div>
   <div class='ocr_carea' id='block_1_27' title="bbox 2316 568 3910 642">
    <p class='ocr_par' dir='ltr' id='par_1_27' title="bbox 2316 568 3910 642">
     <span class='ocr_line' id='line_1_28' title="bbox 2316 568 3910 642; baseline -0.005 -10"><span class='ocrx_word' id='word_1_172' title='bbox 2316 576 2462 632; x_wconf 87' lang='lat' dir='ltr'><strong>neris</strong></span> <span class='ocrx_word' id='word_1_173' title='bbox 2489 568 2655 629; x_wconf 79' lang='lat' dir='ltr'><strong>unum</strong></span> <span class='ocrx_word' id='word_1_174' title='bbox 2691 573 2996 642; x_wconf 80' lang='lat' dir='ltr'><strong>exemplum</strong></span> <span class='ocrx_word' id='word_1_175' title='bbox 3024 573 3164 628; x_wconf 88' lang='lat' dir='ltr'><strong>dabo</strong></span> <span class='ocrx_word' id='word_1_176' title='bbox 3205 568 3593 642; x_wconf 85' lang='lat' dir='ltr'><strong>commentario</strong></span> <span class='ocrx_word' id='word_1_177' title='bbox 3620 576 3910 642; x_wconf 78' lang='lat' dir='ltr'><strong>septuage-</strong></span> 
     </span>
    </p>
   </div>
   <div class='ocr_carea' id='block_1_28' title="bbox 2316 640 3903 721">
    <p class='ocr_par' dir='ltr' id='par_1_28' title="bbox 2316 640 3903 721">
     <span class='ocr_line' id='line_1_29' title="bbox 2316 640 3903 721; baseline -0.006 -19"><span class='ocrx_word' id='word_1_178' title='bbox 2316 648 2455 721; x_wconf 81' lang='lat' dir='ltr'><strong>simo</strong></span> <span class='ocrx_word' id='word_1_179' title='bbox 2499 645 2749 721; x_wconf 85' lang='lat' dir='ltr'><strong>septimo.</strong></span> <span class='ocrx_word' id='word_1_180' title='bbox 2776 640 2987 721; x_wconf 64' lang='lat' dir='ltr'><strong>_Scriba</strong></span> <span class='ocrx_word' id='word_1_181' title='bbox 3027 659 3137 721; x_wconf 71' lang='lat' dir='ltr'><strong>uon</strong></span> <span class='ocrx_word' id='word_1_182' title='bbox 3179 642 3483 721; x_wconf 72' lang='lat' dir='ltr'><strong>intelligens</strong></span> <span class='ocrx_word' id='word_1_183' title='bbox 3509 640 3903 721; x_wconf 65' lang='lat' dir='ltr'><strong>sic_p_inxerat:</strong></span> 
     </span>
    </p>
   </div>
   <div class='ocr_carea' id='block_1_29' title="bbox 2315 709 3907 787">
    <p class='ocr_par' dir='ltr' id='par_1_29' title="bbox 2315 709 3907 787">
     <span class='ocr_line' id='line_1_30' title="bbox 2315 709 3907 787; baseline -0.007 -14"><span class='ocrx_word' id='word_1_184' title='bbox 2315 709 2647 787; x_wconf 77' lang='lat' dir='ltr'><strong>quodaures</strong></span> <span class='ocrx_word' id='word_1_185' title='bbox 2675 715 2728 768; x_wconf 90' lang='lat' dir='ltr'><strong>in</strong></span> <span class='ocrx_word' id='word_1_186' title='bbox 2771 712 2991 787; x_wconf 75' lang='lat' dir='ltr'><strong>faciens.</strong></span> <span class='ocrx_word' id='word_1_187' title='bbox 3026 713 3120 769; x_wconf 82' lang='lat' dir='ltr'><strong>His</strong></span> <span class='ocrx_word' id='word_1_188' title='bbox 3147 711 3326 787; x_wconf 70' lang='lat' dir='ltr'><strong>verbis</strong></span> <span class='ocrx_word' id='word_1_189' title='bbox 3365 709 3492 787; x_wconf 73' lang='lat' dir='ltr'><strong>euut</strong></span> <span class='ocrx_word' id='word_1_190' title='bbox 3514 709 3907 787; x_wconf 70' lang='lat' dir='ltr'><strong>_nihilomnino</strong></span> 
     </span>
    </p>
   </div>
   <div class='ocr_carea' id='block_1_30' title="bbox 2317 779 3903 857">
    <p class='ocr_par' dir='ltr' id='par_1_30' title="bbox 2317 779 3903 857">
     <span class='ocr_line' id='line_1_31' title="bbox 2317 779 3903 857; baseline -0.007 -14"><span class='ocrx_word' id='word_1_191' title='bbox 2317 779 2725 857; x_wconf 74' lang='lat' dir='ltr'><strong>significaretur,</strong></span> <span class='ocrx_word' id='word_1_192' title='bbox 2757 783 2954 857; x_wconf 75' lang='lat' dir='ltr'><strong>diuque</strong></span> <span class='ocrx_word' id='word_1_193' title='bbox 2982 800 3068 839; x_wconf 91' lang='lat' dir='ltr'><strong>me</strong></span> <span class='ocrx_word' id='word_1_194' title='bbox 3097 779 3652 857; x_wconf 67' lang='lat' dir='ltr'><strong>torsissem,&#39;divinayi</strong></span> <span class='ocrx_word' id='word_1_195' title='bbox 3673 779 3729 833; x_wconf 89' lang='lat' dir='ltr'><strong>id</strong></span> <span class='ocrx_word' id='word_1_196' title='bbox 3767 780 3903 857; x_wconf 84' lang='lat' dir='ltr'><strong>quod</strong></span> 
     </span>
    </p>
   </div>
   <div class='ocr_carea' id='block_1_31' title="bbox 2317 850 3904 925">
    <p class='ocr_par' dir='ltr' id='par_1_31' title="bbox 2317 850 3904 925">
     <span class='ocr_line' id='line_1_32' title="bbox 2317 850 3904 925; baseline -0.006 -11"><span class='ocrx_word' id='word_1_197' title='bbox 2317 850 2407 914; x_wconf 67' lang='lat' dir='ltr'><strong>res</strong></span> <span class='ocrx_word' id='word_1_198' title='bbox 2436 864 2519 912; x_wconf 88' lang='lat' dir='ltr'><strong>est</strong></span> <span class='ocrx_word' id='word_1_199' title='bbox 2546 856 2802 925; x_wconf 90' lang='lat' dir='ltr'><strong>scriptum</strong></span> <span class='ocrx_word' id='word_1_200' title='bbox 2842 850 3023 919; x_wconf 85' lang='lat' dir='ltr'><strong>fuisse,</strong></span> <span class='ocrx_word' id='word_1_201' title='bbox 3067 854 3217 925; x_wconf 87' lang='lat' dir='ltr'><strong>quod</strong></span> <span class='ocrx_word' id='word_1_202' title='bbox 3246 850 3742 925; x_wconf 38' lang='lat' dir='ltr'><strong>auxesinufaciens.</strong></span> <span class='ocrx_word' id='word_1_203' title='bbox 3778 850 3904 904; x_wconf 86' lang='lat' dir='ltr'><strong>Nam</strong></span> 
     </span>
    </p>
   </div>
   <div class='ocr_carea' id='block_1_32' title="bbox 2318 921 3904 995">
    <p class='ocr_par' dir='ltr' id='par_1_32' title="bbox 2318 921 3904 995">
     <span class='ocr_line' id='line_1_33' title="bbox 2318 921 3904 995; baseline -0.006 -11"><span class='ocrx_word' id='word_1_204' title='bbox 2318 929 2373 984; x_wconf 87' lang='lat' dir='ltr'><strong>in</strong></span> <span class='ocrx_word' id='word_1_205' title='bbox 2411 921 2681 995; x_wconf 80' lang='lat' dir='ltr'><strong>plerisque</strong></span> <span class='ocrx_word' id='word_1_206' title='bbox 2728 925 3006 995; x_wconf 89' lang='lat' dir='ltr'><strong>scripturis</strong></span> <span class='ocrx_word' id='word_1_207' title='bbox 3044 921 3213 995; x_wconf 65' lang='lat' dir='ltr'><strong>figura</strong></span> <span class='ocrx_word' id='word_1_208' title='bbox 3259 922 3416 995; x_wconf 85' lang='lat' dir='ltr'><strong>hujus</strong></span> <span class='ocrx_word' id='word_1_209' title='bbox 3467 921 3675 995; x_wconf 68' lang='lat' dir='ltr'><strong>litterze,</strong></span> <span class='ocrx_word' id='word_1_210' title='bbox 3723 935 3764 974; x_wconf 77' lang='grc' dir='ltr'><strong>ι</strong></span> <span class='ocrx_word' id='word_1_211' title='bbox 3807 934 3904 975; x_wconf 88' lang='lat' dir='ltr'><strong>non</strong></span> 
     </span>
    </p>
   </div>
   <div class='ocr_carea' id='block_1_33' title="bbox 2319 945 3907 1064">
    <p class='ocr_par' dir='ltr' id='par_1_33' title="bbox 2319 945 3907 1064">
     <span class='ocr_line' id='line_1_34' title="bbox 2319 945 3904 995; baseline -0.006 -11"><span class='ocrx_word' id='word_1_212' title='bbox 2319 945 2373 984; x_wconf 86' lang='lat' dir='ltr'><strong>In</strong></span> <span class='ocrx_word' id='word_1_213' title='bbox 2451 945 2681 994; x_wconf 84' lang='lat' dir='ltr'><strong>terisque</strong></span> <span class='ocrx_word' id='word_1_214' title='bbox 2728 945 3006 995; x_wconf 73' lang='lat' dir='ltr'><strong>scripturis</strong></span> <span class='ocrx_word' id='word_1_215' title='bbox 3044 945 3213 993; x_wconf 67' lang='lat' dir='ltr'><strong>usura</strong></span> <span class='ocrx_word' id='word_1_216' title='bbox 3259 945 3416 991; x_wconf 80' lang='lat' dir='ltr'><strong>nujus</strong></span> <span class='ocrx_word' id='word_1_217' title='bbox 3468 945 3675 982; x_wconf 70' lang='lat' dir='ltr'><strong>litteras,</strong></span> <span class='ocrx_word' id='word_1_218' title='bbox 3726 945 3764 974; x_wconf 83' lang='grc' dir='ltr'><strong>⁴ι</strong></span> <span class='ocrx_word' id='word_1_219' title='bbox 3807 945 3904 975; x_wconf 83' lang='lat' dir='ltr'><strong>nun</strong></span> 
     </span>
     <span class='ocr_line' id='line_1_35' title="bbox 2319 945 3907 1064; baseline -0.006 -10"><span class='ocrx_word' id='word_1_220' title='bbox 2319 945 2545 1054; x_wconf 64' lang='lat' dir='ltr'><strong>murtam</strong></span> <span class='ocrx_word' id='word_1_221' title='bbox 2574 995 2828 1064; x_wconf 88' lang='lat' dir='ltr'><strong>abhorret</strong></span> <span class='ocrx_word' id='word_1_222' title='bbox 2854 994 2922 1048; x_wconf 90' lang='lat' dir='ltr'><strong>ab</strong></span> <span class='ocrx_word' id='word_1_223' title='bbox 2959 1011 3003 1050; x_wconf 90' lang='lat' dir='ltr'><strong>r.</strong></span> <span class='ocrx_word' id='word_1_224' title='bbox 3053 993 3239 1064; x_wconf 90' lang='lat' dir='ltr'><strong>Itaque</strong></span> <span class='ocrx_word' id='word_1_225' title='bbox 3265 993 3442 1048; x_wconf 90' lang='lat' dir='ltr'><strong>scriba</strong></span> <span class='ocrx_word' id='word_1_226' title='bbox 3469 989 3651 1064; x_wconf 67' lang='lat' dir='ltr'><strong>Graece</strong></span> <span class='ocrx_word' id='word_1_227' title='bbox 3683 1005 3907 1064; x_wconf 77' lang='lat' dir='ltr'><strong>prorsus</strong></span> 
     </span>
    </p>
   </div>
   <div class='ocr_carea' id='block_1_34' title="bbox 2319 1058 3905 1138">
    <p class='ocr_par' dir='ltr' id='par_1_34' title="bbox 2319 1058 3905 1138">
     <span class='ocr_line' id='line_1_36' title="bbox 2319 1058 3905 1138; baseline -0.007 -15"><span class='ocrx_word' id='word_1_228' title='bbox 2319 1069 2557 1138; x_wconf 81' lang='lat' dir='ltr'><strong>ignarus,</strong></span> <span class='ocrx_word' id='word_1_229' title='bbox 2590 1073 2652 1138; x_wconf 91' lang='lat' dir='ltr'><strong>et</strong></span> <span class='ocrx_word' id='word_1_230' title='bbox 2672 1063 2861 1138; x_wconf 72' lang='lat' dir='ltr'><strong>Latine</strong></span> <span class='ocrx_word' id='word_1_231' title='bbox 2889 1058 3170 1119; x_wconf 78' lang='lat' dir='ltr'><strong>minimum</strong></span> <span class='ocrx_word' id='word_1_232' title='bbox 3190 1064 3398 1138; x_wconf 81' lang='lat' dir='ltr'><strong>doctus,</strong></span> <span class='ocrx_word' id='word_1_233' title='bbox 3431 1076 3496 1116; x_wconf 87' lang='lat' dir='ltr'><strong>ex</strong></span> <span class='ocrx_word' id='word_1_234' title='bbox 3517 1058 3744 1138; x_wconf 79' lang='lat' dir='ltr'><strong>auxesin</strong></span> <span class='ocrx_word' id='word_1_235' title='bbox 3771 1058 3905 1138; x_wconf 80' lang='lat' dir='ltr'><strong>fece-</strong></span> 
     </span>
    </p>
   </div>
   <div class='ocr_carea' id='block_1_35' title="bbox 2319 1131 3902 1199">
    <p class='ocr_par' dir='ltr' id='par_1_35' title="bbox 2319 1131 3902 1199">
     <span class='ocr_line' id='line_1_37' title="bbox 2319 1131 3902 1199; baseline -0.005 -6"><span class='ocrx_word' id='word_1_236' title='bbox 2319 1131 2404 1194; x_wconf 72' lang='lat' dir='ltr'><strong>rat</strong></span> <span class='ocrx_word' id='word_1_237' title='bbox 2443 1152 2599 1193; x_wconf 89' lang='lat' dir='ltr'><strong>aures</strong></span> <span class='ocrx_word' id='word_1_238' title='bbox 2641 1137 2713 1190; x_wconf 90' lang='lat' dir='ltr'><strong>in.</strong></span> <span class='ocrx_word' id='word_1_239' title='bbox 2767 1133 2900 1190; x_wconf 83' lang='lat' dir='ltr'><strong>Item</strong></span> <span class='ocrx_word' id='word_1_240' title='bbox 2938 1134 3324 1189; x_wconf 89' lang='lat' dir='ltr'><strong>commentario</strong></span> <span class='ocrx_word' id='word_1_241' title='bbox 3371 1133 3663 1188; x_wconf 84' lang='lat' dir='ltr'><strong>centesima</strong></span> <span class='ocrx_word' id='word_1_242' title='bbox 3713 1131 3902 1199; x_wconf 88' lang='lat' dir='ltr'><strong>quinto</strong></span> 
     </span>
    </p>
   </div>
   <div class='ocr_carea' id='block_1_36' title="bbox 2321 1201 3904 1279">
    <p class='ocr_par' dir='ltr' id='par_1_36' title="bbox 2321 1201 3904 1279">
     <span class='ocr_line' id='line_1_38' title="bbox 2321 1201 3904 1279; baseline -0.006 -15"><span class='ocrx_word' id='word_1_243' title='bbox 2321 1209 2585 1279; x_wconf 87' lang='lat' dir='ltr'><strong>scriptum</strong></span> <span class='ocrx_word' id='word_1_244' title='bbox 2606 1215 2728 1279; x_wconf 84' lang='lat' dir='ltr'><strong>erat</strong></span> <span class='ocrx_word' id='word_1_245' title='bbox 2754 1223 2766 1258; x_wconf 92' lang='lat'>:</span> <span class='ocrx_word' id='word_1_246' title='bbox 2799 1204 3071 1279; x_wconf 77' lang='lat' dir='ltr'><strong>Suscipiat</strong></span> <span class='ocrx_word' id='word_1_247' title='bbox 3107 1205 3347 1279; x_wconf 77' lang='lat' dir='ltr'><strong>regulam</strong></span> <span class='ocrx_word' id='word_1_248' title='bbox 3372 1202 3702 1279; x_wconf 72' lang='lat' dir='ltr'><strong>pmnitentite</strong></span> <span class='ocrx_word' id='word_1_249' title='bbox 3731 1201 3904 1279; x_wconf 84' lang='lat' dir='ltr'><strong>exclu-</strong></span> 
     </span>
    </p>
   </div>
   <div class='ocr_carea' id='block_1_37' title="bbox 2319 1273 3900 1344">
    <p class='ocr_par' dir='ltr' id='par_1_37' title="bbox 2319 1273 3900 1344">
     <span class='ocr_line' id='line_1_39' title="bbox 2319 1273 3900 1344; baseline -0.007 -9"><span class='ocrx_word' id='word_1_250' title='bbox 2319 1294 2384 1336; x_wconf 85' lang='lat' dir='ltr'><strong>so</strong></span> <span class='ocrx_word' id='word_1_251' title='bbox 2407 1273 2564 1342; x_wconf 56' lang='lat' dir='ltr'><strong>n&#39;ova,</strong></span> <span class='ocrx_word' id='word_1_252' title='bbox 2604 1276 2679 1330; x_wconf 90' lang='lat' dir='ltr'><strong>ita</strong></span> <span class='ocrx_word' id='word_1_253' title='bbox 2709 1283 2767 1330; x_wconf 89' lang='lat' dir='ltr'><strong>ut</strong></span> <span class='ocrx_word' id='word_1_254' title='bbox 2795 1273 3150 1331; x_wconf 81' lang='lat' dir='ltr'><strong>centesimum</strong></span> <span class='ocrx_word' id='word_1_255' title='bbox 3191 1273 3434 1344; x_wconf 58' lang='lat' dir='ltr'><strong>quintum</strong></span> <span class='ocrx_word' id='word_1_256' title='bbox 3483 1273 3772 1344; x_wconf 76' lang='lat' dir='ltr'><strong>psalmum,</strong></span> <span class='ocrx_word' id='word_1_257' title='bbox 3805 1278 3900 1344; x_wconf 84' lang='lat' dir='ltr'><strong>etc.</strong></span> 
     </span>
    </p>
   </div>
   <div class='ocr_carea' id='block_1_38' title="bbox 2320 1341 3902 1415">
    <p class='ocr_par' dir='ltr' id='par_1_38' title="bbox 2320 1341 3902 1415">
     <span class='ocr_line' id='line_1_40' title="bbox 2320 1341 3902 1415; baseline -0.007 -11"><span class='ocrx_word' id='word_1_258' title='bbox 2320 1348 2430 1405; x_wconf 82' lang='lat' dir='ltr'><strong>Nos</strong></span> <span class='ocrx_word' id='word_1_259' title='bbox 2460 1363 2527 1403; x_wconf 79' lang='lat' dir='ltr'><strong>ex</strong></span> <span class='ocrx_word' id='word_1_260' title='bbox 2553 1341 2867 1415; x_wconf 79' lang='lat' dir='ltr'><strong>eonjectura</strong></span> <span class='ocrx_word' id='word_1_261' title='bbox 2896 1341 3226 1401; x_wconf 74' lang='lat' dir='ltr'><strong>restituimus</strong></span> <span class='ocrx_word' id='word_1_262' title='bbox 3252 1363 3264 1397; x_wconf 90' lang='lat'>:</span> <span class='ocrx_word' id='word_1_263' title='bbox 3304 1342 3538 1415; x_wconf 82' lang='lat' dir='ltr'><strong>Excluso</strong></span> <span class='ocrx_word' id='word_1_264' title='bbox 3563 1341 3800 1415; x_wconf 75' lang='lat' dir='ltr'><strong>Novato,</strong></span> <span class='ocrx_word' id='word_1_265' title='bbox 3840 1341 3902 1415; x_wconf 80' lang='lat' dir='ltr'><strong>si-</strong></span> 
     </span>
    </p>
   </div>
   <div class='ocr_carea' id='block_1_39' title="bbox 2319 1411 3897 1484">
    <p class='ocr_par' dir='ltr' id='par_1_39' title="bbox 2319 1411 3897 1484">
     <span class='ocr_line' id='line_1_41' title="bbox 2319 1411 3897 1484; baseline -0.006 -10"><span class='ocrx_word' id='word_1_266' title='bbox 2319 1434 2388 1474; x_wconf 92' lang='lat' dir='ltr'><strong>ve</strong></span> <span class='ocrx_word' id='word_1_267' title='bbox 2429 1411 2746 1473; x_wconf 78' lang='lat' dir='ltr'><strong>Novatiaho.</strong></span> <span class='ocrx_word' id='word_1_268' title='bbox 2780 1414 2913 1470; x_wconf 85' lang='lat' dir='ltr'><strong>Nam</strong></span> <span class='ocrx_word' id='word_1_269' title='bbox 2965 1424 3189 1484; x_wconf 89' lang='lat' dir='ltr'><strong>uterque</strong></span> <span class='ocrx_word' id='word_1_270' title='bbox 3236 1414 3335 1469; x_wconf 88' lang='lat' dir='ltr'><strong>fuit</strong></span> <span class='ocrx_word' id='word_1_271' title='bbox 3381 1413 3617 1484; x_wconf 88' lang='lat' dir='ltr'><strong>ejusdem</strong></span> <span class='ocrx_word' id='word_1_272' title='bbox 3663 1411 3897 1484; x_wconf 77' lang='lat' dir='ltr'><strong>hzeresis,</strong></span> 
     </span>
    </p>
   </div>
   <div class='ocr_carea' id='block_1_40' title="bbox 2321 1481 3899 1557">
    <p class='ocr_par' dir='ltr' id='par_1_40' title="bbox 2321 1481 3899 1557">
     <span class='ocr_line' id='line_1_42' title="bbox 2321 1481 3899 1557; baseline -0.006 -13"><span class='ocrx_word' id='word_1_273' title='bbox 2321 1503 2424 1544; x_wconf 90' lang='lat' dir='ltr'><strong>nec</strong></span> <span class='ocrx_word' id='word_1_274' title='bbox 2474 1487 2790 1542; x_wconf 85' lang='lat' dir='ltr'><strong>admittebat</strong></span> <span class='ocrx_word' id='word_1_275' title='bbox 2841 1481 3208 1557; x_wconf 64' lang='lat' dir='ltr'><strong>paenitentiam.</strong></span> <span class='ocrx_word' id='word_1_276' title='bbox 3239 1481 3556 1557; x_wconf 78' lang='lat' dir='ltr'><strong>Quanquam</strong></span> <span class='ocrx_word' id='word_1_277' title='bbox 3598 1483 3644 1557; x_wconf 84' lang='lat' dir='ltr'><strong>is</strong></span> <span class='ocrx_word' id='word_1_278' title='bbox 3689 1481 3899 1557; x_wconf 79' lang='lat' dir='ltr'><strong>potissi-</strong></span> 
     </span>
    </p>
   </div>
   <div class='ocr_carea' id='block_1_41' title="bbox 2322 1552 3898 1626">
    <p class='ocr_par' dir='ltr' id='par_1_41' title="bbox 2322 1552 3898 1626">
     <span class='ocr_line' id='line_1_43' title="bbox 2322 1552 3898 1626; baseline -0.006 -13"><span class='ocrx_word' id='word_1_279' title='bbox 2322 1573 2470 1613; x_wconf 90' lang='lat' dir='ltr'><strong>mum</strong></span> <span class='ocrx_word' id='word_1_280' title='bbox 2499 1564 2790 1626; x_wconf 88' lang='lat' dir='ltr'><strong>occupatus</strong></span> <span class='ocrx_word' id='word_1_281' title='bbox 2819 1552 2901 1610; x_wconf 75' lang='lat' dir='ltr'><strong>est</strong></span> <span class='ocrx_word' id='word_1_282' title='bbox 2929 1557 2981 1611; x_wconf 90' lang='lat' dir='ltr'><strong>in</strong></span> <span class='ocrx_word' id='word_1_283' title='bbox 3005 1571 3166 1611; x_wconf 90' lang='lat' dir='ltr'><strong>sensu</strong></span> <span class='ocrx_word' id='word_1_284' title='bbox 3187 1555 3520 1626; x_wconf 83' lang='lat' dir='ltr'><strong>explicando,</strong></span> <span class='ocrx_word' id='word_1_285' title='bbox 3552 1553 3644 1626; x_wconf 84' lang='lat' dir='ltr'><strong>qui</strong></span> <span class='ocrx_word' id='word_1_286' title='bbox 3671 1552 3898 1626; x_wconf 75' lang='lat' dir='ltr'><strong>pertinet</strong></span> 
     </span>
    </p>
   </div>
   <div class='ocr_carea' id='block_1_42' title="bbox 2323 1621 3898 1695">
    <p class='ocr_par' dir='ltr' id='par_1_42' title="bbox 2323 1621 3898 1695">
     <span class='ocr_line' id='line_1_44' title="bbox 2323 1621 3898 1695; baseline -0.006 -12"><span class='ocrx_word' id='word_1_287' title='bbox 2323 1628 2393 1683; x_wconf 90' lang='lat' dir='ltr'><strong>ad</strong></span> <span class='ocrx_word' id='word_1_288' title='bbox 2421 1621 2782 1695; x_wconf 42' lang='lat' dir='ltr'><strong>evangel—icam</strong></span> <span class='ocrx_word' id='word_1_289' title='bbox 2811 1627 3118 1692; x_wconf 89' lang='lat' dir='ltr'><strong>historiam,</strong></span> <span class='ocrx_word' id='word_1_290' title='bbox 3163 1634 3222 1681; x_wconf 89' lang='lat' dir='ltr'><strong>ut</strong></span> <span class='ocrx_word' id='word_1_291' title='bbox 3248 1621 3695 1695; x_wconf 77' lang='lat' dir='ltr'><strong>quemadmodum</strong></span> <span class='ocrx_word' id='word_1_292' title='bbox 3727 1621 3898 1695; x_wconf 79' lang='lat' dir='ltr'><strong>scribit</strong></span> 
     </span>
    </p>
   </div>
   <div class='ocr_carea' id='block_1_43' title="bbox 3283 1691 3897 1764">
    <p class='ocr_par' dir='ltr' id='par_1_43' title="bbox 3283 1691 3897 1764">
     <span class='ocr_line' id='line_1_45' title="bbox 3283 1691 3897 1764; baseline -0.008 -14"><span class='ocrx_word' id='word_1_293' title='bbox 3283 1696 3403 1750; x_wconf 93' lang='lat' dir='ltr'><strong>dem</strong></span> <span class='ocrx_word' id='word_1_294' title='bbox 3446 1694 3622 1764; x_wconf 78' lang='lat' dir='ltr'><strong>magis</strong></span> <span class='ocrx_word' id='word_1_295' title='bbox 3659 1693 3716 1748; x_wconf 90' lang='lat' dir='ltr'><strong>in</strong></span> <span class='ocrx_word' id='word_1_296' title='bbox 3759 1691 3897 1746; x_wconf 81' lang='lat' dir='ltr'><strong>nobis</strong></span> 
     </span>
    </p>
   </div>
   <div class='ocr_carea' id='block_1_44' title="bbox 2325 1762 3897 1834">
    <p class='ocr_par' dir='ltr' id='par_1_44' title="bbox 2325 1762 3897 1834">
     <span class='ocr_line' id='line_1_46' title="bbox 2325 1762 3897 1834; baseline -0.004 -12"><span class='ocrx_word' id='word_1_297' title='bbox 2325 1762 2675 1822; x_wconf 71' lang='lat' dir='ltr'><strong>confirmetur</strong></span> <span class='ocrx_word' id='word_1_298' title='bbox 2702 1762 2928 1822; x_wconf 87' lang='lat' dir='ltr'><strong>scientia</strong></span> <span class='ocrx_word' id='word_1_299' title='bbox 2954 1765 3174 1832; x_wconf 88' lang='lat' dir='ltr'><strong>Christi,</strong></span> <span class='ocrx_word' id='word_1_300' title='bbox 3215 1762 3629 1834; x_wconf 15' lang='lat' dir='ltr'><strong>dumiquidquid</strong></span> <span class='ocrx_word' id='word_1_301' title='bbox 3663 1764 3720 1818; x_wconf 91' lang='lat' dir='ltr'><strong>in</strong></span> <span class='ocrx_word' id='word_1_302' title='bbox 3753 1777 3897 1834; x_wconf 80' lang='lat' dir='ltr'><strong>evan-</strong></span> 
     </span>
    </p>
   </div>
   <div class='ocr_carea' id='block_1_45' title="bbox 635 1814 3894 1911">
    <p class='ocr_par' dir='ltr' id='par_1_45' title="bbox 635 1814 3894 1911">
     <span class='ocr_line' id='line_1_47' title="bbox 635 1814 3894 1911; baseline -0.004 -11"><span class='ocrx_word' id='word_1_303' title='bbox 635 1814 2224 1911; x_wconf 40' lang='lat' dir='ltr'><strong>;imivtricgﬁibctavvidocet-gini{aquu&#39;a’mda-mvpote-</strong></span> <span class='ocrx_word' id='word_1_304' title='bbox 2249 1814 2300 1874; x_wconf 80' lang='grc' dir='ltr'><strong>Β</strong></span> <span class='ocrx_word' id='word_1_305' title='bbox 2327 1814 2516 1911; x_wconf 80' lang='lat' dir='ltr'><strong>gelicis</strong></span> <span class='ocrx_word' id='word_1_306' title='bbox 2545 1814 2739 1892; x_wconf 71' lang='lat' dir='ltr'><strong>litteris</strong></span> <span class='ocrx_word' id='word_1_307' title='bbox 2767 1814 3894 1911; x_wconf 30' lang='lat' dir='ltr'><strong>gestum.lcgimbsjinvl’sialuii;prsidictuui</strong></span> 
     </span>
    </p>
   </div>
   <div class='ocr_carea' id='block_1_46' title="bbox 634 1911 2221 1984">
    <p class='ocr_par' dir='ltr' id='par_1_46' title="bbox 634 1911 2221 1984">
     <span class='ocr_line' id='line_1_48' title="bbox 634 1911 2221 1984; baseline -0.006 -13"><span class='ocrx_word' id='word_1_308' title='bbox 634 1921 829 1971; x_wconf 69' lang='lat' dir='ltr'><strong>Itatem</strong></span> <span class='ocrx_word' id='word_1_309' title='bbox 859 1911 1019 1968; x_wconf 86' lang='lat' dir='ltr'><strong>Petro</strong></span> <span class='ocrx_word' id='word_1_310' title='bbox 1048 1913 1300 1984; x_wconf 84' lang='lat' dir='ltr'><strong>tributam</strong></span> <span class='ocrx_word' id='word_1_311' title='bbox 1331 1928 1361 1966; x_wconf 89' lang='lat' dir='ltr'><strong>a</strong></span> <span class='ocrx_word' id='word_1_312' title='bbox 1406 1913 1642 1977; x_wconf 86' lang='lat' dir='ltr'><strong>Christo,</strong></span> <span class='ocrx_word' id='word_1_313' title='bbox 1683 1917 1844 1984; x_wconf 80' lang='lat' dir='ltr'><strong>quem</strong></span> <span class='ocrx_word' id='word_1_314' title='bbox 1877 1919 1962 1964; x_wconf 89' lang='lat' dir='ltr'><strong>ter</strong></span> <span class='ocrx_word' id='word_1_315' title='bbox 1990 1923 2221 1984; x_wconf 79' lang='lat' dir='ltr'><strong>negave-</strong></span> 
     </span>
    </p>
   </div>
   <div class='ocr_carea' id='block_1_47' title="bbox 634 1980 2223 2053">
    <p class='ocr_par' dir='ltr' id='par_1_47' title="bbox 634 1980 2223 2053">
     <span class='ocr_line' id='line_1_49' title="bbox 634 1980 2223 2053; baseline -0.004 -15"><span class='ocrx_word' id='word_1_316' title='bbox 634 1991 739 2048; x_wconf 86' lang='lat' dir='ltr'><strong>rat,</strong></span> <span class='ocrx_word' id='word_1_317' title='bbox 784 1984 924 2038; x_wconf 87' lang='lat' dir='ltr'><strong>haud</strong></span> <span class='ocrx_word' id='word_1_318' title='bbox 953 1983 1112 2038; x_wconf 83' lang='lat' dir='ltr'><strong>dubie</strong></span> <span class='ocrx_word' id='word_1_319' title='bbox 1161 1983 1388 2053; x_wconf 89' lang='lat' dir='ltr'><strong>loquens</strong></span> <span class='ocrx_word' id='word_1_320' title='bbox 1415 1984 1483 2038; x_wconf 93' lang='lat' dir='ltr'><strong>de</strong></span> <span class='ocrx_word' id='word_1_321' title='bbox 1526 1980 1793 2053; x_wconf 81' lang='lat' dir='ltr'><strong>potestate</strong></span> <span class='ocrx_word' id='word_1_322' title='bbox 1834 1980 2223 2053; x_wconf 76' lang='lat' dir='ltr'><strong>pascendarum</strong></span> 
     </span>
    </p>
   </div>
   <div class='ocr_carea' id='block_1_48' title="bbox 639 2049 2224 2123">
    <p class='ocr_par' dir='ltr' id='par_1_48' title="bbox 639 2049 2224 2123">
     <span class='ocr_line' id='line_1_50' title="bbox 639 2049 2224 2123; baseline -0.003 -16"><span class='ocrx_word' id='word_1_323' title='bbox 639 2054 838 2108; x_wconf 84' lang='lat' dir='ltr'><strong>ovium.</strong></span> <span class='ocrx_word' id='word_1_324' title='bbox 886 2054 962 2108; x_wconf 91' lang='lat' dir='ltr'><strong>De</strong></span> <span class='ocrx_word' id='word_1_325' title='bbox 990 2054 1130 2108; x_wconf 90' lang='lat' dir='ltr'><strong>votis</strong></span> <span class='ocrx_word' id='word_1_326' title='bbox 1168 2049 1452 2123; x_wconf 76' lang='lat' dir='ltr'><strong>aliquoties</strong></span> <span class='ocrx_word' id='word_1_327' title='bbox 1490 2049 1767 2123; x_wconf 81' lang='lat' dir='ltr'><strong>meminit,</strong></span> <span class='ocrx_word' id='word_1_328' title='bbox 1815 2049 1911 2106; x_wconf 80' lang='lat' dir='ltr'><strong>sed</strong></span> <span class='ocrx_word' id='word_1_329' title='bbox 1960 2050 2043 2104; x_wconf 91' lang='lat' dir='ltr'><strong>his</strong></span> <span class='ocrx_word' id='word_1_330' title='bbox 2066 2049 2224 2123; x_wconf 34' lang='lat' dir='ltr'><strong>Adnu-</strong></span> 
     </span>
    </p>
   </div>
   <div class='ocr_carea' id='block_1_49' title="bbox 639 2118 2222 2194">
    <p class='ocr_par' dir='ltr' id='par_1_49' title="bbox 639 2118 2222 2194">
     <span class='ocr_line' id='line_1_51' title="bbox 639 2118 2222 2194; baseline -0.002 -18"><span class='ocrx_word' id='word_1_331' title='bbox 639 2130 799 2194; x_wconf 82' lang='lat' dir='ltr'><strong>taxat</strong></span> <span class='ocrx_word' id='word_1_332' title='bbox 850 2125 1041 2194; x_wconf 88' lang='lat' dir='ltr'><strong>quibus</strong></span> <span class='ocrx_word' id='word_1_333' title='bbox 1105 2123 1159 2177; x_wconf 91' lang='lat' dir='ltr'><strong>in</strong></span> <span class='ocrx_word' id='word_1_334' title='bbox 1224 2118 1530 2194; x_wconf 78' lang='lat' dir='ltr'><strong>baptismo,</strong></span> <span class='ocrx_word' id='word_1_335' title='bbox 1604 2121 1876 2178; x_wconf 83' lang='lat' dir='ltr'><strong>Christum</strong></span> <span class='ocrx_word' id='word_1_336' title='bbox 1958 2118 2222 2194; x_wconf 75' lang='lat' dir='ltr'><strong>professi,</strong></span> 
     </span>
    </p>
   </div>
   <div class='ocr_carea' id='block_1_50' title="bbox 638 2189 2226 2268">
    <p class='ocr_par' dir='ltr' id='par_1_50' title="bbox 638 2189 2226 2268">
     <span class='ocr_line' id='line_1_52' title="bbox 638 2189 2226 2268; baseline -0.003 -20"><span class='ocrx_word' id='word_1_337' title='bbox 638 2189 1208 2268; x_wconf 49' lang='lat' dir='ltr'><strong>mundo—“Samumque</strong></span> <span class='ocrx_word' id='word_1_338' title='bbox 1255 2189 1721 2268; x_wconf 51' lang='lat' dir='ltr'><strong>renuntiavimusg</strong></span> <span class='ocrx_word' id='word_1_339' title='bbox 1762 2208 1888 2268; x_wconf 91' lang='lat' dir='ltr'><strong>_non</strong></span> <span class='ocrx_word' id='word_1_340' title='bbox 1948 2189 2093 2268; x_wconf 80' lang='lat' dir='ltr'><strong>quod</strong></span> <span class='ocrx_word' id='word_1_341' title='bbox 2139 2205 2226 2268; x_wconf 52' lang='lat' dir='ltr'><strong>ar:</strong></span> 
     </span>
    </p>
   </div>
   <div class='ocr_carea' id='block_1_51' title="bbox 639 2259 2228 2334">
    <p class='ocr_par' dir='ltr' id='par_1_51' title="bbox 639 2259 2228 2334">
     <span class='ocr_line' id='line_1_53' title="bbox 639 2259 2228 2334; baseline -0.003 -16"><span class='ocrx_word' id='word_1_342' title='bbox 639 2263 811 2334; x_wconf 79' lang='lat' dir='ltr'><strong>bitrer</strong></span> <span class='ocrx_word' id='word_1_343' title='bbox 857 2265 1005 2319; x_wconf 89' lang='lat' dir='ltr'><strong>illum</strong></span> <span class='ocrx_word' id='word_1_344' title='bbox 1051 2259 1257 2333; x_wconf 80' lang='lat' dir='ltr'><strong>reliqua</strong></span> <span class='ocrx_word' id='word_1_345' title='bbox 1305 2272 1431 2319; x_wconf 86' lang='lat' dir='ltr'><strong>vota</strong></span> <span class='ocrx_word' id='word_1_346' title='bbox 1477 2259 1898 2334; x_wconf 73' lang='lat' dir='ltr'><strong>contempsisse,</strong></span> <span class='ocrx_word' id='word_1_347' title='bbox 1935 2261 2031 2334; x_wconf 80' lang='lat' dir='ltr'><strong>sed</strong></span> <span class='ocrx_word' id='word_1_348' title='bbox 2083 2259 2228 2334; x_wconf 78' lang='lat' dir='ltr'><strong>quod</strong></span> 
     </span>
    </p>
   </div>
   <div class='ocr_carea' id='block_1_52' title="bbox 641 2329 2228 2404">
    <p class='ocr_par' dir='ltr' id='par_1_52' title="bbox 641 2329 2228 2404">
     <span class='ocr_line' id='line_1_54' title="bbox 641 2329 2228 2404; baseline -0.003 -16"><span class='ocrx_word' id='word_1_349' title='bbox 641 2331 790 2404; x_wconf 67' lang='lat' dir='ltr'><strong>haec,</strong></span> <span class='ocrx_word' id='word_1_350' title='bbox 841 2344 900 2388; x_wconf 94' lang='lat' dir='ltr'><strong>ut</strong></span> <span class='ocrx_word' id='word_1_351' title='bbox 941 2343 1091 2398; x_wconf 90' lang='lat' dir='ltr'><strong>sunt,</strong></span> <span class='ocrx_word' id='word_1_352' title='bbox 1136 2329 1402 2404; x_wconf 63' lang='lat' dir='ltr'><strong>praecipua</strong></span> <span class='ocrx_word' id='word_1_353' title='bbox 1441 2334 1672 2389; x_wconf 90' lang='lat' dir='ltr'><strong>duxerit.</strong></span> <span class='ocrx_word' id='word_1_354' title='bbox 1695 2329 1828 2404; x_wconf 54' lang='lat' dir='ltr'><strong>&#39;Nec</strong></span> <span class='ocrx_word' id='word_1_355' title='bbox 1852 2332 2070 2404; x_wconf 80' lang='lat' dir='ltr'><strong>dubito</strong></span> <span class='ocrx_word' id='word_1_356' title='bbox 2099 2329 2228 2404; x_wconf 80' lang='lat' dir='ltr'><strong>quin</strong></span> 
     </span>
    </p>
   </div>
   <div class='ocr_carea' id='block_1_53' title="bbox 643 2400 2221 2472">
    <p class='ocr_par' dir='ltr' id='par_1_53' title="bbox 643 2400 2221 2472">
     <span class='ocr_line' id='line_1_55' title="bbox 643 2400 2221 2472; baseline -0.003 -15"><span class='ocrx_word' id='word_1_357' title='bbox 643 2402 698 2457; x_wconf 87' lang='lat' dir='ltr'><strong>in</strong></span> <span class='ocrx_word' id='word_1_358' title='bbox 733 2404 817 2457; x_wconf 90' lang='lat' dir='ltr'><strong>his</strong></span> <span class='ocrx_word' id='word_1_359' title='bbox 845 2400 1315 2459; x_wconf 79' lang='lat' dir='ltr'><strong>Commentariolis</strong></span> <span class='ocrx_word' id='word_1_360' title='bbox 1350 2404 1595 2472; x_wconf 81' lang='lat' dir='ltr'><strong>Origenis</strong></span> <span class='ocrx_word' id='word_1_361' title='bbox 1639 2403 1900 2458; x_wconf 89' lang='lat' dir='ltr'><strong>industria</strong></span> <span class='ocrx_word' id='word_1_362' title='bbox 1939 2401 2100 2472; x_wconf 83' lang='lat' dir='ltr'><strong>fuerit</strong></span> <span class='ocrx_word' id='word_1_363' title='bbox 2128 2400 2221 2454; x_wconf 80' lang='lat' dir='ltr'><strong>ad-</strong></span> 
     </span>
    </p>
   </div>
   <div class='ocr_carea' id='block_1_54' title="bbox 644 2471 2232 2544">
    <p class='ocr_par' dir='ltr' id='par_1_54' title="bbox 644 2471 2232 2544">
     <span class='ocr_line' id='line_1_56' title="bbox 644 2471 2232 2544; baseline -0.001 -18"><span class='ocrx_word' id='word_1_364' title='bbox 644 2472 805 2543; x_wconf 71' lang='lat' dir='ltr'><strong>intus,</strong></span> <span class='ocrx_word' id='word_1_365' title='bbox 831 2474 923 2542; x_wconf 91' lang='lat' dir='ltr'><strong>qui</strong></span> <span class='ocrx_word' id='word_1_366' title='bbox 956 2473 1012 2527; x_wconf 88' lang='lat' dir='ltr'><strong>in</strong></span> <span class='ocrx_word' id='word_1_367' title='bbox 1049 2473 1252 2528; x_wconf 89' lang='lat' dir='ltr'><strong>nullum</strong></span> <span class='ocrx_word' id='word_1_368' title='bbox 1274 2486 1410 2544; x_wconf 89' lang='lat' dir='ltr'><strong>opus</strong></span> <span class='ocrx_word' id='word_1_369' title='bbox 1439 2471 1632 2528; x_wconf 78' lang='lat' dir='ltr'><strong>divina:</strong></span> <span class='ocrx_word' id='word_1_370' title='bbox 1670 2472 1959 2542; x_wconf 72' lang='lat' dir='ltr'><strong>Scriptura:</strong></span> <span class='ocrx_word' id='word_1_371' title='bbox 1987 2471 2232 2540; x_wconf 87' lang='lat' dir='ltr'><strong>frequen-</strong></span> 
     </span>
    </p>
   </div>
   <div class='ocr_carea' id='block_1_55' title="bbox 2327 1902 3896 1990">
    <p class='ocr_par' dir='ltr' id='par_1_55' title="bbox 2327 1902 3896 1990">
     <span class='ocr_line' id='line_1_57' title="bbox 2327 1902 3896 1990; baseline -0.004 -28"><span class='ocrx_word' id='word_1_372' title='bbox 2327 1902 2720 1990; x_wconf 54' lang='lat' dir='ltr'><strong>éouspicamur.</strong></span> <span class='ocrx_word' id='word_1_373' title='bbox 2753 1902 2929 1978; x_wconf 58' lang='lat' dir='ltr'><strong>Atque</strong></span> <span class='ocrx_word' id='word_1_374' title='bbox 2952 1902 3224 1990; x_wconf 56' lang='lat' dir='ltr'><strong>haec&#39;sane</strong></span> <span class='ocrx_word' id='word_1_375' title='bbox 3253 1921 3390 1990; x_wconf 78' lang='lat' dir='ltr'><strong>pars_</strong></span> <span class='ocrx_word' id='word_1_376' title='bbox 3415 1906 3481 1990; x_wconf 77' lang='lat' dir='ltr'><strong>iu</strong></span> <span class='ocrx_word' id='word_1_377' title='bbox 3508 1902 3896 1990; x_wconf 65' lang='lat' dir='ltr'><strong>tractando</strong></span> 
     </span>
    </p>
   </div>
   <div class='ocr_carea' id='block_1_56' title="bbox 2328 1975 3898 2049">
    <p class='ocr_par' dir='ltr' id='par_1_56' title="bbox 2328 1975 3898 2049">
     <span class='ocr_line' id='line_1_58' title="bbox 2328 1975 3898 2049; baseline -0.003 -18"><span class='ocrx_word' id='word_1_378' title='bbox 2328 1975 2564 2032; x_wconf 84' lang='lat' dir='ltr'><strong>ficillima</strong></span> <span class='ocrx_word' id='word_1_379' title='bbox 2592 1985 2706 2043; x_wconf 90' lang='lat' dir='ltr'><strong>est,</strong></span> <span class='ocrx_word' id='word_1_380' title='bbox 2737 1975 3016 2049; x_wconf 54' lang='lat' dir='ltr'><strong>qua&#39;recte</strong></span> <span class='ocrx_word' id='word_1_381' title='bbox 3043 1975 3518 2049; x_wconf 71' lang='lat' dir='ltr'><strong>comperta,facile</strong></span> <span class='ocrx_word' id='word_1_382' title='bbox 3548 1975 3643 2049; x_wconf 77' lang='lat' dir='ltr'><strong>vel</strong></span> <span class='ocrx_word' id='word_1_383' title='bbox 3679 1989 3758 2049; x_wconf 58' lang='grc' dir='ltr'><strong>εξ</strong></span> <span class='ocrx_word' id='word_1_384' title='bbox 3796 1986 3898 2049; x_wconf 78' lang='lat' dir='ltr'><strong>sese</strong></span> 
     </span>
    </p>
   </div>
   <div class='ocr_carea' id='block_1_57' title="bbox 2326 2043 3896 2173">
    <p class='ocr_par' dir='ltr' id='par_1_57' title="bbox 2326 2043 3896 2173">
     <span class='ocr_line' id='line_1_59' title="bbox 2326 2043 3896 2173; baseline -0.005 -70"><span class='ocrx_word' id='word_1_385' title='bbox 2326 2049 2567 2116; x_wconf 89' lang='lat' dir='ltr'><strong>reliquos</strong></span> <span class='ocrx_word' id='word_1_386' title='bbox 2609 2043 2800 2104; x_wconf 80' lang='lat' dir='ltr'><strong>sensus</strong></span> <span class='ocrx_word' id='word_1_387' title='bbox 2843 2043 3185 2130; x_wconf 70' lang='lat' dir='ltr'><strong>addivinant,</strong></span> <span class='ocrx_word' id='word_1_388' title='bbox 3214 2048 3305 2173; x_wconf 54' lang='lat' dir='ltr'><strong>qui</strong></span> <span class='ocrx_word' id='word_1_389' title='bbox 3344 2048 3401 2102; x_wconf 89' lang='lat' dir='ltr'><strong>in</strong></span> <span class='ocrx_word' id='word_1_390' title='bbox 3437 2046 3678 2128; x_wconf 79' lang='lat' dir='ltr'><strong>mysticis</strong></span> <span class='ocrx_word' id='word_1_391' title='bbox 3723 2043 3896 2124; x_wconf 74' lang='lat' dir='ltr'><strong>litteris</strong></span> 
     </span>
     <span class='ocr_line' id='line_1_60' title="bbox 2329 2111 3892 2173; baseline 0 0"><span class='ocrx_word' id='word_1_392' title='bbox 2329 2133 2520 2173; x_wconf 87' lang='lat' dir='ltr'><strong>sensus</strong></span> <span class='ocrx_word' id='word_1_393' title='bbox 2548 2119 2747 2173; x_wconf 89' lang='lat' dir='ltr'><strong>habent</strong></span> <span class='ocrx_word' id='word_1_394' title='bbox 2773 2127 3115 2173; x_wconf 74' lang='lat' dir='ltr'><strong>exercrtatos.</strong></span> <span class='ocrx_word' id='word_1_395' title='bbox 3147 2117 3218 2173; x_wconf 91' lang='lat' dir='ltr'><strong>Se</strong></span> <span class='ocrx_word' id='word_1_396' title='bbox 3289 2125 3346 2172; x_wconf 92' lang='lat' dir='ltr'><strong>ut</strong></span> <span class='ocrx_word' id='word_1_397' title='bbox 3387 2115 3673 2173; x_wconf 75' lang='lat' dir='ltr'><strong>aliquando</strong></span> <span class='ocrx_word' id='word_1_398' title='bbox 3701 2111 3892 2173; x_wconf 78' lang='lat' dir='ltr'><strong>limam.</strong></span> 
     </span>
    </p>
   </div>
   <div class='ocr_carea' id='block_1_58' title="bbox 2329 2111 3892 2186">
    <p class='ocr_par' dir='ltr' id='par_1_58' title="bbox 2329 2111 3892 2186">
     <span class='ocr_line' id='line_1_61' title="bbox 2329 2111 3892 2186; baseline 0.001 -13"><span class='ocrx_word' id='word_1_399' title='bbox 2329 2111 2520 2174; x_wconf 77' lang='lat' dir='ltr'><strong>sensus</strong></span> <span class='ocrx_word' id='word_1_400' title='bbox 2548 2119 2747 2174; x_wconf 89' lang='lat' dir='ltr'><strong>habent</strong></span> <span class='ocrx_word' id='word_1_401' title='bbox 2773 2119 3115 2175; x_wconf 84' lang='lat' dir='ltr'><strong>exercitatos.</strong></span> <span class='ocrx_word' id='word_1_402' title='bbox 3147 2111 3254 2174; x_wconf 86' lang='lat' dir='ltr'><strong>Sed</strong></span> <span class='ocrx_word' id='word_1_403' title='bbox 3289 2125 3346 2172; x_wconf 92' lang='lat' dir='ltr'><strong>ut</strong></span> <span class='ocrx_word' id='word_1_404' title='bbox 3387 2111 3673 2186; x_wconf 75' lang='lat' dir='ltr'><strong>aliquando</strong></span> <span class='ocrx_word' id='word_1_405' title='bbox 3701 2111 3892 2186; x_wconf 76' lang='lat' dir='ltr'><strong>ﬁniam.</strong></span> 
     </span>
    </p>
   </div>
   <div class='ocr_carea' id='block_1_59' title="bbox 2327 2183 3893 2270">
    <p class='ocr_par' dir='ltr' id='par_1_59' title="bbox 2327 2183 3893 2270">
     <span class='ocr_line' id='line_1_62' title="bbox 2327 2183 3893 2270; baseline -0.003 -28"><span class='ocrx_word' id='word_1_406' title='bbox 2327 2188 2385 2270; x_wconf 80' lang='lat' dir='ltr'><strong>lii</strong></span> <span class='ocrx_word' id='word_1_407' title='bbox 2412 2186 2800 2270; x_wconf 65' lang='lat' dir='ltr'><strong>Commentarii</strong></span> <span class='ocrx_word' id='word_1_408' title='bbox 2828 2191 2894 2245; x_wconf 87' lang='lat' dir='ltr'><strong>eo</strong></span> <span class='ocrx_word' id='word_1_409' title='bbox 2921 2188 3090 2270; x_wconf 88' lang='lat' dir='ltr'><strong>ferme</strong></span> <span class='ocrx_word' id='word_1_410' title='bbox 3109 2198 3353 2270; x_wconf 86' lang='lat' dir='ltr'><strong>tempore</strong></span> <span class='ocrx_word' id='word_1_411' title='bbox 3379 2183 3781 2270; x_wconf 41' lang='lat' dir='ltr'><strong>quo—.Adrianus</strong></span> <span class='ocrx_word' id='word_1_412' title='bbox 3806 2183 3893 2270; x_wconf 75' lang='lat' dir='ltr'><strong>liu-</strong></span> 
     </span>
    </p>
   </div>
   <div class='ocr_carea' id='block_1_60' title="bbox 2303 2253 3894 2330">
    <p class='ocr_par' dir='ltr' id='par_1_60' title="bbox 2303 2253 3894 2330">
     <span class='ocr_line' id='line_1_63' title="bbox 2303 2253 3894 2330; baseline -0.004 -17"><span class='ocrx_word' id='word_1_413' title='bbox 2303 2276 2306 2278; x_wconf 61' lang='lat'><em>‘</em></span> <span class='ocrx_word' id='word_1_414' title='bbox 2327 2258 2416 2329; x_wconf 87' lang='lat' dir='ltr'><strong>jus</strong></span> <span class='ocrx_word' id='word_1_415' title='bbox 2442 2260 2584 2315; x_wconf 88' lang='lat' dir='ltr'><strong>tituli</strong></span> <span class='ocrx_word' id='word_1_416' title='bbox 2611 2269 2798 2330; x_wconf 79' lang='lat' dir='ltr'><strong>sextus</strong></span> <span class='ocrx_word' id='word_1_417' title='bbox 2827 2269 3046 2316; x_wconf 89' lang='lat' dir='ltr'><strong>evectus</strong></span> <span class='ocrx_word' id='word_1_418' title='bbox 3067 2267 3152 2315; x_wconf 86' lang='lat' dir='ltr'><strong>est</strong></span> <span class='ocrx_word' id='word_1_419' title='bbox 3174 2253 3242 2314; x_wconf 88' lang='lat' dir='ltr'><strong>ad</strong></span> <span class='ocrx_word' id='word_1_420' title='bbox 3266 2253 3524 2330; x_wconf 81' lang='lat' dir='ltr'><strong>pontiﬁcii</strong></span> <span class='ocrx_word' id='word_1_421' title='bbox 3555 2255 3778 2330; x_wconf 76' lang='lat' dir='ltr'><strong>Romani</strong></span> <span class='ocrx_word' id='word_1_422' title='bbox 3803 2253 3894 2330; x_wconf 75' lang='lat' dir='ltr'><strong>cul-</strong></span> 
     </span>
    </p>
   </div>
   <div class='ocr_carea' id='block_1_61' title="bbox 2335 2323 3893 2400">
    <p class='ocr_par' dir='ltr' id='par_1_61' title="bbox 2335 2323 3893 2400">
     <span class='ocr_line' id='line_1_64' title="bbox 2335 2323 3893 2400; baseline -0.002 -16"><span class='ocrx_word' id='word_1_423' title='bbox 2335 2323 2490 2394; x_wconf 78' lang='lat' dir='ltr'><strong>men;</strong></span> <span class='ocrx_word' id='word_1_424' title='bbox 2525 2329 2719 2400; x_wconf 90' lang='lat' dir='ltr'><strong>proditi</strong></span> <span class='ocrx_word' id='word_1_425' title='bbox 2747 2338 2874 2386; x_wconf 89' lang='lat' dir='ltr'><strong>sunt</strong></span> <span class='ocrx_word' id='word_1_426' title='bbox 2899 2346 2931 2385; x_wconf 91' lang='lat' dir='ltr'><strong>e</strong></span> <span class='ocrx_word' id='word_1_427' title='bbox 2954 2330 3248 2386; x_wconf 86' lang='lat' dir='ltr'><strong>venerabili</strong></span> <span class='ocrx_word' id='word_1_428' title='bbox 3269 2323 3608 2384; x_wconf 67' lang='lat' dir='ltr'><strong>&#39;monasterio</strong></span> <span class='ocrx_word' id='word_1_429' title='bbox 3635 2323 3787 2400; x_wconf 74' lang='lat' dir='ltr'><strong>quod,</strong></span> <span class='ocrx_word' id='word_1_430' title='bbox 3818 2323 3893 2377; x_wconf 83' lang='lat' dir='ltr'><strong>in-</strong></span> 
     </span>
    </p>
   </div>
   <div class='ocr_carea' id='block_1_62' title="bbox 2333 2394 3893 2470">
    <p class='ocr_par' dir='ltr' id='par_1_62' title="bbox 2333 2394 3893 2470">
     <span class='ocr_line' id='line_1_65' title="bbox 2333 2394 3893 2470; baseline -0.006 -15"><span class='ocrx_word' id='word_1_431' title='bbox 2333 2406 2417 2455; x_wconf 87' lang='lat' dir='ltr'><strong>ter</strong></span> <span class='ocrx_word' id='word_1_432' title='bbox 2457 2394 2822 2456; x_wconf 76' lang='lat' dir='ltr'><strong>Wbrmaciam</strong></span> <span class='ocrx_word' id='word_1_433' title='bbox 2868 2401 3203 2470; x_wconf 77' lang='lat' dir='ltr'><strong>Vangionum</strong></span> <span class='ocrx_word' id='word_1_434' title='bbox 3265 2400 3537 2470; x_wconf 70' lang='lat' dir='ltr'><strong>civitatem</strong></span> <span class='ocrx_word' id='word_1_435' title='bbox 3597 2394 3665 2470; x_wconf 25' lang='lat' dir='ltr'><strong>eti</strong></span> <span class='ocrx_word' id='word_1_436' title='bbox 3696 2394 3893 2470; x_wconf 73' lang='lat' dir='ltr'><strong>Spiram</strong></span> 
     </span>
    </p>
   </div>
   <div class='ocr_carea' id='block_1_63' title="bbox 2336 2463 3860 2550">
    <p class='ocr_par' dir='ltr' id='par_1_63' title="bbox 2336 2463 3860 2550">
     <span class='ocr_line' id='line_1_66' title="bbox 2336 2463 3860 2550; baseline -0.005 -26"><span class='ocrx_word' id='word_1_437' title='bbox 2336 2470 2684 2527; x_wconf 87' lang='lat' dir='ltr'><strong>Nemetarum</strong></span> <span class='ocrx_word' id='word_1_438' title='bbox 2707 2473 2897 2529; x_wconf 89' lang='lat' dir='ltr'><strong>urbem</strong></span> <span class='ocrx_word' id='word_1_439' title='bbox 2917 2463 3096 2538; x_wconf 81' lang='lat' dir='ltr'><strong>situm,</strong></span> <span class='ocrx_word' id='word_1_440' title='bbox 3115 2469 3273 2550; x_wconf 73' lang='lat' dir='ltr'><strong>vulgo</strong></span> <span class='ocrx_word' id='word_1_441' title='bbox 3295 2469 3488 2526; x_wconf 90' lang='lat' dir='ltr'><strong>dicitur</strong></span> <span class='ocrx_word' id='word_1_442' title='bbox 3499 2463 3860 2524; x_wconf 78' lang='lat' dir='ltr'><strong>Frankenthal.</strong></span> 
     </span>
    </p>
   </div>
   <div class='ocr_carea' id='block_1_64' title="bbox 1304 2684 2232 2829">
    <p class='ocr_par' dir='ltr' id='par_1_64' title="bbox 1304 2684 2225 2816">
     <span class='ocr_line' id='line_1_67' title="bbox 1304 2684 2225 2816; baseline -0.005 -15"><span class='ocrx_word' id='word_1_443' title='bbox 1304 2807 1314 2816; x_wconf 68' lang='grc'><em>,</em></span> <span class='ocrx_word' id='word_1_444' title='bbox 1425 2684 2225 2800; x_wconf 74' lang='grc' dir='ltr'><strong>ΔΒΗθΒῙῙ</strong></span> 
     </span>
    </p>
   </div>
   <div class='ocr_carea' id='block_1_65' title="bbox 2328 2684 3666 2829">
    <p class='ocr_par' dir='ltr' id='par_1_65' title="bbox 2328 2685 3666 2829">
     <span class='ocr_line' id='line_1_68' title="bbox 2328 2685 3666 2829; baseline 0.002 -29"><span class='ocrx_word' id='word_1_445' title='bbox 2328 2685 3166 2804; x_wconf 69' lang='lat' dir='ltr'><strong>muretus</strong></span> <span class='ocrx_word' id='word_1_446' title='bbox 3663 2827 3666 2829; x_wconf 20' lang='grc' dir='ltr'>λ</span> 
     </span>
    </p>
   </div>
   <div class='ocr_carea' id='block_1_66' title="bbox 887 2867 3698 3042">
    <p class='ocr_par' dir='ltr' id='par_1_66' title="bbox 887 2867 3698 3042">
     <span class='ocr_line' id='line_1_69' title="bbox 887 2867 3698 3042; baseline -0.001 -21"><span class='ocrx_word' id='word_1_447' title='bbox 887 2867 2319 3021; x_wconf 82' lang='lat' dir='ltr'><strong>COMMENTARII</strong></span> <span class='ocrx_word' id='word_1_448' title='bbox 2412 2873 2612 3018; x_wconf 86' lang='lat' dir='ltr'><strong>IN</strong></span> <span class='ocrx_word' id='word_1_449' title='bbox 2706 2873 3698 3028; x_wconf 87' lang='lat' dir='ltr'><strong>PSALMOS.</strong></span> 
     </span>
    </p>
   </div>
   <div class='ocr_carea' id='block_1_67' title="bbox 1955 3247 2628 3335">
    <p class='ocr_par' dir='ltr' id='par_1_67' title="bbox 1955 3247 2628 3335">
     <span class='ocr_line' id='line_1_70' title="bbox 1955 3247 2628 3335; baseline -0.009 -2"><span class='ocrx_word' id='word_1_450' title='bbox 1955 3247 2628 3335; x_wconf 81' lang='lat' dir='ltr'><strong>PROLOGUS.</strong></span> 
     </span>
    </p>
   </div>
   <div class='ocr_carea' id='block_1_68' title="bbox 718 3468 2313 3554">
    <p class='ocr_par' dir='ltr' id='par_1_68' title="bbox 718 3468 2313 3554">
     <span class='ocr_line' id='line_1_71' title="bbox 718 3468 2313 3554; baseline -0.001 -17"><span class='ocrx_word' id='word_1_451' title='bbox 718 3479 1060 3537; x_wconf 87' lang='lat' dir='ltr'><strong>Charissimis</strong></span> <span class='ocrx_word' id='word_1_452' title='bbox 1086 3478 1336 3536; x_wconf 86' lang='lat' dir='ltr'><strong>Patribus</strong></span> <span class='ocrx_word' id='word_1_453' title='bbox 1373 3479 1598 3535; x_wconf 88' lang='lat' dir='ltr'><strong>Leontio</strong></span> <span class='ocrx_word' id='word_1_454' title='bbox 1629 3468 1700 3536; x_wconf 82' lang='lat' dir='ltr'><strong>et</strong></span> <span class='ocrx_word' id='word_1_455' title='bbox 1727 3479 1949 3536; x_wconf 83' lang='lat' dir='ltr'><strong>Rustico</strong></span> <span class='ocrx_word' id='word_1_456' title='bbox 1970 3481 2239 3553; x_wconf 85' lang='lat' dir='ltr'><strong>episcopis</strong></span> <span class='ocrx_word' id='word_1_457' title='bbox 2267 3491 2313 3554; x_wconf 66' lang='grc' dir='ltr'><strong>(ς</strong></span> 
     </span>
    </p>
   </div>
   <div class='ocr_carea' id='block_1_69' title="bbox 652 3556 2236 3643">
    <p class='ocr_par' dir='ltr' id='par_1_69' title="bbox 652 3556 2236 3643">
     <span class='ocr_line' id='line_1_72' title="bbox 652 3556 2236 3643; baseline 0 -15"><span class='ocrx_word' id='word_1_458' title='bbox 652 3573 936 3634; x_wconf 73' lang='lat' dir='ltr'><strong>Arnobius.</strong></span> <span class='ocrx_word' id='word_1_459' title='bbox 986 3568 1269 3626; x_wconf 90' lang='lat' dir='ltr'><strong>Silentium</strong></span> <span class='ocrx_word' id='word_1_460' title='bbox 1295 3556 1496 3627; x_wconf 79' lang='lat' dir='ltr'><strong>bonum</strong></span> <span class='ocrx_word' id='word_1_461' title='bbox 1543 3586 1661 3626; x_wconf 88' lang='lat' dir='ltr'><strong>esse</strong></span> <span class='ocrx_word' id='word_1_462' title='bbox 1689 3585 1851 3628; x_wconf 90' lang='lat' dir='ltr'><strong>nemo</strong></span> <span class='ocrx_word' id='word_1_463' title='bbox 1879 3579 1964 3628; x_wconf 90' lang='lat' dir='ltr'><strong>est</strong></span> <span class='ocrx_word' id='word_1_464' title='bbox 2004 3573 2096 3643; x_wconf 90' lang='lat' dir='ltr'><strong>qui</strong></span> <span class='ocrx_word' id='word_1_465' title='bbox 2139 3587 2236 3628; x_wconf 90' lang='lat' dir='ltr'><strong>ne-</strong></span> 
     </span>
    </p>
   </div>
   <div class='ocr_carea' id='block_1_70' title="bbox 650 3661 2234 3731">
    <p class='ocr_par' dir='ltr' id='par_1_70' title="bbox 650 3661 2234 3731">
     <span class='ocr_line' id='line_1_73' title="bbox 650 3661 2234 3731; baseline 0.001 -14"><span class='ocrx_word' id='word_1_466' title='bbox 650 3663 807 3727; x_wconf 68' lang='lat' dir='ltr'><strong>sciat,</strong></span> <span class='ocrx_word' id='word_1_467' title='bbox 837 3661 932 3717; x_wconf 89' lang='lat' dir='ltr'><strong>sed</strong></span> <span class='ocrx_word' id='word_1_468' title='bbox 955 3671 1082 3716; x_wconf 89' lang='lat' dir='ltr'><strong>tunc</strong></span> <span class='ocrx_word' id='word_1_469' title='bbox 1110 3661 1447 3716; x_wconf 81' lang='lat' dir='ltr'><strong>taciturnitas</strong></span> <span class='ocrx_word' id='word_1_470' title='bbox 1484 3662 1744 3731; x_wconf 87' lang='lat' dir='ltr'><strong>probatur</strong></span> <span class='ocrx_word' id='word_1_471' title='bbox 1788 3678 1907 3719; x_wconf 87' lang='lat' dir='ltr'><strong>esse</strong></span> <span class='ocrx_word' id='word_1_472' title='bbox 1934 3664 2234 3730; x_wconf 90' lang='lat' dir='ltr'><strong>contraria,</strong></span> 
     </span>
    </p>
   </div>
   <div class='ocr_carea' id='block_1_71' title="bbox 652 3751 2235 3825">
    <p class='ocr_par' dir='ltr' id='par_1_71' title="bbox 652 3751 2235 3825">
     <span class='ocr_line' id='line_1_74' title="bbox 652 3751 2235 3825; baseline 0.001 -16"><span class='ocrx_word' id='word_1_473' title='bbox 652 3752 868 3825; x_wconf 88' lang='lat' dir='ltr'><strong>quando</strong></span> <span class='ocrx_word' id='word_1_474' title='bbox 895 3752 965 3807; x_wconf 88' lang='lat' dir='ltr'><strong>ad</strong></span> <span class='ocrx_word' id='word_1_475' title='bbox 992 3751 1316 3823; x_wconf 91' lang='lat' dir='ltr'><strong>loquendum</strong></span> <span class='ocrx_word' id='word_1_476' title='bbox 1342 3751 1580 3821; x_wconf 79' lang='lat' dir='ltr'><strong>iubentis</strong></span> <span class='ocrx_word' id='word_1_477' title='bbox 1623 3754 1897 3825; x_wconf 82' lang='lat' dir='ltr'><strong>compellit</strong></span> <span class='ocrx_word' id='word_1_478' title='bbox 1923 3757 2235 3814; x_wconf 87' lang='lat' dir='ltr'><strong>auctoritas.</strong></span> 
     </span>
    </p>
   </div>
   <div class='ocr_carea' id='block_1_72' title="bbox 650 3842 2236 3913">
    <p class='ocr_par' dir='ltr' id='par_1_72' title="bbox 650 3842 2236 3913">
     <span class='ocr_line' id='line_1_75' title="bbox 650 3842 2236 3913; baseline -0.002 -10"><span class='ocrx_word' id='word_1_479' title='bbox 650 3843 709 3904; x_wconf 79' lang='lat' dir='ltr'><strong>Si</strong></span> <span class='ocrx_word' id='word_1_480' title='bbox 737 3846 882 3901; x_wconf 89' lang='lat' dir='ltr'><strong>enim</strong></span> <span class='ocrx_word' id='word_1_481' title='bbox 908 3843 1063 3900; x_wconf 87' lang='lat' dir='ltr'><strong>vobis</strong></span> <span class='ocrx_word' id='word_1_482' title='bbox 1085 3842 1276 3913; x_wconf 89' lang='lat' dir='ltr'><strong>jubere</strong></span> <span class='ocrx_word' id='word_1_483' title='bbox 1297 3842 1442 3908; x_wconf 90' lang='lat' dir='ltr'><strong>licet,</strong></span> <span class='ocrx_word' id='word_1_484' title='bbox 1471 3843 1626 3899; x_wconf 89' lang='lat' dir='ltr'><strong>nobis</strong></span> <span class='ocrx_word' id='word_1_485' title='bbox 1653 3852 2000 3901; x_wconf 87' lang='lat' dir='ltr'><strong>contemnere</strong></span> <span class='ocrx_word' id='word_1_486' title='bbox 2030 3861 2140 3902; x_wconf 89' lang='lat' dir='ltr'><strong>non</strong></span> <span class='ocrx_word' id='word_1_487' title='bbox 2169 3846 2236 3900; x_wconf 86' lang='lat' dir='ltr'><strong>li-</strong></span> 
     </span>
    </p>
   </div>
   <div class='ocr_carea' id='block_1_73' title="bbox 651 3935 2239 4012">
    <p class='ocr_par' dir='ltr' id='par_1_73' title="bbox 651 3935 2239 4012">
     <span class='ocr_line' id='line_1_76' title="bbox 651 3935 2239 4012; baseline -0.001 -16"><span class='ocrx_word' id='word_1_488' title='bbox 651 3946 757 3996; x_wconf 88' lang='lat' dir='ltr'><strong>cet.</strong></span> <span class='ocrx_word' id='word_1_489' title='bbox 789 3937 907 3994; x_wconf 89' lang='lat' dir='ltr'><strong>Non</strong></span> <span class='ocrx_word' id='word_1_490' title='bbox 935 3945 1019 3994; x_wconf 88' lang='lat' dir='ltr'><strong>est</strong></span> <span class='ocrx_word' id='word_1_491' title='bbox 1036 3937 1487 4009; x_wconf 65' lang='lat' dir='ltr'><strong>praesumptionis,</strong></span> <span class='ocrx_word' id='word_1_492' title='bbox 1511 3935 1606 3992; x_wconf 90' lang='lat' dir='ltr'><strong>sed</strong></span> <span class='ocrx_word' id='word_1_493' title='bbox 1626 3937 1944 4012; x_wconf 75' lang='lat' dir='ltr'><strong>obedientia:</strong></span> <span class='ocrx_word' id='word_1_494' title='bbox 1971 3940 2075 3995; x_wconf 90' lang='lat' dir='ltr'><strong>hoc</strong></span> <span class='ocrx_word' id='word_1_495' title='bbox 2092 3940 2239 4010; x_wconf 87' lang='lat' dir='ltr'><strong>quod</strong></span> 
     </span>
    </p>
   </div>
   <div class='ocr_carea' id='block_1_74' title="bbox 647 4028 2236 4114">
    <p class='ocr_par' dir='ltr' id='par_1_74' title="bbox 647 4028 2236 4114">
     <span class='ocr_line' id='line_1_77' title="bbox 647 4028 2236 4114; baseline -0.001 -26"><span class='ocrx_word' id='word_1_496' title='bbox 647 4028 899 4088; x_wconf 87' lang='lat' dir='ltr'><strong>Psalterii</strong></span> <span class='ocrx_word' id='word_1_497' title='bbox 924 4044 1092 4084; x_wconf 86' lang='lat' dir='ltr'><strong>venas</strong></span> <span class='ocrx_word' id='word_1_498' title='bbox 1135 4029 1352 4114; x_wconf 68' lang='lat' dir='ltr'><strong>pulsare</strong></span> <span class='ocrx_word' id='word_1_499' title='bbox 1391 4028 1573 4100; x_wconf 91' lang='lat' dir='ltr'><strong>potius</strong></span> <span class='ocrx_word' id='word_1_500' title='bbox 1596 4043 1760 4098; x_wconf 88' lang='lat' dir='ltr'><strong>quam</strong></span> <span class='ocrx_word' id='word_1_501' title='bbox 1787 4028 2092 4101; x_wconf 81' lang='lat' dir='ltr'><strong>patefacere</strong></span> <span class='ocrx_word' id='word_1_502' title='bbox 2120 4039 2236 4086; x_wconf 79' lang='lat' dir='ltr'><strong>stu-</strong></span> 
     </span>
    </p>
   </div>
   <div class='ocr_carea' id='block_1_75' title="bbox 649 4119 2238 4195">
    <p class='ocr_par' dir='ltr' id='par_1_75' title="bbox 649 4119 2238 4195">
     <span class='ocr_line' id='line_1_78' title="bbox 649 4119 2238 4195; baseline 0.003 -20"><span class='ocrx_word' id='word_1_503' title='bbox 649 4120 857 4175; x_wconf 79' lang='lat' dir='ltr'><strong>demus.</strong></span> <span class='ocrx_word' id='word_1_504' title='bbox 888 4119 1002 4176; x_wconf 86' lang='lat' dir='ltr'><strong>Hoc</strong></span> <span class='ocrx_word' id='word_1_505' title='bbox 1037 4120 1458 4186; x_wconf 89' lang='lat' dir='ltr'><strong>considerantes,</strong></span> <span class='ocrx_word' id='word_1_506' title='bbox 1490 4121 1635 4189; x_wconf 88' lang='lat' dir='ltr'><strong>quod</strong></span> <span class='ocrx_word' id='word_1_507' title='bbox 1680 4122 1857 4177; x_wconf 89' lang='lat' dir='ltr'><strong>nullus</strong></span> <span class='ocrx_word' id='word_1_508' title='bbox 1883 4122 2072 4178; x_wconf 89' lang='lat' dir='ltr'><strong>sitiens</strong></span> <span class='ocrx_word' id='word_1_509' title='bbox 2100 4127 2238 4195; x_wconf 73' lang='lat' dir='ltr'><strong>prfe-</strong></span> 
     </span>
    </p>
   </div>
   <div class='ocr_carea' id='block_1_76' title="bbox 651 4203 2237 4282">
    <p class='ocr_par' dir='ltr' id='par_1_76' title="bbox 651 4203 2237 4282">
     <span class='ocr_line' id='line_1_79' title="bbox 651 4203 2237 4282; baseline 0.003 -18"><span class='ocrx_word' id='word_1_510' title='bbox 651 4210 968 4280; x_wconf 87' lang='lat' dir='ltr'><strong>parantibus</strong></span> <span class='ocrx_word' id='word_1_511' title='bbox 994 4209 1191 4281; x_wconf 80' lang='lat' dir='ltr'><strong>aquam</strong></span> <span class='ocrx_word' id='word_1_512' title='bbox 1218 4203 1486 4266; x_wconf 81' lang='lat' dir='ltr'><strong>iraScitur.</strong></span> <span class='ocrx_word' id='word_1_513' title='bbox 1520 4212 1626 4267; x_wconf 81' lang='lat' dir='ltr'><strong>Alii</strong></span> <span class='ocrx_word' id='word_1_514' title='bbox 1653 4213 1963 4282; x_wconf 89' lang='lat' dir='ltr'><strong>paraverint</strong></span> <span class='ocrx_word' id='word_1_515' title='bbox 1989 4214 2107 4269; x_wconf 87' lang='lat' dir='ltr'><strong>viva</strong></span> <span class='ocrx_word' id='word_1_516' title='bbox 2128 4215 2237 4270; x_wconf 87' lang='lat' dir='ltr'><strong>fra-</strong></span> 
     </span>
    </p>
   </div>
   <div class='ocr_carea' id='block_1_77' title="bbox 652 4305 2236 4376">
    <p class='ocr_par' dir='ltr' id='par_1_77' title="bbox 652 4305 2236 4376">
     <span class='ocr_line' id='line_1_80' title="bbox 652 4305 2236 4376; baseline 0.003 -18"><span class='ocrx_word' id='word_1_517' title='bbox 652 4305 862 4373; x_wconf 72' lang='lat' dir='ltr'><strong>grantia</strong></span> <span class='ocrx_word' id='word_1_518' title='bbox 888 4305 1067 4369; x_wconf 88' lang='lat' dir='ltr'><strong>mella,</strong></span> <span class='ocrx_word' id='word_1_519' title='bbox 1109 4305 1200 4359; x_wconf 89' lang='lat' dir='ltr'><strong>alii</strong></span> <span class='ocrx_word' id='word_1_520' title='bbox 1225 4305 1491 4360; x_wconf 88' lang='lat' dir='ltr'><strong>nectareis</strong></span> <span class='ocrx_word' id='word_1_521' title='bbox 1517 4305 1678 4374; x_wconf 90' lang='lat' dir='ltr'><strong>plena</strong></span> <span class='ocrx_word' id='word_1_522' title='bbox 1705 4306 2000 4374; x_wconf 88' lang='lat' dir='ltr'><strong>liquoribus</strong></span> <span class='ocrx_word' id='word_1_523' title='bbox 2023 4309 2236 4376; x_wconf 90' lang='lat' dir='ltr'><strong>pocula,</strong></span> 
     </span>
    </p>
   </div>
   <div class='ocr_carea' id='block_1_78' title="bbox 654 4394 2240 4461">
    <p class='ocr_par' dir='ltr' id='par_1_78' title="bbox 654 4394 2240 4461">
     <span class='ocr_line' id='line_1_81' title="bbox 654 4394 2240 4461; baseline 0.003 -11"><span class='ocrx_word' id='word_1_524' title='bbox 654 4409 754 4450; x_wconf 85' lang='lat' dir='ltr'><strong>nos</strong></span> <span class='ocrx_word' id='word_1_525' title='bbox 799 4409 868 4448; x_wconf 84' lang='lat' dir='ltr'><strong>ex</strong></span> <span class='ocrx_word' id='word_1_526' title='bbox 913 4394 1124 4449; x_wconf 87' lang='lat' dir='ltr'><strong>sarculo</strong></span> <span class='ocrx_word' id='word_1_527' title='bbox 1169 4394 1278 4449; x_wconf 89' lang='lat' dir='ltr'><strong>oris</strong></span> <span class='ocrx_word' id='word_1_528' title='bbox 1325 4396 1522 4461; x_wconf 88' lang='lat' dir='ltr'><strong>nostri,</strong></span> <span class='ocrx_word' id='word_1_529' title='bbox 1547 4401 1744 4450; x_wconf 89' lang='lat' dir='ltr'><strong>terram</strong></span> <span class='ocrx_word' id='word_1_530' title='bbox 1765 4397 1891 4451; x_wconf 89' lang='lat' dir='ltr'><strong>hinc</strong></span> <span class='ocrx_word' id='word_1_531' title='bbox 1916 4397 2038 4452; x_wconf 91' lang='lat' dir='ltr'><strong>inde</strong></span> <span class='ocrx_word' id='word_1_532' title='bbox 2063 4398 2240 4456; x_wconf 84' lang='lat' dir='ltr'><strong>lacero</strong></span> 
     </span>
    </p>
   </div>
   <div class='ocr_carea' id='block_1_79' title="bbox 652 4483 2238 4564">
    <p class='ocr_par' dir='ltr' id='par_1_79' title="bbox 652 4483 2238 4564">
     <span class='ocr_line' id='line_1_82' title="bbox 652 4483 2238 4564; baseline 0.002 -25"><span class='ocrx_word' id='word_1_533' title='bbox 652 4483 1004 4539; x_wconf 81' lang='lat' dir='ltr'><strong>verberantes</strong></span> <span class='ocrx_word' id='word_1_534' title='bbox 1031 4484 1284 4556; x_wconf 89' lang='lat' dir='ltr'><strong>impulsu,</strong></span> <span class='ocrx_word' id='word_1_535' title='bbox 1307 4483 1614 4564; x_wconf 83' lang='lat' dir='ltr'><strong>Davidicum</strong></span> <span class='ocrx_word' id='word_1_536' title='bbox 1644 4485 1876 4552; x_wconf 87' lang='lat' dir='ltr'><strong>laticem,</strong></span> <span class='ocrx_word' id='word_1_537' title='bbox 1910 4487 2035 4543; x_wconf 90' lang='lat' dir='ltr'><strong>licet</strong></span> <span class='ocrx_word' id='word_1_538' title='bbox 2063 4491 2238 4543; x_wconf 90' lang='lat' dir='ltr'><strong>tenui-</strong></span> 
     </span>
    </p>
   </div>
   <div class='ocr_carea' id='block_1_80' title="bbox 654 4576 2250 4648">
    <p class='ocr_par' dir='ltr' id='par_1_80' title="bbox 654 4576 2250 4648">
     <span class='ocr_line' id='line_1_83' title="bbox 654 4576 2250 4648; baseline 0.002 -17"><span class='ocrx_word' id='word_1_539' title='bbox 654 4582 740 4631; x_wconf 86' lang='lat' dir='ltr'><strong>ter</strong></span> <span class='ocrx_word' id='word_1_540' title='bbox 765 4576 906 4632; x_wconf 89' lang='lat' dir='ltr'><strong>sitim</strong></span> <span class='ocrx_word' id='word_1_541' title='bbox 934 4576 1263 4647; x_wconf 86' lang='lat' dir='ltr'><strong>patientibus</strong></span> <span class='ocrx_word' id='word_1_542' title='bbox 1304 4577 1595 4647; x_wconf 90' lang='lat' dir='ltr'><strong>aperimus,</strong></span> <span class='ocrx_word' id='word_1_543' title='bbox 1644 4578 1885 4648; x_wconf 87' lang='lat' dir='ltr'><strong>sitientes</strong></span> <span class='ocrx_word' id='word_1_544' title='bbox 1922 4588 1981 4636; x_wconf 90' lang='lat' dir='ltr'><strong>ut</strong></span> <span class='ocrx_word' id='word_1_545' title='bbox 2035 4578 2250 4637; x_wconf 65' lang='lat' dir='ltr'><strong>bibant.</strong></span> 
     </span>
    </p>
   </div>
   <div class='ocr_carea' id='block_1_81' title="bbox 655 4666 2240 4740">
    <p class='ocr_par' dir='ltr' id='par_1_81' title="bbox 655 4666 2240 4740">
     <span class='ocr_line' id='line_1_84' title="bbox 655 4666 2240 4740; baseline 0.004 -18"><span class='ocrx_word' id='word_1_546' title='bbox 655 4666 724 4723; x_wconf 78' lang='lat' dir='ltr'><strong>lli</strong></span> <span class='ocrx_word' id='word_1_547' title='bbox 753 4675 933 4725; x_wconf 87' lang='lat' dir='ltr'><strong>autem</strong></span> <span class='ocrx_word' id='word_1_548' title='bbox 961 4669 1197 4738; x_wconf 90' lang='lat' dir='ltr'><strong>quicum</strong></span> <span class='ocrx_word' id='word_1_549' title='bbox 1219 4670 1478 4740; x_wconf 89' lang='lat' dir='ltr'><strong>apostolis</strong></span> <span class='ocrx_word' id='word_1_550' title='bbox 1497 4671 1654 4726; x_wconf 89' lang='lat' dir='ltr'><strong>tertia</strong></span> <span class='ocrx_word' id='word_1_551' title='bbox 1668 4671 1774 4727; x_wconf 91' lang='lat' dir='ltr'><strong>diei</strong></span> <span class='ocrx_word' id='word_1_552' title='bbox 1800 4673 1931 4728; x_wconf 92' lang='lat' dir='ltr'><strong>hora</strong></span> <span class='ocrx_word' id='word_1_553' title='bbox 1959 4675 2093 4730; x_wconf 90' lang='lat' dir='ltr'><strong>ebrii</strong></span> <span class='ocrx_word' id='word_1_554' title='bbox 2118 4683 2240 4731; x_wconf 88' lang='lat' dir='ltr'><strong>sunt</strong></span> 
     </span>
    </p>
   </div>
   <div class='ocr_carea' id='block_1_82' title="bbox 652 4758 2240 4831">
    <p class='ocr_par' dir='ltr' id='par_1_82' title="bbox 652 4758 2240 4831">
     <span class='ocr_line' id='line_1_85' title="bbox 652 4758 2240 4831; baseline 0.004 -15"><span class='ocrx_word' id='word_1_555' title='bbox 652 4758 712 4816; x_wconf 79' lang='lat' dir='ltr'><strong>in</strong></span> <span class='ocrx_word' id='word_1_556' title='bbox 751 4758 952 4831; x_wconf 88' lang='lat' dir='ltr'><strong>Spiritu</strong></span> <span class='ocrx_word' id='word_1_557' title='bbox 981 4769 1190 4828; x_wconf 89' lang='lat' dir='ltr'><strong>sancto,</strong></span> <span class='ocrx_word' id='word_1_558' title='bbox 1215 4759 1465 4816; x_wconf 71' lang='lat' dir='ltr'><strong>laetentur</strong></span> <span class='ocrx_word' id='word_1_559' title='bbox 1501 4771 1556 4818; x_wconf 90' lang='lat' dir='ltr'><strong>et</strong></span> <span class='ocrx_word' id='word_1_560' title='bbox 1583 4762 1829 4830; x_wconf 83' lang='lat' dir='ltr'><strong>floreant,</strong></span> <span class='ocrx_word' id='word_1_561' title='bbox 1868 4767 2012 4822; x_wconf 91' lang='lat' dir='ltr'><strong>nulla</strong></span> <span class='ocrx_word' id='word_1_562' title='bbox 2058 4775 2240 4822; x_wconf 85' lang='lat' dir='ltr'><strong>tamen</strong></span> 
     </span>
    </p>
   </div>
   <div class='ocr_carea' id='block_1_83' title="bbox 655 4851 2316 4934">
    <p class='ocr_par' dir='ltr' id='par_1_83' title="bbox 655 4851 2316 4934">
     <span class='ocr_line' id='line_1_86' title="bbox 655 4851 2316 4934; baseline 0.004 -26"><span class='ocrx_word' id='word_1_563' title='bbox 655 4851 959 4909; x_wconf 72' lang='lat' dir='ltr'><strong>sitientibus</strong></span> <span class='ocrx_word' id='word_1_564' title='bbox 1022 4853 1403 4925; x_wconf 85' lang='lat' dir='ltr'><strong>impedimenta</strong></span> <span class='ocrx_word' id='word_1_565' title='bbox 1473 4855 1742 4925; x_wconf 89' lang='lat' dir='ltr'><strong>patiantur</strong></span> <span class='ocrx_word' id='word_1_566' title='bbox 1810 4856 2013 4913; x_wconf 89' lang='lat' dir='ltr'><strong>inferri.</strong></span> <span class='ocrx_word' id='word_1_567' title='bbox 2054 4857 2238 4929; x_wconf 89' lang='lat' dir='ltr'><strong>Neque</strong></span> <span class='ocrx_word' id='word_1_568' title='bbox 2267 4873 2316 4934; x_wconf 78' lang='grc' dir='ltr'>ι)</span> 
     </span>
    </p>
   </div>
   <div class='ocr_carea' id='block_1_84' title="bbox 654 4942 2243 5022">
    <p class='ocr_par' dir='ltr' id='par_1_84' title="bbox 654 4942 2243 5022">
     <span class='ocr_line' id='line_1_87' title="bbox 654 4942 2243 5022; baseline 0.006 -25"><span class='ocrx_word' id='word_1_569' title='bbox 654 4942 800 4997; x_wconf 88' lang='lat' dir='ltr'><strong>enim</strong></span> <span class='ocrx_word' id='word_1_570' title='bbox 826 4945 918 5012; x_wconf 87' lang='lat' dir='ltr'><strong>qui</strong></span> <span class='ocrx_word' id='word_1_571' title='bbox 942 4945 1068 5000; x_wconf 90' lang='lat' dir='ltr'><strong>vino</strong></span> <span class='ocrx_word' id='word_1_572' title='bbox 1088 4946 1405 5010; x_wconf 83' lang='lat' dir='ltr'><strong>exuberant,</strong></span> <span class='ocrx_word' id='word_1_573' title='bbox 1429 4960 1621 5016; x_wconf 88' lang='lat' dir='ltr'><strong>aquam</strong></span> <span class='ocrx_word' id='word_1_574' title='bbox 1639 4946 1882 5004; x_wconf 70' lang='lat' dir='ltr'><strong>Valentes</strong></span> <span class='ocrx_word' id='word_1_575' title='bbox 1907 4949 2094 5006; x_wconf 88' lang='lat' dir='ltr'><strong>bibere</strong></span> <span class='ocrx_word' id='word_1_576' title='bbox 2116 4966 2243 5022; x_wconf 86' lang='lat' dir='ltr'><strong>pro-</strong></span> 
     </span>
    </p>
   </div>
   <div class='ocr_carea' id='block_1_85' title="bbox 654 5031 2239 5108">
    <p class='ocr_par' dir='ltr' id='par_1_85' title="bbox 654 5031 2239 5108">
     <span class='ocr_line' id='line_1_88' title="bbox 654 5031 2239 5108; baseline 0.006 -21"><span class='ocrx_word' id='word_1_577' title='bbox 654 5031 861 5088; x_wconf 81' lang='lat' dir='ltr'><strong>bibent.</strong></span> <span class='ocrx_word' id='word_1_578' title='bbox 878 5032 1122 5089; x_wconf 80' lang='lat' dir='ltr'><strong>Habeant</strong></span> <span class='ocrx_word' id='word_1_579' title='bbox 1149 5049 1277 5106; x_wconf 80' lang='lat' dir='ltr'><strong>ergo</strong></span> <span class='ocrx_word' id='word_1_580' title='bbox 1299 5037 1574 5092; x_wconf 90' lang='lat' dir='ltr'><strong>nobiscum</strong></span> <span class='ocrx_word' id='word_1_581' title='bbox 1595 5034 1789 5108; x_wconf 90' lang='lat' dir='ltr'><strong>pacem</strong></span> <span class='ocrx_word' id='word_1_582' title='bbox 1808 5040 2041 5095; x_wconf 81' lang='lat' dir='ltr'><strong>imiversi</strong></span> <span class='ocrx_word' id='word_1_583' title='bbox 2070 5041 2239 5097; x_wconf 85' lang='lat' dir='ltr'><strong>lecto-</strong></span> 
     </span>
    </p>
   </div>
   <div class='ocr_carea' id='block_1_86' title="bbox 653 5124 2244 5202">
    <p class='ocr_par' dir='ltr' id='par_1_86' title="bbox 653 5124 2244 5202">
     <span class='ocr_line' id='line_1_89' title="bbox 653 5124 2244 5202; baseline 0.004 -20"><span class='ocrx_word' id='word_1_584' title='bbox 653 5139 762 5190; x_wconf 82' lang='lat' dir='ltr'><strong>res,</strong></span> <span class='ocrx_word' id='word_1_585' title='bbox 793 5124 886 5195; x_wconf 89' lang='lat' dir='ltr'><strong>qui</strong></span> <span class='ocrx_word' id='word_1_586' title='bbox 913 5140 1011 5180; x_wconf 86' lang='lat' dir='ltr'><strong>vos</strong></span> <span class='ocrx_word' id='word_1_587' title='bbox 1036 5125 1165 5182; x_wconf 89' lang='lat' dir='ltr'><strong>licet</strong></span> <span class='ocrx_word' id='word_1_588' title='bbox 1190 5128 1417 5184; x_wconf 82' lang='lat' dir='ltr'><strong>rusticas</strong></span> <span class='ocrx_word' id='word_1_589' title='bbox 1465 5130 1761 5186; x_wconf 90' lang='lat' dir='ltr'><strong>catholicos</strong></span> <span class='ocrx_word' id='word_1_590' title='bbox 1789 5133 2162 5202; x_wconf 89' lang='lat' dir='ltr'><strong>comprobent,</strong></span> <span class='ocrx_word' id='word_1_591' title='bbox 2188 5142 2244 5188; x_wconf 92' lang='lat' dir='ltr'><strong>et</strong></span> 
     </span>
    </p>
   </div>
   <div class='ocr_carea' id='block_1_87' title="bbox 653 5205 2241 5294">
    <p class='ocr_par' dir='ltr' id='par_1_87' title="bbox 653 5205 2241 5294">
     <span class='ocr_line' id='line_1_90' title="bbox 653 5205 2241 5294; baseline 0.006 -23"><span class='ocrx_word' id='word_1_592' title='bbox 653 5217 922 5288; x_wconf 81' lang='lat' dir='ltr'><strong>psalmum</strong></span> <span class='ocrx_word' id='word_1_593' title='bbox 950 5217 1102 5288; x_wconf 89' lang='lat' dir='ltr'><strong>cujus</strong></span> <span class='ocrx_word' id='word_1_594' title='bbox 1147 5220 1576 5290; x_wconf 82' lang='lat' dir='ltr'><strong>explanationem</strong></span> <span class='ocrx_word' id='word_1_595' title='bbox 1615 5221 1817 5292; x_wconf 81' lang='lat' dir='ltr'><strong>legunt,</strong></span> <span class='ocrx_word' id='word_1_596' title='bbox 1849 5205 1996 5294; x_wconf 75' lang='lat' dir='ltr'><strong>prius</strong></span> <span class='ocrx_word' id='word_1_597' title='bbox 2033 5226 2241 5280; x_wconf 88' lang='lat' dir='ltr'><strong>exami-</strong></span> 
     </span>
    </p>
   </div>
   <div class='ocr_carea' id='block_1_88' title="bbox 654 5309 2242 5388">
    <p class='ocr_par' dir='ltr' id='par_1_88' title="bbox 654 5309 2242 5388">
     <span class='ocr_line' id='line_1_91' title="bbox 654 5309 2242 5388; baseline 0.007 -24"><span class='ocrx_word' id='word_1_598' title='bbox 654 5317 806 5377; x_wconf 89' lang='lat' dir='ltr'><strong>nent,</strong></span> <span class='ocrx_word' id='word_1_599' title='bbox 839 5317 900 5364; x_wconf 87' lang='lat' dir='ltr'><strong>ut</strong></span> <span class='ocrx_word' id='word_1_600' title='bbox 926 5309 1053 5366; x_wconf 89' lang='lat' dir='ltr'><strong>dum</strong></span> <span class='ocrx_word' id='word_1_601' title='bbox 1074 5310 1189 5380; x_wconf 91' lang='lat' dir='ltr'><strong>ejus</strong></span> <span class='ocrx_word' id='word_1_602' title='bbox 1217 5311 1443 5380; x_wconf 80' lang='lat' dir='ltr'><strong>legerint</strong></span> <span class='ocrx_word' id='word_1_603' title='bbox 1470 5329 1706 5381; x_wconf 89' lang='lat' dir='ltr'><strong>sensum,</strong></span> <span class='ocrx_word' id='word_1_604' title='bbox 1723 5315 1796 5370; x_wconf 84' lang='lat' dir='ltr'><strong>&#39;ad</strong></span> <span class='ocrx_word' id='word_1_605' title='bbox 1824 5331 1946 5371; x_wconf 91' lang='lat' dir='ltr'><strong>eum</strong></span> <span class='ocrx_word' id='word_1_606' title='bbox 1972 5309 2242 5388; x_wconf 88' lang='lat' dir='ltr'><strong>pertinere</strong></span> 
     </span>
    </p>
   </div>
   <div class='ocr_carea' id='block_1_89' title="bbox 653 5399 2241 5481">
    <p class='ocr_par' dir='ltr' id='par_1_89' title="bbox 653 5399 2241 5481">
     <span class='ocr_line' id='line_1_92' title="bbox 653 5399 2241 5481; baseline 0.007 -26"><span class='ocrx_word' id='word_1_607' title='bbox 653 5399 913 5466; x_wconf 81' lang='lat' dir='ltr'><strong>sentiant,</strong></span> <span class='ocrx_word' id='word_1_608' title='bbox 965 5415 1126 5471; x_wconf 89' lang='lat' dir='ltr'><strong>quem</strong></span> <span class='ocrx_word' id='word_1_609' title='bbox 1169 5403 1563 5478; x_wconf 82' lang='lat' dir='ltr'><strong>explanationis</strong></span> <span class='ocrx_word' id='word_1_610' title='bbox 1597 5413 1774 5461; x_wconf 86' lang='lat' dir='ltr'><strong>textus</strong></span> <span class='ocrx_word' id='word_1_611' title='bbox 1829 5410 2083 5464; x_wconf 90' lang='lat' dir='ltr'><strong>ostendit.</strong></span> <span class='ocrx_word' id='word_1_612' title='bbox 2135 5411 2241 5481; x_wconf 84' lang='lat' dir='ltr'><strong>Ipsi</strong></span> 
     </span>
    </p>
   </div>
   <div class='ocr_carea' id='block_1_90' title="bbox 525 5492 2243 5578">
    <p class='ocr_par' dir='ltr' id='par_1_90' title="bbox 525 5492 2243 5578">
     <span class='ocr_line' id='line_1_93' title="bbox 525 5492 2243 5578; baseline 0.009 -35"><span class='ocrx_word' id='word_1_613' title='bbox 525 5565 534 5578; x_wconf 42' lang='lat'>.</span> <span class='ocrx_word' id='word_1_614' title='bbox 616 5533 619 5535; x_wconf 81' lang='lat'><strong>.</strong></span> <span class='ocrx_word' id='word_1_615' title='bbox 650 5492 870 5561; x_wconf 88' lang='lat' dir='ltr'><strong>quidem</strong></span> <span class='ocrx_word' id='word_1_616' title='bbox 926 5493 1119 5550; x_wconf 86' lang='lat' dir='ltr'><strong>melius</strong></span> <span class='ocrx_word' id='word_1_617' title='bbox 1150 5495 1256 5550; x_wconf 89' lang='lat' dir='ltr'><strong>hoc</strong></span> <span class='ocrx_word' id='word_1_618' title='bbox 1298 5497 1546 5566; x_wconf 88' lang='lat' dir='ltr'><strong>potuistis</strong></span> <span class='ocrx_word' id='word_1_619' title='bbox 1562 5497 1740 5553; x_wconf 91' lang='lat' dir='ltr'><strong>facere</strong></span> <span class='ocrx_word' id='word_1_620' title='bbox 1766 5501 1858 5567; x_wconf 87' lang='lat' dir='ltr'><strong>qui</strong></span> <span class='ocrx_word' id='word_1_621' title='bbox 1879 5500 2096 5568; x_wconf 87' lang='lat' dir='ltr'><strong>jubetis.</strong></span> <span class='ocrx_word' id='word_1_622' title='bbox 2123 5501 2243 5558; x_wconf 84' lang='lat' dir='ltr'><strong>Non</strong></span> 
     </span>
    </p>
   </div>
   <div class='ocr_carea' id='block_1_91' title="bbox 659 5585 2241 5664">
    <p class='ocr_par' dir='ltr' id='par_1_91' title="bbox 659 5585 2241 5664">
     <span class='ocr_line' id='line_1_94' title="bbox 659 5585 2241 5664; baseline 0.008 -26"><span class='ocrx_word' id='word_1_623' title='bbox 659 5585 803 5638; x_wconf 92' lang='lat' dir='ltr'><strong>enim</strong></span> <span class='ocrx_word' id='word_1_624' title='bbox 851 5586 1330 5656; x_wconf 85' lang='lat' dir='ltr'><strong>impossibilitatem</strong></span> <span class='ocrx_word' id='word_1_625' title='bbox 1381 5599 1636 5657; x_wconf 85' lang='lat' dir='ltr'><strong>vestram,</strong></span> <span class='ocrx_word' id='word_1_626' title='bbox 1691 5590 1786 5647; x_wconf 84' lang='lat' dir='ltr'><strong>sed</strong></span> <span class='ocrx_word' id='word_1_627' title='bbox 1833 5596 2241 5664; x_wconf 90' lang='lat' dir='ltr'><strong>occupationem</strong></span> 
     </span>
    </p>
   </div>
   <div class='ocr_carea' id='block_1_92' title="bbox 608 5674 2241 5752">
    <p class='ocr_par' dir='ltr' id='par_1_92' title="bbox 608 5674 2241 5752">
     <span class='ocr_line' id='line_1_95' title="bbox 608 5674 2241 5752; baseline 0.01 -25"><span class='ocrx_word' id='word_1_628' title='bbox 608 5683 612 5686; x_wconf 82' lang='lat'>&#39;</span> <span class='ocrx_word' id='word_1_629' title='bbox 659 5674 974 5742; x_wconf 85' lang='lat' dir='ltr'><strong>ostenditis,</strong></span> <span class='ocrx_word' id='word_1_630' title='bbox 1004 5678 1130 5733; x_wconf 92' lang='lat' dir='ltr'><strong>dum</strong></span> <span class='ocrx_word' id='word_1_631' title='bbox 1160 5681 1304 5751; x_wconf 91' lang='lat' dir='ltr'><strong>quod</strong></span> <span class='ocrx_word' id='word_1_632' title='bbox 1333 5696 1432 5737; x_wconf 87' lang='lat' dir='ltr'><strong>nos</strong></span> <span class='ocrx_word' id='word_1_633' title='bbox 1456 5681 1657 5752; x_wconf 88' lang='lat' dir='ltr'><strong>jubetis</strong></span> <span class='ocrx_word' id='word_1_634' title='bbox 1684 5681 1863 5740; x_wconf 86' lang='lat' dir='ltr'><strong>facere</strong></span> <span class='ocrx_word' id='word_1_635' title='bbox 1887 5723 1902 5749; x_wconf 93' lang='lat'><strong>,</strong></span> <span class='ocrx_word' id='word_1_636' title='bbox 1926 5701 2023 5742; x_wconf 91' lang='lat' dir='ltr'><strong>vos</strong></span> <span class='ocrx_word' id='word_1_637' title='bbox 2051 5687 2241 5744; x_wconf 91' lang='lat' dir='ltr'><strong>melius</strong></span> 
     </span>
    </p>
   </div>
   <div class='ocr_carea' id='block_1_93' title="bbox 606 5757 1675 5847">
    <p class='ocr_par' dir='ltr' id='par_1_93' title="bbox 606 5757 1675 5847">
     <span class='ocr_line' id='line_1_96' title="bbox 606 5757 1675 5847; baseline 0.022 -29"><span class='ocrx_word' id='word_1_638' title='bbox 606 5788 614 5795; x_wconf 89' lang='lat'><strong>-</strong></span> <span class='ocrx_word' id='word_1_639' title='bbox 641 5759 768 5826; x_wconf 54' lang='lat' dir='ltr'><strong>,boc</strong></span> <span class='ocrx_word' id='word_1_640' title='bbox 792 5770 1074 5836; x_wconf 82' lang='lat' dir='ltr'><strong>potueritis</strong></span> <span class='ocrx_word' id='word_1_641' title='bbox 1099 5774 1340 5847; x_wconf 88' lang='lat' dir='ltr'><strong>implere.</strong></span> <span class='ocrx_word' id='word_1_642' title='bbox 1673 5757 1675 5759; x_wconf 13' lang='grc' dir='ltr'><strong>ι</strong></span> 
     </span>
    </p>
   </div>
   <div class='ocr_carea' id='block_1_94' title="bbox 2938 3479 3327 3538">
    <p class='ocr_par' dir='ltr' id='par_1_94' title="bbox 2938 3479 3327 3538">
     <span class='ocr_line' id='line_1_97' title="bbox 2938 3479 3327 3538; baseline 0 -2"><span class='ocrx_word' id='word_1_643' title='bbox 2938 3479 3250 3538; x_wconf 76' lang='lat' dir='ltr'><strong>PSALMUS</strong></span> <span class='ocrx_word' id='word_1_644' title='bbox 3283 3479 3327 3536; x_wconf 86' lang='grc'><strong>1.</strong></span> 
     </span>
    </p>
   </div>
   <div class='ocr_carea' id='block_1_95' title="bbox 2893 3611 3368 3674">
    <p class='ocr_par' dir='ltr' id='par_1_95' title="bbox 2893 3611 3368 3674">
     <span class='ocr_line' id='line_1_98' title="bbox 2893 3611 3368 3674; baseline 0.002 -7"><span class='ocrx_word' id='word_1_645' title='bbox 2893 3611 3134 3669; x_wconf 81' lang='lat' dir='ltr'><strong>Psalmus</strong></span> <span class='ocrx_word' id='word_1_646' title='bbox 3181 3612 3368 3674; x_wconf 61' lang='lat' dir='ltr'><strong>David.</strong></span> 
     </span>
    </p>
   </div>
   <div class='ocr_carea' id='block_1_96' title="bbox 2413 3765 3899 3839">
    <p class='ocr_par' dir='ltr' id='par_1_96' title="bbox 2413 3765 3899 3839">
     <span class='ocr_line' id='line_1_99' title="bbox 2413 3765 3899 3839; baseline 0 -19"><span class='ocrx_word' id='word_1_647' title='bbox 2413 3765 2600 3820; x_wconf 75' lang='lat' dir='ltr'><strong>Beatus</strong></span> <span class='ocrx_word' id='word_1_648' title='bbox 2626 3766 2706 3820; x_wconf 76' lang='lat' dir='ltr'><strong>uir</strong></span> <span class='ocrx_word' id='word_1_649' title='bbox 2731 3767 2818 3838; x_wconf 82' lang='lat' dir='ltr'><strong>qui</strong></span> <span class='ocrx_word' id='word_1_650' title='bbox 2838 3783 2944 3822; x_wconf 82' lang='lat' dir='ltr'><strong>non</strong></span> <span class='ocrx_word' id='word_1_651' title='bbox 2968 3765 3097 3821; x_wconf 90' lang='lat' dir='ltr'><strong>abiit</strong></span> <span class='ocrx_word' id='word_1_652' title='bbox 3119 3769 3175 3822; x_wconf 82' lang='lat' dir='ltr'><strong>in</strong></span> <span class='ocrx_word' id='word_1_653' title='bbox 3206 3769 3428 3823; x_wconf 69' lang='lat' dir='ltr'><strong>consilio</strong></span> <span class='ocrx_word' id='word_1_654' title='bbox 3466 3765 3746 3839; x_wconf 71' lang='lat' dir='ltr'><strong>impiorum,</strong></span> <span class='ocrx_word' id='word_1_655' title='bbox 3774 3766 3899 3821; x_wconf 81' lang='lat' dir='ltr'><strong>etin</strong></span> 
     </span>
    </p>
   </div>
   <div class='ocr_carea' id='block_1_97' title="bbox 2337 3858 3902 3931">
    <p class='ocr_par' dir='ltr' id='par_1_97' title="bbox 2337 3858 3902 3931">
     <span class='ocr_line' id='line_1_100' title="bbox 2337 3858 3902 3931; baseline 0 -19"><span class='ocrx_word' id='word_1_656' title='bbox 2337 3858 2420 3912; x_wconf 79' lang='lat' dir='ltr'><strong>via</strong></span> <span class='ocrx_word' id='word_1_657' title='bbox 2465 3865 2790 3928; x_wconf 81' lang='lat' dir='ltr'><strong>peccatorum</strong></span> <span class='ocrx_word' id='word_1_658' title='bbox 2843 3874 2946 3912; x_wconf 82' lang='lat' dir='ltr'><strong>non</strong></span> <span class='ocrx_word' id='word_1_659' title='bbox 2989 3859 3165 3925; x_wconf 77' lang='lat' dir='ltr'><strong>stetit,</strong></span> <span class='ocrx_word' id='word_1_660' title='bbox 3187 3869 3235 3912; x_wconf 87' lang='lat' dir='ltr'><strong>et</strong></span> <span class='ocrx_word' id='word_1_661' title='bbox 3253 3861 3308 3914; x_wconf 83' lang='lat' dir='ltr'><strong>in</strong></span> <span class='ocrx_word' id='word_1_662' title='bbox 3335 3859 3580 3914; x_wconf 82' lang='lat' dir='ltr'><strong>cathedra</strong></span> <span class='ocrx_word' id='word_1_663' title='bbox 3616 3859 3902 3931; x_wconf 70' lang='lat' dir='ltr'><strong>pestilentia</strong></span> 
     </span>
    </p>
   </div>
   <div class='ocr_carea' id='block_1_98' title="bbox 2339 3948 3902 4023">
    <p class='ocr_par' dir='ltr' id='par_1_98' title="bbox 2339 3948 3902 4023">
     <span class='ocr_line' id='line_1_101' title="bbox 2339 3948 3902 4023; baseline 0.002 -22"><span class='ocrx_word' id='word_1_664' title='bbox 2339 3964 2446 4002; x_wconf 85' lang='lat' dir='ltr'><strong>non</strong></span> <span class='ocrx_word' id='word_1_665' title='bbox 2473 3948 2636 4013; x_wconf 70' lang='lat' dir='ltr'><strong>sedit;</strong></span> <span class='ocrx_word' id='word_1_666' title='bbox 2659 3948 2749 4004; x_wconf 74' lang='lat' dir='ltr'><strong>sed</strong></span> <span class='ocrx_word' id='word_1_667' title='bbox 2772 3951 2828 4004; x_wconf 80' lang='lat' dir='ltr'><strong>in</strong></span> <span class='ocrx_word' id='word_1_668' title='bbox 2860 3950 2969 4021; x_wconf 80' lang='lat' dir='ltr'><strong>lege</strong></span> <span class='ocrx_word' id='word_1_669' title='bbox 2988 3949 3200 4006; x_wconf 77' lang='lat' dir='ltr'><strong>Domini</strong></span> <span class='ocrx_word' id='word_1_670' title='bbox 3224 3953 3463 4006; x_wconf 69' lang='lat' dir='ltr'><strong>voluntas</strong></span> <span class='ocrx_word' id='word_1_671' title='bbox 3490 3953 3622 4023; x_wconf 74' lang='lat' dir='ltr'><strong>ejus,</strong></span> <span class='ocrx_word' id='word_1_672' title='bbox 3650 3959 3697 4006; x_wconf 82' lang='lat' dir='ltr'><strong>et</strong></span> <span class='ocrx_word' id='word_1_673' title='bbox 3725 3953 3782 4006; x_wconf 79' lang='lat' dir='ltr'><strong>iu</strong></span> <span class='ocrx_word' id='word_1_674' title='bbox 3804 3952 3902 4022; x_wconf 78' lang='lat' dir='ltr'><strong>lege</strong></span> 
     </span>
    </p>
   </div>
   <div class='ocr_carea' id='block_1_99' title="bbox 2339 4039 3901 4117">
    <p class='ocr_par' dir='ltr' id='par_1_99' title="bbox 2339 4039 3901 4117">
     <span class='ocr_line' id='line_1_102' title="bbox 2339 4039 3901 4117; baseline 0.003 -24"><span class='ocrx_word' id='word_1_675' title='bbox 2339 4039 2452 4110; x_wconf 78' lang='lat' dir='ltr'><strong>ejus</strong></span> <span class='ocrx_word' id='word_1_676' title='bbox 2480 4040 2812 4096; x_wconf 83' lang='lat' dir='ltr'><strong>meditabitur</strong></span> <span class='ocrx_word' id='word_1_677' title='bbox 2829 4041 2912 4095; x_wconf 86' lang='lat' dir='ltr'><strong>die</strong></span> <span class='ocrx_word' id='word_1_678' title='bbox 2930 4058 2992 4096; x_wconf 84' lang='lat' dir='ltr'><strong>ac</strong></span> <span class='ocrx_word' id='word_1_679' title='bbox 3011 4051 3176 4098; x_wconf 83' lang='lat' dir='ltr'><strong>nocte.</strong></span> <span class='ocrx_word' id='word_1_680' title='bbox 3201 4041 3272 4096; x_wconf 82' lang='lat' dir='ltr'><strong>Et</strong></span> <span class='ocrx_word' id='word_1_681' title='bbox 3297 4046 3398 4098; x_wconf 88' lang='lat' dir='ltr'><strong>erit</strong></span> <span class='ocrx_word' id='word_1_682' title='bbox 3442 4054 3685 4117; x_wconf 78' lang='lat' dir='ltr'><strong>tauquam</strong></span> <span class='ocrx_word' id='word_1_683' title='bbox 3722 4045 3901 4116; x_wconf 62' lang='lat' dir='ltr'><strong>ligneis</strong></span> 
     </span>
    </p>
   </div>
   <div class='ocr_carea' id='block_1_100' title="bbox 2339 4130 3903 4209">
    <p class='ocr_par' dir='ltr' id='par_1_100' title="bbox 2339 4130 3903 4209">
     <span class='ocr_line' id='line_1_103' title="bbox 2339 4130 3903 4209; baseline 0.004 -26"><span class='ocrx_word' id='word_1_684' title='bbox 2339 4131 2476 4200; x_wconf 87' lang='lat' dir='ltr'><strong>quod</strong></span> <span class='ocrx_word' id='word_1_685' title='bbox 2499 4130 2794 4200; x_wconf 85' lang='lat' dir='ltr'><strong>plantatum</strong></span> <span class='ocrx_word' id='word_1_686' title='bbox 2812 4141 2892 4186; x_wconf 79' lang='lat' dir='ltr'><strong>est</strong></span> <span class='ocrx_word' id='word_1_687' title='bbox 2922 4150 3065 4188; x_wconf 78' lang='lat' dir='ltr'><strong>secus</strong></span> <span class='ocrx_word' id='word_1_688' title='bbox 3092 4133 3332 4190; x_wconf 73' lang='lat' dir='ltr'><strong>decursus</strong></span> <span class='ocrx_word' id='word_1_689' title='bbox 3355 4151 3627 4206; x_wconf 80' lang='lat' dir='ltr'><strong>aquarum,</strong></span> <span class='ocrx_word' id='word_1_690' title='bbox 3659 4135 3793 4209; x_wconf 80' lang='lat' dir='ltr'><strong>quod</strong></span> <span class='ocrx_word' id='word_1_691' title='bbox 3811 4138 3903 4208; x_wconf 73' lang='lat' dir='ltr'><strong>{ru-</strong></span> 
     </span>
    </p>
   </div>
   <div class='ocr_carea' id='block_1_101' title="bbox 2341 4223 3904 4301">
    <p class='ocr_par' dir='ltr' id='par_1_101' title="bbox 2341 4223 3904 4301">
     <span class='ocr_line' id='line_1_104' title="bbox 2341 4223 3904 4301; baseline 0.004 -27"><span class='ocrx_word' id='word_1_692' title='bbox 2341 4230 2477 4275; x_wconf 87' lang='lat' dir='ltr'><strong>ctum</strong></span> <span class='ocrx_word' id='word_1_693' title='bbox 2501 4239 2651 4276; x_wconf 72' lang='lat' dir='ltr'><strong>suum</strong></span> <span class='ocrx_word' id='word_1_694' title='bbox 2678 4223 2822 4278; x_wconf 87' lang='lat' dir='ltr'><strong>dabit</strong></span> <span class='ocrx_word' id='word_1_695' title='bbox 2850 4226 2906 4279; x_wconf 85' lang='lat' dir='ltr'><strong>in</strong></span> <span class='ocrx_word' id='word_1_696' title='bbox 2930 4234 3159 4298; x_wconf 85' lang='lat' dir='ltr'><strong>tempore</strong></span> <span class='ocrx_word' id='word_1_697' title='bbox 3177 4243 3289 4282; x_wconf 69' lang='lat' dir='ltr'><strong>suo.</strong></span> <span class='ocrx_word' id='word_1_698' title='bbox 3329 4225 3400 4280; x_wconf 88' lang='lat' dir='ltr'><strong>Et</strong></span> <span class='ocrx_word' id='word_1_699' title='bbox 3437 4227 3622 4300; x_wconf 76' lang='lat' dir='ltr'><strong>folium</strong></span> <span class='ocrx_word' id='word_1_700' title='bbox 3665 4230 3780 4301; x_wconf 74' lang='lat' dir='ltr'><strong>ejus</strong></span> <span class='ocrx_word' id='word_1_701' title='bbox 3819 4246 3904 4282; x_wconf 70' lang='lat' dir='ltr'><strong>non</strong></span> 
     </span>
    </p>
   </div>
   <div class='ocr_carea' id='block_1_102' title="bbox 2338 4312 3906 4394">
    <p class='ocr_par' dir='ltr' id='par_1_102' title="bbox 2338 4312 3906 4394">
     <span class='ocr_line' id='line_1_105' title="bbox 2338 4312 3906 4394; baseline 0.005 -30"><span class='ocrx_word' id='word_1_702' title='bbox 2338 4312 2548 4382; x_wconf 79' lang='lat' dir='ltr'><strong>deﬂuet,</strong></span> <span class='ocrx_word' id='word_1_703' title='bbox 2586 4323 2637 4367; x_wconf 90' lang='lat' dir='ltr'><strong>et</strong></span> <span class='ocrx_word' id='word_1_704' title='bbox 2681 4317 2858 4369; x_wconf 79' lang='lat' dir='ltr'><strong>omnia</strong></span> <span class='ocrx_word' id='word_1_705' title='bbox 2877 4389 2879 4394; x_wconf 21' lang='grc' dir='ltr'><strong><em>η</em></strong></span> <span class='ocrx_word' id='word_1_706' title='bbox 2896 4333 3209 4388; x_wconf 72' lang='lat' dir='ltr'><strong>quacunque</strong></span> <span class='ocrx_word' id='word_1_707' title='bbox 3255 4321 3410 4391; x_wconf 76' lang='lat' dir='ltr'><strong>faciet</strong></span> <span class='ocrx_word' id='word_1_708' title='bbox 3466 4321 3906 4393; x_wconf 70' lang='lat' dir='ltr'><strong>prosperabuntur.</strong></span> 
     </span>
    </p>
   </div>
   <div class='ocr_carea' id='block_1_103' title="bbox 2343 4401 3905 4486">
    <p class='ocr_par' dir='ltr' id='par_1_103' title="bbox 2343 4401 3905 4486">
     <span class='ocr_line' id='line_1_106' title="bbox 2343 4401 3905 4486; baseline 0.006 -30"><span class='ocrx_word' id='word_1_709' title='bbox 2343 4401 2467 4458; x_wconf 85' lang='lat' dir='ltr'><strong>Non</strong></span> <span class='ocrx_word' id='word_1_710' title='bbox 2487 4406 2560 4458; x_wconf 76' lang='lat' dir='ltr'><strong>sic</strong></span> <span class='ocrx_word' id='word_1_711' title='bbox 2578 4408 2742 4476; x_wconf 87' lang='lat' dir='ltr'><strong>impii,</strong></span> <span class='ocrx_word' id='word_1_712' title='bbox 2767 4423 2868 4461; x_wconf 84' lang='lat' dir='ltr'><strong>non</strong></span> <span class='ocrx_word' id='word_1_713' title='bbox 2900 4409 3005 4473; x_wconf 80' lang='lat' dir='ltr'><strong>sic;</strong></span> <span class='ocrx_word' id='word_1_714' title='bbox 3045 4409 3136 4462; x_wconf 80' lang='lat' dir='ltr'><strong>sed</strong></span> <span class='ocrx_word' id='word_1_715' title='bbox 3163 4417 3408 4479; x_wconf 83' lang='lat' dir='ltr'><strong>tanquam</strong></span> <span class='ocrx_word' id='word_1_716' title='bbox 3430 4411 3599 4486; x_wconf 69' lang='lat' dir='ltr'><strong>pulvis</strong></span> <span class='ocrx_word' id='word_1_717' title='bbox 3625 4430 3774 4484; x_wconf 86' lang='lat' dir='ltr'><strong>quem</strong></span> <span class='ocrx_word' id='word_1_718' title='bbox 3799 4430 3905 4484; x_wconf 82' lang='lat' dir='ltr'><strong>pro-</strong></span> 
     </span>
    </p>
   </div>
   <div class='ocr_carea' id='block_1_104' title="bbox 2335 4494 3912 4576">
    <p class='ocr_par' dir='ltr' id='par_1_104' title="bbox 2335 4494 3912 4576">
     <span class='ocr_line' id='line_1_107' title="bbox 2335 4494 3912 4576; baseline 0.005 -28"><span class='ocrx_word' id='word_1_719' title='bbox 2335 4494 2452 4565; x_wconf 88' lang='lat' dir='ltr'><strong>jicit</strong></span> <span class='ocrx_word' id='word_1_720' title='bbox 2481 4503 2659 4550; x_wconf 81' lang='lat' dir='ltr'><strong>ventus</strong></span> <span class='ocrx_word' id='word_1_721' title='bbox 2681 4515 2713 4550; x_wconf 95' lang='lat' dir='ltr'><strong>a</strong></span> <span class='ocrx_word' id='word_1_722' title='bbox 2734 4499 2869 4570; x_wconf 80' lang='lat' dir='ltr'><strong>[acie</strong></span> <span class='ocrx_word' id='word_1_723' title='bbox 2889 4506 3061 4555; x_wconf 65' lang='lat' dir='ltr'><strong>terra.</strong></span> <span class='ocrx_word' id='word_1_724' title='bbox 3087 4499 3222 4556; x_wconf 85' lang='lat' dir='ltr'><strong>Ideo</strong></span> <span class='ocrx_word' id='word_1_725' title='bbox 3260 4519 3367 4556; x_wconf 84' lang='lat' dir='ltr'><strong>non</strong></span> <span class='ocrx_word' id='word_1_726' title='bbox 3408 4511 3692 4576; x_wconf 76' lang='lat' dir='ltr'><strong>resurgunt</strong></span> <span class='ocrx_word' id='word_1_727' title='bbox 3711 4505 3847 4575; x_wconf 83' lang='lat' dir='ltr'><strong>impii</strong></span> <span class='ocrx_word' id='word_1_728' title='bbox 3865 4505 3912 4556; x_wconf 74' lang='lat' dir='ltr'><strong>in</strong></span> 
     </span>
    </p>
   </div>
   <div class='ocr_carea' id='block_1_105' title="bbox 2334 4584 3914 4666">
    <p class='ocr_par' dir='ltr' id='par_1_105' title="bbox 2334 4584 3914 4666">
     <span class='ocr_line' id='line_1_108' title="bbox 2334 4584 3914 4666; baseline 0.009 -29"><span class='ocrx_word' id='word_1_729' title='bbox 2334 4584 2554 4656; x_wconf 81' lang='lat' dir='ltr'><strong>judicio,</strong></span> <span class='ocrx_word' id='word_1_730' title='bbox 2579 4602 2739 4658; x_wconf 82' lang='lat' dir='ltr'><strong>neque</strong></span> <span class='ocrx_word' id='word_1_731' title='bbox 2784 4597 3080 4659; x_wconf 74' lang='lat' dir='ltr'><strong>peccatores</strong></span> <span class='ocrx_word' id='word_1_732' title='bbox 3125 4593 3181 4645; x_wconf 85' lang='lat' dir='ltr'><strong>in</strong></span> <span class='ocrx_word' id='word_1_733' title='bbox 3220 4594 3433 4648; x_wconf 70' lang='lat' dir='ltr'><strong>consilio</strong></span> <span class='ocrx_word' id='word_1_734' title='bbox 3465 4596 3755 4666; x_wconf 73' lang='lat' dir='ltr'><strong>justorum.</strong></span> <span class='ocrx_word' id='word_1_735' title='bbox 3787 4593 3914 4660; x_wconf 71' lang='lat' dir='ltr'><strong>Quo-</strong></span> 
     </span>
    </p>
   </div>
   <div class='ocr_carea' id='block_1_106' title="bbox 2341 4675 3916 4759">
    <p class='ocr_par' dir='ltr' id='par_1_106' title="bbox 2341 4675 3916 4759">
     <span class='ocr_line' id='line_1_109' title="bbox 2341 4675 3916 4759; baseline 0.007 -31"><span class='ocrx_word' id='word_1_736' title='bbox 2341 4676 2484 4729; x_wconf 81' lang='lat' dir='ltr'><strong>niam</strong></span> <span class='ocrx_word' id='word_1_737' title='bbox 2511 4678 2652 4731; x_wconf 82' lang='lat' dir='ltr'><strong>novit</strong></span> <span class='ocrx_word' id='word_1_738' title='bbox 2681 4675 2937 4734; x_wconf 77' lang='lat' dir='ltr'><strong>Dominus</strong></span> <span class='ocrx_word' id='word_1_739' title='bbox 2965 4682 3100 4734; x_wconf 77' lang='lat' dir='ltr'><strong>viam</strong></span> <span class='ocrx_word' id='word_1_740' title='bbox 3118 4683 3397 4753; x_wconf 74' lang='lat' dir='ltr'><strong>justorum,</strong></span> <span class='ocrx_word' id='word_1_741' title='bbox 3428 4693 3477 4738; x_wconf 85' lang='lat' dir='ltr'><strong>et</strong></span> <span class='ocrx_word' id='word_1_742' title='bbox 3516 4687 3616 4740; x_wconf 87' lang='lat' dir='ltr'><strong>iter</strong></span> <span class='ocrx_word' id='word_1_743' title='bbox 3652 4687 3916 4759; x_wconf 62' lang='lat' dir='ltr'><strong>impiorum</strong></span> 
     </span>
    </p>
   </div>
   <div class='ocr_carea' id='block_1_107' title="bbox 2341 4767 2544 4839">
    <p class='ocr_par' dir='ltr' id='par_1_107' title="bbox 2341 4767 2544 4839">
     <span class='ocr_line' id='line_1_110' title="bbox 2341 4767 2544 4839; baseline 0 -16"><span class='ocrx_word' id='word_1_744' title='bbox 2341 4767 2544 4839; x_wconf 81' lang='lat' dir='ltr'><strong>peribit.</strong></span> 
     </span>
    </p>
   </div>
   <div class='ocr_carea' id='block_1_108' title="bbox 2908 4861 3348 4922">
    <p class='ocr_par' dir='ltr' id='par_1_108' title="bbox 2908 4861 3348 4922">
     <span class='ocr_line' id='line_1_111' title="bbox 2908 4861 3348 4922; baseline 0.007 -20"><span class='ocrx_word' id='word_1_745' title='bbox 2908 4861 3348 4922; x_wconf 62' lang='lat' dir='ltr'><strong>conmunitum</strong></span> 
     </span>
    </p>
   </div>
   <div class='ocr_carea' id='block_1_109' title="bbox 2415 4954 3920 5043">
    <p class='ocr_par' dir='ltr' id='par_1_109' title="bbox 2415 4954 3920 5043">
     <span class='ocr_line' id='line_1_112' title="bbox 2415 4954 3920 5043; baseline 0.012 -33"><span class='ocrx_word' id='word_1_746' title='bbox 2415 4954 2623 5012; x_wconf 90' lang='lat' dir='ltr'><strong>Primus</strong></span> <span class='ocrx_word' id='word_1_747' title='bbox 2667 4959 2904 5030; x_wconf 89' lang='lat' dir='ltr'><strong>psalmus</strong></span> <span class='ocrx_word' id='word_1_748' title='bbox 2950 4963 3091 5019; x_wconf 90' lang='lat' dir='ltr'><strong>unde</strong></span> <span class='ocrx_word' id='word_1_749' title='bbox 3144 4967 3247 5022; x_wconf 84' lang='lat' dir='ltr'><strong>scit</strong></span> <span class='ocrx_word' id='word_1_750' title='bbox 3283 4967 3677 5026; x_wconf 87' lang='lat' dir='ltr'><strong>beatitudinem</strong></span> <span class='ocrx_word' id='word_1_751' title='bbox 3702 4971 3920 5043; x_wconf 82' lang='lat' dir='ltr'><strong>perisse,</strong></span> 
     </span>
    </p>
   </div>
   <div class='ocr_carea' id='block_1_110' title="bbox 2344 5045 3924 5129">
    <p class='ocr_par' dir='ltr' id='par_1_110' title="bbox 2344 5045 3924 5129">
     <span class='ocr_line' id='line_1_113' title="bbox 2344 5045 3924 5129; baseline 0.009 -29"><span class='ocrx_word' id='word_1_752' title='bbox 2344 5045 2469 5102; x_wconf 89' lang='lat' dir='ltr'><strong>inde</strong></span> <span class='ocrx_word' id='word_1_753' title='bbox 2492 5051 2878 5120; x_wconf 63' lang='lat' dir='ltr'><strong>recuperauln</strong></span> <span class='ocrx_word' id='word_1_754' title='bbox 2906 5055 3133 5111; x_wconf 86' lang='lat' dir='ltr'><strong>consilio</strong></span> <span class='ocrx_word' id='word_1_755' title='bbox 3167 5058 3451 5129; x_wconf 90' lang='lat' dir='ltr'><strong>impiorum</strong></span> <span class='ocrx_word' id='word_1_756' title='bbox 3481 5061 3613 5116; x_wconf 90' lang='lat' dir='ltr'><strong>abiit</strong></span> <span class='ocrx_word' id='word_1_757' title='bbox 3638 5062 3850 5128; x_wconf 84' lang='lat' dir='ltr'><strong>Adam,</strong></span> <span class='ocrx_word' id='word_1_758' title='bbox 3881 5061 3924 5116; x_wconf 87' lang='lat' dir='ltr'><strong>id</strong></span> 
     </span>
    </p>
   </div>
   <div class='ocr_carea' id='block_1_111' title="bbox 2345 5141 3926 5221">
    <p class='ocr_par' dir='ltr' id='par_1_111' title="bbox 2345 5141 3926 5221">
     <span class='ocr_line' id='line_1_114' title="bbox 2345 5141 3926 5221; baseline 0.012 -25"><span class='ocrx_word' id='word_1_759' title='bbox 2345 5148 2446 5208; x_wconf 89' lang='lat' dir='ltr'><strong>est,</strong></span> <span class='ocrx_word' id='word_1_760' title='bbox 2471 5141 2526 5197; x_wconf 89' lang='lat' dir='ltr'><strong>in</strong></span> <span class='ocrx_word' id='word_1_761' title='bbox 2548 5145 2813 5214; x_wconf 87' lang='lat' dir='ltr'><strong>serpentis</strong></span> <span class='ocrx_word' id='word_1_762' title='bbox 2849 5155 2906 5202; x_wconf 91' lang='lat' dir='ltr'><strong>et</strong></span> <span class='ocrx_word' id='word_1_763' title='bbox 2952 5149 3211 5207; x_wconf 84' lang='lat' dir='ltr'><strong>mulieris.</strong></span> <span class='ocrx_word' id='word_1_764' title='bbox 3241 5150 3309 5208; x_wconf 86' lang='lat' dir='ltr'><strong>Et</strong></span> <span class='ocrx_word' id='word_1_765' title='bbox 3336 5169 3479 5212; x_wconf 87' lang='lat' dir='ltr'><strong>nunc</strong></span> <span class='ocrx_word' id='word_1_766' title='bbox 3501 5154 3679 5211; x_wconf 83' lang='lat' dir='ltr'><strong>Adam</strong></span> <span class='ocrx_word' id='word_1_767' title='bbox 3709 5165 3893 5214; x_wconf 83' lang='lat' dir='ltr'><strong>noster</strong></span> <span class='ocrx_word' id='word_1_768' title='bbox 3912 5197 3926 5221; x_wconf 83' lang='lat'><strong>,</strong></span> 
     </span>
    </p>
   </div>
   <div class='ocr_carea' id='block_1_112' title="bbox 2343 5232 3929 5312">
    <p class='ocr_par' dir='ltr' id='par_1_112' title="bbox 2343 5232 3929 5312">
     <span class='ocr_line' id='line_1_115' title="bbox 2343 5232 3929 5312; baseline 0.009 -25"><span class='ocrx_word' id='word_1_769' title='bbox 2343 5232 2396 5288; x_wconf 88' lang='lat' dir='ltr'><strong>id</strong></span> <span class='ocrx_word' id='word_1_770' title='bbox 2425 5241 2525 5299; x_wconf 87' lang='lat' dir='ltr'><strong>est,</strong></span> <span class='ocrx_word' id='word_1_771' title='bbox 2557 5250 2848 5294; x_wconf 87' lang='lat' dir='ltr'><strong>consensus</strong></span> <span class='ocrx_word' id='word_1_772' title='bbox 2874 5248 3060 5296; x_wconf 91' lang='lat' dir='ltr'><strong>noster</strong></span> <span class='ocrx_word' id='word_1_773' title='bbox 3085 5241 3276 5298; x_wconf 88' lang='lat' dir='ltr'><strong>beatus</strong></span> <span class='ocrx_word' id='word_1_774' title='bbox 3301 5244 3423 5312; x_wconf 90' lang='lat' dir='ltr'><strong>erit,</strong></span> <span class='ocrx_word' id='word_1_775' title='bbox 3447 5246 3494 5302; x_wconf 88' lang='lat' dir='ltr'><strong>si</strong></span> <span class='ocrx_word' id='word_1_776' title='bbox 3522 5262 3632 5303; x_wconf 91' lang='lat' dir='ltr'><strong>non</strong></span> <span class='ocrx_word' id='word_1_777' title='bbox 3657 5249 3864 5305; x_wconf 84' lang='lat' dir='ltr'><strong>abierit</strong></span> <span class='ocrx_word' id='word_1_778' title='bbox 3881 5249 3929 5302; x_wconf 89' lang='lat' dir='ltr'><strong>in</strong></span> 
     </span>
    </p>
   </div>
   <div class='ocr_carea' id='block_1_113' title="bbox 2295 5326 3933 5404">
    <p class='ocr_par' dir='ltr' id='par_1_113' title="bbox 2295 5326 3933 5404">
     <span class='ocr_line' id='line_1_116' title="bbox 2295 5326 3933 5404; baseline 0.012 -26"><span class='ocrx_word' id='word_1_779' title='bbox 2295 5395 2299 5399; x_wconf 5' lang='grc' dir='ltr'><strong>ζ</strong></span> <span class='ocrx_word' id='word_1_780' title='bbox 2344 5326 2568 5382; x_wconf 86' lang='lat' dir='ltr'><strong>consilio</strong></span> <span class='ocrx_word' id='word_1_781' title='bbox 2607 5331 2872 5399; x_wconf 87' lang='lat' dir='ltr'><strong>serpentis</strong></span> <span class='ocrx_word' id='word_1_782' title='bbox 2898 5339 2953 5388; x_wconf 93' lang='lat' dir='ltr'><strong>et</strong></span> <span class='ocrx_word' id='word_1_783' title='bbox 2972 5333 3240 5401; x_wconf 89' lang='lat' dir='ltr'><strong>mulieris,</strong></span> <span class='ocrx_word' id='word_1_784' title='bbox 3271 5335 3326 5391; x_wconf 90' lang='lat' dir='ltr'><strong>id</strong></span> <span class='ocrx_word' id='word_1_785' title='bbox 3353 5346 3456 5404; x_wconf 89' lang='lat' dir='ltr'><strong>est,</strong></span> <span class='ocrx_word' id='word_1_786' title='bbox 3482 5339 3536 5394; x_wconf 92' lang='lat' dir='ltr'><strong>in</strong></span> <span class='ocrx_word' id='word_1_787' title='bbox 3556 5341 3798 5396; x_wconf 85' lang='lat' dir='ltr'><strong>consilio</strong></span> <span class='ocrx_word' id='word_1_788' title='bbox 3824 5354 3933 5395; x_wconf 84' lang='lat' dir='ltr'><strong>car-</strong></span> 
     </span>
    </p>
   </div>
   <div class='ocr_carea' id='block_1_114' title="bbox 2345 5420 3932 5498">
    <p class='ocr_par' dir='ltr' id='par_1_114' title="bbox 2345 5420 3932 5498">
     <span class='ocr_line' id='line_1_117' title="bbox 2345 5420 3932 5498; baseline 0.009 -26"><span class='ocrx_word' id='word_1_789' title='bbox 2345 5420 2429 5474; x_wconf 91' lang='lat' dir='ltr'><strong>nis</strong></span> <span class='ocrx_word' id='word_1_790' title='bbox 2457 5428 2513 5474; x_wconf 92' lang='lat' dir='ltr'><strong>et</strong></span> <span class='ocrx_word' id='word_1_791' title='bbox 2537 5421 2754 5479; x_wconf 84' lang='lat' dir='ltr'><strong>diaboli.</strong></span> <span class='ocrx_word' id='word_1_792' title='bbox 2786 5425 2891 5480; x_wconf 83' lang='lat' dir='ltr'><strong>Aut</strong></span> <span class='ocrx_word' id='word_1_793' title='bbox 2909 5426 2954 5481; x_wconf 89' lang='lat' dir='ltr'><strong>si</strong></span> <span class='ocrx_word' id='word_1_794' title='bbox 2976 5426 3192 5494; x_wconf 88' lang='lat' dir='ltr'><strong>abierit,</strong></span> <span class='ocrx_word' id='word_1_795' title='bbox 3221 5445 3328 5486; x_wconf 89' lang='lat' dir='ltr'><strong>non</strong></span> <span class='ocrx_word' id='word_1_796' title='bbox 3350 5431 3426 5486; x_wconf 89' lang='lat' dir='ltr'><strong>ibi</strong></span> <span class='ocrx_word' id='word_1_797' title='bbox 3453 5441 3589 5498; x_wconf 88' lang='lat' dir='ltr'><strong>stet;</strong></span> <span class='ocrx_word' id='word_1_798' title='bbox 3619 5434 3670 5488; x_wconf 88' lang='lat' dir='ltr'><strong>si</strong></span> <span class='ocrx_word' id='word_1_799' title='bbox 3702 5433 3932 5496; x_wconf 87' lang='lat' dir='ltr'><strong>steterit,</strong></span> 
     </span>
    </p>
   </div>
   <div class='ocr_carea' id='block_1_115' title="bbox 2347 5509 3938 5592">
    <p class='ocr_par' dir='ltr' id='par_1_115' title="bbox 2347 5509 3938 5592">
     <span class='ocr_line' id='line_1_118' title="bbox 2347 5509 3938 5592; baseline 0.008 -29"><span class='ocrx_word' id='word_1_800' title='bbox 2347 5523 2454 5564; x_wconf 90' lang='lat' dir='ltr'><strong>non</strong></span> <span class='ocrx_word' id='word_1_801' title='bbox 2475 5509 2679 5580; x_wconf 88' lang='lat' dir='ltr'><strong>sedeat,</strong></span> <span class='ocrx_word' id='word_1_802' title='bbox 2703 5513 2756 5568; x_wconf 90' lang='lat' dir='ltr'><strong>id</strong></span> <span class='ocrx_word' id='word_1_803' title='bbox 2780 5523 2880 5581; x_wconf 89' lang='lat' dir='ltr'><strong>est,</strong></span> <span class='ocrx_word' id='word_1_804' title='bbox 2903 5531 3014 5570; x_wconf 91' lang='lat' dir='ltr'><strong>non</strong></span> <span class='ocrx_word' id='word_1_805' title='bbox 3037 5528 3380 5588; x_wconf 85' lang='lat' dir='ltr'><strong>permaneat;</strong></span> <span class='ocrx_word' id='word_1_806' title='bbox 3423 5523 3518 5578; x_wconf 87' lang='lat' dir='ltr'><strong>sed</strong></span> <span class='ocrx_word' id='word_1_807' title='bbox 3558 5539 3780 5580; x_wconf 89' lang='lat' dir='ltr'><strong>memor</strong></span> <span class='ocrx_word' id='word_1_808' title='bbox 3809 5523 3938 5592; x_wconf 71' lang='lat' dir='ltr'><strong>legis</strong></span> 
     </span>
    </p>
   </div>
   <div class='ocr_carea' id='block_1_116' title="bbox 2346 5599 3941 5682">
    <p class='ocr_par' dir='ltr' id='par_1_116' title="bbox 2346 5599 3941 5682">
     <span class='ocr_line' id='line_1_119' title="bbox 2346 5599 3941 5682; baseline 0.008 -27"><span class='ocrx_word' id='word_1_809' title='bbox 2346 5599 2460 5665; x_wconf 88' lang='lat' dir='ltr'><strong>Dei,</strong></span> <span class='ocrx_word' id='word_1_810' title='bbox 2493 5603 2566 5658; x_wconf 90' lang='lat' dir='ltr'><strong>ibi</strong></span> <span class='ocrx_word' id='word_1_811' title='bbox 2587 5619 2736 5660; x_wconf 90' lang='lat' dir='ltr'><strong>suam</strong></span> <span class='ocrx_word' id='word_1_812' title='bbox 2763 5616 3003 5682; x_wconf 43' lang='lat' dir='ltr'><strong>occupet.</strong></span> <span class='ocrx_word' id='word_1_813' title='bbox 3019 5600 3372 5668; x_wconf 88' lang='lat' dir='ltr'><strong>voluntatem.</strong></span> <span class='ocrx_word' id='word_1_814' title='bbox 3403 5611 3471 5668; x_wconf 85' lang='lat' dir='ltr'><strong>Et</strong></span> <span class='ocrx_word' id='word_1_815' title='bbox 3491 5613 3749 5670; x_wconf 87' lang='lat' dir='ltr'><strong>diurnam</strong></span> <span class='ocrx_word' id='word_1_816' title='bbox 3770 5625 3829 5672; x_wconf 90' lang='lat' dir='ltr'><strong>et</strong></span> <span class='ocrx_word' id='word_1_817' title='bbox 3853 5628 3941 5668; x_wconf 91' lang='lat' dir='ltr'><strong>no-</strong></span> 
     </span>
    </p>
   </div>
   <div class='ocr_carea' id='block_1_117' title="bbox 2347 5698 3942 5774">
    <p class='ocr_par' dir='ltr' id='par_1_117' title="bbox 2347 5698 3942 5774">
     <span class='ocr_line' id='line_1_120' title="bbox 2347 5698 3942 5774; baseline 0.009 -27"><span class='ocrx_word' id='word_1_818' title='bbox 2347 5701 2591 5750; x_wconf 90' lang='lat' dir='ltr'><strong>cturnam</strong></span> <span class='ocrx_word' id='word_1_819' title='bbox 2621 5698 2887 5754; x_wconf 90' lang='lat' dir='ltr'><strong>actionem</strong></span> <span class='ocrx_word' id='word_1_820' title='bbox 2915 5715 3066 5756; x_wconf 89' lang='lat' dir='ltr'><strong>suam</strong></span> <span class='ocrx_word' id='word_1_821' title='bbox 3095 5702 3149 5756; x_wconf 91' lang='lat' dir='ltr'><strong>in</strong></span> <span class='ocrx_word' id='word_1_822' title='bbox 3191 5703 3542 5760; x_wconf 87' lang='lat' dir='ltr'><strong>meditatione</strong></span> <span class='ocrx_word' id='word_1_823' title='bbox 3567 5705 3774 5764; x_wconf 76' lang='lat' dir='ltr'><strong>divina:</strong></span> <span class='ocrx_word' id='word_1_824' title='bbox 3809 5704 3942 5774; x_wconf 76' lang='lat' dir='ltr'><strong>legis</strong></span> 
     </span>
    </p>
   </div>
   <div class='ocr_carea' id='block_1_118' title="bbox 2346 5791 3942 5870">
    <p class='ocr_par' dir='ltr' id='par_1_118' title="bbox 2346 5791 3942 5870">
     <span class='ocr_line' id='line_1_121' title="bbox 2346 5791 3942 5870; baseline 0.007 -27"><span class='ocrx_word' id='word_1_825' title='bbox 2346 5798 2615 5857; x_wconf 80' lang='lat' dir='ltr'><strong>exerceat,</strong></span> <span class='ocrx_word' id='word_1_826' title='bbox 2645 5799 2704 5846; x_wconf 90' lang='lat' dir='ltr'><strong>ut</strong></span> <span class='ocrx_word' id='word_1_827' title='bbox 2731 5791 2832 5848; x_wconf 91' lang='lat' dir='ltr'><strong>hoc</strong></span> <span class='ocrx_word' id='word_1_828' title='bbox 2851 5794 2998 5866; x_wconf 89' lang='lat' dir='ltr'><strong>quod</strong></span> <span class='ocrx_word' id='word_1_829' title='bbox 3042 5793 3212 5852; x_wconf 81' lang='lat' dir='ltr'><strong>Adam</strong></span> <span class='ocrx_word' id='word_1_830' title='bbox 3252 5797 3482 5870; x_wconf 88' lang='lat' dir='ltr'><strong>perdidit</strong></span> <span class='ocrx_word' id='word_1_831' title='bbox 3507 5797 3942 5867; x_wconf 82' lang='lat' dir='ltr'><strong>contemnendo,</strong></span> 
     </span>
    </p>
   </div>
  </div>
