4108 6348
292 299 404 356 519

1269 301 1737 358 (ὩΜΜΕΝΤΛΒΙΙ
1781 300 1847 357 IN
1882 300 2213 359 PSALMOS.
2259 304 2449 362 PSAL.
2494 307 2580 364 IV.

3487 294 3594 374 330

291 425 400 479 istc
445 419 802 477 custodiendo
848 421 1116 485 inveniat,
1147 438 1470 491 permanens
1505 422 1656 494 juxta
1687 421 1886 478 lluenta
1916 423 1961 481 Α
1992 421 2266 493 insurgunt
2314 421 2588 479 adversum
2630 442 2726 481 me.
2785 425 2937 482 Multi
2977 427 3153 483 dicunt
3199 430 3390 485 anima:
3418 448 3547 489 meas
3575 451 3594 487 :

290 516 432 586 legis
455 557 469 579 ,
532 521 590 569 ut
642 515 841 584 lignum
880 515 1000 570 vita:
1041 516 1503 571 immortalitatem
1543 516 1780 588 capiens.
1816 513 1893 571 Ita

291 609 514 665 domum
554 623 887 679 qumcunque
917 608 1125 676 fecerit,
1168 610 1645 681 prosperabuntur.
1687 609 1893 691 llliau-

293 708 429 763 tem,
461 700 512 755 id
541 708 625 756 est
664 700 832 773 impii,
863 698 1340 773 contempserunt,
1389 719 1495 757 non
1538 703 1635 767 sic,
1665 701 1761 758 sed
1790 700 1895 757 hoc

290 791 600 858 eiseveniet
621 792 674 847 in
705 792 865 847 linem
889 793 1093 857 muli,
1123 793 1269 865 quod
1296 795 1348 850 in
1379 792 1484 849 line
1504 793 1693 865 psalmi
1713 808 1895 849 sermo

289 882 646 954 propheticus
672 884 1051 949 comminatur,
1074 884 1245 954 gloria
1272 892 1476 941 aeterna
1501 884 1591 956 qui
1620 893 1810 955 regnat
1840 884 1895 941 in

290 975 495 1031 saecula
524 974 867 1032 saeculorum.
887 975 1076 1031 Amen.

885 1086 1203 1145 PSALMUS
1231 1089 1293 1144 ll.

859 1179 1103 1238 Psalmus
1163 1181 1347 1238 David.

370 1275 546 1342 Quare
591 1277 915 1348 fremuerunt
959 1282 1151 1347 gentes,
1198 1283 1271 1353 et,
1293 1274 1471 1346 populi
1511 1274 1747 1329 meditati
1773 1283 1898 1329 sunt

289 1368 500 1438 inania.
526 1365 812 1421 Astiterunt
831 1382 978 1438 reges
1000 1374 1172 1431 teme,
1198 1374 1249 1421 et
1266 1365 1529 1438 principes
1550 1373 1898 1421 conuenerunt

288 1463 349 1515 in
386 1436 566 1522 unum,
598 1457 840 1513 adversus
892 1436 1181 1514 Dominum
1233 1436 1286 1512 et
1336 1436 1581 1514 adversus
1634 1457 1898 1515 Christum

289 1554 427 1624 ejus.
456 1550 826 1622 Dirumpamus
852 1550 1056 1606 uincula
1075 1567 1281 1618 eorum;
1305 1560 1355 1606 et
1379 1552 1719 1625 projiciamus
1740 1571 1773 1607 a
1800 1571 1897 1609 no-

289 1644 373 1699 bis
397 1643 585 1716 jugum
611 1643 862 1714 ipsorum.
903 1641 1006 1708 Qui
1029 1642 1231 1697 habitat
1251 1645 1315 1699 "in
1343 1642 1484 1700 calis
1513 1644 1749 1701 irridebit
1775 1662 1894 1713 eos;

289 1746 344 1792 et
377 1736 631 1792 Dominus
650 1735 989 1792 subsannabit
1017 1754 1125 1793 eos.
1182 1737 1328 1793 Tunc
1366 1738 1603 1811 loquetur
1627 1740 1696 1794 ad
1724 1757 1810 1796 eos
1838 1743 1895 1796 in

1990 510 2125 569 'Non
2171 524 2250 569 est
2300 515 2443 572 salus
2493 517 2594 589 ipsi
2623 519 2676 572 in
2712 518 2819 574 Deo
2847 522 2975 592 ejus.
3006 519 3079 574 Tu
3109 530 3309 588 autem,
3344 523 3594 591 Domine,

1998 614 2263 677 susceptor
2282 621 2424 661 meus
2453 624 2530 670 es,
2548 607 2716 680 gloria
2737 627 2872 675 mea,
2898 620 2949 665 et
2974 611 3216 669 eaaltans
3234 625 3386 687 caput
3408 634 3593 674 meum.

2012 694 2147 751 Voce
2193 714 2306 751 mea
2350 698 2422 752 ad
2474 697 2753 755 Dominum
2782 701 3022 768 clamaui,
3060 714 3110 759 et
3147 707 3405 763 exaudiuit
3429 726 3508 765 me
3536 712 3597 767 de

2003 799 2176 863 monte
2195 801 2377 846 sancto
2404 808 2517 846 suo.
2553 790 2665 865 Ego
2694 793 2913 850 dormivi
2933 805 2983 850 et
3006 807 3282 869 soporatus
3301 786 3413 856 sum
3433 813 3482 857 et
3508 821 3598 858 es:-

2002 882 2236 947 surrexi,
2268 883 2390 955 quia
2422 881 2671 939 Dominus
2693 887 2918 958 suscepit
2942 904 3039 942 me.
3075 887 3199 945 Non
3223 891 3408 949 timebo
3436 895 3600 964 millia

2003 971 2180 1044 populi
2207 973 2579 1029 circumdantis
2598 991 2713 1029 me:
2742 994 2981 1051 exsurge,
3013 977 3234 1038 Domine
3250 1022 3267 1050 ,
3296 986 3495 1043 saluum
3521 1005 3599 1043 me

2006 1061 2110 1132 fac,
2142 1058 2286 1119 Deus
2312 1079 2475 1119 meus.
2509 1060 2767 1130 Quoniam
2809 1077 2861 1120 tu
2905 1072 3204 1140 percussisti
3223 1092 3399 1134 omnes
3420 1078 3598 1133 adrer-

2002 1160 2179 1207 santes
2218 1153 2346 1209 mihi
2364 1155 2479 1210 sine
2502 1171 2681 1224 causa,
2709 1158 2885 1215 dentes
2924 1172 3251 1231 peccatorum
3289 1170 3598 1226 contrivisti.

2006 1240 2223 1300 Domini
2266 1254 2344 1301 est
2388 1245 2560 1313 salus,
2590 1255 2642 1304 et
2669 1266 2824 1322 super
2848 1253 3093 1325 populum
3133 1264 3275 1311 tuum
3316 1250 3599 1317 benedictio

2006 1344 2115 1395 tua.

2554 1428 2990 1473 COIIINTAIIIJI.

2040 1568 2045 1573 .
2079 1520 2316 1580 Titulum
2364 1526 2557 1597 psalmi
2607 1528 2752 1586 tertii
2781 1529 2884 1588 hac
2906 1548 3010 1589 una
3048 1536 3312 1593 sententia
3339 1538 3596 1611 explana-

2005 1632 2144 1710 mus.
2178 1615 2504 1710 Persecutus
2527 1629 2613 1678 est
2633 1621 2869 1681 Absslon
2905 1634 3144 1699 patrem,
3177 1627 3367 1687 fronde
3395 1632 3598 1710 a,collo

2004 1704 2221 1778 ligatur.
2251 1706 2418 1767 ludas
2450 1711 2672 1769 tradidit
2700 1714 3017 1783 Dominum,
3046 1726 3104 1776 et
3130 1719 3323 1793 laqueo
3348 1704 3599 1781 coarcta-

291 1832 378 1884 ira
400 1847 517 1894 sua,
546 1837 595 1884 et
635 1831 691 1884 in
738 1831 918 1903 furore
959 1846 1053 1885 suo
1095 1802 1555 1886 conturbabit'eos.
1586 1829 1703 1905 Ego
1723 1841 1897 1888 autem

2006 1810 2094 1857 tur
2129 1819 2141 1855 :
2172 1802 2314 1859 sicut
2341 1804 2566 1862 historia
2587 1808 2896 1879 passionem
2917 1809 3084 1867 David
3108 1816 3434 1885 preteritam
3465 1818 3605 1874 indi-

289 1922 609 1981 constitutus
636 1939 751 1978 sum
770 1940 867 1977 rex
883 1920 947 1976 ab
977 1938 1037 1978 eo
1066 1939 1221 1995 super
1248 1932 1475 1979 montem
1504 1922 1636 1980 Sion
1662 1936 1897 1981 sanctum

274 2018 428 2087 ejus,
452 2015 749 2089 prwdicans
768 2024 1079 2087 proruptum
1101 2017 1235 2088 ejus.
1258 2013 1510 2071 Dominus
1538 2016 1673 2071 dixit
1701 2017 1771 2070 ad
1796 2033 1899 2081 me,

292 2106 467 2164 Filius
497 2124 638 2164 meus
666 2126 722 2163 es
750 2118 822 2174 tu,
849 2125 943 2180 ego
970 2107 1121 2163 hodie
1150 2109 1304 2179 genui
1326 2117 1391 2163 te.
1425 2107 1700 2179 Postula‘a
1726 2127 1827 2175 me,
1851 2118 1903 2165 et

288 2201 433 2257 dabo
487 2201 580 2257 tibi
608 2210 782 2274 gentes
826 2200 1184 2256 luereditatem
1206 2208 1370 2265 tuam,
1424 2210 1473 2255 et
1526 2201 1905 2273 possessionem

295 2300 447 2346 tuam
472 2293 724 2347 terminos
754 2301 927 2347 terra.
955 2288 1121 2363 Reges
1142 2308 1228 2346 eos
1255 2293 1310 2346 in
1351 2293 1495 2369 virga
1522 2294 1693 2365 ferrea
1710 2302 1759 2347 et
1782 2302 1904 2350 tan-

292 2401 458 2455 quam
488 2401 578 2438 vas
601 2384 752 2456 figuli
779 2384 1079 2461 confringcs
1107 2400 1212 2438 eos.
1250 2381 1317 2436 Et
1345 2400 1481 2439 nunc
1498 2427 1511 2450 ,
1546 2402 1715 2457 reges,
1746 2389 1903 2442 intel-

294 2474 468 2545 ligite,
498 2472 777 2526 erudimini
805 2474 892 2544 qui
914 2472 1168 2545 judicatt's
1208 2481 1417 2529 terram.
1448 2476 1652 2530 Servite
1672 2475 1900 2532 Domino

296 2566 363 2619 in
392 2565 596 2628 timore,
623 2571 673 2619 et
699 2563 959 2618 exsultate
983 2566 1030 2618 ei
1069 2580 1184 2619 cum
1228 2573 1465 2622 tremore.
1519 2566 1899 2639 Apprehentlite

186 2677 197 2685 -
299 2653 654 2726 disciplinam,
686 2671 752 2709 ne
777 2654 982 2726 ﬂando
1005 2657 1263 2711 irascatur
1289 2654 1542 2713 Dominus
1561 2698 1578 2723 ,
1599 2668 1647 2714 et
1671 2662 1897 2730 pereatis

297 2744 372 2799 de
417 2746 497 2800 via
534 2745 701 2817 justo.
743 2745 872 2801 Cum
900 2748 1153 2802 exarserit
1200 2748 1254 2802 in
1300 2746 1437 2803 brevi
1483 2750 1566 2804 ira
1593 2750 1729 2821 ejus,
1760 2750 1896 2807 beati

290 2848 480 2891 omna
506 2837 594 2907 qui
616 2836 886 2907 conﬁdunt
911 2838 968 2893 in
995 2855 1072 2894 eo.

874 2943 1315 2986 οουκειετικιυι.

377 3016 556 3089 Usque
604 3019 764 3076 hodie
802 3029 992 3090 gentes
1036 3020 1272 3078 fremunt
1319 3021 1575 3079 adversus
1600 3021 1896 3092 Christum,

285 3112 390 3185 qui
420 3111 578 3169 idolis
606 3112 766 3169 ﬁnem
813 3113 1086 3184 imposuit.
1121 3112 1265 3169 Nam
1310 3113 1537 3170 Domino
1587 3116 1817 3171 intrante
1843 3117 1896 3172 in

288 3202 608 3279 zEggptum,
637 3206 782 3262 idola
802 3206 1103 3279 templorum
1126 3217 1431 3262 corruerunt
1460 3224 1478 3262 :
1494 3208 1653 3279 juxta
1673 3209 1898 3281 prophe-
1926 3187 1976 3252 (ἶ

214 3348 223 3353 ,
289 3310 406 3354 tam
432 3297 652 3365 Isaiam,
675 3299 874 3355 decimo
900 3316 1058 3365 nono,
1090 3302 1178 3373 qui
1211 3301 1292 3356 his
1321 3303 1481 3356 utitur
1528 3302 1690 3357 verbis
1721 3300 1899 3360 :Ecce

288 3389 553 3446 Dominus
582 3390 827 3447 ascendet
854 3409 1007 3464 super
1054 3393 1237 3448 nubent
1267 3393 1444 3459 levem,
1485 3404 1535 3449 et
1580 3397 1898 3469 ingredietur

288 3481 608 3556 JEgyptum,
648 3493 699 3538 et
738 3482 1185 3540 commovebuntur
1231 3486 1513 3541 simulacra
1540 3505 1573 3541 a
1620 3489 1755 3561 facie
1784 3489 1898 3562 ejus

291 3566 679 3649 (Chrysostom.
703 3577 759 3630 in
787 3592 824 3633 Il
845 3574 1070 3643 Matth;
1099 3578 1254 3643 Ans.,
1285 3575 1448 3632 Lerit.
1483 3596 1533 3634 tu
1563 3588 1612 3633 et
1641 3578 1774 3650 xu).
1800 3578 1901 3658 Po-

289 3668 441 3741 puli,
475 3667 528 3723 id
557 3674 640 3723 est
666 3666 863 3735 Judtci,
915 3668 1246 3725 meditantur
1290 3670 1492 3735 inania,
1523 3670 1900 3728 distinctiones

290 3759 542 3817 ciborum
576 3766 632 3815 et
659 3758 1006 3815 sabbatorum
1039 3760 1201 3820 ferias
1226 3759 1588 3827 attendentes,
1621 3770 1897 3818 utrorum-

290 3867 404 3923 que
460 3851 672 3906 vincula
719 3851 1101 3923 disrumpenda
1154 3867 1293 3924 quos
1337 3851 1611 3908 habitator
1638 3853 1899 3909 calorum

294 3943 444 3998 Deus
472 3942 688 3997 interim
718 3942 922 4006 irridet,
949 3942 1044 3999 sed
1073 3943 1126 3998 in
1144 3941 1349 4011 judicio
1377 3943 1513 3998 iram
1540 3959 1694 4001 suam
1725 3944 1827 4000 illis
1847 3954 1904 4001 et

294 4035 543 4089 furorem
572 4034 841 4099 ostendet,
862 4036 1057 4105 quibus
1082 4024 1328 4091 dicturus
1354 4045 1440 4092 est
1470 4054 1484 4091 :
1515 4036 1601 4092 Me
1628 4052 1790 4107 quem
1815 4055 1907 4095 ne-

296 4126 470 4199 gastis
518 4124 714 4183 Filium
743 4125 868 4194 Dei,
901 4142 1007 4183 vox
1034 4126 1103 4184 de
1131 4128 1270 4184 coelo
1296 4126 1532 4185 Paterna
1560 4144 1659 4185 vos
1685 4128 1899 4197 docuit,

293 4236 424 4277 cum
483 4218 537 4276 in
581 4216 821 4274 Iordane
860 4235 947 4275 me
973 4219 1155 4291 posito
1182 4219 1332 4288 dixit,
1366 4220 1531 4277 Filius
1558 4237 1710 4278 meus
1736 4237 1795 4279 es
1820 4232 1896 4279 tu.

292 4312 455 4383 Quod
485 4322 669 4368 autem
690 4312 857 4377 dixit,
886 4311 1003 4383 Ego
1026 4312 1187 4369 hodie
1205 4356 1219 4381 ,
1249 4313 1391 4371 Deus
1419 4314 1535 4371 heri
1564 4323 1621 4371 et
1639 4330 1761 4372 cras
1788 4332 1898 4373 non

294 4394 484 4469 habet,
527 4402 623 4457 sed
653 4418 869 4473 semper
896 4403 1056 4484 hodie
1089 4421 1197 4460 non
1224 4405 1407 4461 habet.
1457 4405 1725 4478 Tempora
1752 4407 1898 4464 enim

291 4498 401 4556 sub
423 4498 819 4570 ipsoaguntur,
850 4514 957 4555 non
987 4497 1103 4569 ipse
1124 4514 1154 4553 a
1182 4499 1518 4571 temporibus
1542 4501 1738 4571 agitur.
1762 4500 1896 4559 Nam

2004 1897 2111 1959 cat,
2139 1893 2214 1948 ita
2242 1895 2558 1966 mysterium
2586 1898 2895 1970 passionem
2916 1900 3130 1959 Domini
3152 1903 3385 1962 futuram
3406 1924 3606 1967 annuno

2007 1982 2126 2049 tiat,
2170 1982 2224 2039 in
2268 2001 2374 2056 qua
2419 2002 2610 2053 omnes
2649 1986 2772 2046 cum
2804 2004 3154 2065 negaverunt,
3178 1996 3453 2057 dicentes:
3487 2001 3605 2060 Non

2007 2080 2095 2128 est
2137 2073 2284 2131 salus
2329 2076 2379 2132 ei
2427 2077 2481 2133 in
2520 2078 2631 2136 Deo
2659 2080 2808 2151 ejus,
2839 2083 2933 2139 sed
2973 2085 3019 2141 si
3048 2094 3134 2142 est
3159 2102 3227 2145 ex
3252 2088 3384 2156 Deo,
3414 2090 3608 2150 liberet

2010 2179 2134 2220 eum
2158 2207 2174 2233 ,
2206 2182 2328 2223 cum
2359 2168 2643 2228 irridentes
2686 2173 2856 2242 illum,
2886 2176 3069 2235 multis
3100 2182 3442 2242 contumeliis
3469 2202 3606 2242 con-

2012 2255 2271 2329 viciisque
2308 2259 2588 2320 aftlcerent
2631 2265 2775 2322 atbei
2818 2276 2875 2324 et
2901 2270 3203 2341 pertinaces
3227 2271 3417 2331 Judazi.
3451 2275 3607 2335 Jesus

2009 2357 2190 2406 autem
2220 2367 2352 2410 voce
2378 2370 2475 2413 sua
2525 2356 2593 2412 ad
2620 2355 2791 2414 Deum
2819 2359 3072 2419 clamavit
3098 2372 3154 2420 et
3180 2367 3469 2425 exauditus
3497 2380 3601 2438 est,

2009 2439 2081 2495 ita
2113 2449 2172 2497 ut
2198 2452 2429 2501 mortem
2449 2448 2603 2518 quasi
2631 2464 2885 2523 soporem
2914 2454 3203 2527 acciperet.
3236 2457 3317 2515 Ex
3362 2476 3468 2532 qua
3504 2477 3603 2519 cx-

2003 2540 2229 2628 surgens
2248 2536 2386 2592 ultra
2415 2553 2523 2594 non
2547 2540 2745 2608 timuit,
2788 2544 2885 2601 sed
2935 2563 3078 2605 nunc
3104 2551 3325 2609 inducas
3353 2558 3605 2628 corrupti.

2001 2623 2104 2680 bile
2123 2627 2530 2702 incorruptione,
2554 2643 2606 2688 et
2618 2636 3011 2695 immortalitate
3039 2644 3259 2699 mortale
3287 2643 3328 2713 (Ι
3351 2645 3471 2701 Cor.
3490 2623 3603 2717 xv),

2001 2734 2110 2774 non
2141 2720 2294 2778 timet
2318 2725 2487 2780 multa
2523 2727 2690 2783 millia
2721 2732 2908 2803 populi
2937 2733 3325 2793 circumdantis
3367 2754 3445 2795 sc.
3481 2739 3606 2799 llaec

2002 2817 2085 2865 est
2112 2812 2256 2867 enim
2285 2814 2434 2906 salus
2463 2815 2676 2873 Domini
2697 2829 2753 2875 et
2774 2838 2939 2893 super
2968 2840 3069 2887 nos
3095 2828 3188 2897 qui
3217 2843 3402 2887 sumus
3430 2848 3604 2906 popu-

2005 2903 2088 2957 lus
2114 2903 2252 2974 ejus.
2295 2904 2422 2963 llzce
2450 2917 2536 2964 est
2564 2909 2870 2971 benedictio
2898 2914 3035 2988 ejus,
3070 2919 3162 2991 qui
3191 2931 3382 2993 regnat
3413 2925 3466 2982 in
3496 2903 3601 2984 sae-

2004 2996 2124 3054 cuia
2152 3001 2494 3059 sicariorum.
2533 3003 2723 3063 Amen.

2582 3118 2899 3181 PSALMUS
2936 3124 3025 3182 IV.

2212 3225 2268 3284 lu
2303 3228 2461 3286 tinem
2486 3231 2539 3288 in
2563 3234 2914 3306 carminibus,
2938 3241 3178 3312 psalmus
3198 3243 3384 3302 David.

2077 3344 2206 3402 Cum
2225 3349 2519 3404 invocarent
2543 3353 2805 3430 exaudiuit
2834 3348 2916 3409 me
2949 3354 3089 3411 Deus
3114 3360 3336 3430 justitite
3365 3378 3511 3427 metu,
3544 3367 3603 3419 in

2004 3437 2340 3496 tribulatione
2366 3442 2603 3499 dilatasti
2624 3428 2769 3500 mihi.
2805 3446 3053 3504 Miserere
3073 3428 3173 3506 mei
3195 3462 3247 3507 et
3265 3456 3454 3512 exaudi
3482 3472 3603 3514 ora-

2005 3532 2197 3586 tionem
2218 3549 2407 3588 meam.
2434 3532 2563 3589 Filii
2585 3535 2869 3604 hominum,
2901 3556 3162 3614 usquequo
3180 3547 3325 3617 gravi
3343 3548 3517 3616 corde,
3548 3561 3605 3607 ut

2004 3622 2127 3694 quid
2175 3623 2392 3695 diligitis
2441 3627 2743 3693 vanitatem,
2792 3639 2844 3683 et
2880 3634 3113 3702 queritis
3141 3637 3501 3694 mendacium?
3532 3639 3604 3695 lt't

2002 3715 2185 3770 scitote
2209 3719 2455 3788 quoniam
2483 3719 2778 3790 miriﬁcam
2810 3720 3060 3779 Dominus
3088 3738 3325 3781 sanctum
3353 3746 3522 3793 suum,
3550 3743 3603 3785 ct

2010 3803 2261 3860 Dominus
2289 3809 2531 3863 exaudiet
2568 3826 2649 3879 me
2688 3827 2803 3865 cum
2830 3813 3120 3868 clamarero
3139 3817 3210 3867 ad
3228 3832 3359 3871 eum.
3410 3817 3606 3875 Irasci-

2005 3899 2135 3950 miui
2163 3907 2214 3951 et
2254 3899 2412 3953 nolite
2441 3917 2674 3970 peccare,
2703 3919 2818 3973 qua:
2844 3903 3015 3956 dicitis
3042 3906 3095 3958 in
3126 3906 3367 3961 cordibus
3403 3913 3601 3976 rastris,

2005 3988 2130 4041 etin
2152 3986 2399 4065 cubilibus
2429 3991 2608 4045 restris
2627 3994 3048 4066 compungimini.
3075 3984 3382 4069 Sacri/irate
3398 4003 3605 4071 διατι-ἔβε-
3638 4040 3643 4049 ι

2005 4082 2143 4136 cium
2168 4082 2382 4148 iustitia:
2400 4094 2452 4138 et
2469 4096 2674 4155 sperate
2693 4087 2747 4140 in
2781 4085 3019 4155 Domino,
3044 4091 3190 4146 multi
3217 4094 3394 4148 dicunt
3422 4112 3440 4149 :
3472 4097 3601 4161 Quis

2004 4174 2228 4229 ostendit
2247 4175 2394 4231 nobis
2418 4176 2552 4232 bona
2567 4178 2593 4232 .9
2615 4180 2889 4252 Signinum
2910 4193 2987 4237 est
3005 4200 3159 4255 super
3178 4203 3271 4242 nos
3294 4188 3463 4244 Ιοωηνη
3487 4190 3598 4246 rul-

2004 4277 2087 4322 tus
2115 4269 2209 4334 tui,
2242 4266 2464 4325 Domine
2486 4312 2500 4333 ,
2525 4270 2712 4327 dedisti
2730 4274 2968 4329 Ιιειὲιίωκ
2996 4277 3047 4331 in
3069 4277 3227 4334 corde
3253 4298 3383 4336 meo.
3418 4284 3455 4335 ,ιι
3481 4286 3597 4356 fru-

2001 4368 2086 4412 ctu
2106 4360 2373 4430 frutneuti,
2403 4363 2507 4416 uini
2534 4371 2586 4417 et
2605 4364 2703 4419 olei
2732 4367 2834 4429 sui,
2860 4364 3189 4438 multiplicati
3208 4383 3347 4425 sunt.
3377 4371 3440 4427 lu
3471 4392 3599 4445 pars

2000 4452 2056 4506 in
2086 4453 2309 4525 idipsum
2349 4454 2607 4510 dormiam
2653 4467 2702 4510 et
2731 4459 3066 4530 requiescam.
3094 4458 3351 4525 Quoniam
3383 4474 3456 4530 tu,
3490 4464 3602 4522 Da-

291 4546 397 4556 ""
423 4546 819 4570 """°"""'
850 4546 957 4555 “““““
987 4546 1102 4569 "'"
1124 4546 1154 4553 “
1184 4546 1517 4571 """""’"
1542 4546 1738 4571 """""
1762 4546 1896 4559 """'
2001 4546 2140 4601 mine
2184 4546 2266 4601 sin
2339 4546 2522 4601 lariter
2549 4548 2601 4601 in
2626 4564 2651 4602 s
2687 4566 2717 4602 e
2745 4551 3063 4605 constituisti
3081 4568 3177 4607 me.

290 4592 432 4648 Sion
456 4606 612 4646 IIIOIIS
634 4590 779 4660 quod
800 4591 872 4645 sit
886 4588 1126 4645 Ecclesia
1149 4590 1309 4647 docet
1326 4591 1591 4664 propheta
1619 4593 1709 4663 qui
1730 4592 1891 4650 dicit:
1925 4562 1976 4623 υ
2143 4584 2159 4610 ’
2270 4562 2334 4618 an
2589 4566 2859 4664 “lim”.

293 4684 418 4757 Ego
440 4682 693 4738 Dominus
720 4681 957 4737 excitabo
986 4680 1117 4765 Sion
1161 4683 1215 4737 in
1242 4683 1477 4754 gentibus
1494 4724 1509 4749 ,
1549 4694 1599 4739 et
1626 4684 1762 4740 dabo
1783 4703 1899 4741 eam

292 4778 352 4831 in
405 4776 730 4849 festivitatem
782 4784 1027 4831 teternam
1074 4777 1215 4831 omni
1261 4777 1479 4832 nationi.
1530 4776 1587 4833 In
1626 4780 1740 4850 ipsa
1768 4794 1899 4850 ergo

260 4925 267 4929 .
296 4870 560 4943 przedicat
587 4868 755 4925 Filius
783 4879 1110 4940 pnnceptum
1141 4868 1332 4925 Patris.
1365 4869 1422 4925 ln
1445 4870 1558 4941 ipsa
1591 4880 1743 4942 reget
1768 4886 1902 4943 gen-

298 4973 391 5017 tes
407 4961 557 5031 quasi
587 4959 736 5031 virga
767 4960 959 5017 lerrea.
990 4960 1109 5015 Non
1128 4962 1271 5017 enim
1303 4960 1449 5018 cedit
1470 4961 1697 5019 fortibus
1716 4965 1901 5021 mundi

298 5068 408 5110 nec
431 5052 752 5108 miserorum
796 5052 1026 5124 despicit
1050 5052 1232 5109 facies.
1266 5052 1384 5125 ipsa
1415 5053 1664 5111 timorem
1686 5056 1901 5126 regibus

299 5144 553 5215 imperat.
578 5142 698 5215 Ipsa
727 5142 860 5199 iram
884 5150 1165 5199 venturam
1187 5145 1651 5216 contemptoribus
1676 5147 1901 5218 pollice-

300 5246 413 5303 tur,
443 5251 541 5309 per
559 5251 720 5308 quam
749 5232 999 5293 fictilibus
1044 5236 1275 5293 vasculis
1320 5237 1679 5295 comminatur
1711 5240 1900 5300 interi-

301 5342 440 5390 tum.
474 5330 594 5405 lpsa
621 5331 1011 5389 beatitudinem
1041 5329 1441 5389 conlidentibus
1463 5335 1810 5404 repromittit,
1843 5345 1899 5393 et

226 5428 233 5433 ’
298 5425 527 5486 Christo
551 5411 837 5493 olferente,
867 5426 959 5496 qui
991 5436 1181 5496 regnat
1219 5428 1271 5483 in
1322 5426 1515 5482 sucula
1556 5430 1892 5486 saeculorum.

269 5577 279 5587 ,
299 5519 499 5576 Amen.
534 5539 543 5548 -

884 5584 1198 5644 PSALMUS
1238 5588 1323 5644 Ill.

298 5680 556 5739 Psalmus
585 5678 775 5742 David,
809 5693 930 5733 cum
952 5676 1160 5748 fugeret
1200 5697 1230 5734 a
1262 5681 1397 5737 facie
1428 5683 1661 5738 Absalou
1686 5682 1775 5739 lilii
1795 5683 1898 5739 sui.

378 5772 624 5835 Domine,
639 5771 763 5842 quid
774 5769 1100 5842 multiplicati
1121 5781 1240 5825 sunt
1255 5775 1339 5843 qui
1354 5774 1600 5828 tribulant
1622 5776 1734 5828 me?
1753 5774 1904 5831 Multi

676 5863 948 5952 Ρᾼτμοι.
990 5861 1149 5947 ιω.

2585 4656 3026 4697 εοιηιιεκτλκιυι.

2076 4754 2286 4812 Titulus
2323 4758 2501 4827 quarti
2537 4757 2589 4812 in
2633 4757 2988 4822 carminibus,
3022 4758 3072 4813 id
3102 4766 3209 4825 est,
3247 4758 3299 4817 in
3328 4764 3600 4836 mysteriis

2006 4848 2242 4919 ponitur.
2289 4847 2344 4903 In
2389 4849 2586 4919 quibus
2616 4848 2757 4904 Deus
2793 4850 3015 4918 justitia:
3043 4851 3319 4909 exaudivit
3352 4854 3405 4911 in
3434 4872 3601 4914 cruce

2004 4942 2242 5013 positum
2271 4941 2464 4997 Filium
2494 4956 2671 5009 suum,
2712 4951 2901 4998 contra
2928 4957 3089 5014 quem
3112 4944 3405 5005 irascentes
3424 4948 3597 5005 Judaei

2009 5041 2235 5104 peccant
2282 5047 2454 5111 usque
2493 5033 2674 5100 hodie,
2707 5034 2798 5106 qui
2828 5049 2936 5091 non
2965 5048 3254 5107 peccarcnt
3281 5041 3598 5105 irascentes,

2008 5129 2053 5183 si
2083 5143 2211 5184 vere
2254 5127 2348 5183 Dei
2403 5142 2509 5184 non
2556 5136 2701 5184 esset
2728 5127 2893 5185 Filius
2921 5145 3083 5202 quem
3136 5141 3413 5202 negarent.
3445 5129 3603 5197 Quod

2008 5222 2088 5278 cis
2102 5221 2223 5278 ideo
2238 5222 2437 5285 evenit,
2451 5223 2574 5293 quia
2599 5238 2705 5278 non
2725 5224 3028 5280 sacrificant
3048 5225 3365 5282 sacriﬁcium
3380 5219 3601 5291 justitiut

2006 5314 2148 5370 sicut
2176 5313 2347 5379 Abel,
2378 5314 2473 5369 sed
2513 5315 2649 5371 sicut
2668 5314 2800 5371 Cain
2833 5316 3017 5371 livoris
3039 5323 3202 5384 atque
3228 5310 3455 5368 invidim.
3490 5308 3602 5366 Nos

2008 5414 2186 5461 autem
2213 5407 2307 5476 qui
2333 5406 2630 5471 credimus,
2654 5406 2897 5463 dicamus
2914 5406 3176 5459 Domino:
3210 5404 3487 5471 Signatum
3517 5414 3602 5461 est

2010 5515 2173 5570 super
2201 5515 2299 5556 nos
2324 5499 2499 5555 lumen
2528 5499 2707 5554 vultus
2735 5499 2829 5556 tui.
2864 5494 3109 5549 Domine.
3158 5493 3215 5547 In
3261 5507 3370 5563 quo
3399 5492 3601 5555 lumine

2010 5592 2135 5648 data
2172 5602 2253 5649 est
2283 5592 2465 5649 laetitia
2494 5592 2546 5646 in
2574 5589 2736 5644 corde
2761 5582 2968 5643 uestro,
3010 5584 3191 5643 abillo
3232 5593 3472 5657 tempore
3491 5605 3601 5662 quo

2012 5685 2315 5755 accepimus
2339 5686 2661 5739 frumentum
2685 5681 2739 5734 in
2766 5687 3014 5743 corpore,
3032 5675 3210 5730 vinum
3235 5678 3286 5733 iu
3314 5685 3597 5753 sanguine.

2014 5773 2192 5833 oleum
2244 5776 2294 5828 in
2348 5773 2655 5837 chrismate.
2715 5766 3011 5821 (lll'crcutcs
3057 5767 3235 5822 aufem
3279 5786 3463 5841 pacem
3499 5777 3599 5845 ista

3132 5860 3196 5931 ll
