4108 6348
1921 309 2192 383 ARNOBII
2230 306 2534 366 mmoms

2675 219 2772 239 αφ

3782 288 3887 345 352

593 457 957 538 percepimus,
988 452 1114 527 quia
1142 449 1256 505 lucc
1303 440 1644 513 singulariter
1684 436 1740 492 in
1777 448 1873 505 spe
1908 449 1940 487 a
1965 428 2195 486 Domino
2221 426 2420 493 Amit.
2458 423 2539 480 Tu
2593 413 2894 493 ecfinquit
2916 460 2932 485 ,
2963 419 3103 475 Deus
3146 431 3254 473 non
3301 412 3491 471 volens
3528 407 3885 481 iniquitatem.

1525 534 1536 538 _
1746 537 1749 538 ,
1788 528 1800 538 .
2012 523 2027 538 .
2128 535 2158 538 Α
2301 519 2426 538 n,-9_
2463 518 2592 538 __:_-
2625 515 2827 538 .12-.--“
2861 529 2977 538 ιη...
3004 512 3141 538 -..ιιιη
3163 507 3537 538 :..:-..:a..mm9
3572 502 3734 538 ιιιιιηηί
3779 502 3885 538 εἴη.

600 523 896 614 constituta
938 523 1249 604 inVChristo
1277 537 1424 604 Jesu,
1448 534 1539 606 qui
1569 537 1760 605 regnat
1786 528 1842 584 in
1870 523 2064 599 saecula
2092 535 2194 579 ste-

601 647 866 706 culorum.
894 640 1084 698 Amen.

1191 697 1510 758 PSALMUS
1548 694 1612 750 γ.

600 812 663 871 1n
684 813 845 869 linem
863 821 964 881 pro
975 820 1039 861 ea
1055 816 1175 873 quae
1186 797 1557 923 halat,qu
1575 785 1943 858 consequitur,
1962 779 2200 901 psalmus

570 898 576 901 '
1309 883 1495 922 uavm.
1700 904 1705 909 .
2120 886 2138 901 .

684 993 855 1048 Verba
874 1007 989 1046 mea
1008 984 1219 1043 auribus
1241 974 1465 1059 percipe,
1493 975 1732 1039 Domine,
1758 964 1995 1043 intelligé'
2008 967 2203 1033 clamo-

570 1069 574 1077 ’
606 1104 715 1143 rem
755 1100 943 1140 meum.
994 1077 1220 1134 Intende
1262 1075 1372 1129 uoci
1418 1071 1672 1127 orationis
1700 1082 1845 1132 mew,
1870 1079 1961 1118 rex
1982 1077 2123 1119 meus
2154 1068 2206 1114 et

609 1179 751 1234 Deus
774 1192 935 1230 meus.
970 1170 1229 1238 Quoniam
1250 1166 1321 1220 ad
1351 1174 1397 1219 te
1416 1160 1594 1226 orabo,
1612 1159 1851 1223 Domine,
1874 1171 2026 1213 mane
2045 1168 2205 1217 exau-

613 1272 726 1326 dies
752 1283 925 1324 vocem
939 1246 1129 1319 meam.
1162 1258 1322 1315 Mane
1349 1252 1529 1325 astabo
1557 1264 1608 1310 et
1634 1250 1809 1309 videbo
1837 1250 2081 1327 quoniam
2102 1263 2206 1309 non

611 1365 752 1420 Deus
781 1361 953 1417 volens
973 1357 1299 1429 iniquitatem
1326 1361 1377 1405 tu
1398 1367 1472 1404 es.
1505 1345 1689 1419 Neque
1714 1340 1967 1399 habitabit
1979 1341 2141 1425 juatta
2161 1346 2207 1391 te

612 1458 894 1528 malignus,
919 1420 1080 1524 neque
1115 1444 1489 1522 permanebunt
1515 1442 1698 1514 injusti
1726 1448 1848 1492 ante
1875 1420 2205 1492 oculos'tuos.

616 1548 789 1604 Odisti
814 1562 989 1601 omnes
1014 1544 1101 1618 qui
1126 1547 1404 1614 operantur
1428 1536 1753 1608 iniquitatem
1771 1572 1786 1598 ,
1816 1528 1995 1603 perdes
2032 1543 2209 1593 omnes

588 1636 703 1713 'qui
732 1640 1007 1712 loquuntur
1028 1632 1372 1690 mendacium.
1410 1627 1592 1687 Virum
1631 1625 1945 1703 sanguinum
1979 1629 2029 1683 et
2064 1619 2211 1681 dolo-

617 1752 732 1790 sum
752 1724 1130 1801 abominabitur
1167 1725 1443 1792 Dominus,
1484 1740 1578 1796 ego
1608 1729 1779 1775 autem
1807 1719 1860 1772 in
1883 1714 2214 1772 multitudine

2299 519 2431 589 Quis
2456 518 2598 575 enim
2620 515 2830 573 dixerat
2856 529 2979 571 eum
3004 512 3143 568 velle
3163 507 3537 582 iniquitatem?
3564 502 3735 560 Judaei
3779 502 3888 558 sine

2300 612 2483 679 dubio,
2519 610 2613 682 qui
2640 624 2741 685 pro
2788 606 3042 680 operibus
3067 599 3452 661 misericordiae
3491 596 3782 654 Dominum
3809 594 3885 649 in-

2301 712 2587 777 crepantes
2604 702 2900 767 dicebant:
2936 696 3059 759 Non
3088 705 3165 754 est
3190 697 3289 752 iste
3307 695 3459 749 homo
3480 709 3514 746 α
3535 690 3644 746 Deo
3668 689 3768 764 qui
3785 687 3890 742 sab-

2280 800 2479 861 batum
2514 815 2620 855 non
2667 795 2893 852 custodit
2936 792 3120 866 (Joan.
3145 790 3245 863 ιι).
3273 788 3381 847 Iste
3407 794 3588 842 autem
3617 790 3671 838 et
3717 780 3888 868 a.Deo

2303 900 2406 958 est,
2436 899 2493 947 et
2528 890 2645 960 ipse
2672 895 2756 943 est
2793 886 2935 943 Deus
2962 884 3053 963 qui
3095 884 3204 938 noti
3246 879 3366 939 vult
3385 875 3752 949 iniquitatem.
3784 871 3888 927 Non

2305 983 2571 1041 habitabit
2591 982 2745 1053 juxta
2775 994 2898 1035 eum
2918 977 3204 1046 malignus,
3246 972 3297 1030 id
3325 980 3430 1038 est,
3463 969 3693 1043 populus
3724 967 3891 1022 incre-
3918 1004 3921 1007 »

2306 1077 2484 1142 dnlus,
2506 1083 2563 1132 et
2589 1091 2698 1131 non
2719 1069 3115 1143 permanebunt
3142 1074 3271 1125 ante
3296 1064 3483 1121 oculos
3511 1061 3645 1131 ejus.
3685 1058 3828 1114 Odio
3847 1059 3890 1112 ci

2307 1179 2434 1227 sunt
2454 1170 2547 1240 qui
2588 1174 2882 1239 operantur
2912 1150 3279 1232 iniquitatem,
3318 1166 3373 1214 et
3412 1164 3640 1228 pereunt
3675 1153 3777 1223 qui
3816 1152 3889 1206 lo-

2307 1271 2542 1336 quuntur
2581 1257 2942 1316 mendacium.
2970 1252 3156 1310 Omnis
3202 1252 3346 1307 enim
3377 1248 3470 1329 qui
3497 1254 3656 1319 negat
3718 1242 3891 1301 Iesum

2308 1333 2507 1410 liilium
2534 1351 2650 1419 Dei,
2696 1351 2783 1406 hic
2822 1342 3053 1403 mendax
3088 1351 3189 1401 est.
3223 1341 3325 1419 Qui
3370 1348 3551 1395 autem
3590 1333 3888 1397 conﬁtetur,

2285 1443 2289 1447 ’
2311 1449 2480 1505 intrat
2500 1446 2555 1503 in
2584 1445 2802 1500 domum
2824 1432 2950 1505 Dei,
2966 1444 3021 1507 et
3049 1436 3242 1492 adorat
3262 1433 3331 1488 ad
3350 1430 3610 1511 templum
3636 1422 3887 1488 sanctum.

2312 1558 2420 1598 non
2452 1541 2506 1595 in
2526 1537 2726 1611 lapide,
2759 1535 2856 1593 sed
2884 1535 2936 1589 in
2961 1532 3172 1606 spiritu.
3197 1528 3352 1584 Hunc
3379 1522 3612 1591 deducet
3639 1519 3889 1579 Dominus

2284 1622 2293 1707 ί
2314 1632 2366 1689 in
2389 1647 2484 1689 sua
2502 1628 2709 1703 justitia
2736 1634 2960 1701 propter
2993 1622 3240 1681 inimicos
3258 1660 3277 1691 ,
3304 1626 3363 1683 ut
3390 1617 3586 1695 dirigat
3606 1615 3660 1670 in
3679 1628 3890 1695 conspe-

2314 1737 2405 1785 ctu
2448 1724 2565 1796 ejus
2590 1723 2747 1779 .viam
2785 1734 2960 1789 suam.
2985 1714 3164 1785 Quare
3207 1702 3431 1787 propter
3469 1692 3756 1765 inimicos?
3783 1692 3888 1775 quia

587 1819 595 1827 ’
622 1822 997 1879 misericordiae
1041 1828 1162 1876 tute.
1204 1812 1440 1871 Introibo
1469 1815 1526 1867 in
1555 1812 1763 1866 domum
1790 1819 1951 1875 tuam,
1981 1802 2208 1863 adorabo
2240 1809 2289 1873 Β
2318 1817 2763 1876 inimiciauemm
2786 1813 2927 1869 viam
2957 1800 3269 1877 οειθηάυίιι,
3292 1822 3406 1883 qua,
3425 1800 3565 1858 dum
3584 1799 3654 1859 ad
3672 1806 3887 1861 morm,

582 1912 587 1919 ‘
619 1916 691 1972 ad
720 1914 961 1989 templum
982 1902 1221 1968 sanctum
1242 1900 1393 1965 tuum
1424 1908 1480 1961 in
1513 1907 1695 1961 timore
1723 1912 1828 1957 tuo.
1855 1900 2098 1964 Domine,
2121 1897 2213 1955 de-

588 2008 591 2011 ’
621 2010 719 2063 duc
746 2025 826 2063 me
861 2008 916 2063 in
951 2005 1159 2079 justitia
1188 2012 1278 2056 tua
1298 2008 1507 2074 propter
1527 1998 1764 2074 inimicos
1785 2011 1944 2058 meos,
1970 1992 2138 2065 dirige
2162 1993 2217 2045 in

588 2108 591 2115 “
622 2109 893 2174 conspectu
921 2109 1005 2154 tuo
1037 2099 1171 2153 viam
1193 2112 1379 2151 meam.
1416 2089 1675 2161 Quoniam
1695 2105 1799 2144 non
1826 2095 1901 2142 est
1930 2086 1985 2140 in
2018 2101 2105 2139 ore
2132 2100 2219 2138 eo-

607 2179 736 2247 rum
758 2192 968 2256 veritas,
1010 2205 1100 2243 cor
1135 2202 1311 2243 eorum
1340 2200 1527 2239 uanum
1561 2190 1655 2236 est.
1689 2176 1996 2250 Sepulcrum
2037 2184 2219 2247 patens

622 2293 698 2340 est
726 2294 902 2357 guttur
942 2298 1139 2349 eorum,
1181 2279 1372 2351 linguis
1415 2279 1523 2333 suis
1566 2275 1741 2331 dolose
1770 2272 2014 2344 agebant,
2038 2269 2223 2341 judico

624 2377 763 2442 illos,
810 2373 971 2429 Deus.
1016 2372 1277 2426 Decidant
1306 2389 1339 2425 a
1382 2368 1782 2442 cogitationibus
1810 2367 1916 2420 suis
1944 2362 2223 2420 secundu'm

627 2466 1013 2521 multitudinem
1046 2465 1368 2535 impietatum
1388 2458 1586 2525 eorum,
1616 2458 1811 2530 expelle
1839 2474 1948 2522 eos,
1978 2456 2224 2529 quoniam

594 2555 599 2560 ’
629 2559 962 2612 irritarerunt
988 2564 1055 2619 te,
1081 2554 1322 2608 Domine.
1350 2552 1418 2607 Et
1441 2557 1680 2609 taztentur
1707 2567 1883 2609 omnes
1909 2551 1993 2625 qui
2013 2557 2227 2621 sperant

629 2649 683 2702 in
714 2658 762 2702 te
786 2688 802 2713 ,
830 2648 884 2702 in
923 2654 1173 2701 (sternam
1202 2635 1553 2710 exsultabant,
1583 2651 1635 2702 et
1663 2639 1919 2697 habitabis
1950 2642 2005 2696 in
2032 2641 2125 2695 eis.
2154 2638 2227 2693 Et

600 2752 603 2755 '
629 2738 989 2813 gloriabuntur
1007 2740 1061 2793 in
1087 2748 1134 2792 te
1155 2746 1330 2794 amnes
1359 2738 1446 2811 qui
1470 2736 1699 2809 diligunt
1713 2750 1899 2790 nomen
1930 2742 2090 2798 tuum,
2108 2748 2230 2805 quo-

633 2835 776 2887 niam
798 2841 849 2886 tu
863 2830 1147 2886 ’benedices
1162 2831 1326 2903 justo,
1352 2827 1596 2894 homine,
1620 2837 1676 2882 ut
1711 2834 1859 2883 scuto
1882 2824 2027 2881 bona:
2046 2823 2227 2901 volun-

633 2926 755 2978 tatis
778 2934 878 2978 tate
899 2925 1162 2979 coronasti
1186 2940 1299 2978 nos.
1494 2976 1499 2979 _
1668 2918 1673 2925 ”

599 3023 609 3031 °
1054 3010 1057 3015 ”
1215 3030 1648 3072 couunnrsnwu.

704 3129 888 3197 Quinti
916 3129 1108 3199 psalmi
1133 3128 1322 3183 titulus
1345 3127 1584 3183 ostendit
1611 3140 1731 3181 eam
1753 3140 1913 3195 quam
1940 3121 2224 3177 [neredita-

635 3230 745 3277 tem
772 3219 1125 3289 consequitur
1150 3216 1424 3282 Christus,
1457 3225 1513 3271 et
1539 3216 1678 3271 hanc
1704 3192 2070 3269 haereditatem
2095 3192 2296 3279 (201ιῆΩ

636 3314 759 3368 tulit
806 3309 1063 3367 Ecclesiae
1103 3324 1227 3366 cum
1254 3309 1461 3364 diceret
1480 3306 1741 3378 apostolis
1774 3323 1785 3358 :
1818 3304 2009 3358 Pacem
2061 3321 2229 3358 meam

636 3404 702 3458 do
750 3401 913 3469 vobis,
961 3418 1142 3473 pacem
1196 3416 1366 3456 meam
1411 3399 1648 3470 relinquo
1694 3395 1834 3451 nobis
1879 3393 2058 3467 (Joan.
2095 3394 2224 3463 xiv).

608 3493 789 3559 Hanc
835 3507 965 3563 ergo
1004 3507 1225 3563 pacem,
1253 3505 1415 3561 quam
1438 3490 1677 3545 diximus
1724 3488 1776 3542 in
1821 3485 1999 3556 quarti
2039 3484 2229 3555 psaimi

637 3586 745 3641 line
767 3587 1110 3655 singulariter
1136 3587 1190 3641 in
1221 3601 1317 3657 spe
1346 3601 1377 3640 a
1405 3584 1637 3640 Domino
1680 3582 2048 3645 constitutam,
2094 3581 2234 3634 hanc

639 3678 694 3734 in
738 3679 1105 3739 haereditate!!!
1151 3678 1335 3737 titulus
1373 3677 1557 3732 datam
1596 3674 1850 3731 Ecclesiae
1875 3679 2227 3744 protestatur.

638 3768 737 3824 Est
765 3771 904 3825 enim
943 3768 1220 3825 luereditas
1242 3768 1500 3823 successio
1537 3767 1592 3820 in
1624 3766 1930 3820 universum
1962 3764 2053 3834 jus
2096 3760 2234 3832 quod

638 3869 912 3940 defunctus
940 3864 1119 3920 habuit
1149 3873 1374 3935 tempore
1401 3862 1583 3918 mortis
1606 3859 1693 3931 (ι.
1727 3859 2043 3923 "conditas,
2086 3857 2145 3926 π.
2173 3855 2236 3909 de

638 3977 742 4014 rer.
774 3965 825 4012 et
853 3953 989 4013 verb.
1012 3952 1201 4028 sign.).
1234 3952 1385 4009 Unde
1412 3948 1721 4017 Paulus,.Si
1747 3951 1911 4005 simus
1940 3945 2073 4001 Filii
2114 3944 2232 4009 Dei,

610 4067 760 4122 .ergo
781 4047 1044 4111 ltwredes;
1086 4044 1318 4103 bwredes
1343 4043 1551 4117 quidem
1578 4041 1698 4108 Dei,
1730 4038 2023 4095 coheredes
2065 4046 2236 4091 autem

641 4138 837 4193 Christi
853 4136 1034 4208 (Rom.
1050 4136 1183 4207 vui).
1202 4134 1498 4191 Haereditas
1510 4133 1579 4189 de
1598 4140 1772 4188 morte
1796 4129 2037 4210 parentis
2058 4126 2235 4183 nasci-

639 4241 729 4287 tur
739 4230 879 4285 liliis.
894 4229 1007 4295 Nisi
1026 4226 1422 4287 euimChristus
1438 4234 1680 4281 mortuus
1701 4232 1863 4286 esset,
1883 4223 1997 4277 haec
2006 4220 2235 4276 hmredi-

622 4331 727 4384 ,tas
753 4336 863 4377 non
883 4317 1121 4391 patebat.
1154 4317 1277 4388 Ipso
1295 4330 1426 4385 ergo
1446 4316 1710 4372 moriente
1736 4324 1881 4380 nata,
1914 4313 2030 4382 ipso
2051 4326 2237 4367 resur-

619 4460 627 4469 .
638 4420 802 4483 gente
815 4410 1131 4477 conﬁrmata
1141 4417 1244 4477 est,
1258 4409 1376 4480 ipso
1388 4407 1708 4465 ascendente
1717 4407 1771 4461 in
1783 4407 2240 4477 cwlis,permanet

641 4505 759 4575 hinc
778 4505 1063 4569 hmroditas
1078 4505 1131 4560 in
1152 4512 1432 4565 internum.
1452 4501 1509 4557 ln
1524 4501 1679 4557 titulo
1703 4501 1802 4555 tria
1818 4508 1962 4566 sunt,
1979 4500 2235 4563 moriens,

2291 1903 2376 1991 ’ἐι
2423 1918 2648 1985 propter
2676 1909 2822 1980 ipsos
2850 1906 2938 1961 hic
2970 1888 3151 1973 dirigit
3184 1888 3324 1955 viam
3352 1912 3467 1972 quae
3495 1894 3637 1948 ducit
3661 1890 3729 1946 ad
3757 1891 3888 1944 vitam

2292 1979 2296 2009 Ὺ
2324 2005 2341 2076 (
2350 2003 2403 2059 Μ
2409 1979 2544 2058 ἇιιΙιξ
2565 2000 2680 2073 vn).
2707 1979 2796 2054 Ad
2815 1994 2979 2070 quam
3001 1995 3126 2050 dum
3152 1988 3498 2066 pervenerint
3521 1983 3825 2045 credentes,
3845 1979 3889 2032 in

2292 2071 2585 2152 'azternnm
2614 2071 2991 2157 exsultabant,
3017 2096 3072 2142 et
3092 2080 3412 2143 inhabitahit
3430 2078 3485 2134 in
3507 2077 3602 2133 eis.
3622 2073 3691 2129 Et
3716 2071 3889 2143 gloria-

2322 2190 2523 2245 buntur
2551 2200 2740 2241 omnes
2759 2180 2849 2254 qui
2879 2180 3106 2250 diligunt
3127 2190 3323 2232 nomen
3363 2171 3501 2253 ejus.
3543 2168 3619 2224 lbi
3651 2166 3789 2222 enim
3820 2170 3889 2217 est

2296 2284 2300 2288 ’
2323 2280 2416 2352 qui
2443 2252 2954 2349 benedicitjustum,
2987 2279 3041 2327 et
3068 2277 3223 2325 scuto
3250 2267 3405 2321 bona:
3435 2252 3724 2317 voluntatis
3749 2270 3887 2311 coro—

2327 2372 2475 2427 navit
2499 2386 2642 2426 eum.
2676 2345 2797 2423 Uno
2826 2360 3129 2433 eodemque
3158 2357 3337 2415 ofﬁcio
3355 2399 3369 2425 ,
3394 2364 3449 2410 et
3480 2354 3551 2407 ab
3572 2348 3784 2407 inimicis
3802 2345 3887 2398 de-

2296 2458 2299 2463 ’
2327 2465 2561 2522 fenderis
2589 2464 2715 2519 dum
2744 2458 3060 2524 credideris,
3091 2464 3147 2511 et
3185 2470 3214 2509 a
3246 2452 3479 2508 Domino
3500 2442 3781 2509 coronatis,
3804 2438 3887 2509 qui

2296 2626 2303 2633 ρ
2326 2568 2515 2629 regnat
2536 2558 2590 2613 in
2611 2555 2806 2613 saecula
2834 2551 3177 2612 saeculorum.
3206 2547 3398 2601 Amen.

2900 2683 3216 2743 PSALMUS
3258 2682 3347 2737 Vl.

2302 2833 2309 2839 ι
2354 2807 2413 2861 In
2435 2804 2594 2862 linem
2624 2805 2679 2860 in
2706 2802 3032 2860 carminibus
3060 2814 3160 2870 pro
3197 2804 3410 2859 octava,
3445 2791 3679 2866 psalmus
3700 2783 3865 2842 David.

2405 2921 2640 2984 Domine,
2685 2936 2749 2975 ne
2774 2920 2829 2973 in
2876 2919 3050 2990 furore
3095 2924 3181 2968 tuo
3220 2928 3411 2984 arguas
3442 2927 3544 2973 me,
3573 2921 3726 2978 neque
3750 2904 3800 2957 in
3823 2904 3888 2956 ira

2329 3027 2418 3072 tua
2440 3015 2693 3089 corripias
2733 3014 2835 3068 'me.
2867 3010 3119 3066 Miserere
3150 3008 3268 3072 mei,
3300 3002 3537 3071 Domine,
3562 3001 3792 3075 quoniam
3823 2996 3888 3047 ia-

2306 3108 2511 3185 'ﬁrmus
2540 3097 2685 3178 sum;
2717 3127 2850 3165 sana
2889 3125 2989 3173 me,
3038 3105 3287 3168 Domine,
3337 3101 3582 3174 quoniam
3620 3091 3888 3151 conturbata

2330 3182 2451 3262 sunt
2479 3223 2596 3261 ossa
2624 3222 2759 3260 mea.
2784 3200 2853 3256 Et
2874 3202 3050 3255 animo
3072 3214 3185 3252 mea
3217 3194 3419 3249 turbata
3446 3200 3523 3246 est
3550 3188 3710 3253 valde,
3731 3182 3811 3240 sed
3826 3192 3886 3243 tu.

2306 3300 2576 3367 (Domine,
2602 3313 2875 3370 nsquequo.
2921 3294 3244 3356 Convertere,
3292 3287 3535 3348 Domine,
3567 3293 3613 3337 et
3650 3282 3776 3351 eripe
3793 3275 3889 3329 ani~

2306 3458 2310 3462 _
2334 3409 2470 3446 mam
2486 3406 2672 3454 meam,
2694 3388 2889 3442 salvum
2912 3403 2993 3440 me
3012 3386 3038 3456 f
3035 3402 3096 3438 ac
3117 3390 3324 3455 propter
3344 3375 3737 3432 misericordiam
3750 3379 3887 3423 tuam.

2336 3482 2594 3551 Quoniam
2616 3500 2717 3537 non
2738 3491 2812 3536 est
2835 3483 2889 3535 in
2921 3488 3084 3533 morte
3104 3477 3188 3550 qui
3217 3489 3413 3529 memor
3431 3473 3500 3525 sit
3523 3470 3608 3532 tui,
3640 3468 3688 3520 in
3708 3464 3891 3533 inferno

2307 3589 2506 3655 autem
2534 3579 2644 3651 quis
2687 3573 3015 3646 conﬁtebitur
3047 3571 3175 3626 tibi?
3200 3567 3458 3625 Laboravi
3499 3566 3548 3617 in
3564 3560 3738 3633 gemitu
3763 3568 3882 3613 meo,

2335 3669 2518 3726 lavabo
2544 3687 2636 3738 per
2658 3666 2890 3738 singulas
2918 3674 3090 3720 noctes
3113 3662 3297 3717 lectum
3320 3674 3500 3722 meum,
3522 3650 3745 3722 lacrumis
3769 3644 3889 3700 nteit

2316 3770 2554 3838 stratum
2602 3776 2768 3814 meum
2818 3755 3016 3828 rigabo.
3067 3753 3321 3809 Turbatus
3362 3759 3443 3806 est
3473 3766 3504 3805 a
3532 3748 3692 3820 furore
3733 3743 3892 3795 oculus

2336 3872 2497 3921 nteus,
2538 3853 2809 3909 inveteravi
2837 3853 2973 3906 inter
3010 3864 3186 3903 onmes
3208 3847 3447 3901 inimicos
3471 3858 3628 3897 meos.
3660 3832 3893 3893 Discedite

2337 3966 2368 4002 a
2396 3966 2476 4003 me
2503 3963 2679 4003 omnes
2700 3946 2782 4018 qui
2811 3943 3097 4015 operamini
3126 3940 3471 4013 iniquitatem,
3503 3932 3733 4007 quoniam
3755 3941 3893 3981 exau-

2339 4041 2463 4096 divit
2501 4039 2758 4095 Dominus
2787 4053 2959 4093 vccern
3002 4035 3151 4106 ﬂetus
3198 4033 3318 4087 mei.
3349 4028 3642 4097 Exaudivit.
3670 4020 3891 4078 Dominus

2339 4134 2753 4206 deprecationem
2782 4147 2950 4187 meam
2968 4169 2982 4192 ,
3011 4128 3265 4183 Dominus
3292 4125 3582 4181 orationem
3619 4132 3774 4175 meam
3796 4126 3892 4167 sas-

2324 4220 2495 4299 'cepit.‘
2513 4226 2616 4281 Era
2624 4224 2828 4279 bescant
2843 4233 2893 4277 et
2907 4221 3273 4277 conturbentur
3287 4216 3609 4287 vehementer
3620 4223 3781 4269 omnes
3806 4202 3891 4259 ini-

2326 4309 2459 4378 intici
2486 4323 2612 4385 mei,
2636 4328 2996 4374 convertantur
3028 4325 3077 4371 et
3099 4312 3399 4369 erubescant
3423 4307 3573 4365 valde
3599 4303 3834 4362 velociter.

2913 4461 3354 4513 COHMENTARIUI.

642 4570 946 4663 hereditas,
970 4604 1027 4650 et
1044 4594 1304 4657 lum-edes.
1321 4593 1388 4648 Et
1404 4594 1456 4648 in
1473 4593 1649 4662 capite
1664 4591 1854 4661 psalmi
1883 4592 1985 4646 tria
2014 4598 2140 4646 sunt
2167 4590 2235 4645 ab
2268 4570 2315 4631 ί)
2413 4595 2620 4652 Titulus
2640 4601 2775 4672 sexti
2801 4589 2992 4663 psalmi
3015 4586 3346 4644 Dominicam
3363 4582 3507 4639 diem
3524 4575 3788 4650 exprimit,
3803 4572 3899 4643 ipsa

642 4690 856 4771 haerede
884 4689 1205 4761 composita,
1234 4687 1419 4751 verba,
1449 4686 1673 4750 clamor,
1704 4684 1898 4740 oratio.
1942 4685 2061 4755 Ipsa
2090 4685 2233 4739 enim

643 4783 805 4838 verba
819 4789 973 4851 rogat
983 4781 1202 4836 auribus
1216 4778 1437 4850 percipi,
1462 4778 1752 4835 clamorem
1767 4776 2012 4847 intelligi,
2029 4777 2233 4832 oratio-

629 4888 767 4952 _ncm
783 4871 971 4927 audiri.
987 4871 1105 4944 Ipsa
1121 4872 1269 4938 dicit,
1288 4870 1466 4927 Orabo
1481 4879 1551 4937 te,
1572 4870 1817 4936 Domine,
1836 4885 1993 4925 mane
2007 4869 2231 4937 scilicet,

643 4980 766 5017 cum
799 4963 1029 5033 abjecero
1059 4980 1217 5034 opera
1240 4961 1561 5019 tenebrarum
1580 4970 1630 5016 et
1661 4960 1879 5035 induero
1926 4977 2073 5015 arma
2107 4960 2235 5015 lucis

647 5056 827 5128 (llam.
845 5056 980 5126 xm).
997 5056 1147 5113 Tunc
1174 5066 1230 5113 te
1255 5058 1422 5114 orabo
1444 5058 1595 5128 quasi
1612 5058 1665 5112 in
1683 5056 1947 5112 matutino
1969 5056 2162 5127 posita,
2182 5056 2233 5112 in

642 5166 751 5220 quo
765 5147 1133 5204 deﬁcientibus
1146 5150 1517 5205 tenebrislucis
1529 5151 1856 5207 incrementa
1868 5159 2239 5206 concrescunt.

628 5240 801 5321 Mane
822 5242 1013 5297 astabo
1045 5242 1139 5297 tibi
1167 5251 1220 5297 et
1245 5242 1609 5314 videbo;quid
1630 5245 1836 5303 videbis
1864 5252 2045 5299 tamen
2072 5258 2242 5315 prope

643 5342 698 5387 et
720 5351 880 5390 mane
906 5334 994 5402 dic
1020 5334 1211 5390 nobis?
1238 5333 1444 5391 Videbo
1467 5351 1624 5393 mane
1644 5336 1941 5409 apostolos,
1974 5335 2238 5403 fulgentes

644 5432 899 5501 angelos,
949 5431 1246 5513 gaudentes
1287 5430 1483 5486 Marias
1528 5429 1888 5486 resurrexisse
1953 5428 2237 5484 Dominum

631 5525 976 5599 nuntiantes.
1004 5526 1246 5583 Diximus
1259 5539 1439 5588 mane,
1471 5530 1825 5595 posteaquam
1850 5522 2088 5579 tenebra:
2108 5536 2237 5591 pec-

649 5628 893 5681 catorum
938 5621 1270 5685 transierint,
1307 5616 1569 5679 orandum
1596 5615 1901 5678 Dominum,
1927 5614 2159 5671 diximlrs
2184 5616 2236 5671 in

650 5709 770 5764 luce
800 5710 1059 5765 Do'minici
1089 5712 1197 5769 diei
1237 5716 1604 5778 resurgentem
1648 5705 1954 5762 videndum.
1987 5704 2117 5772 Quis
2141 5722 2230 5778 au‘

654 5807 762 5853 tem
792 5800 859 5854 sit
891 5801 989 5856 iste
1011 5801 1271 5857 Dominus
1299 5800 1571 5856 distinctio
1598 5799 1713 5875 ejus
1741 5798 2030 5855 voluntatis
2061 5800 2239 5871 expri—

2328 4700 2424 4761 _est
2452 4691 2593 4747 enim
2624 4665 2680 4745 et
2700 4694 2890 4742 octava
2911 4684 3035 4739 dum
3065 4680 3260 4736 desinit
3285 4721 3297 4741 ,
3329 4684 3383 4733 et
3414 4676 3587 4749 prima
3620 4673 3738 4728 dum
3784 4665 3901 4722 inci-

2344 4786 2439 4859 pit.
2464 4783 2520 4839 ln
2541 4782 2733 4855 quinto
2754 4780 2897 4835 enim
2920 4791 3075 4833 mane
3099 4775 3211 4847 ipsa
3234 4772 3419 4842 incipit
3442 4770 3493 4823 in
3515 4764 3902 4826 resurrectione,

2326 4854 2395 4952 id
2425 4885 2525 4942 est,
2560 4864 2611 4931 in
2641 4871 2977 4945 baptismatis
3014 4866 3182 4924 nostri
3221 4863 3662 4927 consecratione;
3690 4854 3842 4914 modo
3864 4855 3905 4908 in

2342 4967 2672 5043 poenitentiae
2689 4962 3100 5035 recuperatione
3111 4968 3302 5014 octava
3324 4949 3762 5025 esl,septitormis
3783 4947 3909 5009 (sunt

2340 5040 2581 5133 spiritus,
2624 5057 2710 5111 cui
2756 5052 3017 5111 satisfacit
3049 5059 3292 5105 octavus.
3336 5046 3459 5116 Agit
3486 5059 3617 5115 ergo
3646 5040 3909 5119 pmuitcne,

2328 5135 2403 5229 :ut
2431 5168 2535 5209 non
2568 5151 2618 5204 in
2651 5149 2727 5205 ira
2758 5153 3029 5216 arguatur,
3061 5141 3155 5198 scd
3186 5137 3611 5209 misericordiam
3640 5135 3723 5188 hic
3750 5131 3800 5185 in
3824 5129 3913 5183 isto

2336 5260 2571 5321 corpore
2598 5242 2802 5315 positus
2832 5242 3216 5307 consequatur.
3241 5234 3297 5289 lu
3326 5230 3541 5289 inferno
3582 5239 3751 5289 autem
3794 5239 3914 5304 con-

2318 5312 2506 5393 ‘Il‘ess'io
2529 5312 2756 5391 fructum
2773 5331 2989 5404 penitus
3010 5345 3117 5385 non
3138 5327 3333 5398 habet;
3366 5323 3568 5381 idcirco
3598 5322 3684 5381 hic
3710 5318 3794 5401 qui
3817 5312 3918 5379 vult

2342 5430 2523 5485 salvus
2546 5427 2678 5497 lieri,
2707 5427 2916 5481 laborat
2946 5425 2997 5478 in
3028 5422 3226 5491 gemitu
3257 5436 3375 5483 suo,
3406 5417 3553 5473 lavat
3581 5432 3677 5488 per
3702 5409 3919 5481 singultu

2302 5579 2307 5582 _
2340 5514 2531 5577 noctes
2586 5519 2803 5573 lectum.
2858 5516 3102 5578 Lectum,
3129 5514 3377 5582 inquam,
3408 5510 3460 5564 in
3484 5509 3729 5570 noctibus
3755 5504 3916 5581 lavat;

2341 5629 2500 5684 quem
2558 5612 2611 5665 in
2650 5609 2900 5665 noctibus
2934 5608 3320 5677 inquinaverat
3352 5622 3365 5657 :
3396 5611 3451 5658 et
3480 5618 3548 5657 ne
3569 5609 3778 5673 putares
3804 5607 3920 5648 cum

2343 5722 2532 5777 aquam
2570 5704 2998 5775 qualemcunque
3033 5700 3250 5761 haurire
3278 5698 3421 5757 unde
3448 5702 3575 5755 eum
3602 5695 3800 5755 abluat,
3827 5686 3924 5743 La-

2342 5800 2553 5864 crymis,
2575 5795 2764 5865 inquit,
2789 5810 2911 5849 cum
2945 5793 3150 5861 rigabo.
3185 5791 3403 5859 Quare?
3430 5791 3557 5860 quia
3588 5788 3828 5843 turbatus
3847 5786 3924 5832 est
