4108 6348
1295 321 1766 382 COMMENTARII
1803 321 1870 380 ΙΝ
1912 322 2241 381 PSALMOS.
2284 323 2491 382 PSAL.’
2520 326 2651 383 Vill.

3511 331 3616 385 334

331 453 445 509 prae
472 437 552 494 ira
578 439 768 495 oculus
796 453 962 496 meus.
999 436 1191 495 Audivi
1235 438 1412 509 ignem
1443 446 1702 493 aeternum
1744 435 1923 492 immi-
1952 441 2001 502 Α
2030 451 2204 491 meam
2230 452 2398 509 usque
2420 439 2472 494 in
2499 437 2777 509 pulverem
2806 434 3052 496 deducat.
3078 439 3200 499 llaec
3220 441 3478 500 historico
3502 460 3622 505 scr-

324 544 494 596 nere,
547 538 604 586 et
658 531 789 585 iram
822 529 953 600 justi
996 530 1189 594 ultoris
1235 519 1597 595 incumbere;‘
1623 536 1677 584 et
1725 526 1924 584 idcirco

329 621 581 685 turbatus
607 637 746 688 sum,
776 622 902 692 quia
930 637 1138 677 moram
1168 621 1272 678 feci
1308 622 1363 676 in
1410 621 1645 693 peccatis
1670 620 1836 685 meis,
1870 627 1926 674 et

327 712 626 769 inveteravi
655 713 797 769 inter
824 728 1014 775 clunes
1034 713 1282 770 inimicos
1304 729 1473 769 meos.
1498 711 1648 787 Nunc
1686 710 1925 768 moribus

326 805 485 860 malis
513 811 572 860 et
596 805 875 876 spiritibus
901 806 1193 863 immundis
1230 805 1545 862 renuntians
1572 804 1749 861 dicam
1783 823 1795 858 :
1830 804 1922 859 Di-

324 894 535 952 scedite
562 910 594 950 a
624 911 711 951 e
736 911 928 953 omnes
952 897 1046 967 qui
1075 895 1373 967 operamini
1406 896 1763 967 iniquitatem,
1793 894 1923 965 quia

325 988 377 1045 is
394 988 487 1059 qui
504 987 706 1043 dimisit
721 996 962 1058 peccata,
979 990 1044 1054 is,
1062 989 1298 1060 inquam,
1321 988 1411 1059 qui
1436 986 1712 1043 exaudivit
1734 1002 1922 1043 vocem

325 1080 487 1138 ﬂetus
511 1083 638 1148 mei,
670 1091 727 1138 et
752 1084 1057 1139 orationem
1071 1099 1262 1155 _meam
1292 1084 1550 1156 suscepit,
1582 1081 1718 1138 dixit
1764 1083 1921 1149 mihi,

323 1174 468 1230 Ecce
490 1176 664 1231 salvus
686 1178 857 1247 factus
883 1193 957 1240 es,
982 1178 1098 1249 jam
1124 1177 1345 1249 amplius
1373 1176 1482 1233 noli
1508 1192 1721 1249 peccare
1741 1174 1922 1250 (Joqn.

324 1268 404 1336 v).
432 1266 710 1323 Reeedant
737 1283 768 1323 a
790 1284 880 1325 me
906 1269 1055 1335 vitia,
1080 1285 1199 1341 quae
1237 1267 1462 1324 mentita
1483 1254 1917 1351 sunt‘hacten'us‘.

324 1357 657 1415 Avertantur
676 1367 983 1416 retrorsum
1000 1367 1058 1416 et
1084 1360 1409 1417 erubescant
1433 1358 1592 1416 valde
1628 1360 1917 1429 velociter”,

322 1464 426 1521 per
462 1448 657 1506 Filium
706 1451 799 1507 Dei
822 1493 836 1518 ,
880 1452 973 1522 qui
999 1460 1191 1522 regnat
1236 1452 1290 1507 in
1338 1452 1533 1509 saecula
1579 1432 1918 1509 seculorum.

326 1539 519 1598 Amen.
1866 1526 1874 1533 ’

880 1633 1199 1692 PSALMUS
1234 1634 1349 1691 Vll.

622 1724 863 1799 psalmus
887 1725 1073 1799 David,
1104 1727 1533 1799 qnem_cantavit
1562 1726 1790 1783 Domino
1819 1722 1919 1799 pro

756 1796 1235 1854 verbisChusi'lilii
1253 1796 1483 1854 Gemini.

401 1909 642 1976 Domine,
666 1910 806 1967 Deus
824 1928 987 1979 meus,
1015 1914 1070 1967 in
1093 1921 1141 1967 te
1167 1915 1389 1985 sperari,
1412 1914 1610 1968 salvum
1630 1930 1711 1967 me
1742 1914 1826 1986 [ac
1855 1930 1921 1971 ex

324 2003 561 2058 omnibus
600 2004 1015 2077 persequentibus
1055 2020 1137 2077 me
1184 2014 1234 2057 et
1283 2002 1442 2058 libera
1478 2022 1576 2058 me.
1631 2001 1921 2076 Nequando

326 2096 500 2168 rapiat
524 2105 582 2150 ut
601 2072 681 2151 leo
704 2072 935 2150 animum
955 2072 1141 2161 meum,
1175 2094 1297 2148 dum
1317 2112 1422 2149 non
1449 2104 1526 2148 est
1565 2096 1649 2166 qui
1680 2072 1921 2157 redimat,

327 2206 490 2262 neque
516 2190 603 2262 qui
632 2191 829 2243 solrum
872 2189 1053 2260 faciat.
1088 2186 1329 2251 Domine,
1364 2184 1504 2240 Deus
1542 2200 1704 2249 meus,
1747 2186 1790 2239 si
1828 2185 1928 2257 [cci

323 1723 387 1780 ιιι
420 1722 582 1780 linem

224 2334 227 2337 γ
326 2282 488 2345 isntd,
520 2283 566 2337 si
594 2291 671 2336 est
705 2282 954 2353 iniquitas
994 2281 1048 2334 in
1075 2279 1313 2333 manibus
1333 2279 1477 2332 meis.
1500 2277 1566 2333 Si
1606 2278 1809 2332 reddidi
1840 2295 1925 2332 re-

331 2374 669 2430 tribuentibus
711 2374 836 2427 mihi
887 2372 1047 2436 mala,
1096 2368 1332 2425 decidam
1368 2370 1550 2424 merito
1595 2368 1659 2422 ab
1707 2368 1927 2422 inimicis

330 2469 459 2522 meis
495 2468 689 2521 inanis.
724 2464 1075 2537 Persequatur
1112 2464 1350 2519 inimicus
1390 2464 1618 2516 animam
1664 2478 1829 2515 meam
1876 2468 1928 2513 et

336 2556 737 2628 comprehendat
760 2566 810 2611 et
838 2556 1096 2611 conculcet
1122 2555 1177 2609 in
1201 2562 1337 2607 terra
1358 2554 1510 2607 vitam
1531 2569 1716 2618 meam,
1741 2561 1791 2607 et
1811 2552 1926 2626 glo-

338 2652 474 2705 riam
496 2666 660 2705 meam
695 2652 748 2704 in
776 2651 1031 2720 pulverem
1053 2646 1289 2702 deducat.
1323 2634 1579 2718 Easurge,
1606 2643 1845 2712 Domine,
1867 2647 1922 2699 in

335 2745 416 2798 ira
446 2751 550 2811 tua,
573 2752 622 2797 et
656 2743 889 2811 exaltare
915 2743 968 2795 in
999 2740 1185 2813 ﬁnibus
1215 2740 1542 2794 inimicorum
1570 2756 1817 2794 meorum.
1854 2736 1924 2793 Et

330 2852 569 2909 exsurge,
592 2834 830 2899 Domine,
862 2834 1004 2890 Deus
1031 2851 1193 2900 meus,
1215 2835 1272 2888 in
1310 2838 1583 2905 prcecepto,
1618 2833 1754 2906 quod
1775 2848 1926 2886 man-

330 2930 489 2997 dasti,
520 2938 571 2984 et
595 2945 863 3002 synagoga
890 2929 1195 3001 populorum
1225 2926 1564 2982 circumdabit
1595 2936 1659 2980 te.
1703 2924 1770 2979 Et
1800 2943 1926 2997 pro-

2026 543 2189 584 mone
2218 528 2271 583 in
2318 528 2526 600 Regum
2556 531 2833 589 volumine
2863 550 3030 607 usque
3057 533 3124 590 ad
3160 533 3316 591 linem
3346 535 3618 606 leguntur.

2028 621 2125 679 llic
2154 632 2333 679 autem
2378 626 2634 697 mysteria
2670 625 2869 682 Christi
2899 639 3198 696 cantemus,
3220 631 3304 687 cui
3338 646 3435 702 pro
3462 631 3621 689 bonis

2027 718 2166 773 mala
2205 718 2494 775 reddentes
2542 718 2913 776 acclamabant
2959 722 3104 794 quod
3134 740 3249 779 reus
3276 733 3409 780 esset
3436 726 3622 781 mortis

2028 809 2204 882 (Matt.
2240 812 2404 885 xxvi).
2432 810 2568 869 Huic
2597 828 2726 883 ergo
2750 814 2949 871 clamat
2978 814 3219 873 Ecclesia
3257 836 3268 869 :
3294 816 3533 888 Exsurge
3564 818 3620 875 in

2028 904 2097 958 ita
2130 912 2241 973 tua,
2264 914 2319 959 et
2342 905 2620 962 videamus
2640 906 2770 979 quid
2793 908 2843 962 in
2868 909 2944 964 ira
2967 908 3208 966 facturus
3232 912 3321 967 sit.
3345 910 3619 977 Exaltare,

2027 995 2218 1067 inquit,
2244 996 2296 1051 in
2319 996 2514 1054 linibus
2536 997 2891 1063 inimicorum.
2914 1000 2980 1055 At
3009 1002 3096 1058 ubi
3126 1004 3396 1060 senserint
3424 1004 3619 1073 ingrati

2026 1087 2237 1144 Domini
2269 1090 2607 1156 irascentem,
2640 1089 2771 1146 dant
2818 1090 2975 1147 linem
3007 1093 3375 1166 impietatibus
3401 1096 3532 1161 suis,
3563 1101 3625 1151 et

2028 1179 2189 1236 linitis
2218 1180 2526 1248 inimicitiis,
2559 1183 2827 1243 exaltatur
2856 1184 2995 1243 Deus
3037 1185 3093 1243 in
3135 1184 3329 1244 ﬁnibus
3374 1188 3621 1245 inimico-

2024 1288 2163 1327 rum.
2198 1266 2438 1344 Exsurge
2489 1274 2542 1329 in
2589 1285 2859 1347 praecepto
2905 1276 3048 1347 quod
3093 1277 3378 1334 mandasti.
3427 1278 3622 1338 Dixisti

2022 1364 2186 1431 enim,
2208 1367 2357 1419 tertia
2368 1362 2454 1420 'die
2466 1384 2750 1441 resurgam,
2768 1375 2823 1422 et
2837 1368 3128 1441 prwcedam
3148 1385 3235 1424 vos
3250 1370 3303 1424 in
3320 1367 3617 1437 Galilaeam.

2113 1473 2195 1539 me
2214 1455 2447 1512 videbitis
2464 1456 2646 1529 (Matt.
2670 1458 2876 1531 xxviii).
2896 1456 2962 1513 Et
2985 1458 3130 1526 ideo,
3146 1474 3396 1530 exsurge,
3422 1460 3620 1532 inquit,

2020 1537 2078 1631 in
2105 1537 2377 1631 prmcepto
2398 1547 2543 1620 quod
2568 1548 2851 1619 mandasti,
2876 1558 2930 1605 et
2951 1559 3137 1622 postea
3164 1565 3327 1623 quam
3354 1557 3407 1607 te
3428 1560 3620 1607 osten-

2018 1630 2165 1699 deris
2194 1638 2509 1715 Synagogaz,
2544 1657 2612 1698 ne
2642 1641 2833 1697 iterum
2862 1644 3098 1698 excitare
3124 1644 3352 1700 aestimet
3379 1643 3617 1711 bellum.

2023 1720 2247 1805 propter
2273 1732 2413 1790 hanc
2434 1732 2623 1804 judica
2647 1734 2899 1807 populos.
2920 1732 3055 1789 Cum
3076 1735 3221 1791 enim
3242 1734 3456 1791 dederis
3469 1733 3649 1817 judi-_

1949 1820 1998 1883 Β
2022 1827 2185 1892 cium,
2219 1825 2379 1883 tinem
2426 1826 2657 1899 accipiet
2697 1827 2901 1883 malitia
2930 1836 3296 1899 peccatorum,
3342 1837 3398 1885 et
3438 1828 3621 1899 justus

2023 1904 2303 1989 dirigetur.
2336 1919 2453 1975 Non
2490 1920 2634 1993 enim
2680 1920 2747 1975 ad
2786 1920 3012 1977 alterius
3052 1920 3138 1976 vel
3165 1920 3620 1991 vituperationem

2025 2012 2112 2066 vel
2141 2010 2352 2066 laudem
2382 2011 2555 2067 dictas
2583 2011 2932 2077 sententiam,
2971 2012 3097 2084 quia
3125 2011 3289 2069 corda
3329 2013 3621 2084 conspicis,

2028 2107 2085 2154 et
2112 2116 2302 2155 renum
2342 2110 2549 2156 secreta
2571 2101 2976 2172 contemplaris,
3005 2103 3187 2159 salvos
3230 2101 3397 2159 facies
3434 2117 3627 2171 omnes

2029 2193 2122 2262 qui
2152 2200 2304 2249 recto
2332 2204 2459 2248 sunt
2484 2192 2677 2257 corde,
2699 2191 2796 2250 His
2823 2202 3004 2250 autem
3041 2196 3134 2267 qui
3168 2211 3277 2253 non
3316 2204 3443 2252 sunt
3470 2203 3625 2253 recto

2031 2284 2197 2342 corde
2209 2285 2351 2341 Deus
2365 2284 2532 2357 judex
2553 2283 2762 2341 futurus
2782 2287 3120 2358 exprimitur,
3136 2288 3229 2357 qui
3251 2296 3451 2343 terram
3470 2301 3626 2344 suam

2032 2392 2141 2432 non
2170 2392 2229 2432 se
2249 2376 2688 2435 convertentibus
2713 2385 2998 2449 praeparat.
3031 2376 3164 2433 Nam
3183 2377 3393 2449 justitia
3412 2376 3626 2435 Judaeu-
3714 2390 3723 2397 °

2028 2483 2148 2522 mm
2177 2468 2427 2538 parturiit
2450 2468 2503 2523 in
2526 2466 2715 2537 dolore
2739 2468 2902 2524 animi
2928 2470 3123 2540 posita,
3146 2485 3269 2529 uim
3288 2469 3497 2527 videret
3517 2468 3627 2528 Do-

2028 2556 2232 2612 minum
2262 2573 2362 2629 pro
2393 2558 2589 2613 virtute
2635 2559 2913 2628 signomm
2951 2575 2982 2613 a
3012 2560 3355 2617 multitudine
3381 2561 3626 2619 adorari.

2024 2645 2288 2719 Concepit
2333 2647 2575 2704 dolorem
2625 2656 2681 2704 et
2728 2651 2938 2721 peperit
2984 2651 3344 2722 iniquitatem,
3388 2652 3573 2709 dicens
3600 2667 3628 2709 ς

2027 2742 2286 2814 Cruciﬁge
2330 2758 2476 2796 reum
2519 2743 2702 2795 mortis
2757 2741 2973 2813 (Matth.
3008 2744 3176 2812 xxvi).
3234 2732 3473 2798 Paravit.
3499 2730 3631 2812 ergo

2028 2833 2240 2889 foveam
2259 2831 2500 2895 Christo,
2526 2832 2622 2887 sed
2643 2834 2757 2903 ipsa
2780 2832 2964 2889 incidit
2988 2834 3041 2891 in
3063 2834 3275 2889 foveam
3295 2849 3457 2904 quam
3479 2832 3632 2893 fecit.

2032 2923 2100 2978 Et
2126 2938 2423 2980 conversus
2449 2930 2533 2978 est
2558 2921 2716 2978 dolor
2736 2923 2853 2994 ejus
2881 2924 2935 2979 in
2960 2933 3122 2996 caput
3141 2924 3275 2995 ejus,
3308 2934 3363 2981 et
3392 2926 3444 2981 in
3469 2927 3633 2983 vertis

224 4927 239 4934 _
343 4848 467 4921 erat
494 4860 562 4918 de
591 4860 914 4931 cognatione
942 4857 1139 4923 Saulis,
1171 4865 1226 4912 et
1248 4855 1459 4926 jactans
1493 4862 1617 4926 post
1655 4871 1778 4911 eum
1807 4854 1943 4924 lapi-

328 3031 446 3095 pter
465 3019 597 3076 lianc
611 3022 668 3076 in
688 3020 848 3075 altum
869 3019 1169 3092 regredere;
1193 3016 1445 3073 Dominus
1461 3017 1666 3088 judicat
1687 3017 1927 3087 populos.
2032 3031 2155 3072 cem
2174 3015 2292 3086 ejus
2332 3015 2587 3086 iniquitas
2615 3015 2733 3086 ejus
2761 3016 3058 3073 descendit.
3089 3016 3303 3075 Christo
3329 3027 3510 3075 autem
3541 3035 3632 3075 re-

328 3114 521 3169 Judica
560 3130 659 3181 me,
691 3111 930 3177 Domine,
964 3110 1244 3166 secundum
1267 3111 1530 3182 justitiam
1553 3125 1741 3172 meam,
1771 3118 1819 3161 et
1848 3124 1930 3161 se-
2034 3118 2288 3181 surgente
2317 3126 2348 3165 a
2377 3111 2606 3167 mortuis
2642 3127 2743 3167 nos
2786 3096 3105 3169 confitemur
3129 3112 3393 3183 justitiam
3423 3113 3540 3179 Dei,
3574 3121 3634 3171 et

330 3204 558 3260 cundum
590 3200 943 3258 innocentiam
971 3218 1136 3256 meam
1168 3217 1322 3270 super
1346 3217 1444 3254 me.
1468 3199 1809 3253 Consumetur
1836 3214 1923 3251 ne-

2032 3203 2356 3260 ascendente
2383 3220 2470 3273 eo,
2502 3204 2780 3277 psallimus
2807 3206 3013 3262 nomini
3043 3205 3160 3275 ejus
3180 3206 3464 3275 altissimo,
3497 3205 3628 3261 alti-

329 3299 495 3372 quitia
521 3305 847 3369 peccatorum
872 3304 921 3349 et
958 3295 1152 3367 diriges
1174 3293 1392 3364 justum,
1416 3299 1654 3346 scrutans
1694 3289 1851 3345 corda
1880 3298 1923 3343 et

2035 3294 2275 3351 tudinem
2304 3298 2630 3368 penetranti,
2667 3313 2788 3368 quae
2816 3307 2900 3355 est
2926 3314 3090 3369 super
3118 3314 3306 3353 omnes
3346 3297 3534 3361 cmlos,
3577 3297 3635 3356 iu

332 3407 482 3446 renes
512 3388 673 3443 Deus.
716 3387 923 3442 Iustum
953 3387 1269 3458 adjutorium
1297 3401 1462 3439 meum
1503 3402 1535 3439 a
1566 3381 1808 3450 Domino,
1840 3384 1930 3456 qui
2032 3406 2140 3462 quo
2162 3388 2303 3446 facio
2333 3405 2485 3445 omne
2510 3407 2644 3463 genu
2672 3391 2916 3461 ﬂectitur,
2939 3401 2988 3446 ει
3008 3390 3177 3445 omnis
3206 3390 3385 3463 lingua
3415 3390 3637 3460 conﬁte-

333 3483 503 3540 salros
532 3484 663 3556 facit
690 3491 854 3536 rectos
878 3480 1051 3536 corde.
1099 3478 1238 3534 Deus
1273 3478 1438 3551 judea:
1477 3478 1668 3549 justus,
1700 3477 1851 3548 fortis
1881 3484 1923 3529 et

2035 3494 2117 3538 tur
2136 3485 2257 3558 quia
2288 3482 2542 3539 Dominus
2579 3482 2732 3539 Iesus
2760 3485 2815 3538 in
2836 3485 3007 3555 gloria
3029 3492 3108 3539 est
3136 3481 3232 3537 Dei
3261 3481 3442 3537 Patris
3473 3481 3631 3559 (Plii-

334 3579 560 3650 patiens,
591 3574 822 3648 nunquid
847 3576 1101 3629 irascetur
1119 3591 1210 3646 per
1230 3572 1465 3646 singulos
1494 3572 1641 3626 dies?
1661 3569 1783 3625 Nisi
1807 3587 1932 3624 con-
2035 3574 2127 3645 lip.
2173 3573 2253 3645 ιι).
2283 3573 2392 3647 Ipsi
2430 3575 2607 3629 honor
2646 3582 2702 3629 et
2727 3573 2899 3645 gloria
2951 3574 3003 3630 in
3051 3572 3249 3632 saecula
3289 3573 3636 3633 saeculorum.

335 3672 468 3727 versi
498 3671 720 3743 fueritis,
748 3669 977 3742 gladium
1007 3685 1154 3722 suum
1183 3668 1418 3732 uibrauit,
1444 3682 1624 3719 arcum
1665 3670 1812 3718 suum
1858 3674 1934 3718 te-
2038 3662 2228 3719 Amen.
2590 3732 2663 3743 η
2685 3733 2698 3743 Δ
2719 3734 2739 3743 _
2764 3733 2898 3743 --η-
2954 3700 3065 3743 -ίω
3622 3684 3631 3691 ~

338 3761 533 3827 ωυάἕι,
564 3769 613 3815 et
650 3761 851 3832 pararit
873 3760 1040 3813 illum.
1074 3756 1144 3811 Et
1164 3759 1217 3812 in
1258 3774 1316 3811 eo
1346 3756 1551 3827 pararit
1578 3772 1701 3808 rasa
1728 3756 1933 3819 mortis,

340 3856 562 3926 sagittas
589 3868 715 3907 sum
739 3849 1039 3907 ardentibus
1077 3848 1279 3929 effecit,
1311 3844 1442 3901 Ecce
1470 3846 1697 3918 parturit
1724 3845 1936 3916 injusti-

343 3948 491 4009 tiam,
520 3952 585 4001 et
598 3933 830 4013 concepit
855 3940 1107 4007 dolorem,
1147 3948 1196 3993 et
1221 3939 1422 4009 peperit
1461 3938 1800 4008 iniquitatem.
1830 3931 1939 3985 La-
2116 3933 2357 4000 Domine,
2375 3934 2630 3990 Dominus
2646 3946 2841 4001 noster,
2858 3952 3013 4008 quam
3034 3934 3344 3991 admirabile
3361 3943 3438 3992 est
3451 3952 3643 3993 nam

348 4052 461 4089 cum
490 4035 719 4103 aperuit,
761 4043 809 4087 et
836 4032 1016 4103 effodit
1034 4048 1173 4095 eum,
1207 4040 1259 4084 et
1284 4029 1466 4083 incidit
1486 4030 1539 4081 in
1563 4030 1759 4103 foveam
1787 4044 1943 4103 quam
2046 4037 2188 4081 tuum
2223 4029 2277 4081 in
2306 4028 2561 4082 uniuersa
2579 4036 2739 4083 terra.
2765 4025 3027 4093 Quoniam
3064 4027 3360 4085 elevataest
3396 4029 3643 4102 magniﬁ—

349 4126 489 4198 fecit.
523 4097 1033 4179 Converteturudolor
1056 4123 1169 4193 ejus
1197 4122 1252 4176 in
1293 4130 1450 4192 caput
1470 4097 1602 4191 ejus,
1632 4128 1681 4172 et
1708 4097 1760 4173 in
1792 4097 1944 4194 verti-
2046 4118 2217 4173 centia
2243 4127 2331 4171 tua
2353 4134 2508 4189 super
2526 4117 2703 4173 catos.
2727 4117 2813 4173 Ex
2833 4135 2926 4174 ore
2945 4119 3231 4191 infantium
3257 4129 3308 4174 et
3334 4097 3642 4185 ludentium

347 4231 457 4271 cem
485 4216 650 4287 ipsius
674 4214 920 4287 iniquitas
940 4214 1050 4286 ejus
1073 4211 1363 4267 descendet.
1392 4207 1686 4281 Couﬁtebor
1714 4208 1942 4279 Domino
2044 4211 2306 4283 perfecisti
2333 4208 2575 4275 'laudem,
2612 4218 2823 4283 propter
2861 4210 3101 4265 inimicos
3141 4219 3275 4278 tuos,
3308 4219 3364 4267 ut
3402 4211 3642 4268 destruas

345 4308 629 4366 secundum
667 4309 928 4379 justitiam
972 4307 1105 4378 ejus,
1148 4315 1200 4360 et
1236 4304 1461 4378 psallam
1491 4306 1687 4360 nomini
1730 4303 1944 4363 Domini
1971 4354 1979 4363 ,
2043 4304 2309 4358 inimicum
2335 4311 2384 4357 et
2403 4303 2641 4358 ultorem.
2663 4299 2924 4367 Quoniam
2950 4302 3127 4359 ridebo
3157 4303 3310 4359 oculos
3336 4313 3452 4361 tuos
3481 4322 3642 4376 opera

344 4401 607 4457 altissimi.
2044 4395 2324 4468 digitorum
2370 4402 2597 4457 tuorum,
2631 4394 2808 4449 lunam
2838 4402 2888 4449 et
2915 4380 3096 4449 stellas
3138 4411 3255 4467 qua:
3282 4404 3337 4450 tu
3379 4395 3640 4467 fundasti.

2047 4485 2191 4557 Quid
2212 4496 2288 4542 est
2308 4488 2482 4553 homo,
2506 4486 2644 4560 quod
2666 4503 2861 4543 memor
2884 4503 2941 4541 es
2967 4489 3103 4559 ejus,
3127 4494 3217 4542 aut
3245 4487 3388 4558 ﬁlius
3416 4487 3643 4553 hominis

417 4586 556 4644 Cum
583 4586 916 4642 nuntiassent
936 4585 1093 4655 pueri
1110 4583 1277 4640 David
1293 4582 1438 4653 quod
1468 4592 1687 4652 possent
1702 4581 1940 4637 Absalon
1972 4564 2021 4625 Ῐ)
2046 4580 2293 4654 quoniam
2311 4580 2494 4635 visitas
2513 4595 2629 4634 eum
2647 4580 2673 4634 ?
2693 4577 2937 4634 Minuisti
2954 4595 3071 4633 eum
3098 4579 3432 4650 paulominus
3452 4578 3516 4632 ab
3543 4596 3645 4633 an-

250 4725 259 4732 .
345 4679 617 4745 occidere,
638 4684 694 4733 et
721 4677 926 4732 diceret
951 4674 1120 4730 David
1146 4693 1158 4728 :
1181 4673 1392 4730 Parcite
1420 4672 1489 4739 ei,
1514 4682 1571 4727 et
1598 4671 1942 4744 lugeretipse
2050 4672 2199 4750 gelis,
2248 4670 2419 4743 gloria
2442 4679 2492 4725 et
2531 4675 2726 4726 honore
2762 4671 3030 4725 coronasti
3069 4686 3206 4733 eum,
3237 4678 3286 4724 et
3329 4669 3645 4724 constituisti

346 4769 516 4827 David
556 4785 586 4825 a
627 4768 764 4825 facie
803 4765 937 4838 ejus,
968 4765 1217 4838 apparuit
1253 4781 1414 4837 super
1451 4780 1575 4820 eum
1603 4761 1801 4829 Semei,
1848 4763 1940 4834 qui
2048 4779 2164 4816 eum
2208 4779 2363 4832 super
2399 4778 2557 4833 opera
2604 4777 2850 4817 manuum
2898 4769 3123 4815 tuarum.
3160 4757 3353 4814 Omnia
3381 4760 3645 4845 subjecisti

2050 4857 2142 4911 sub
2183 4852 2397 4926 pedibus
2443 4856 2557 4927 ejus
2597 4869 2715 4908 oves
2755 4860 2804 4907 et
2850 4851 2999 4907 boves
3037 4851 3324 4917 uniuersas,
3357 4852 3569 4923 insuper
3596 4857 3645 4905 et

2588 3732 2904 3791 PSALMUS
2954 3700 3087 3817 vni.

2182 3824 2239 3879 in
2277 3822 2436 3880 linem
2476 3841 2575 3895 pro
2621 3826 3002 3889 torcularibus,
3035 3825 3276 3896 psalmus
3305 3825 3492 3879 David.

922 4484 1361 4533 εονηιςτΑιιιυι.

343 4960 463 5021 des,
515 4956 781 5013 clamabat
828 4970 951 5011 eum
998 4969 1117 5010 esse
1168 4952 1341 5008 virum
1387 4950 1747 5020 sanguinum;
1778 4964 1940 5021 quem
2051 4964 2237 5020 pecora
2276 4949 2467 5013 campi.
2502 4946 2749 5001 Volucres
2788 4946 2900 5001 caeli
2926 4956 2975 5001 et
3002 4947 3169 5018 pisces
3196 4948 3379 5013 maris,
3409 4948 3498 5018 qui
3527 4962 3645 5016 per-

345 5044 475 5107 cum
505 5048 706 5104 vellent
728 5045 1050 5110 interﬁcere,
1075 5044 1211 5099 dixit
1241 5041 1446 5098 David:
1472 5038 1670 5107 Nolite,
1697 5056 1824 5096 ecce
1850 5040 1943 5111 qui
2052 5038 2319 5093 ambulant
2368 5038 2579 5093 semitas
2615 5038 2797 5094 maris.
2831 5036 3085 5104 Domine,
3136 5039 3395 5095 Dominus
3446 5045 3639 5099 noster,

343 5143 418 5198 de
446 5141 642 5197 lumbis
664 5139 799 5195 meis
819 5118 1170 5209 egressus‘est
1188 5142 1390 5206 pugnat
1417 5140 1606 5187 contra
1631 5148 1736 5187 me.
1762 5129 1829 5185 Et
1848 5147 1947 5187 vos
2048 5147 2202 5200 quam
2223 5128 2532 5184 admirabile
2556 5136 2634 5187 est
2661 5146 2849 5187 nomen
2877 5138 3021 5187 tuum
3058 5132 3113 5185 in
3138 5132 3380 5186 universa
3408 5134 3565 5189 terra.

346 5233 623 5289 miramini
664 5230 809 5303 quod
840 5229 981 5285 illius
1008 5227 1188 5285 Semei
1217 5225 1285 5282 de
1325 5225 1467 5280 tribu
1508 5223 1636 5279 Saul
1662 5225 1945 5289 sit,contra

350 5339 479 5379 me-
497 5320 733 5376 Parcens
762 5334 891 5389 ergo
922 5327 977 5374 et
1015 5316 1105 5374 isti
1133 5314 1301 5371 David
1329 5315 1467 5372 sicut
1496 5321 1551 5370 et
1579 5312 1724 5370 Sauli
1755 5328 1947 5385 peper-
2627 5312 3063 5325 νν--υ“·ι--··ν--
3526 5362 3537 5374 ο

349 5424 533 5481 cerat;
566 5430 790 5485 parcens
818 5422 872 5467 et
911 5419 1143 5484 tyranno
1185 5410 1314 5475 lilio,
1361 5417 1482 5464 orat
1520 5418 1577 5465 ut
1623 5409 1878 5465 liberetur
1915 5414 1946 5463 a
2122 5409 2241 5465 Non
2269 5424 2368 5480 pro
2406 5408 2683 5474 torculari,
2713 5405 2808 5463 sed
2837 5421 2936 5476 pro
2977 5401 3160 5459 multis
3189 5393 3543 5453 torcularibus
3586 5397 3643 5454 in

351 5496 826 5584 persequentibus,
858 5521 1287 5561 commemorans
1328 5520 1433 5558 non
1476 5519 1535 5558 se
1579 5503 1767 5559 fecisse
1808 5500 1951 5559 istud
2053 5510 2247 5559 octavo
2275 5500 2484 5573 psalmo
2511 5500 2648 5556 llxns
2676 5506 2760 5553 est
2789 5496 2991 5567 titulus,
3014 5504 3136 5560 qua:
3165 5487 3453 5589 toreularia
3483 5506 3645 5549 voces
3670 5540 3677 5543 .

352 5580 503 5677 quod
533 5602 621 5657 ille
646 5601 932 5663 clamabat,
977 5614 1083 5652 non
1113 5599 1297 5668 utique
1326 5596 1621 5651 reddidisse
1654 5596 1953 5652 retribuen-
2055 5603 2179 5649 sunt
2222 5594 2462 5659 omnium
2490 5590 2896 5661 prophetarum,
2915 5597 3051 5677 quin
3252 5580 3469 5677 impleta
3497 5595 3641 5649 sunt,

357 5669 506 5750 tibus
532 5692 634 5748 sibi
664 5690 823 5744 mala.
854 5688 958 5742 Aut
992 5688 1036 5742 si
1068 5687 1290 5751 reddidi,
1318 5688 1506 5758 inquit,
1538 5687 1677 5740 mala
1708 5702 1806 5755 pro
1836 5679 1975 5742 mai
2056 5682 2270 5754 quando
2300 5684 2424 5739 vitis
2454 5693 2579 5734 vera
2604 5677 2879 5732 clavorum
2910 5669 3246 5727 ferramentis
3274 5669 3514 5739 plantuta
3541 5685 3643 5739 est,

358 5760 449 5853 lis,
478 5778 901 5857 comprehendat
919 5778 1167 5832 inimicus
1193 5777 1424 5831 animam
1447 5792 1638 5843 meam,
1659 5786 1711 5831 et
1733 5777 1957 5846 gloriam
2060 5784 2113 5828 et
2142 5775 2194 5828 in
2225 5773 2368 5840 ligno
2396 5767 2571 5825 crucis
2598 5763 2775 5835 posita
2809 5761 2994 5819 lancea
3022 5772 3275 5833 percusso
3316 5762 3430 5834 ejus
3457 5766 3643 5825 latere.

2626 5284 3063 5325 COIIENTAIIUI.
