4108 6348
1068 224 1081 233 '
1092 226 1141 236 ἰ-

480 288 610 370 πῶς

1680 256 1683 263 ’
1748 276 2019 336 Αιιηοθιι
2055 275 2360 343 temonis

3658 284 3781 342 336

492 375 711 459 tantam
731 398 841 456 vim
866 397 921 456 in
948 397 1032 455 his
1051 381 1403 454 breuiarist
1430 382 1585 459 fudit,
1601 383 1664 450 tit
1691 410 1798 450 non
1824 391 1878 448 in
1905 390 2087 448 Judzea
2113 393 2169 454 Δ
2194 391 2432 461 Domine,
2477 412 2582 457 non
2620 399 2943 472 confortetur
2971 400 3144 466 homo,
3167 400 3469 472 judicentur
3514 409 3694 474 gentes
3722 406 3784 458 in

477 496 487 502 ⁷
506 504 736 561 tantum,
758 492 853 549 sed
873 492 929 547 in
952 490 1196 547 universa
1218 497 1363 544 terra
1385 502 1582 543 nomen
1607 485 1818 555 Domini
1845 484 2091 540 mirabile

486 589 847 647 clamaretur.
872 581 1026 650 Quod
1053 579 1251 636 factum
1281 588 1410 636 tunc
1436 578 1810 635 conﬁrmatum
1844 584 1944 643 est,
1968 590 2088 632 cum

436 694 441 704 '
506 679 810 743 elevaretur
852 670 1248 743 magniﬁcentia
1285 670 1403 740 ejus
1438 685 1601 741 super
1640 669 1827 734 caelos,
1877 675 1938 723 ut
1981 683 2088 723 non

507 780 714 828 tantum
742 775 927 826 aetates
953 766 1224 837 legitimse,
1246 764 1340 821 sed
1359 765 1521 820 etiam
1543 763 1773 819 infantes
1801 770 1857 818 et
1882 761 2091 818 lacten-

505 874 591 920 tes
615 863 681 919 ad
710 860 921 918 lae-lem
949 858 1066 930 ejus
1094 860 1475 930 irrumperent,
1524 865 1583 912 ut
1609 856 1978 913 destrueretur
2003 855 2092 911 ille

506 955 756 1028 populus,
787 953 879 1023 qui
913 967 1011 1023 per
1036 949 1403 1006 defensionem
1433 949 1525 1005 Dei
1553 955 1742 1021 contra
1771 947 1940 1003 Deum
1967 950 2089 1016 age-

506 1054 608 1103 ret.
641 1044 760 1116 Ipse
788 1052 872 1100 est
897 1043 1042 1098 enim
1063 1041 1310 1113 populus,
1334 1048 1390 1109 et
1416 1036 1668 1107 defensor
1687 1037 1803 1104 Dei,
1827 1045 1882 1092 et
1909 1037 2091 1093 inimi-

507 1153 602 1193 cus
642 1136 757 1201 Dei,
789 1135 1041 1192 defensor
1075 1133 1129 1188 in
1178 1131 1356 1197 Patre,
1399 1131 1657 1189 inimicus.
1685 1131 1738 1186 in
1778 1129 1956 1186 l-‘ilio:
1997 1128 2093 1185 sed

488 1230 677 1305 1omnis
706 1228 791 1301 qui
811 1235 965 1299 negat
990 1224 1207 1291 Filium,
1236 1241 1328 1280 nec
1357 1223 1571 1279 Patrem
1590 1220 1739 1305 habet
1761 1220 1804 1295 (Ι
1824 1219 1985 1276 Joan.
2009 1221 2091 1292 ιι),

490 1316 601 1392 ἰιιιί
629 1328 807 1376 autem
838 1327 1126 1389 utrumque
1153 1316 1457 1380 confitetur,
1489 1315 1576 1371 hic
1602 1312 1747 1389 videt
1765 1313 1931 1370 caelos
1948 1312 2093 1385 quod

510 1428 677 1485 opera
704 1411 992 1481 digitorum
1021 1409 1139 1480 ejus
1176 1416 1321 1473 sunt,
1352 1416 1410 1464 et
1444 1406 1590 1478 quod
1618 1407 1798 1462 lunam
1827 1413 1884 1461 et
1910 1404 2094 1461 stellas

504 1499 629 1576 ipse
654 1501 972 1558 fundaverit.
996 1500 1133 1567 Quid
1160 1499 1302 1555 enim
1330 1506 1483 1571 esset
1500 1499 1664 1554 hostio
1709 1496 1808 1552 nisi
1838 1496 1954 1569 ipse
1979 1511 2095 1552 me-

511 1578 632 1652 mor
669 1584 871 1659 fuisset,
904 1601 960 1648 et
986 1592 1207 1648 veniens
1229 1598 1432 1646 tantam
1459 1589 1845 1662 perfectionem
1875 1588 2092 1646 docuis-

508 1695 616 1753 set,
646 1692 703 1740 ut
730 1684 994 1741 modicum
1023 1683 1201 1739 minus
1218 1699 1379 1754 quam
1402 1690 1528 1738 sunt
1553 1682 1605 1737 in
1626 1682 1766 1738 caelo
1792 1681 1967 1750 angeli
2007 1681 2095 1736 hic

2193 497 2466 559 conspectu
2497 496 2614 545 tuo.
2646 487 2932 557 Constitue,
2968 488 3206 557 Domine,
3236 492 3584 563 legislatorem
3621 511 3787 564 super

2191 594 2301 643 eos,
2330 586 2387 631 ut
2414 580 2582 634 sciant
2607 590 2785 652 gentes
2810 583 3056 654 quoniam
3083 584 3319 639 homines
3348 592 3489 639 sunt.
3523 585 3590 641 Ut
3628 586 3784 658 quid,

2194 666 2436 735 Domine,
2467 672 2724 726 recessisti
2762 672 2935 745 longe,
2967 672 3191 745 despicis
3218 676 3274 730 in
3301 677 3788 745 opportunitatibus

2193 760 2250 814 in
2277 758 2629 817 tribulatione.
2661 760 2791 818 Cum
2818 764 3049 836 superbit
3075 766 3287 839 impius,
3316 769 3614 824 incenditur
3641 787 3784 843 pau-

2195 868 2304 924 per,
2355 853 2856 925 comprehenduntur
2906 857 2960 911 in
3005 859 3237 914 consiliis
3283 858 3477 927 quibus
3523 863 3785 933 cogitant.

2197 938 2459 1007 Quoniam
2494 945 2742 1001 laudatur
2764 957 3010 1020 peccator
3036 950 3092 1003 in
3121 949 3389 1011 desideriis
3429 955 3624 1008 animae
3650 970 3788 1018 sure.

2194 1043 2242 1088 et
2270 1034 2461 1108 iniquis
2480 1037 2813 1094 benedicitur.
2837 1038 3185 1097 Exacerbauit
3215 1041 3493 1099 Dominum
3519 1055 3786 1116 peccator,

2194 1126 2473 1183 secundum
2504 1128 2881 1185 multitudinem
2913 1132 3007 1187 ira
3041 1149 3151 1188 sure
3178 1150 3284 1189 non
3310 1143 3525 1206 qureret.
3551 1134 3682 1192 Non
3710 1146 3788 1192 est

2196 1216 2337 1273 Deus
2364 1219 2419 1272 in
2445 1229 2721 1291 conspectu
2762 1222 2893 1294 ejus,
2923 1223 3210 1297 inquinata:
3252 1237 3373 1281 sunt
3400 1228 3495 1282 via:
3539 1228 3685 1284 illius
3732 1247 3788 1284 ιιι

2195 1311 2336 1364 omni
2373 1319 2615 1383 tempore.
2665 1313 2987 1387 Auferuntur
3018 1317 3222 1387 jud'wia
3272 1326 3362 1372 tua
3396 1336 3431 1374 a
3469 1304 3609 1392 facie
3649 1321 3787 1392 ejus,

2196 1401 2424 1455 omnium
2445 1403 2774 1459 inimicorum
2800 1422 3013 1461 suorum
3041 1407 3410 1464 dominabitur.
3445 1410 3596 1466 Dixit
3625 1415 3785 1477 enim,

2192 1490 2247 1548 in
2269 1494 2424 1548 corde
2451 1512 2543 1550 suo
2566 1512 2583 1549 :
2603 1494 2727 1563 Non
2754 1496 2994 1553 morebor
3013 1517 3045 1552 a
3065 1501 3395 1572 generatione
3423 1504 3477 1557 in
3496 1507 3786 1575 generatio-

2196 1601 2313 1639 nem
2339 1586 2452 1640 sine
2487 1588 2645 1665 malo.
2679 1586 2841 1660 Cujus
2867 1590 3229 1647 maledictione
3264 1610 3323 1648 os
3355 1594 3563 1665 plenum
3604 1606 3705 1658 est,
3741 1606 3785 1649 et

2196 1677 2545 1732 amaritudine
2583 1687 2633 1732 et
2660 1679 2801 1745 dolo,
2844 1679 2935 1755 sub
2983 1682 3163 1753 lingua
3205 1685 3317 1755 ejus
3344 1684 3493 1740 labor
3518 1696 3570 1741 et
3612 1687 3781 1742 dolor.

470 1830 477 1834 .
510 1778 759 1835 homines
782 1777 835 1832 in
856 1791 1019 1832 carne
1046 1753 1252 1847 positos
1279 1773 1498 1839 faceret,
1520 1775 1653 1830 dans
1674 1774 1753 1829 eis
1774 1779 2097 1844 potestatem
2128 1771 2174 1832 B
2199 1765 2356 1821 δεάει
2389 1770 2445 1822 in
2472 1769 2677 1825 ίηδὲάὶἱε
2705 1786 2821 1825 cum
2860 1753 3104 1829 dibitibus
3132 1776 3189 1829 in
3226 1753 3461 1843 occultis,
3490 1787 3547 1832 ut
3586 1779 3783 1851 interﬁ.

511 1872 789 1936 virtutum,
823 1877 881 1925 ut
909 1869 1069 1925 etiam
1098 1878 1341 1925 mortuos
1367 1866 1656 1924 suscitaudi
1689 1865 1925 1923 traderet
1951 1872 2101 1936 pote-

456 1979 465 1988 ’
511 1971 727 2025 statem,
760 1969 815 2017 et
843 1962 1021 2016 omnia
1050 1960 1341 2030 subiiceret
1376 1958 1582 2015 homini
1617 1957 1878 2022 credenti,
1925 1958 1998 2012 ita
2040 1964 2100 2012 ut

511 2053 718 2108 diceret
741 2071 753 2105 :
786 2051 920 2107 Dedi
942 2051 1081 2107 robis
1110 2059 1414 2123 potestatem
1444 2048 1685 2104 calcandi
1712 2065 1865 2119 super
1883 2065 2097 2118 serpen-

514 2154 590 2199 tes
613 2152 665 2199 et
688 2145 984 2215 scorpiones
1012 2134 1161 2215 (Luc.
1195 2141 1273 2213 κ).
1307 2141 1441 2197 Nam
1470 2140 1614 2212 quod
1641 2139 1771 2195 dicit
1796 2154 1945 2203 oves,
1977 2137 2101 2193 sim-

507 2238 680 2309 plices
700 2239 970 2303 nominat;
994 2236 1177 2301 boves,
1201 2236 1292 2305 qui
1320 2222 1565 2289 laborant
1590 2234 1689 2289 sub
1713 2232 1842 2303 jugo
1868 2231 2098 2297 Domini;

452 2328 453 2335 “
508 2341 711 2400 pecora
752 2330 948 2399 campi,
998 2328 1150 2398 plebs
1190 2327 1479 2391 laicorum;
1531 2326 1777 2380 volucres
1818 2324 1959 2390 cudi,
1992 2322 2098 2377 alta

506 2418 841 2488 cogitantes;
863 2416 1038 2486 pisces
1057 2415 1240 2480 maris,
1265 2414 1526 2485 profunda
1556 2414 1834 2468 rimantes.
1860 2412 1970 2465 llos
1992 2426 2103 2465 om-

486 2548 487 2551 η
511 2513 615 2564 nos
641 2509 913 2577 subjectos
939 2508 1142 2561 habens
1164 2520 1261 2576 per
1288 2504 1593 2579 passionem
1613 2502 1817 2557 Christi
1841 2500 2099 2564 Ecclesia,

514 2597 806 2654 conﬁtetur
832 2597 1145 2652 admirabile
1196 2611 1390 2651 nomen
1419 2594 1536 2665 ejus
1578 2595 1631 2649 in
1661 2593 1907 2649 universa
1938 2600 2099 2648 terra.

514 2686 623 2765 Ipsi
644 2691 810 2762 gloria
838 2690 889 2749 in
917 2690 1108 2747 sarcula
1135 2689 1470 2745 seculorum.
1497 2686 1686 2742 Amen.
2054 2684 2069 2701 ‘

1080 2866 1309 2924 PSALM
1319 2865 1402 2923 US
1437 2865 1528 2921 IX.

663 3009 724 3082 In
761 3008 919 3063 linem
958 3022 1057 3078 pro
1094 3005 1321 3062 occultis
1359 3001 1471 3071 lilii,
1504 3001 1738 3074 psalmus
1775 3000 1959 3057 David.

2199 1860 2300 1913 ciat
2344 1862 2684 1917 innocentem.
2731 1862 2880 1919 Oculi
2921 1858 3033 1937 ejus
3074 1869 3128 1922 in
3167 1887 3444 1940 pauperem
3483 1874 3777 1943 respiciunt,

2201 1950 2479 2005 insidiatur
2516 1952 2569 2005 in
2621 1952 2925 2009 abscondito
2969 1958 3117 2026 quasi
3163 1957 3241 2013 leo
3278 1959 3333 2013 in
3378 1961 3629 2030 spelunca
3670 1979 3776 2017 sua.

2202 2039 2493 2096 Insidiatur
2519 2052 2575 2097 ut
2603 2046 2776 2114 rapiat
2806 2046 3099 2118 pauperein,
3142 2066 3323 2121 rapere
3358 2069 3639 2122 pauperem
3665 2054 3779 2109 dum

2201 2133 2417 2187 attrahit
2436 2152 2573 2190 eum.
2598 2134 2663 2189 In
2693 2136 2875 2209 laqueo
2903 2154 2997 2193 suo
3025 2139 3311 2195 humiliavit
3344 2158 3478 2208 eunt,
3514 2143 3779 2199 inclinarit

2199 2243 2255 2280 se
2280 2235 2330 2281 et
2349 2227 2496 2281 cadet
2525 2244 2638 2282 cum
2660 2228 2954 2285 dominatus
2983 2232 3138 2303 fuerit
3156 2248 3451 2303 pauperem.
3480 2233 3629 2289 Dixit
3651 2237 3777 2290 enim

2201 2316 2256 2370 in
2284 2317 2439 2372 corde
2464 2334 2591 2372 suo:
2625 2317 2828 2374 Oblitus
2855 2329 2929 2374 est
2955 2320 3113 2387 Deus,
3135 2323 3317 2377 auertit
3338 2325 3524 2395 [aciem
3553 2343 3693 2380 suam
3711 2344 3771 2381 ne

2204 2406 2372 2462 videat
2407 2411 2460 2462 in
2488 2410 2665 2480 ﬁnem.
2704 2409 2958 2484 Exsurge,
3006 2412 3228 2469 Domine
3258 2414 3414 2477 Deus,
3447 2425 3495 2471 et
3533 2422 3768 2483 excitetur

2204 2513 2389 2552 manus
2426 2507 2547 2566 tua,
2595 2517 2657 2555 ne
2698 2502 3016 2558 obliviscaris
3054 2522 3347 2578 pauperem.
3396 2507 3618 2580 Propter
3661 2512 3774 2584 quid

2204 2590 2427 2645 irritavit
2454 2594 2642 2663 impius
2676 2594 2857 2662 Deum,
2889 2597 3023 2664 dixit
3062 2600 3198 2654 enim
3239 2602 3290 2655 in
3317 2601 3474 2657 corde
3514 2620 3631 2670 suo,
3661 2602 3774 2660 Non

2207 2685 2448 2755 requiret.
2492 2685 2647 2741 Vides
2683 2691 2927 2761 quoniam
2957 2700 3006 2745 tu
3035 2690 3265 2747 laborem
3291 2705 3342 2748 et
3367 2680 3778 2752 dolorem'consi-

2208 2776 2378 2843 deras,
2408 2787 2465 2833 ut
2492 2780 2673 2835 tradas
2699 2800 2785 2838 eos
2814 2785 2866 2838 in
2890 2801 3073 2840 manus
3101 2795 3234 2841 tuas.
3269 2786 3379 2842 Tibi
3416 2789 3686 2844 derelictus
3708 2786 3780 2844 est

2208 2887 2422 2941 pauper,
2464 2873 2697 2944 orpltano
2730 2883 2781 2927 tu
2820 2892 2922 2929 eris
2977 2876 3207 2948 adjutor.
3255 2877 3473 2935 Contere
3521 2880 3779 2937 brachium

2207 2966 2494 3034 peccatoris
2519 2976 2569 3021 et
2600 2968 2834 3040 maligni,
2858 2980 3115 3040 quwretur
3141 2981 3407 3043 peccatum
3439 2973 3582 3028 illius
3609 2983 3659 3029 et
3684 2991 3777 3029 non

2207 3048 2393 3114 invenit
2409 3069 2508 3114 tur.
2530 3059 2778 3117 Dominus
2801 3064 3034 3133 regnabit
3054 3064 3106 3117 in
3130 3073 3376 3119 a’teruum
3398 3075 3448 3120 et
3472 3069 3524 3120 in
3546 3068 3778 3125 sreculnm

514 3174 539 3195 ‘7
594 3160 891 3233 Conﬁtebor
913 3159 1023 3224 tibi,
1051 3158 1291 3223 Domine,
1314 3159 1368 3212 in
1407 3165 1514 3213 toto
1543 3156 1698 3212 corde
1730 3130 1861 3220 meo,
1885 3153 2111 3211 narrabo
2138 3145 2185 3209 C
2214 3151 2391 3205 seculi
2418 3168 2434 3205 :
2459 3152 2690 3222 peribitis
2739 3130 2913 3224 gentes
2953 3154 3016 3208 de
3070 3165 3229 3233 terra,
3256 3155 3412 3210 illius.
3472 3155 3777 3211 Desideriunt

519 3254 700 3310 omnia
730 3252 990 3308 mirabilia
1012 3260 1120 3305 tua.
1147 3249 1388 3306 Lwtabor
1407 3259 1458 3305 et
1481 3233 1753 3305 exsultabo
1776 3249 1938 3314 inte;
1970 3242 2111 3319 psal-

516 3347 630 3401 ‘lam
670 3347 866 3400 nomini
905 3353 1010 3409 tuo,
1056 3345 1338 3399 Altissime.
1366 3343 1431 3398 In
1461 3343 1804 3400 convertenda
1842 3343 2108 3398 inimicum

513 3440 689 3492 'meum
736 3446 1036 3500 retrorsum,
1087 3436 1491 3509 in/irmabuntur
1527 3441 1575 3491 el
1616 3434 1854 3506 peribunt
1903 3452 1935 3488 a
1975 3435 2109 3506 facie

527 3538 633 3581 tua.
660 3528 919 3591 Quoniam
941 3529 1110 3599 {cciin
1132 3528 1390 3599 judicium
1410 3544 1578 3581 meum
1605 3534 1655 3582 et
1683 3542 1897 3581 causam
1916 3542 2107 3589 meam,

519 3614 708 3671 sedisti
736 3635 884 3685 super
905 3618 1146 3672 thronum
1166 3620 1252 3689 qui
1274 3618 1483 3688 judicas
1500 3618 1782 3689 justitiam.
1819 3615 2111 3686 Increpasti

529 3718 704 3781 gentes
738 3716 786 3761 et
814 3709 962 3777 periit
980 3704 1201 3778 .impiu‘s,
1235 3725 1422 3763 nomen
1459 3724 1637 3762 eorum
1664 3707 1844 3762 delesti
1872 3708 1926 3761 in
1955 3714 2109 3761 reter-

528 3815 667 3859 num,
697 3807 745 3853 et
773 3799 827 3853 in
855 3798 1098 3853 swrulunt
1122 3800 1315 3853 stet-uti.
1348 3799 1556 3854 Inimici
1575 3799 1871 3872 defecerunt
1899 3801 2113 3871 framea:

529 3892 581 3943 in
613 3891 797 3961 liuent,
828 3898 877 3944 et
903 3891 1135 3945 civitates
1162 3890 1487 3945 destruxisti.
1530 3888 1696 3945 Periit
1736 3890 1982 3945 memoria
2019 3907 2111 3944 eo-

526 3997 642 4034 rum
683 3996 798 4034 cum
845 3981 1037 4045 sonitu,
1068 3987 1116 4034 et
1157 3979 1419 4034 ‘Dominus
1458 3982 1513 4035 in
1547 3989 1795 4035 wternum
1823 3988 2107 4052 permanet.

520 4071 747 4128 'Paravit
775 4073 827 4126 in
853 4073 1049 4144 judicio
1080 4072 1319 4127 thronum
1349 4091 1495 4127 suum
1523 4082 1571 4127 et
1601 4075 1712 4144 ipse
1739 4072 1994 4144 judicabit
2022 4089 2111 4126 or-

532 4161 643 4217 bem
671 4170 822 4216 terrae
840 4165 896 4216 in
921 4163 1177 4232 (equitate,
1195 4162 1452 4233 judicabit
1481 4164 1697 4233 populos
1725 4163 1777 4215 in
1795 4162 2027 4233 justitia.
2048 4159 2089 4212 Ε
2096 4170 2113 4212 ι

533 4256 703 4326 factus
743 4259 819 4305 est
848 4251 1102 4307 Dominus
1132 4253 1385 4322 refugium
1414 4254 1645 4323 pauperi,
1676 4253 1886 4322 adjutor
1915 4253 1967 4305 in
2017 4269 2114 4321 op-

534 4340 935 4415 portunitatibus
961 4343 1017 4395 in
1046 4341 1398 4396 tribulatione.
1425 4340 1492 4395 Et
1513 4349 1721 4412 sperent
1748 4344 1799 4396 in
1832 4351 1881 4396 te
1907 4343 1994 4414 qui
2022 4359 2114 4396 no-

532 4440 706 4487 uerunt
736 4447 921 4486 nomen
948 4437 1110 4497 tuum,
1134 4432 1377 4503 quoniam
1405 4448 1506 4486 non
1538 4432 1854 4505 dereliquisti
1881 4448 2116 4504 (ματτηι-

2208 3259 2489 3313 pauperum
2544 3244 2803 3298 errrudirit
2860 3243 3130 3310 Dominus,
3185 3232 3617 3317 preparatioucm
3666 3265 3775 3302 cor—

2208 3336 2289 3389 dis
2318 3352 2491 3390 eorum
2523 3337 2716 3391 audirit
2744 3338 2883 3391 auris
2915 3348 3021 3392 tua.
3052 3337 3300 3393 Judicare
3323 3340 3518 3409 pupillo
3550 3350 3597 3393 ct
3624 3340 3773 3399 lumi-

2210 3424 2268 3488 li,
2299 3435 2355 3479 ut
2397 3444 2497 3481 non
2539 3437 2766 3499 apponat
2805 3429 2941 3484 ultra
2978 3430 3316 3501 magniﬁcare
3341 3449 3408 3498 se
3444 3432 3590 3487 homo
3630 3447 3771 3502 super

2212 3528 2422 3573 terram.

2788 3609 3216 3647 COMMENTARIIJM.

2285 3702 2464 3758 Nonus
2494 3702 2901 3773 psalmusdocct
2921 3704 3128 3760 occulta
3159 3704 3273 3760 Filii
3305 3706 3357 3760 in
3379 3706 3539 3761 sancti
3557 3704 3771 3777 symboli

2213 3803 2580 3867 sacramento;
2612 3794 2702 3864 qui
2744 3796 2884 3849 cnim
2930 3798 3227 3867 susceperit
3274 3796 3428 3852 tidem
3460 3798 3511 3851 in
3540 3797 3778 3869 mysterio

2214 3882 2598 3949 absconditam,
2624 3884 2796 3954 primo
2815 3886 3099 3941 conlitclur
3122 3904 3226 3942 non
3251 3888 3473 3942 summis
3503 3887 3667 3950 labiis,
3691 3885 3780 3942 sed

2214 3977 2268 4030 in
2312 3983 2427 4029 toto
2471 3974 2633 4030 corde
2672 3992 2789 4039 suo,
2822 3984 2877 4030 et
2921 3984 3101 4031 narrat
3142 3979 3319 4033 ontnia
3356 3962 3618 4034 mirabilia
3654 3976 3777 4047 ejus.

2213 4066 2329 4122 Jam
2360 4084 2466 4122 non
2500 4067 2706 4121 lmtatur
2736 4068 2786 4121 in
2818 4069 2976 4127 rebus
3025 4070 3325 4127 labentibus
3356 4080 3411 4125 et
3439 4070 3672 4135 caducis,
3699 4068 3783 4124 sed

2214 4157 2344 4212 dicit
2370 4156 2596 4211 Domino
2625 4175 2637 4209 :
2671 4155 2915 4213 Laztabor
2932 4167 2986 4213 ct
3012 4160 3291 4216 exsultabo
3316 4161 3369 4215 in
3402 4170 3473 4226 te,
3497 4169 3554 4215 et
3571 4160 3786 4231 psallam

2216 4249 2420 4305 nomini
2458 4258 2569 4313 tuo,
2605 4249 2890 4311 Altissime.
2917 4253 3045 4320 quia
3082 4252 3255 4308 fecisti
3286 4252 3548 4322 judicium
3596 4267 3785 4315 meum,

2182 4332 2268 4393 'id
2308 4348 2410 4403 est,
2449 4356 2549 4411 pro
2589 4357 2675 4395 me
2698 4340 2969 4409 judieasti,
3001 4350 3056 4397 et
3102 4358 3318 4398 causam
3361 4358 3535 4398 meam
3565 4341 3783 4405 obtinui,

2214 4431 2399 4487 sedisti
2427 4433 2568 4487 enim
2597 4449 2759 4504 super
2788 4434 3037 4490 thronum
3065 4442 3126 4490 ut
3143 4433 3412 4504 judicares
3453 4435 3784 4490 sententiam.

532 4532 611 4577 tes
639 4530 703 4587 te,
740 4522 975 4576 Domine.
1007 4520 1231 4577 Psallite
1261 4522 1506 4590 Domino,
1537 4525 1623 4595 qui
1652 4522 1847 4579 habitat
1871 4525 1925 4578 in
1958 4524 2111 4591 Sion,
2144 4519 2188 4578 [ι
2215 4524 2501 4595 lncrepasti
2526 4525 2668 4595 quod
2698 4533 2886 4593 gentes
2914 4540 3175 4590 essemus,
3195 4532 3250 4580 et
3279 4525 3439 4595 periit
3469 4525 3667 4595 impius
3692 4522 3789 4578 dia-

532 4612 840 4667 annuntiate
857 4613 991 4667 inter
1010 4621 1186 4685 gentes
1215 4613 1386 4667 studia
1413 4615 1547 4684 ejus.
1575 4612 1831 4680 Quoniam
1852 4617 2115 4687 requirens

532 4704 834 4773 sanguinem
861 4710 1039 4758 eorum
1083 4703 1388 4759 recordatus
1415 4713 1512 4769 est,
1544 4722 1646 4760 non
1684 4713 1760 4759 est
1788 4705 1872 4760 obl
1882 4709 1974 4760 'tns
2003 4707 2114 4761 cla-

535 4808 725 4845 morem
762 4810 1062 4863 pauperum.
1097 4794 1348 4850 Miserere
1373 4798 1491 4861 mei,
1527 4795 1761 4858 Domine,
1801 4797 1916 4850 vide
1942 4798 2115 4851 Immi-

534 4885 732 4938 litatem
774 4901 939 4940 meam
985 4889 1050 4943 de
1090 4891 1314 4944 inimicis
1355 4891 1501 4945 meis.
1537 4888 1638 4954 Qui
1684 4890 1892 4944 exultas
1933 4907 2014 4944 me
2053 4890 2116 4945 de

535 4977 699 5046 portis
727 4979 926 5041 mortis,
949 4988 1005 5031 ut
1033 4982 1335 5035 annuntiem
1357 4997 1531 5035 omnes
1554 4981 1880 5037 laudationes
1904 4991 2020 5035 tuas
2060 4983 2115 5037 in

534 5069 699 5139 portis
738 5055 866 5140 filia!
908 5068 1058 5125 Sion.
1102 5066 1390 5126 Exsultabo
1432 5064 1487 5126 in
1525 5073 1747 5128 salutari
1796 5083 1903 5139 tuo,
1937 5076 2119 5146 inﬁxa:

535 5166 654 5214 sunt
682 5167 857 5230 gentes
887 5160 941 5212 in
968 5160 1178 5213 interitu
1219 5178 1366 5232 quem
1407 5163 1655 5233 fecerunt.
1712 5162 1777 5217 In
1808 5165 1989 5237 laqueo
2019 5167 2119 5220 isto

535 5241 682 5323 quem
709 5250 1109 5316 absconderant,
1139 5252 1536 5323 comprehensus
1573 5263 1652 5308 est
1678 5272 1767 5326 pes
1795 5273 1987 5311 eorum.
2021 5256 2120 5311 Co-

538 5349 806 5411 gnoscetur
821 5339 1075 5395 Dominus
1087 5340 1288 5411 judicia
1317 5343 1532 5413 faciens,
1552 5347 1604 5400 in
1622 5345 1856 5415 operibus
1878 5366 2122 5403 manuum

536 5445 783 5493 suarum,
834 5432 1232 5502 comprehensus
1284 5441 1359 5487 est
1425 5444 1682 5503 peccator.
1740 5431 2116 5491 ConvErtantur

539 5528 829 5586 peccatores
849 5522 1201 5592 iwinfernum,
1218 5540 1395 5577 omnes
1425 5534 1598 5595 gentes
1618 5542 1731 5595 qme
1751 5524 2116 5581 obliviscuntur

537 5606 1031 5671 Deum.‘Quoninm
1078 5629 1179 5667 non
1230 5615 1280 5666 in
1329 5615 1433 5681 [inc
1479 5614 1662 5670 oblivio
1711 5617 1806 5670 erit
1854 5618 2111 5686 pauperis,

542 5698 791 5767 patientia
829 5716 1108 5768 pauperum
1156 5721 1255 5775 non
1296 5700 1478 5774 peribit
1521 5707 1572 5759 in
1625 5708 1800 5776 ﬁnem.
1855 5705 2109 5778 Exsurge,

2217 4617 2391 4682 bolus,
2423 4632 2581 4687 quem
2614 4618 2665 4671 in
2699 4617 2853 4671 idolis
2882 4618 3207 4674 colebamus.
3242 4610 3444 4672 Nomen
3472 4625 3657 4672 autem
3688 4616 3790 4672 ido—

2218 4708 2391 4763 lorum
2414 4707 2601 4763 delesti
2623 4709 2691 4762 .in
2731 4717 2990 4763 aeternum
3028 4716 3083 4763 et
3120 4709 3172 4763 in
3203 4710 3453 4765 secndum
3494 4709 3692 4765 surculi.
3721 4706 3792 4762 lbi

2217 4784 2534 4875 defecerunt~
2555 4782 2730 4868 gladio
2758 4799 2905 4854 verbi
2942 4800 3017 4854 tui
3051 4800 3103 4855 in
3134 4798 3290 4855 linem
3328 4808 3382 4854 et
3408 4794 3660 4872 civitates
3697 4798 3787 4853 de-

2217 4892 2480 4953 struxisti,
2497 4890 2694 4963 templa
2711 4908 2896 4946 eorum
2921 4891 2970 4947 in
2988 4889 3106 4947 toto
3129 4892 3259 4947 orbe
3280 4890 3404 4947 dum
3431 4891 3791 4950 destruuntur.

2221 4983 2393 5039 oumis
2438 4998 2576 5054 pene
2615 4982 2805 5037 civitas
2849 4983 2899 5036 in
2947 4983 3159 5054 templis
3197 4982 3465 5038 destructa
3506 4991 3622 5046 est;
3666 4982 3796 5037 sicut

2220 5075 2361 5129 enim
2391 5072 2642 5127 Ecclesize
2671 5072 2722 5126 in
2745 5080 2861 5126 toto
2885 5073 3289 5144 mundo-positm
3318 5072 3564 5131 civitates
3584 5080 3794 5128 sancto-

2221 5183 2339 5222 rum
2373 5173 2516 5231 suut,
2545 5166 2623 5219 sic
2667 5165 2861 5236 templa
2892 5165 2944 5219 in
2975 5175 3088 5220 toto
3127 5165 3325 5220 numdo
3355 5165 3526 5235 μορίω
3556 5166 3798 5221 civitates

2221 5256 2520 5310 dmmonum
2550 5270 2669 5311 esse
2691 5262 3000 5309 noscuntur.
3032 5253 3195 5310 Periit
3219 5263 3397 5309 autem
3428 5242 3686 5310 memoria
3712 5271 3797 5307 co-

2222 5361 2340 5413 rum
2369 5359 2486 5400 cum
2516 5345 2723 5407 sonitu,
2741 5344 2994 5399 Dt‘nniuus
3019 5353 3196 5398 autem
3228 5345 3277 5398 in
3301 5353 3558 5399 :rtcrnum
3586 5358 3798 5399 uzancns

2226 5437 2431 5509 paravit
2461 5436 2510 5490 in
2533 5437 2734 5505 judicio
2763 5437 2941 5492 sedem
2971 5454 3143 5499 suam,
3178 5448 3235 5491 ut
3254 5437 3455 5506 judirct
3491 5422 3674 5490 orbem
3705 5444 3798 5487 tor-

2188 5542 2290 5595 ,nc
2320 5527 2369 5581 in
2398 5528 2665 5595 :cqnitatc.
2698 5527 2810 5582 Non
2840 5528 3108 5598 accipiens
3133 5529 3288 5583 aliter
3315 5526 3617 5589 Doin'mim,
3647 5526 3798 5580 aliter

2219 5634 2461 5681 servum;
2494 5618 2586 5674 scd
2616 5628 2965 5673 (-otitclnnens
2993 5636 3248 5690 personas
3276 5619 3517 5681 divitum,
3545 5618 3712 5672 lactus
3741 5632 3796 5670 es

2218 5711 2385 5781 magis
2415 5712 2678 5780 refugium
2699 5727 3013 5781 pauperum,
3047 5729 3231 5770 eorum
3263 5728 3388 5768 sane
3417 5710 3505 5781 qui
3535 5716 3793 5779 noverunt
