4108 6348
515 324 622 383 359

1775 316 2049 380 ARNOBII
2086 316 2391 380 IUNIORIS

522 462 640 517 gam
672 442 796 498 dicit
832 440 1104 498 Dominus.
1168 440 1367 497 Ponant
1416 442 1471 497 in
1515 440 1767 505 salutari;
1797 440 2112 511 ﬁducialiter
2139 444 2190 502 Α
2219 450 2276 495 ut
2314 442 2601 513 respiciat,
2654 449 2711 498 ut
2757 443 3005 499 exaudiat
3032 481 3046 507 ,
3101 452 3160 499 ut
3207 443 3472 501 illuminet
3506 447 3693 502 oculos
3716 449 3807 517 qui

516 552 676 608 agam
694 536 748 589 in
776 552 854 589 eo.
896 531 1115 608 Eloquia
1154 531 1365 588 Domini
1403 533 1606 606 eloquia
1636 544 1808 600 casta,
1841 542 2112 606 argentum

515 630 639 702 igne
683 629 1032 684 examinatum
1054 668 1070 693 ,
1110 626 1383 699 probatum
1427 636 1596 693 teme,
1629 630 1907 699 purgatum
1936 636 2111 699 septa—

515 723 677 793 plum.
734 719 811 775 Tu
831 761 848 787 ,
878 720 1132 787 Domine,
1162 720 1390 777 servabis
1436 738 1531 778 nos
1548 762 1563 788 ,
1590 732 1639 777 et
1666 721 1926 777 custodies
1955 732 2049 797 nos
2078 740 2111 776 a

513 816 846 884 generatione
872 814 970 869 hac
1005 816 1062 869 in
1090 825 1363 871 internum.
1408 814 1473 870 In
1513 817 1726 871 circuitu
1758 816 1903 887 impii
1931 816 2112 870 ambu-

511 896 643 971 lant,
692 906 977 961 “cundum
1023 907 1356 964 altitudinem
1394 918 1536 963 tuam
1574 910 1928 981 multiplicasti
1971 910 2109 980 ﬁlios

424 1063 431 1070 .
510 980 801 1071 (conlinunt.

525 1073 628 1109 λαμ.
941 1073 978 1093 ·’
1083 1084 1522 1126 couusn'rnwu.

416 1168 421 1175 '
522 1152 1056 1272 undecimus
1102 1188 1342 1258 psalmus
1387 1204 1488 1259 pro
1531 1195 1755 1255 octava,
1788 1188 1838 1244 id
1870 1198 1971 1255 est,
2010 1204 2108 1260 pro

509 1271 790 1334 omnium.
829 1278 919 1334 die
965 1279 1203 1350 ponitur.
1260 1279 1477 1336 Salvum
1526 1278 1613 1336 me
1652 1280 1752 1347 fac,
1782 1282 2026 1347 Domine,
2055 1282 2107 1336 id

496 1361 612 1448 est,
644 1368 877 1439 exsurge
905 1375 945 1425 a'
964 1371 1195 1427 mortuis
1219 1372 1476 1442 quoniam
1504 1370 1702 1428 deiecit
1727 1384 1975 1439 sanctus,
2008 1373 2105 1430 deé

507 1461 638 1518 fecit
666 1462 898 1519 credens
917 1463 1074 1531 inte,
1105 1472 1161 1519 et
1186 1463 1463 1521 diminuta:
1491 1474 1616 1523 sunt
1642 1452 1901 1522 veritates
1930 1482 1958 1521 a
1986 1465 2109 1525 lilii:

506 1551 815 1609 hominum.
850 1554 994 1611 Ecce
1018 1556 1182 1611 etiam
1209 1554 1522 1613 custodibus
1561 1560 1805 1629 corporis
1835 1560 1913 1615 tui
1942 1575 2107 1630 pecu-

506 1644 628 1701 nias
655 1645 889 1703 otl'erunt
913 1647 1191 1705 dicentes:
1231 1648 1405 1706 Dicite
1430 1667 1547 1706 eum
1570 1654 1799 1724 furatum
1819 1669 1853 1711 a
1871 1652 2105 1724 discipu-

507 1737 575 1792 lis
597 1735 810 1808 (Matth.
843 1741 1052 1810 xxvut),
1084 1741 1180 1797 sed
1199 1740 1315 1798 haec.
1335 1742 1596 1809 dicentes,
1628 1743 1889 1815 disperilit
1917 1742 2104 1799 Domi-

412 1886 421 1891 ,
507 1842 610 1885 nus
638 1828 778 1893 labia
804 1829 994 1887 dolosa
1022 1840 1078 1888 et
1096 1832 1331 1902 linguam
1362 1832 1730 1905 maliloquam.
1771 1834 1874 1903 Qui
1895 1835 2101 1904 dicunt,

506 1916 766 1988 Linguam
814 1929 1055 1976 nostram
1088 1922 1595 1991 'magnilleabimus,
1650 1925 1789 1982 labia
1839 1934 2024 1983 nostra
2071 1942 2102 1982 a

506 2011 660 2066 nobis
702 2021 845 2067 sunt.
900 2011 956 2069 ld
1004 2022 1125 2082 est,
1159 2031 1259 2072 nos
1298 2015 1643 2073 suadebimus
1690 2034 1812 2074 eum
1842 2017 2097 2084 iuratum,

505 2116 603 2156 nos
634 2101 776 2159 inter
802 2120 902 2160 nos
931 2104 1032 2161 ista
1074 2122 1479 2180 componemus.
1537 2106 1653 2165 iam
1684 2110 1825 2165 enim
1853 2109 2103 2166 dixerant

503 2191 569 2249 de
596 2210 663 2250 eo
691 2212 812 2253 cum
843 2195 1101 2255 vidissent
1125 2201 1384 2273 scriptum
1406 2200 1521 2257 Rex
1543 2198 1864 2259 Judworum.
1905 2202 1984 2259 llli
2013 2203 2096 2260 di-

501 2297 712 2353 xerant,
738 2290 869 2357 Quis
902 2301 1089 2348 noster
1111 2293 1370 2351 Dominus
1398 2295 1520 2350 est?
1548 2293 1662 2351 Nos
1692 2294 1958 2351 dominum
1978 2296 2095 2353 Ca:-

500 2397 670 2435 sarein
710 2381 953 2438 habemus
1003 2382 1182 2455 (Joan.
1227 2389 1372 2458 xu),
1421 2386 1516 2442 sed
1563 2396 1786 2459 propter
1824 2389 2095 2445 miseriam

500 2472 720 2543 inopum
749 2491 848 2544 pro
874 2475 1068 2545 quibus
1089 2492 1278 2548 passus
1299 2494 1439 2546 sum,
1472 2496 1613 2536 nunc
1634 2496 1938 2551 exsurgam,
1967 2484 2096 2540 dicit

500 2561 779 2618 Dominus.
823 2563 890 2619 Et
919 2582 1118 2636 ponam
1140 2568 1193 2623 in
1223 2570 1459 2626 salutare
1480 2588 1659 2627 meum
1690 2589 1756 2630 ac
1779 2573 2098 2632 liducialiter

501 2666 659 2721 agam
684 2655 735 2709 in
766 2671 853 2712 eo.
896 2656 1262 2727 Fiducialiter,
1291 2660 1343 2717 id
1372 2671 1477 2729 est,
1498 2664 1855 2734 passibilitate
1880 2668 2094 2737 carens,

499 2746 632 2801 nulli
678 2747 856 2804 timori
897 2752 1272 2810 succumbens.
1316 2754 1399 2811 Ad
1441 2755 1558 2812 lucc
1596 2757 1824 2815 credens
1849 2759 2094 2819 Ecclesia

496 2838 551 2893 in
580 2841 840 2910 apostolis
880 2850 1062 2899 cantat
1093 2844 1307 2916 eloquia
1337 2847 1569 2904 Domini.
1623 2848 1701 2905 Ita
1728 2861 1857 2908 sunt
1882 2869 2010 2908 vera
2040 2862 2096 2909 et

495 2942 641 2987 easta
691 2942 750 2988 ut
796 2946 1073 3005 argentum
1103 2939 1226 3009 igne
1266 2950 1551 3011 purgatum
1571 2958 1672 3014 pro
1700 2946 1967 3017 septuplo.
2012 2946 2093 3002 Tu

495 3037 647 3092 ergo,
679 3020 939 3092 Domine,
980 3029 1108 3098 quia
1154 3031 1285 3086 mihi
1330 3031 1603 3102 dixerunt,
1644 3033 1760 3091 Non
1798 3044 1881 3093 est
1907 3046 2094 3095 noster

493 3112 784 3182 Dominus,
820 3126 909 3186 tu,
944 3118 1188 3191 Domine,
1218 3125 1461 3181 servabis
1489 3142 1588 3183 nos
1608 3136 1664 3184 et
1691 3131 1963 3187 custodies
1990 3148 2092 3189 nos

2217 533 2623 590 obdormierant
2654 536 2706 590 in
2729 544 2902 591 morte
2919 578 2934 601 ,
2961 542 3021 590 ut
3049 551 3155 591 non
3183 536 3329 593 dicat
3354 536 3632 600 diabolus,
3666 537 3808 595 Prae-

2215 631 2379 695 valui,
2417 630 2659 695 obtinui,
2690 639 2747 686 et
2774 646 2870 687 ero
2899 629 3160 686 Dominus
3184 631 3238 685 in
3265 639 3561 697 aeternum;
3591 631 3685 702 qui
3715 634 3807 688 tri-

2215 724 2405 780 bulant
2431 739 2517 779 me
2544 724 2893 780 exsultahunt
2919 723 2962 778 si
2992 732 3172 780 motus
3196 723 3370 790 fuero,
3399 724 3504 781 hoc
3530 735 3617 781 est
3643 726 3687 781 si
3715 728 3808 782 de-

2216 830 2523 887 speravero.
2566 815 2869 873 Exsultavit
2895 832 2992 873 eor
3019 832 3198 872 meum
3248 819 3301 873 in
3341 818 3565 875 salutari
3611 827 3725 885 tuo,
3758 822 3806 877 id

2215 917 2334 974 est,
2384 909 2439 964 in
2478 909 2709 965 Domino
2758 908 2821 963 Ν.
2870 906 2999 964 Jesu
3042 908 3259 965 Christo
3306 908 3445 966 Filio
3473 919 3595 976 tuo;
3626 920 3686 967 et
3713 912 3807 983 ipsi

2215 1002 2449 1057 cantabo
2481 1002 2576 1071 qui
2604 1001 2748 1057 bona
2779 1001 2980 1057 tribuet
3002 1001 3168 1068 mihi;
3211 1010 3268 1057 et
3294 1001 3528 1059 laudabo
3555 1003 3807 1074 psallam-

2214 1107 2320 1162 que
2348 1092 2552 1149 nomini
2577 1089 2694 1163 ejus
2720 1092 3015 1158 altissimo,
3058 1092 3152 1162 qui
3183 1104 3372 1164 regnat
3400 1094 3452 1149 in
3482 1094 3678 1152 saecula
3707 1111 3803 1151 sa:-

2214 1185 2479 1242 culorum.
2512 1185 2702 1241 Amen.

2761 1277 3080 1337 PSALMUS
3118 1279 3254 1335 XIII.

2643 1370 2699 1427 In
2722 1371 2885 1427 linem
2913 1373 3152 1442 psalmus
3182 1372 3366 1428 David.

2285 1485 2436 1542 Dixit
2456 1488 2707 1559 insipiens
2728 1489 2784 1542 in
2811 1487 2968 1543 corde
2987 1505 3100 1553 suo,
3134 1487 3362 1557 Nonest
3383 1488 3542 1545 Deus.
3566 1488 3802 1562 Corrupit

2211 1588 2331 1635 sunt
2362 1589 2416 1633 ct
2451 1577 2823 1635 abominabila
2851 1580 2978 1651 facti
3002 1591 3121 1635 sunt
3148 1581 3200 1635 in
3234 1580 3420 1637 studiis
3447 1583 3573 1643 suis.
3598 1598 3705 1637 non
3731 1593 3803 1637 est

2210 1672 2298 1744 qui
2318 1673 2483 1743 faciat
2503 1670 2691 1728 bonum
2705 1713 2721 1739 ,
2750 1689 2855 1729 non
2874 1682 3130 1746 estusque
3151 1674 3220 1728 ad
3239 1690 3415 1730 unum.
3460 1673 3718 1730 Dominus
3743 1677 3801 1731 de

2211 1760 2338 1816 caelo
2358 1763 2628 1833 prospexit
2654 1778 2810 1835 super
2838 1763 2981 1833 ﬁlios
3025 1762 3323 1826 hominum,
3353 1775 3411 1818 ut
3439 1766 3607 1820 rideat
3650 1768 3697 1820 si
3730 1778 3800 1821 est

2207 1850 2499 1923 intelligens
2550 1861 2639 1906 aut
2697 1854 2958 1925 requirens
3013 1852 3197 1909 Deum.
3266 1854 3460 1911 Omnes
3516 1857 3799 1912 declinare.

2207 1952 2347 2007 runt,
2372 1942 2528 1997 simul
2545 1943 2754 1999 inutiles
2775 1945 2902 2016 {acti
2920 1954 3060 2011 sunt,
3082 1962 3186 2001 non
3210 1956 3284 2000 est
3302 1947 3389 2018 qui
3412 1948 3572 2015 faciat
3592 1948 3795 2012 bonum,

2205 2047 2310 2101 non
2337 2040 2413 2086 est
2440 2047 2598 2103 usque
2636 2031 2709 2086 'ad
2735 2047 2911 2087 unum.
2965 2031 3273 2105 Sepulcrum
3301 2046 3483 2107 patens
3510 2046 3588 2092 est
3630 2049 3795 2107 guttur

2207 2139 2413 2189 eorum,
2450 2123 2639 2196 linguis
2659 2124 2765 2179 suis
2795 2124 2973 2181 dolose
3006 2126 3257 2198 agebant,
3282 2142 3524 2183 uenenum
3564 2131 3791 2197 aspidm

2202 2215 2295 2269 sub
2326 2213 2477 2269 labiis
2504 2231 2698 2270 eorum.
2726 2212 2955 2280 Quorum
2984 2232 3041 2272 es
3069 2203 3429 2272 tnaletlictione
3461 2229 3512 2272 et
3543 2221 3784 2274 amaritu-

2204 2307 2326 2362 dine
2364 2306 2572 2378 plenum
2612 2317 2721 2373 est,
2752 2307 2949 2363 veloces
2967 2308 3122 2379 pedes
3142 2326 3318 2364 eorum
3339 2310 3408 2364 ad
3428 2310 3783 2380 e/j'undemltnn

2202 2400 2526 2472 sanguinem.
2588 2398 2844 2457 Contritio
2887 2410 2937 2455 et
2983 2400 3264 2471 infelicitas
3307 2403 3360 2456 iu
3410 2403 3502 2458 riis
3522 2410 3780 2462 cortim,‘et

2202 2496 2337 2568 rium
2382 2497 2527 2567 pacis
2573 2513 2679 2551 non
2719 2505 3083 2567 cognoverunt,
3125 2513 3228 2551 non
3258 2506 3337 2551 est
3372 2497 3523 2552 timor
3557 2496 3651 2552 Dei
3680 2510 3783 2551 ante

2201 2588 2379 2643 oculos
2408 2605 2604 2644 eorum.
2648 2587 2842 2645 Nonne
2868 2601 3175 2661 cognoscent
3200 2604 3381 2647 omnes
3405 2594 3489 2660 qui
3517 2603 3783 2660 operantur

2199 2681 2560 2751 iniquitatem;
2591 2683 2677 2754 qui
2714 2681 2961 2737 devorant
3006 2681 3201 2754 plebem
3244 2700 3411 2738 meam
3449 2687 3582 2738 situt
3626 2701 3785 2739 escam

2200 2774 2389 2845 panis?
2434 2773 2712 2835 Dominum
2732 2791 2835 2835 non
2856 2777 3249 2842 invocaverunt,
3281 2777 3387 2832 illic
3416 2780 3785 2848 trepidat-erunt

2202 2868 2403 2932 timore,
2429 2866 2515 2922 ubi
2544 2884 2649 2923 non
2676 2878 2789 2924 erat
2816 2871 2985 2924 timor.
3030 2868 3288 2933 Quoniam
3316 2869 3570 2927 Dominus
3609 2874 3663 2925 tu
3702 2892 3783 2940 qe-

2198 2960 2468 3021 neratione
2499 2961 2644 3032 justo
2683 2970 2792 3027 est,
2817 2961 3092 3017 consilium
3114 2963 3637 3037 inopisronfuilistis,
3666 2981 3784 3034 qnov

2198 3053 2343 3107 niam
2362 3050 2618 3108 Dominus
2639 3070 2753 3125 spes
2787 3055 2902 3126 ejus
2928 3066 3024 3109 est.
3068 3054 3197 3119 Quis
3225 3055 3368 3110 dabit
3396 3045 3462 3110 ex
3493 3055 3623 3111 Sion
3652 3062 3781 3111 satu.

2197 3154 2311 3199 tare
2332 3142 2544 3200 Israel!
2569 3162 2687 3201 cum
2707 3147 2948 3202 averterit
2973 3145 3230 3202 Dominus
3260 3148 3603 3219 captivitatem
3632 3148 3782 3219 plebis

494 3221 527 3261 a
555 3207 905 3305 generatione
932 3208 1118 3305 bac‘et
1143 3213 1195 3268 in
1228 3221 1507 3271 aeternum.
1550 3217 1685 3274 Nam
1713 3221 1853 3277 sicut
1873 3225 2091 3294 quando
2116 3211 2166 3274 C
2198 3254 2328 3304 δίκε,
2353 3237 2633 3299 “mutabit
2651 3237 2836 3305 Iacob,
2867 3248 2917 3294 et
2945 3238 3205 3295 lambitur
3231 3207 3418 3294 lsrael.

494 3304 550 3351 te
591 3297 883 3356 humiliasti
929 3301 1208 3361 diminuta:
1249 3316 1376 3362 sunt
1421 3310 1677 3367 veritates
1711 3328 1741 3367 a
1766 3313 1888 3372 llliis
1915 3314 2091 3371 homi-

394 3414 397 3417 -
493 3398 643 3457 num,
675 3391 747 3447 ita
774 3394 990 3464 quando
1020 3396 1311 3455 ascendisti
1341 3400 1393 3454 in
1417 3401 1613 3468 cmlos,
1645 3404 1941 3460 secundum
1962 3406 2088 3461 alti-

494 3479 733 3537 tudinem
783 3493 931 3540 tnam
974 3488 1340 3559 multiplieasti
1381 3492 1520 3550 ﬁlios
1565 3495 1878 3565 hominum,
1911 3508 1969 3553 ut
1994 3502 2091 3570 qui

493 3570 743 3628 diminuti
776 3572 987 3632 fuerant
1016 3579 1069 3633 in
1098 3580 1493 3651 descendente,
1528 3586 1865 3658 multiplicati
1896 3586 2089 3645 ﬁerent

493 3661 549 3716 in
590 3664 959 3736 ascendente",
1018 3671 1109 3741 qui
1154 3682 1344 3740 regnat
1400 3675 1454 3729 in
1500 3676 1695 3733 saecula
1741 3679 2083 3736 szeculorum.

430 3812 441 3821 ,
492 3754 684 3813 Amen.

416 3838 433 3849 ‘
1055 3832 1375 3894 PSALMUS
1412 3836 1523 3894 XII.

917 3925 979 3982 In
1006 3925 1167 3984 linem
1196 3931 1434 4002 psalmus
1462 3931 1649 3990 David.

564 4036 857 4110 Usquequo,
897 4034 1135 4110 Domine,
1166 4046 1478 4103 obtivisceris
1509 4066 1591 4104 me
1610 4052 1664 4105 in
1684 4052 1874 4122 ﬁnem,
1906 4070 2084 4127 usque-

488 4147 586 4201 quo
608 4134 793 4186 avertis
817 4134 843 4204 ι’
841 4134 1000 4188 aciem
1024 4145 1165 4191 tuam
1185 4155 1217 4191 a
1237 4140 1356 4193 me?
1377 4137 1636 4204 Quamdiu
1651 4159 1842 4213 ponam
1863 4147 2082 4202 consilia

487 4221 543 4273 in
567 4222 743 4275 anima
770 4240 904 4290 mea,
929 4225 1157 4280 dolorem
1175 4228 1229 4281 in
1255 4229 1409 4283 corde
1434 4248 1546 4286 meo
1563 4249 1656 4303 per
1685 4233 1857 4288 diem?
1884 4234 2083 4305 Usque-

487 4326 588 4381 quo
620 4311 936 4367 exaltabitur
970 4316 1208 4372 inimicus
1253 4335 1394 4374 nteus
1434 4338 1587 4391 super
1626 4324 1745 4377 me?
1788 4324 2005 4397 Respice
2032 4339 2082 4381 et

486 4402 676 4456 exaudi
698 4421 794 4469 me,
833 4404 1056 4461 Domine
1095 4407 1235 4465 Deus
1262 4427 1426 4466 meus.
1472 4411 1721 4468 Illnmiua
1742 4417 1917 4472 oculos
1941 4435 2084 4474 meos

485 4510 552 4547 ne
580 4512 803 4567 unquam
831 4499 1155 4557 obdorntiam
1177 4505 1231 4557 in
1265 4515 1448 4572 morte,
1477 4523 1542 4560 tte
1564 4510 1771 4580 quando
1799 4511 1941 4566 dicat
1976 4515 2081 4568 ini-

484 4587 647 4641 micus
673 4604 812 4644 meus
834 4607 852 4643 :
879 4589 1143 4649 Prwvalui
1166 4594 1407 4651 adversus
1435 4614 1569 4653 eum.
1598 4597 1697 4664 Qui
1724 4592 1973 4657 tribulant
1995 4622 2081 4659 me

482 4676 809 4735 exsultabu‘nt
841 4684 887 4737 si
927 4678 1092 4739 motus
1129 4687 1297 4757 fuero,
1324 4705 1417 4758 ego
1446 4698 1617 4745 autem
1637 4691 1690 4745 in
1719 4694 2076 4751 misericordia

483 4778 570 4822 tua
599 4774 815 4840 speravi.
858 4772 1155 4831 Exsultarit
1182 4794 1272 4833 cor
1291 4796 1458 4834 meum
1478 4781 1533 4834 in
1559 4781 1778 4837 salutari
1801 4795 1916 4850 tuo;
1947 4803 2076 4841 can-

482 4860 601 4917 tabo
625 4861 865 4932 Domino,
920 4870 1005 4940 qui
1052 4870 1189 4925 bona
1228 4872 1466 4928 retribuit
1486 4874 1630 4941 milii,
1654 4885 1703 4930 et
1723 4878 1946 4948 psallam
1976 4898 2073 4936 no-

477 4960 609 5014 mini
637 4958 848 5016 Domini
869 4963 1132 5020 altissimi.

1039 5068 1473 5115 COIIIENTABIUI.

548 5142 629 5199 Ex
656 5159 765 5214 quo
792 5145 1040 5204 inimicus
1060 5149 1272 5218 generis
1299 5150 1517 5208 humani
1549 5168 1646 5224 per
1671 5156 2070 5225 praevaricatio-

473 5250 599 5290 nem
630 5235 861 5293 hominis
906 5238 1063 5308 primi
1112 5254 1274 5309 super
1299 5241 1592 5299 humanum
1619 5260 1789 5316 genus
1815 5247 2065 5304 domina-

474 5328 677 5385 tionem
721 5331 986 5399 obtinuit,
1028 5333 1358 5391 oblivionem
1395 5335 1628 5393 divinam
1660 5339 1917 5408 incurrit;
1946 5357 2070 5413 qua:

473 5419 674 5478 oblivio
702 5439 811 5480 non
831 5439 929 5497 per
946 5425 1254 5505 passionem
1270 5469 1289 5495 ,
1310 5427 1404 5485 sed
1434 5444 1533 5500 per
1559 5431 1896 5488 eversionem
1924 5433 2068 5488 facta

473 5527 637 5585 super
660 5516 952 5574 humanum
978 5531 1166 5589 genus,
1191 5529 1251 5577 ut
1276 5521 1407 5587 dixi,
1437 5522 1820 5579 exaltationem
1844 5524 2066 5581 inimico

472 5603 777 5673 relinquere
802 5608 1107 5668 videbatur.
1134 5611 1336 5668 Verum
1363 5613 1490 5682 quia
1521 5612 1785 5669 adventus
1818 5611 1938 5669 Filii
1966 5614 2065 5670 Dei

472 5691 578 5748 ista
622 5693 845 5753 adversa
889 5703 1305 5770 promittebatur
1352 5703 1660 5779 excludere,
1693 5704 1747 5760 in
1778 5706 1942 5762 totius
1968 5720 2066 5777 ge-

472 5785 877 5845 neris-humani
914 5805 1149 5862 persona
1196 5796 1569 5869 propheticum
1600 5811 1816 5852 carmen
1846 5800 2061 5867 exorat,

2772 3369 3209 3410 COIDIBNTABIUDI.

2270 3466 2511 3536 Rogatus
2558 3441 2822 3525 adventus
2873 3468 3081 3525 Domini
3114 3467 3509 3523 induodeciino
3556 3467 3764 3539 psalmo,

2197 3558 2252 3615 in
2284 3560 2445 3616 tertio
2473 3559 2685 3615 decimo
2729 3570 3116 3632 prmsentatur;
3168 3561 3262 3616 sed
3293 3561 3435 3616 hunc
3465 3559 3632 3614 videns
3667 3559 3750 3611 lm-

2193 3651 2375 3707 milem
2414 3652 2467 3706 in
2511 3652 2697 3707 habitu
2738 3652 3046 3709 incredulus
3074 3654 3337 3725 populiis,
3387 3652 3505 3708 dicit
3532 3653 3578 3706 in
3605 3649 3758 3703 corde

2192 3760 2333 3801 suo:
2365 3745 2482 3801 Non
2513 3754 2596 3801 est
2626 3746 2783 3801 Deus.
2844 3746 2901 3802 In
2934 3763 3043 3817 quo
3090 3748 3289 3818 popqu
3333 3761 3518 3801 omnes
3541 3744 3761 3801 declina-

2191 3845 2389 3893 verunt
2412 3879 2427 3904 ,
2459 3839 2618 3893 simul
2667 3838 2883 3894 inutiles
2932 3840 3055 3893 lacti
3086 3838 3417 3894 devorabam
3450 3837 3652 3909 plebem
3681 3824 3769 3890 Dei

2190 3931 2342 3987 velut
2361 3947 2538 3987 escam
2568 3931 2740 4001 panis.
2787 3930 2963 4001 Atque
2991 3915 3378 4003 persequentes
3405 3932 3573 4001 ipsum
3603 3927 3771 3983 Domi-

2192 4045 2321 4084 num
2350 4036 2405 4084 et
2434 4028 2549 4098 ejus
2578 4028 2885 4099 apostolos,
2933 4026 3038 4081 illic
3070 4025 3407 4096 trepidabant
3439 4026 3662 4086 timore,
3694 4022 3771 4075 ubi

2190 4139 2299 4177 non
2330 4130 2448 4177 erat
2491 4122 2671 4175 timor.
2713 4112 3074 4175 Observanlcs
3110 4118 3331 4173 sabbata
3363 4126 3419 4172 et
3459 4116 3781 4201 ικψιίδηεςιιειΔ

2188 4218 2418 4273 calicum
2449 4224 2505 4271 et
2534 4231 2817 4271 urceorum
2837 4257 2851 4281 ,
2887 4206 2981 4270 Dei
3021 4230 3150 4269 vero
3179 4212 3372 4268 Filium
3399 4222 3451 4268 et
3475 4213 3594 4282 ejus
3623 4211 3776 4266 disci-

2189 4310 2365 4379 pulos,
2404 4320 2463 4363 ut
2501 4307 2733 4363 diximus
2754 4349 2769 4374 ,
2798 4317 3213 4379 persequentes,
3246 4307 3568 4363 conlitenlcs
3598 4323 3658 4361 se
3687 4321 3775 4375 pa-

2186 4411 2325 4456 trem
2369 4400 2569 4457 babere
2612 4400 2881 4456 Abraham
2906 4440 2920 4465 ,
2969 4400 3036 4455 de
3064 4382 3290 4470 genere,
3335 4416 3440 4455 non
3483 4398 3550 4453 de
3570 4394 3781 4469 justitia

2185 4491 2599 4563 prmsumebant.
2643 4490 2901 4547 Dominus
2947 4501 3128 4548 autem
3162 4492 3213 4546 in
3253 4490 3603 4561 generatione
3640 4490 3777 4559 justo

2110 4570 2161 4628 Ι)
2185 4593 2271 4639 est
2293 4626 2310 4649 ,
2358 4583 2431 4637 illi
2480 4592 2659 4638 autem
2705 4583 2988 4639 consilium
3019 4584 3193 4653 illepis
3220 4581 3644 4646 confundentes,
3678 4600 3779 4637 non

2084 5924 2162 5975 ἷὲ

2183 4674 2665 4731 consideraverunt
2694 4673 2949 4745 quoniam
2981 4674 3240 4729 Dominus
3267 4690 3390 4744 spes
3419 4673 3538 4742 ejus
3565 4684 3674 4728 est.
3719 4672 3781 4725 lit

2182 4768 2312 4823 licet
2354 4774 2577 4838 propter
2620 4782 2720 4822 nos
2767 4781 2972 4838 pauper
3018 4766 3188 4822 lactus
3212 4766 3315 4831 sit,
3344 4775 3522 4820 tamen
3555 4765 3674 4837 ipse
3702 4775 3781 4819 est

2180 4860 2273 4931 qui
2323 4858 2471 4914 dedit
2516 4874 2583 4913 ex
2611 4856 2741 4914 Sion
2767 4857 3008 4916 salutare
3037 4856 3217 4913 Israel.
3261 4856 3375 4912 Non
3406 4856 3549 4912 enim
3580 4874 3650 4913 ex
3681 4855 3779 4926 Sy-

2180 4966 2391 5023 nagoga
2418 4950 2633 5007 Satanie
2661 4950 2807 5006 salus
2835 4959 2961 5005 nata
2990 4957 3071 5005 est
3089 4990 3103 5015 ,
3136 4949 3228 5005 sed
3260 4965 3324 5004 ex
3352 4946 3513 5015 Sion,
3542 4962 3670 5018 qua!
3698 4956 3779 5003 cst

2179 5042 2423 5100 Ecclesia
2472 5042 2723 5108 Domini,
2774 5056 2871 5112 per
2898 5055 3061 5111 quam
3090 5039 3358 5095 convertit
3397 5037 3659 5094 Dominus
3688 5054 3779 5091 ca-

2179 5139 2483 5210 ptivitatem
2514 5134 2697 5207 populi
2727 5134 2831 5202 sui,
2864 5133 2935 5188 ita
2970 5143 3027 5188 ut
3053 5133 3262 5187 laetetur
3285 5129 3451 5186 Iacob
3472 5130 3523 5185 in
3548 5144 3779 5185 conver-

2177 5231 2336 5286 sione
2365 5244 2489 5296 sua,
2520 5236 2575 5282 et
2603 5226 2838 5283 exsultet
2865 5222 3032 5282 Israel
3063 5225 3114 5280 in
3145 5223 3361 5280 Christo
3390 5222 3534 5288 .lesn,
3566 5223 3662 5293 qni
3697 5240 3779 5278 rc-

2177 5328 2310 5393 gnat
2338 5321 2392 5376 in
2421 5318 2615 5376 saecula
2643 5319 2980 5375 saeculorum.
3019 5319 3205 5374 Amen.

2722 5449 3042 5509 PSALMUS
3070 5450 3217 5523 λιν.

2605 5564 2665 5621 In
2695 5562 2854 5620 linem
2881 5565 3119 5635 psalmus
3156 5563 3340 5618 David.

3418 5497 3459 5531 Ο

2253 5705 2496 5770 Domine,
2529 5705 2644 5777 quis
2674 5702 2926 5757 habitabit
2949 5704 3003 5757 in
3037 5700 3365 5755 tabernaculo
3396 5708 3510 5763 tuo,
3541 5706 3631 5752 aut
3661 5698 3781 5763 quis

2182 5802 2459 5871 requiescet
2488 5799 2539 5852 in
2573 5806 2746 5852 monte
2782 5807 2960 5851 sancto
2999 5797 3123 5849 tuo?
3171 5792 3268 5858 Qui
3318 5792 3601 5866 ingreditur
3660 5793 3783 5847 sine
