4108 6348
320 328 421 385 δη

1287 336 1763 398 COMMENTARII
1794 334 1862 393 IN
1900 332 2231 391 ussuros.
2276 320 2467 391 esst.
2512 334 2624 391 xv.

3499 332 3609 391 841

315 450 547 513 mla,
587 458 641 505 et
681 445 924 524 operatur
955 452 1251 526 justitium.‘
1277 455 1622 529 Quiloqaitar
1641 456 1906 510 ueritatem
1935 454 1980 514 Α
2009 466 2175 504 meum
2214 448 2360 503 milii.
2407 447 2579 504 Funes
2611 450 2908 504 reciderunt
2944 450 3071 506 mihi
3108 448 3163 505 in
3192 449 3492 522 prcoles-is,
3523 460 3603 505 et-

315 544 374 600 ‘Jt
394 542 552 598 corde
574 559 690 611 suo,
728 546 815 617 qui
842 562 943 601 non
983 548 1089 619 egit
1125 547 1301 603 dolum
1339 549 1395 603 in
1434 549 1613 621 lingua
1638 564 1755 603 sua.
1798 544 1912 600 Nec

315 634 445 704 fecit
470 637 706 706 proximo
729 652 825 693 suo
863 639 1077 705 malum,
1128 650 1180 695 et
1223 642 1556 713 opprobrium
1582 654 1689 696 non
1714 641 1914 712 occepit

315 726 568 782 adversus
609 718 875 799 proximos
911 747 1052 786 suos.
1093 732 1178 787 Ad
1202 732 1421 788 nihilum
1453 732 1727 787 deductum
1751 732 1910 786 estin

312 830 592 892 conspectu
632 822 744 894 ejus
790 825 1081 896 malignas,
1123 828 1360 881 timetttes
1408 833 1578 880 autem
1628 824 1911 880 Dominum

312 914 596 985 gini-ilicet.
651 912 753 979 Qui
790 916 943 989 jurat
985 920 1226 989 proximo
1263 935 1358 974 suo
1379 928 1559 973 etnon
1581 916 1791 990 decipit,
1823 918 1911 990 qui

311 1008 589 1076 pecuariam
614 1024 763 1063 strain
790 1025 895 1065 non
921 1009 1063 1065 dedit
1088 1011 1161 1064 ad
1185 1028 1417 1079 auram,
1446 1020 1497 1066 et
1514 1026 1730 1066 nurnero
1757 1026 1913 1081 super

310 1100 641 1155 innocentem
677 1118 783 1157 non
821 1105 1037 1174 accepit.
1101 1100 1201 1167 Qui
1231 1104 1357 1175 facit
1384 1104 1513 1168 hac,
1547 1120 1652 1158 non
1681 1116 1910 1158 commo-

310 1190 512 1247 vebitur
536 1195 590 1247 in
614 1203 886 1250 teter-aunt.

889 1283 1328 1325 COIIINTAIIUI.

391 1373 580 1431 Omnis
620 1377 994 1435 intmaculatus
1034 1380 1330 1450 ingreditur
1374 1378 1779 1438 tabernaculum
1802 1380 1910 1436 Do-

310 1467 484 1533 mini,
514 1477 573 1523 et
608 1468 680 1524 ibi
710 1467 1084 1527 immaculatus
1112 1470 1360 1528 elllcitur.
1410 1471 1567 1529 Jesus
1604 1481 1784 1529 autem
1807 1472 1908 1527 im-

309 1559 618 1616 maculatus
662 1561 813 1618 solus
852 1563 1149 1633 virgineam
1195 1566 1373 1620 aulam
1409 1565 1700 1634 ingressus,
1733 1564 1908 1637 ipsum

308 1653 717 1710 tabernaculum
734 1652 775 1709 'a
801 1656 1024 1711 maculis
1048 1658 1355 1713 carnalibus
1375 1657 1642 1719 liberavit,
1674 1666 1732 1713 et
1759 1656 1909 1713 dedit

306 1743 794 1802 sanctiﬁcationem
824 1749 1005 1819 potius
1041 1764 1202 1820 quam
1251 1750 1478 1820 accepit.
1521 1750 1788 1817 Quoniam
1820 1749 1906 1804 lex

2016 543 2152 596 enim
2173 540 2449 595 hereditas
2479 556 2594 594 mea
2615 542 2873 611 precium
2893 552 2968 598 est
2992 543 3138 597 mihi.
3167 541 3471 597 Benedictus
3494 540 3607 598 Do-

2014 634 2211 688 minum
2230 634 2319 705 qui
2340 630 2516 687 tribuit
2541 632 2669 685 inibi
2686 633 3020 696 intellectura,
3046 636 3256 705 insuper
3282 643 3332 688 et
3350 650 3506 707 usque
3533 634 3605 687 ad

2016 734 2217 781 noctein
2242 726 2605 795 increpuerunt
2641 739 2724 778 use
2760 739 2910 779 renes
2938 726 3058 779 mei.
3118 724 3460 781 Proridebatn
3506 723 3609 779 Do-

2014 820 2213 873 minum
2236 817 2289 871 in
2308 825 2581 887 conspecta
2602 829 2715 869 meo
2733 830 2955 885 semper,
2985 818 3231 887 «ostium
3257 833 3289 871 α
3310 816 3506 871 dextris
3529 825 3609 869 est

2015 912 2142 965 mihi
2190 927 2254 964 ne
2301 925 2639 965 commoveor.
2700 906 2927 981 Propter
2977 909 3074 963 hoc
3129 912 3359 965 aetatum
3405 918 3480 965 est
3520 926 3611 965 cor

2014 1021 2183 1058 meum
2227 1011 2278 1058 et
2317 1003 2593 1058 exsultavit
2634 1001 2813 1073 lingua
2838 1019 2982 1066 mea,
3012 1003 3224 1073 insuper
3261 1012 3311 1057 et
3349 1019 3469 1057 caro
3493 1019 3607 1057 mea

2014 1097 2291 1168 requiescet
2328 1096 2383 1150 in
2421 1111 2529 1166 spe.
2594 1090 2853 1159 Quoniam
2900 1109 3002 1147 non
3032 1092 3350 1165 derelinqu'es
3378 1095 3605 1148 animum

2011 1201 2179 1239 nteant
2201 1186 2255 1239 in
2284 1185 2522 1257 inferno,
2554 1201 2646 1238 nec
2676 1182 2823 1238 dabis
2851 1190 3088 1238 sanetum
3121 1193 3259 1237 tuum
3286 1184 3455 1239 ridere
3492 1201 3603 1239 ror~

2014 1279 2328 1353 ruptionent.
2375 1274 2428 1332 Ν
2433 1287 2546 1333 alas
2576 1278 2746 1350 fecisti
2768 1277 2894 1331 mihi
2915 1276 3022 1331 rius
3051 1278 3184 1341 vittr,
3209 1274 3511 1347 adimplebis
3532 1294 3612 1331 me

2013 1370 2195 1425 Iustitia
2238 1384 2352 1424 cum
2398 1370 2539 1426 vultu
2582 1380 2666 1425 tuo
2690 1410 2704 1434 ,
2756 1368 3121 1424 delectationes
3172 1370 3225 1423 in
3272 1369 3487 1424 dextera
3519 1380 3606 1423 tua

2009 1481 2170 1537 usque
2195 1464 2250 1519 in
2278 1456 2454 1537 ﬁnem.

2586 1549 3019 1590 οοιιιειιτιιιιιυιι.

2086 1647 2129 1702 Α
2157 1646 2602 1718 quinquagesimo
2647 1646 2839 1717 quinto
2885 1644 3093 1716 psalmo
3143 1660 3313 1716 usque
3353 1643 3419 1700 ad
3443 1646 3605 1716 quin-

2010 1738 2382 1810 quagesimum
2433 1754 2637 1794 nonum
2675 1752 2866 1793 omnes
2892 1735 3092 1792 habent
3131 1736 3271 1791 tituli
3298 1737 3605 1808 inscriptio-

308 1845 427 1891 ιοω
476 1837 529 1893 ιιι
578 1838 828 1909 necatogi
888 1854 1096 1896 summa
1143 1840 1499 1907 concluditur,
1546 1838 1907 1914 άρρεηιριίρεε
1938 1839 1983 1902 Β
2013 1845 2146 1893 nes,
2179 1827 2273 1885 sed
2321 1846 2428 1885 non
2458 1846 2640 1901 puras.
2701 1826 2807 1883 Iste
2848 1836 3027 1882 autem
3059 1827 3295 1899 psalmus
3321 1828 3435 1884 sola
3465 1828 3608 1884 tituli

305 1926 430 1996 ejus
460 1928 512 1982 in
542 1929 644 1984 isto
669 1930 876 2000 psalmo
905 1929 1106 1987 formas
1129 1933 1426 2002 expressit,
1456 1932 1653 2002 quibus
1691 1948 1756 1988 ea
1804 1934 1906 1989 do.

304 2019 488 2075 coisse
506 2035 628 2090 quae
657 2019 847 2077 fecisse
870 2022 1149 2092 probatur.
1176 2022 1311 2079 Nam
1341 2024 1585 2093 ingressu
1612 2039 1712 2079 suo
1736 2025 1911 2081 taber-

305 2112 562 2168 naculum
584 2128 618 2167 a
636 2114 861 2169 maculis
881 2103 1177 2168 ementium
1192 2123 1249 2168 et
1271 2113 1616 2170 vendentium
1639 2115 1905 2178 liberavit,

303 2214 367 2259 et
393 2214 650 2276 operatus
692 2213 777 2260 est
818 2204 1117 2274 justitiam,
1157 2206 1386 2261 salutem
1415 2207 1650 2263 hominis
1685 2207 1913 2262 sabbato

304 2294 460 2351 feriis
502 2295 887 2367 przepouendo.
936 2296 1287 2366 Loquebatur
1319 2305 1500 2352 autem
1527 2298 1812 2354 veritatem
1856 2298 1911 2353 in

302 2387 477 2443 corde
499 2403 620 2453 suo,
650 2388 779 2442 nihil
799 2388 1065 2456 cogitans,
1084 2388 1186 2442 nisi
1205 2389 1536 2457 voluntatem
1557 2386 1750 2445 Patris.
1793 2388 1908 2445 Non

306 2478 426 2547 egit
452 2477 638 2533 dolum
685 2478 739 2532 in
790 2478 971 2546 lingua
1021 2494 1140 2544 sua,
1185 2479 1446 2550 siquidem
1489 2494 1555 2535 ex
1586 2480 1763 2549 lingua
1791 2480 1909 2550 ejus

309 2582 499 2622 sermo
527 2582 790 2638 egressus,
821 2570 977 2626 czecis
1001 2570 1177 2625 lumen
1196 2609 1211 2635 ,
1243 2554 1901 2641 salutem'mgrotantibus,

316 2665 378 2711 et
408 2658 570 2713 vitam
601 2660 825 2716 mortuis
849 2661 1179 2719 conferebat.
1220 2660 1574 2734 Opprobrium
1606 2680 1713 2719 non
1742 2680 1907 2721 acce-

309 2748 396 2818 pit
440 2748 695 2806 adversus
741 2753 1040 2822 proximum
1085 2769 1262 2809 suum.
1316 2753 1590 2825 Siquidem
1618 2757 1781 2811 etiam
1808 2755 1904 2812 Ju-

303 2839 436 2895 dam
481 2843 668 2899 osculo
714 2845 967 2916 suscepit.
1022 2845 1106 2903 Ad
1155 2847 1379 2903 nihilum
1417 2848 1679 2905 deductus
1723 2858 1808 2905 est
1845 2851 1900 2905 in

302 2942 602 3004 conspectu
649 2936 767 3006 ejus
811 2937 1077 3008 malignus
1099 2978 1115 3005 ,
1168 2941 1461 3011 prohibens
1487 2944 1673 3011 utique
1698 2943 1903 3001 bonum

304 3022 449 3081 ﬁeri.
491 3026 763 3085 Timentes
783 3039 965 3087 autem
998 3032 1284 3088 Dominum
1313 3034 1388 3088 ita
1418 3035 1811 3104 magniﬁcavit,
1842 3044 1904 3090 ut

299 3118 457 3173 daret
482 3121 557 3175 eis
586 3130 889 3192 potestatein
917 3125 1060 3195 ﬁlios
1089 3124 1188 3180 Dei
1216 3126 1333 3197 ﬁeri
1363 3125 1543 3198 (Joan.
1578 3128 1639 3197 t).
1692 3126 1905 3183 Juravit

2011 1922 2365 1993 inscriptione
2394 1930 2748 1993 prtenotatur,
2779 1935 2886 1991 qua
2910 1917 3212 1975 ostenditur
3238 1919 3359 1990 plus
3387 1918 3453 1974 ad
3487 1936 3604 1992 my-

2011 2013 2205 2068 sticam
2227 2012 2634 2083 intelligentiam
2655 2027 2818 2082 quam
2840 2009 2906 2065 ad
2932 2008 3244 2066 historicum
3271 2010 3609 2078 decantatus,

2015 2105 2069 2158 in
2098 2118 2207 2173 quo
2242 2102 2571 2167 advertimus
2598 2102 2873 2158 hominem
2903 2100 3200 2173 perfectum
3227 2098 3411 2156 Jesum
3440 2099 3609 2156 Naza-

2014 2208 2206 2248 renum
2229 2191 2296 2247 ad
2316 2194 2619 2264 passionem
2643 2200 2881 2257 etttttem,
2906 2191 3065 2263 hujus
3095 2191 3285 2263 psalmi
3308 2192 3611 2249 orationem

2015 2285 2309 2344 ell‘undere.
2326 2285 2584 2355 Quamvis
2597 2286 2740 2342 enim
2760 2283 2898 2341 Deus
2911 2295 3044 2341 esset
3055 2287 3108 2339 in
3123 2284 3351 2352 Christo,
3367 2286 3612 2340 mundum

2014 2377 2357 2434 reconcilians
2369 2376 2472 2432 sibi
2487 2374 2554 2449 (ll
2584 2376 2702 2433 Cor.
2729 2377 2806 2448 v),
2828 2386 3007 2432 tamen
3023 2375 3464 2447 passibilitatibns
3484 2376 3613 2432 sub-

2008 2468 2256 2539 jacebat,
2304 2476 2360 2524 et
2401 2470 2596 2525 timore
2644 2469 2787 2525 enim
2832 2476 2888 2523 et
2934 2468 3190 2524 mmstitia
3216 2468 3495 2540 agebatur.
3541 2465 3612 2524 Et

2012 2561 2134 2616 ideo
2164 2560 2445 2632 alloquens
2466 2559 2809 2616 Divinitatem
2831 2558 3042 2627 adorat,
3074 2558 3261 2616 dicens
3287 2579 3298 2614 :
3332 2558 3610 2617 Conserva

2007 2668 2117 2720 me,
2146 2653 2391 2722 Domine,
2418 2654 2673 2725 quoniam
2694 2653 2905 2726 speravi
2929 2654 2981 2710 in
3013 2662 3086 2721 te,
3118 2670 3225 2711 non
3254 2652 3319 2709 ad
3349 2670 3608 2725 arrogan-

2006 2746 2139 2802 tiam
2186 2745 2379 2803 ductus
2432 2760 2533 2819 pro
2586 2747 2929 2804 immaculata
2996 2746 3325 2803 conscientia
3377 2746 3611 2817 superbe

2007 2838 2163 2909 sapul
2187 2880 2203 2905 ,
2235 2838 2331 2894 sed
2356 2834 2467 2893 dixi
2495 2837 2755 2903 Domino,
2786 2838 2931 2893 Deus
2957 2852 3111 2892 meus
3139 2854 3198 2893 es
3231 2846 3307 2903 tu,
3338 2846 3392 2892 et
3419 2852 3612 2907 quant-

2008 2930 2092 2986 vis
2118 2929 2299 2984 omnia
2320 2944 2487 3001 opera
2516 2944 2658 2995 mea,
2690 2937 2744 2985 et
2771 2930 2952 2984 omnia
2984 2930 3145 2985 verba
3175 2944 3316 2994 mea,
3347 2937 3403 2984 et
3431 2930 3611 2985 omnia

2009 3021 2249 3091 cogitata
2272 3034 2392 3077 mea
2411 3019 2554 3077 bona
2583 3021 2711 3088 sint,
2743 3028 2924 3077 tamen
2958 3031 3012 3077 tu
3038 3021 3128 3092 qui
3158 3039 3245 3078 me
3274 3010 3619 3094 assumpsisti'

2009 3110 2279 3167 bonorum
2320 3126 2566 3168 meorum
2606 3127 2715 3169 non
2747 3124 2891 3182 eges.
2935 3112 3051 3169 Non
3075 3114 3218 3170 enim
3249 3130 3346 3186 pro
3378 3113 3470 3170 Dei
3509 3132 3608 3171 ne-

300 3220 367 3266 et
394 3214 644 3283 proximo
673 3230 772 3271 suo
800 3225 856 3272 et
885 3233 995 3273 non
1041 3217 1276 3288 decepit.
1336 3217 1475 3286 Quid
1498 3218 1740 3289 juravit?
1769 3220 1905 3279 Illud

2010 3199 2266 3259 cessitate
2309 3210 2618 3275 assumptus
2657 3211 2740 3261 est
2767 3203 2931 3260 homo
2949 3245 2964 3271 ,
2997 3204 3091 3261 sed
3118 3221 3218 3277 pro
3246 3205 3480 3263 hominis
3510 3223 3608 3263 ne-

199 3370 214 3382 .
299 3302 428 3358 sine
444 3302 611 3359 dubio
639 3306 784 3375 quod
828 3307 1105 3377 promisit,
1136 3308 1323 3365 dicens
1351 3327 1364 3363 :
1396 3309 1561 3365 Amen
1589 3310 1708 3366 dico
1735 3311 1899 3379 vobis,

296 3394 427 3467 quia
453 3396 502 3450 si
549 3397 847 3452 mseritis
867 3398 923 3453 in
947 3399 1267 3455 sermonibus
1288 3402 1436 3466 meis,
1459 3402 1575 3474 jam
1601 3419 1708 3465 non
1732 3403 1905 3459 dicunt

296 3504 395 3542 eos
420 3504 593 3544 seruos
618 3488 714 3545 sed
745 3491 941 3546 mnium
976 3492 1156 3564 (Joan.
1188 3494 1303 3563 xv),
1330 3502 1386 3549 et
1412 3497 1593 3551 omnia
1618 3511 1741 3567 qute
1768 3513 1901 3568 pro-

295 3578 455 3634 misit
479 3578 788 3636 credentem
810 3581 863 3636 in
892 3597 953 3638 se
976 3584 1281 3654 proximum
1310 3600 1417 3641 non
1451 3585 1683 3659 decepit.
1727 3587 1899 3645 Pecu-

297 3670 451 3725 niam
479 3688 611 3729 vero
637 3689 793 3729 suam
822 3690 930 3731 non
968 3675 1118 3732 dedit
1136 3677 1205 3732 ad
1235 3693 1472 3734 usuram.
1514 3678 1761 3735 Pecuniae
1783 3681 1904 3750 ejus

296 3761 535 3818 virtutes
579 3763 870 3821 sanitatum
913 3774 1100 3832 erant,
1144 3781 1267 3837 qum
1313 3784 1422 3824 non
1469 3769 1646 3824 solum
1688 3770 1804 3839 ipse
1833 3772 1904 3826 ab

299 3852 419 3908 υιιο
449 3854 584 3911 nihil
611 3857 883 3927 accipiens
909 3860 1154 3915 exercuit
1176 3901 1191 3925 ,
1238 3862 1333 3916 sed
1361 3870 1418 3917 et
1441 3863 1587 3933 ipsos
1613 3863 1907 3934 discipulos

297 3960 441 4001 suos
466 3946 646 4002 taliter
673 3947 1002 4015 informavit,
1026 3950 1153 4005 dum
1176 3951 1333 4007 daret
1353 3953 1432 4007 eis
1460 3962 1787 4023 potestatem
1816 3955 1909 4009 in-

304 4032 498 4088 ﬁrmos
542 4037 762 4093 curandi
800 4054 864 4094 ac
906 4048 1150 4097 mortuos
1193 4042 1487 4098 suscitandi
1510 4084 1525 4109 ,
1552 4044 1903 4116 diceretque:

305 4121 493 4178 Gratis
520 4127 807 4197 accepistis,
833 4131 998 4207 gratis
1025 4131 1146 4184 date
1166 4129 1383 4204 (Matth.
1410 4132 1487 4202 x).
1505 4133 1725 4189 Munera
1742 4150 1910 4207 super

302 4217 632 4273 innocentes
673 4233 780 4274 non
830 4220 1005 4275 solum
1055 4237 1160 4278 non
1205 4223 1447 4294 accepit,
1475 4225 1570 4280 sed
1600 4226 1761 4280 etiam
1793 4227 1923 4304 ipse

292 4309 536 4378 seipsmn
577 4308 724 4364 dedit
750 4311 1150 4384 redemptionem
1176 4331 1273 4386 pro
1305 4315 1542 4372 omnibus
1573 4317 1616 4389 (Ι
1650 4317 1782 4372 Tim.
1818 4320 1899 4390 ιι).

294 4400 607 4472 Completis
636 4394 766 4473 ergo
796 4404 879 4459 his
917 4403 1105 4460 decem
1152 4406 1410 4460 virtutum
1442 4407 1649 4471 indiciis
1668 4450 1681 4475 ,
1714 4408 1765 4463 in
1797 4410 1902 4465 hoc

293 4496 373 4549 tle
404 4496 543 4551 cmlo
570 4505 626 4551 et
656 4496 1041 4569 perfectionem
1072 4498 1346 4570 impletum
1376 4502 1640 4569 ostendit,
1673 4511 1727 4558 et
1753 4503 1903 4574 adje—

2010 3292 2264 3350 cessitate
2310 3301 2590 3366 susceptus
2632 3302 2715 3351 est
2761 3293 2919 3352 Deus.
2984 3294 3085 3352 Hic
3113 3306 3293 3352 autem
3323 3297 3488 3352 homo
3516 3299 3610 3368 qui

2008 3392 2315 3457 assumptus
2347 3400 2379 3440 a
2408 3385 2520 3442 Deo
2549 3386 2693 3442 inter
2719 3401 2909 3441 onmes
2935 3397 3154 3444 sanctos
3184 3386 3487 3443 miriﬂeavit
3518 3405 3611 3442 νυ-

2008 3476 2246 3536 luntates
2270 3494 2436 3548 suas,
2468 3480 2543 3536 ita
2574 3488 2633 3535 ut
2657 3482 2900 3542 omnium
2941 3480 3135 3534 merita
3166 3478 3218 3532 in
3250 3476 3611 3534 inaestimabili

2006 3571 2209 3627 virtute
2237 3571 2664 3638 transcenderet,
2695 3580 2753 3629 et
2776 3572 2981 3627 nullum
3007 3571 3110 3626 sibi
3138 3569 3352 3641 penitus
3379 3568 3612 3626 similem

2010 3665 2305 3731 inveniret,
2337 3673 2392 3721 et
2420 3666 2546 3722 licet
2575 3666 2943 3739 multiplicata
2975 3672 3103 3720 sunt
3130 3663 3468 3721 inﬁrmitates
3512 3678 3609 3719 eo-

2009 3773 2148 3823 rum,
2180 3763 2362 3814 tameu
2392 3759 2643 3829 exemplo
2663 3758 2877 3816 Domini
2914 3758 3356 3815 acceleraverunt
3388 3754 3615 3810 tenden~

2012 3857 2096 3905 tes
2123 3848 2189 3903 ad
2212 3849 2450 3918 palmam
2467 3890 2483 3915 ,
2514 3864 2652 3919 quos
2680 3865 2711 3905 a
2740 3850 3003 3906 societate
3028 3848 3297 3903 malorum
3321 3859 3613 3915 segregans

2011 3939 2274 3996 Dominus
2300 3939 2429 3996 dicit
2453 3959 2467 3994 :
2498 3940 2619 3997 Non
2642 3938 2988 4009 congregabo
3010 3938 3389 3994 conventicula
3420 3953 3612 3993 eorum

2012 4029 2082 4084 de
2110 4030 2495 4098 sanguiuibus,
2536 4030 2590 4085 id
2633 4039 2741 4097 est,
2787 4030 3072 4086 credentes
3098 4030 3151 4084 in
3180 4043 3268 4085 me
3311 4028 3611 4099 segregabo

2016 4122 2085 4176 ab
2132 4120 2213 4180 eis
2254 4122 2349 4192 qui
2391 4122 2445 4177 in
2488 4121 2750 4179 clinatione
2796 4121 3075 4192 sanguinis
3098 4121 3476 4178 delectantur:
3509 4136 3612 4178 nec

2014 4227 2226 4269 mernor
2262 4228 2361 4269 ero
2388 4214 2668 4271 nominum
2695 4228 2883 4270 eorum
2914 4229 3014 4286 per
3039 4214 3179 4270 labia
3206 4229 3329 4270 mea
3347 4254 3362 4281 ,
3406 4227 3613 4284 negans

2011 4322 2110 4364 eos
2135 4318 2320 4365 coram
2345 4306 2509 4366 Patre
2534 4315 2592 4365 et
2611 4308 2838 4378 angelis.
2872 4308 3130 4366 Dominus
3156 4308 3301 4366 enim
3328 4324 3457 4380 pars
3486 4323 3609 4364 mea

2008 4409 2065 4456 et
2119 4400 2387 4472 passionis
2431 4416 2597 4469 meat,
2629 4401 2685 4457 id
2710 4409 2829 4469 est,
2859 4401 3043 4458 calicis
3071 4401 3199 4458 mei.
3230 4400 3289 4456 lu
3317 4414 3427 4471 quo
3453 4398 3612 4457 funes

2007 4493 2363 4562 ceciderunt,
2393 4494 2449 4551 id
2487 4503 2602 4563 est,
2658 4494 2829 4551 fortes
2853 4495 3197 4561 ceciderunt;
3225 4494 3355 4550 mihi
3385 4494 3440 4550 in
3468 4506 3610 4564 prte-

292 4592 377 4644 eit
421 4590 605 4647 dicens
637 4609 650 4644 :
682 4591 785 4659 Qui
818 4592 949 4648 facit
973 4593 1106 4659 haec,
1139 4594 1192 4648 id
1219 4601 1335 4658 est,
1369 4596 1459 4665 qui
1492 4596 1635 4653 hunc
1664 4597 1902 4653 imitatus
1927 4586 1985 4651 D
2007 4591 2169 4646 claris
2191 4630 2208 4654 ,
2263 4591 2316 4645 in
2360 4591 2624 4662 apostolis
2662 4590 2781 4646 sine
2833 4589 3019 4646 dubio.
3081 4589 3291 4645 Etenim
3318 4587 3608 4644 luereditas
3670 4665 3682 4681 .

293 4683 325 4736 ι·
344 4683 483 4746 ιυνίι,
517 4698 623 4737 non
653 4685 1082 4740 commovebitur
1109 4685 1161 4741 in
1187 4693 1469 4741 teternum.
1514 4688 1615 4759 lpsi
1645 4690 1815 4758 gloria
1842 4692 1898 4746 in

291 4775 496 4828 eum-uta
530 4777 870 4833 seculorum.
904 4776 1093 4834 Amen.
1136 4852 1143 4857 μ

861 4911 1176 4971 PSALMUS
1225 4914 1340 4972 XV.

701 5028 863 5084 Tituli
893 5030 1293 5101 inscriptio'ipsi
1318 5030 1501 5087 David.

380 5143 638 5197 Conserva
666 5159 766 5208 me,
801 5141 1041 5208 Domine,
1069 5144 1316 5214 quoniam
1344 5144 1548 5214 sperari
1576 5143 1632 5196 in
1663 5152 1726 5196 te.
1772 5141 1902 5197 Dixi

300 5232 570 5289 Domino:
606 5233 741 5290 Deus
780 5250 920 5289 meus
940 5252 995 5290 es
1019 5245 1093 5301 tn,
1134 5236 1375 5307 quoniam
1396 5233 1645 5289 bonorum
1672 5248 1900 5288 meorum

300 5343 412 5384 non
454 5343 588 5398 eges.
640 5326 847 5382 Sanctis
893 5329 979 5399 qui
1017 5338 1139 5383 sunt
1175 5328 1228 5381 in
1271 5336 1407 5383 terra
1436 5325 1927 5399 ejus,ntiriﬁcaoit.

302 5434 487 5473 omnes
508 5420 789 5475 roluntates
812 5434 951 5474 meas
978 5422 1030 5474 in
1060 5422 1152 5475 eis.
1198 5419 1556 5493 Multiplicatu:
1596 5428 1718 5473 sunt
1742 5419 1898 5489 inﬁr-

303 5511 513 5565 mitates
544 5527 738 5575 eorum,
764 5520 939 5581 postea
970 5511 1397 5565 accelerarerunt.
1432 5508 1556 5565 Non
1577 5506 1900 5581 congregabo

302 5602 663 5656 conventicula
690 5618 863 5655 eorum
886 5601 948 5655 de
967 5601 1300 5671 stmguinibus
1318 5642 1332 5667 ,
1363 5618 1455 5656 nec
1474 5617 1670 5656 memor
1694 5617 1782 5654 ero
1802 5616 1903 5655 uo-

306 5694 509 5747 minum
529 5712 705 5748 comm
727 5712 818 5764 per
846 5692 985 5746 labia
1007 5710 1143 5747 mea.
1165 5693 1413 5749 Dominus
1439 5711 1561 5765 pars
1585 5692 1906 5750 hmreditatis

309 5803 474 5854 mea,
516 5798 566 5842 et
612 5788 790 5842 colicis
819 5788 949 5849 mei;
991 5797 1040 5839 tu
1079 5804 1131 5840 es
1170 5789 1254 5857 qui
1282 5789 1515 5841 restitues
1550 5786 1903 5844 lrwretlitatetn

754 5943 804 5958 Ψ
888 5942 975 5953 ⁵η-

2010 4700 2133 4741 mea
2162 4692 2272 4740 tatu
2300 4684 2557 4755 praeclara
2582 4692 2665 4741 est
2685 4724 2701 4751 ,
2750 4691 2812 4740 ut
2847 4685 2948 4755 ipsi
2975 4683 3084 4741 sint
3125 4698 3297 4753 usque
3325 4681 3486 4738 hodie
3512 4681 3605 4737 lux

2011 4775 2174 4847 hujus
2198 4776 2387 4833 mundi
2416 4816 2431 4842 ,
2485 4777 2540 4831 in
2566 4776 2764 4846 quibus
2808 4775 3147 4832 benedicitur
3190 4773 3334 4830 Dens
3356 4815 3371 4841 ,
3402 4774 3496 4845 qui
3537 4773 3610 4830 ad

2012 4866 2127 4923 lucc
2180 4866 2367 4923 tribuit
2410 4866 2742 4923 intellectum
2764 4907 2780 4934 ,
2831 4881 2934 4922 nec
2971 4865 3148 4922 solum
3186 4880 3251 4922 ea
3279 4880 3399 4937 qua:
3427 4865 3608 4924 lucida

2011 4968 2160 5025 sunt,
2184 4958 2279 5015 sed
2295 4966 2349 5014 et
2372 4959 2462 5014 illa
2487 4973 2608 5029 qua:
2629 4960 2839 5014 occulta
2867 4967 3009 5026 sum,
3042 4975 3151 5016 non
3178 4975 3210 5016 a
3236 4961 3402 5019 corde
3420 4960 3516 5019 sed
3535 4960 3606 5016 ab

2014 5050 2145 5120 ipsis
2190 5051 2408 5107 renibus
2456 5049 2737 5106 erudiebat
2763 5088 2779 5113 ,
2826 5057 2888 5105 ut
2930 5051 3271 5123 providerem
3314 5053 3605 5109 Dominum

2012 5143 2067 5197 in
2094 5151 2390 5213 conspectu
2438 5156 2563 5198 meo
2606 5156 2840 5213 semper.
2902 5142 3020 5214 Ipse
3046 5152 3132 5202 est
3169 5145 3315 5203 enim
3344 5158 3375 5197 a
3400 5142 3607 5198 dextris

2012 5234 2150 5289 meis
2177 5248 2246 5289 ne
2270 5247 2637 5300 commoveat,
2668 5242 2731 5290 ut
2750 5234 2859 5293 hoc
3056 5245 3327 5308 peccaturis
3347 5247 3452 5286 non
3482 5233 3601 5302 facit

2010 5340 2106 5379 nec
2157 5323 2307 5380 dolus
2343 5326 2583 5381 intentus
2620 5333 2699 5381 est
2741 5328 2800 5382 in
2839 5344 2930 5382 ore
2953 5344 3101 5391 ηιοο,
3144 5341 3254 5380 non
3281 5319 3606 5378 humanitati

2009 5416 2107 5472 sed
2135 5417 2409 5475 Divinitati
2437 5418 2721 5475 ascribam.
2764 5417 2997 5487 Propter
3022 5417 3129 5472 hoc
3164 5413 3493 5468 delectatum
3521 5421 3608 5468 est

2010 5524 2109 5565 cor
2135 5524 2313 5566 meum
2337 5550 2354 5576 ,
2403 5519 2460 5566 et
2504 5509 2795 5567 exsultavit
2839 5508 3018 5574 lingua
3047 5518 3166 5560 mea
3186 5542 3200 5566 .
3248 5509 3305 5555 et
3330 5499 3449 5571 ipsa
3476 5517 3608 5561 caro

2012 5615 2131 5657 mea
2160 5601 2453 5672 requiescit
2481 5601 2536 5657 in
2564 5615 2691 5671 spe,
2725 5596 2983 5667 quoniam
3019 5608 3052 5647 a
3085 5590 3291 5649 dextris
3328 5593 3467 5652 lueis
3492 5595 3605 5653 Do-

2013 5694 2211 5759 minus,
2240 5702 2302 5748 ut
2330 5708 2438 5749 non
2466 5700 2833 5746 commovear.
2876 5681 2945 5738 Et
2971 5680 3096 5738 ideo
3117 5697 3226 5739 non
3255 5684 3604 5761 derelinques

1960 5867 1984 5875 -
2015 5786 2068 5840 in
2100 5786 2311 5841 inferno
2348 5770 2582 5838 animam
2610 5791 2788 5833 meam
2808 5812 2828 5840 ,
2875 5788 2975 5831 nec
2999 5774 3156 5832 dabis
3182 5787 3427 5837 sanctum
3454 5790 3607 5842 tuum
