4108 6348
466 1044 485 1081 ι

560 315 664 371 545

1720 314 1724 323 ’
1742 311 1751 327 ’
1809 321 2081 379 ARNOBII
2120 317 2423 384 JUNIORIS

3762 335 3882 390 5“

559 433 743 487 videre
766 433 1184 503 corruptionem,
1216 433 1339 504 quia
1370 444 1526 493 notas
1554 439 1684 495 mihi
1708 442 1877 496 fecisti
1911 442 2023 498 vias
2042 456 2147 513 qua
2176 446 2229 505 Α
2253 442 2325 501 Os
2352 461 2542 510 eorum
2575 448 2815 505 locutum
2855 457 2939 506 est
2979 449 3305 521 superbiam.
3350 448 3708 523 Projicientrs
3754 444 3874 513 me.

557 524 668 581 itur
711 525 779 599 ad
825 526 1176 581 :cternitatcm
1203 564 1218 591 ,
1268 526 1548 599 inquibus
1576 540 1694 602 post
1730 534 1999 590 tristitiam
2027 551 2150 607 pas-

2257 546 2384 596 tunc
2411 539 2479 596 de
2493 540 2815 615 Synagoga;
2844 544 3315 611 circumdederunt
3337 560 3445 612 me,
3470 562 3611 603 nunc
3640 556 3708 602 ut
3738 563 3875 603 cru-

555 619 726 674 sionis
753 609 1069 690 adimplebis
1098 634 1185 677 me
1212 620 1394 679 Imtitia
1422 640 1544 681 cum
1572 626 1721 683 vultu
1750 636 1864 694 tuo,
1893 638 1950 687 et
1967 645 2152 687 ascend
2253 627 2486 701 ciﬁgaut.
2788 609 2934 692 enim
2976 652 3106 694 suos
3148 645 3455 694 statuenmt
3491 638 3783 696 declinare
3813 640 3873 701 iu

555 710 688 767 deus
735 712 789 767 in
834 712 1000 768 crclos
1047 713 1201 772 dabis
1246 710 1637 803 delectationes
1684 720 1737 775 in
1783 721 2006 779 dextera
2054 732 2146 780 tua

554 816 725 871 usque
740 803 791 858 in
806 802 988 860 linem.
1002 805 1107 877 Ipsi
1123 806 1294 876 gloria
1310 808 1365 864 in
1382 802 1576 867 siceula
1592 814 1930 894 saeculorum.
1950 816 2141 874 Amen.

1109 919 1427 980 PSALMUS
1451 923 1590 983 XVI.
1682 946 1683 951 ‘

1134 1014 1321 1073 Oratio
1357 1016 1544 1074 David.
1620 1030 1628 1039 '

621 1120 862 1189 Exaudi,
884 1124 1124 1196 Domine,
1147 1129 1407 1200 justitiam
1430 1151 1597 1192 meum
1616 1176 1631 1202 ,
1660 1138 1870 1194 intende
1891 1141 2140 1213 depreca-

549 1216 739 1270 tionem
762 1234 950 1273 meam.
991 1220 1216 1276 Auribus
1245 1227 1455 1297 percipe
1477 1229 1765 1285 orationem
1793 1248 1990 1300 meum,
2033 1252 2138 1292 non

545 1305 600 1360 in
631 1306 783 1363 labiis
813 1308 1024 1366 dolosis.
1060 1311 1138 1367 De
1168 1315 1303 1370 vultu
1328 1326 1413 1383 tuo
1427 1319 1682 1390 judicium
1706 1339 1874 1380 meum
1899 1328 2136 1397 prodeat,

544 1398 683 1464 oculi
710 1399 782 1452 tui
805 1398 1014 1455 rideant
1040 1405 1352 1475 (equitatem.
1386 1406 1630 1479 Probasti
1650 1430 1741 1467 cor
1764 1431 1958 1483 meum,
1990 1429 2040 1472 et
2066 1419 2139 1474 vi-

544 1490 715 1543 sitasti
736 1500 908 1558 nocte,
931 1494 1051 1564 igne
1085 1511 1167 1549 me
1192 1500 1527 1567 exanimasti,
1557 1511 1608 1556 et
1626 1518 1729 1559 non
1759 1515 1835 1561 est
1854 1508 2060 1564 inventa
2080 1512 2135 1565 in

543 1597 625 1634 me
644 1582 906 1654 iniquitas.
936 1585 1005 1640 Ut
1020 1605 1124 1644 non
1146 1589 1383 1662 loquatur
1404 1610 1461 1649 os
1481 1612 1648 1650 meum
1668 1615 1827 1669 opera
1845 1600 2133 1670 hminum,

542 1684 753 1745 propter
780 1675 932 1732 verba
960 1678 1213 1736 labiorum
1244 1693 1448 1740 tuorum
1485 1704 1578 1760 ego
1607 1691 1860 1747 custodiri
1895 1694 2006 1749 vias
2035 1695 2133 1749 du-

542 1782 648 1818 ros.
698 1764 903 1839 Perfice
927 1788 1131 1842 gressus
1156 1776 1372 1835 meosin
1405 1780 1600 1834 sentitis
1630 1782 1732 1835 tuis
1750 1822 1765 1848 ,
1795 1793 1851 1836 ut
1889 1801 1995 1840 non
2018 1803 2133 1842 mo-

540 1866 755 1911 veantur
783 1861 994 1933 vestigia
1031 1880 1164 1919 mea.
1217 1865 1330 1939 Ego
1359 1869 1577 1925 clamaui
1603 1874 1848 1944 quoniam
1874 1878 2135 1933 exaudiui

538 1963 620 2001 me
640 1990 654 2013 ,
689 1947 827 2006 Deus
850 1993 865 2017 ,
898 1953 1093 2009 inclina
1121 1973 1298 2013 aurem
1325 1969 1466 2015 luant
1493 1962 1619 2017 mihi
1637 2004 1653 2029 ,
1687 1972 1736 2018 et
1764 1965 1955 2021 exaudi
1982 1967 2134 2024 verba

536 2058 670 2096 mea.
698 2042 930 2117 Miriﬁca
952 2049 1337 2109 misericordias
1367 2064 1481 2110 tuas
1500 2095 1516 2122 ,
1545 2059 1633 2130 qui
1662 2058 1832 2114 salvos
1857 2061 1990 2132 facis
2016 2079 2133 2134 spe-

534 2144 710 2190 rantes
739 2136 791 2191 in
815 2146 880 2193 te.
912 2139 954 2193 Α
980 2142 1330 2202 resistentibus
1361 2146 1590 2204 dextera:
1609 2152 1929 2219 tute‘custodi
1950 2171 2049 2220 me,
2076 2165 2134 2209 ut

532 2227 789 2297 pupillam
817 2232 954 2287 oculi
986 2235 1077 2299 tui.
1122 2235 1232 2291 Sub
1261 2236 1442 2293 umbra
1471 2240 1675 2297 alarum
1699 2252 1901 2300 tuarum
1922 2256 2133 2319 protege

533 2337 648 2386 me;
684 2340 717 2376 a
745 2325 881 2396 facie
916 2327 1192 2397 impiorum
1209 2333 1295 2401 qui
1324 2348 1406 2387 me
1430 2332 1744 2404 amiserunt.
1794 2335 2003 2393 Inimici
2032 2342 2132 2394 mei

533 2413 768 2468 animam
790 2432 959 2470 meum
984 2419 1463 2491 circumdederunt,
1500 2426 1707 2498 adipem
1741 2446 1892 2485 suum
1917 2435 2129 2492 conclu-

533 2512 747 2569 serunt,
777 2521 835 2560 os
863 2522 1042 2562 eorum
1075 2509 1299 2566 locutum
1331 2522 1409 2568 est
1430 2516 1742 2586 superbiam.
1785 2518 2131 2592 Projicientes

533 2610 617 2648 me
653 2612 790 2649 nunc
836 2600 1286 2659 circumdederunt
1330 2623 1430 2673 me,
1473 2608 1663 2664 oculos
1692 2628 1811 2668 suos
1838 2623 2133 2672 statuerunt

536 2687 799 2743 declinare
829 2691 883 2745 in
915 2702 1125 2751 terram.
1159 2692 1511 2771 Susceperunt
1542 2720 1623 2757 me
1652 2706 1786 2760 sicut
1807 2706 1885 2762 leo
1912 2720 2128 2780 paratus

531 2778 606 2832 ad
628 2781 881 2851 pra-dam,
918 2796 969 2839 et
985 2788 1118 2842 sicut
1143 2789 1345 2847 catulus
1374 2790 1538 2849 leonis
1565 2795 1806 2854 habitans
1826 2800 1882 2855 in
1913 2778 2123 2858 abditis.

442 2892 449 2897 ι
531 2869 790 2948 Exsurge,
840 2878 1065 2936 Domine
1088 2923 1101 2947 ,
1142 2888 1369 2955 prteveni
1423 2905 1538 2943 eum
1567 2900 1619 2943 et
1664 2893 1945 2964 supplauta
1984 2912 2123 2964 eum,

529 2966 671 3035 eripe
697 2969 927 3025 animum
952 2989 1122 3043 meum
1165 2974 1231 3029 ab
1255 2978 1457 3060 impio,
1489 2983 1742 3053 frameam
1769 2992 1910 3040 tuam
1933 2985 1999 3041 ab
2022 2988 2125 3044 ini-

528 3059 678 3111 micis
706 3077 888 3117 manus
942 3074 1058 3119 tute.
1112 3065 1363 3137 Domine,
1410 3090 1443 3127 a
1485 3077 1665 3145 paucis
1694 3077 1758 3132 de
1787 3087 1925 3135 terra
1953 3081 2125 3138 divide

528 3165 616 3204 eos
641 3154 694 3206 in
722 3155 826 3208 vita
852 3173 1048 3227 eorum,
1080 3170 1131 3214 et
1157 3163 1219 3216 de
1237 3163 1552 3223 absconditis
1582 3172 1681 3225 tuis
1711 3173 2019 3246 adimpletus
2047 3188 2124 3234 est

526 3254 702 3304 uenter
721 3263 915 3304 eorum.
948 3250 1187 3309 Saturati
1207 3267 1326 3311 sum
1352 3259 1477 3329 ﬁliis
1496 3271 1547 3315 et
1566 3262 1850 3320 diviserunt
1877 3268 2119 3341 reliquias

526 3354 650 3391 suas
678 3343 908 3411 parvulis
936 3346 1064 3399 suis.
1100 3344 1212 3418 Ego
1232 3359 1406 3405 autem
1425 3353 1479 3406 in
1495 3353 1705 3425 justitia
1725 3359 1983 3430 apparebo
2005 3378 2120 3416 con-

525 3433 719 3500 spectui
742 3442 847 3500 tuo,
872 3437 1105 3493 satiabor
1124 3455 1240 3495 cum
1268 3447 1569 3514 apparuerit
1596 3446 1766 3518 gloria
1792 3458 1899 3504 tua.

1095 3570 1378 3611 COIIENTA
1386 3573 1532 3614 BIUM.

601 3651 808 3707 Titulus
854 3660 1156 3717 orationem
1206 3665 1461 3732 insinuat,
1512 3671 1563 3727 in
1599 3685 1706 3741 qua
1736 3673 1803 3727 de
1826 3673 2033 3743 justitia
2062 3686 2117 3733 et

522 3741 592 3796 de
612 3743 817 3814 judicio
846 3763 877 3802 a
902 3747 1016 3804 Deo
1044 3754 1283 3822 regulam
1313 3759 1502 3824 sumit,
1545 3770 1604 3816 ut
1631 3777 1751 3817 cum
1775 3741 1980 3831 judicat
2014 3768 2115 3823 lto-

520 3839 722 3893 tninem
752 3841 934 3908 horno,
967 3859 1178 3903 memor
1213 3848 1285 3905 sit
1324 3866 1446 3906 eum
1489 3853 1557 3908 ad
1599 3855 1883 3925 imaginem
1915 3859 2009 3915 Dei
2038 3860 2118 3916 fa-

517 3942 698 4002 ctum;
731 3946 787 3992 et
817 3953 923 3993 non
951 3939 1003 3994 in
1035 3940 1190 3997 labiis
1216 3942 1422 4000 dolosis
1444 3945 1513 4001 de
1545 3948 1697 4005 vultu
1740 3949 1831 4006 Dei
1853 3950 2113 4020 judicium

517 4030 671 4080 suum
721 4028 986 4096 proferat,
1040 4031 1134 4086 sed
1181 4034 1322 4089 oculi
1371 4035 1487 4105 ejus
1529 4034 1745 4095 videant
1767 4043 2111 4111 mquitatem;

516 4131 625 4170 non
675 4117 820 4173 dicat
842 4161 857 4184 ,
910 4119 1008 4175 Hic
1032 4123 1182 4180 dives
1208 4134 1263 4180 et
1293 4126 1379 4182 hic
1403 4142 1626 4201 pauper,
1675 4133 1770 4188 sed
1797 4133 1979 4201 dicat,
2013 4134 2111 4193 Hic

516 4221 721 4263 nocens
767 4221 823 4265 ct
866 4213 955 4267 hic
1000 4214 1290 4278 innocens,
1338 4220 1547 4277 etiamsi
1587 4224 1827 4293 patiatur
1860 4225 2110 4292 adversa,

410 4358 417 4365 ι
516 4298 641 4366 quia
681 4298 860 4368 justus
901 4303 1064 4371 judcx
1113 4309 1313 4376 poterit
1359 4309 1679 4369 factionibus
1724 4315 1967 4385 fatigari,
1999 4334 2109 4375 non

513 4390 741 4479 justitia.
783 4393 883 4450 llic
913 4404 1093 4451 tamen
1130 4400 1292 4454 etiam
1320 4401 1531 4470 ignibus
1554 4407 1898 4465 examinatus
1925 4418 2026 4476 est,
2054 4421 2111 4467 et

514 4499 625 4538 non
674 4494 757 4550 est
802 4485 1015 4544 inventa
1066 4491 1119 4545 in
1166 4507 1234 4547 eo
1282 4493 1553 4564 iniquitas.
1623 4496 1839 4564 Quare?
1886 4510 2110 4574 propter

2251 734 2483 793 terram,
2514 734 2577 785 et‘
2608 746 2719 786 non
2755 730 3162 788 considerantes
3196 732 3458 789 caelorum
3481 731 3751 803 judicent,
3786 734 3872 791 sic

2249 828 2603 891 susceperunt
2647 838 2755 889 me,
2804 822 2946 880 sicut
2990 824 3079 881 leo
3124 832 3345 895 paratus
3388 825 3458 882 ad
3502 826 3781 899 pandam,
3811 836 3873 883 et

2248 909 2389 966 sicut
2414 912 2622 969 catulus
2659 913 2850 991 leonis.
2912 913 3154 973 Leonem
3180 916 3442 988 populum
3477 919 3863 988 sacerdotium

2246 1002 2485 1058 catulum
2515 1004 2688 1062 leonis
2729 1005 2989 1091 populum
3026 1008 3301 1065 subditum
3335 1010 3719 1068 sacerdotibus
3760 1027 3868 1083 po-

2245 1093 2370 1151 suit.
2410 1095 2520 1151 Illis
2565 1096 2918 1156 frementibus
2966 1116 3133 1173 super
3175 1111 3394 1175 captum
3420 1145 3437 1170 ,
3478 1105 3553 1161 illi
3583 1104 3862 1162 seditiosa
3946 1146 3954 1153 ~

2244 1186 2396 1242 rabie
2439 1186 2790 1266 devorabam.
2832 1189 3074 1262 Exsurge
3095 1235 3111 1261 ,
3160 1194 3419 1263 Domine,
3461 1200 3705 1268 praeveni
3736 1212 3865 1266 eos,

2243 1279 2513 1337 suscitans
2537 1278 2811 1336 Christum
2840 1290 2990 1338 tuum
3008 1324 3024 1350 ,
3065 1299 3175 1354 quo
3201 1294 3519 1357 resurgente
3558 1287 3862 1349 subvertes

2243 1383 2357 1427 eos.
2399 1369 2575 1427 liabet
2612 1372 2757 1429 enim
2802 1374 3014 1431 ruinam
3059 1376 3202 1434 hanc
3246 1377 3467 1446 invidia,
3498 1387 3559 1435 ut
3586 1395 3855 1437 eversum

2241 1459 2387 1516 dicat
2429 1470 2736 1534 susceptum
2764 1480 2919 1521 suum
2935 1507 2952 1532 ,
2974 1466 3022 1522 si
3062 1467 3206 1525 hunc
3231 1484 3394 1540 quem
3421 1469 3601 1549 decipi
3629 1473 3859 1528 studuit

2240 1551 2423 1608 videat
2449 1552 2890 1626 triumphantem.
2931 1557 3125 1631 Eripe,
3157 1559 3361 1631 inquit,
3391 1561 3631 1619 animam
3657 1579 3853 1620 meam

2240 1647 2310 1702 ab
2337 1646 2523 1718 impio,
2554 1647 2606 1703 id
2630 1657 2732 1716 est,
2763 1664 2795 1705 a
2822 1650 3014 1707 mortis
3036 1650 3188 1722 jugo,
3219 1660 3276 1708 et
3312 1652 3551 1722 gladium
3588 1654 3853 1712 inimico-

2239 1754 2360 1793 rum
2387 1739 2456 1796 de
2492 1755 2657 1797 manu
2694 1749 2787 1797 tua
2826 1743 3015 1799 evelle.
3058 1742 3340 1801 Frameam
3368 1745 3618 1803 humanae
3643 1747 3853 1805 liuet-a5

2167 1821 2215 1883 Β
2238 1831 2548 1902 specialiter
2567 1832 2753 1889 dicunt
2780 1833 3022 1891 lanceam
3046 1836 3206 1907 regis,
3239 1853 3339 1894 nos
3363 1846 3547 1894 autem
3573 1838 3848 1896 frameam

2237 1924 2561 1993 generaliter
2598 1917 2833 1995 gladium
2867 1928 2922 1984 in
2963 1927 3256 2001 Scripturis
3289 1931 3490 1987 sanctis
3512 1933 3843 2004 accipimus.

2180 2055 2184 2059 .
2236 2011 2392 2080 Quod
2418 2022 2600 2072 autem
2624 2033 2656 2073 a
2683 2019 2870 2089 paucis
2896 2029 3051 2090 rogat
3078 2028 3138 2076 ut
3162 2031 3483 2093 separentur
3506 2024 3564 2080 hi
3592 2026 3686 2096 qui
3710 2042 3844 2083 eum

2237 2102 2511 2175 alliigunt,
2560 2108 2674 2165 Ilth
2719 2111 2860 2167 ratio
2907 2119 2991 2168 est
3009 2110 3035 2176 ,'
3075 2111 3221 2183 quod
3248 2113 3378 2170 dum
3406 2122 3686 2172 teneretur
3714 2117 3837 2173 ait:

2236 2196 2351 2271 Ego
2395 2216 2509 2255 sum
2535 2218 2685 2274 quem
2722 2205 2983 2276 quwritis,
3026 2205 3119 2260 Iros
3168 2206 3412 2263 dimittite
3439 2207 3622 2281 (Joan.
3655 2211 3838 2279 anu),

2236 2289 2304 2346 de
2331 2292 2529 2361 quibus
2556 2295 2674 2364 ipse
2698 2294 2911 2352 dixerat
2939 2315 2952 2351 :
3003 2294 3161 2354 Multi
3202 2300 3407 2373 quidem
3445 2304 3645 2369 uocati,
3674 2306 3838 2375 pauci

2234 2400 2352 2439 vero
2375 2387 2522 2441 electi
2550 2386 2730 2461 (Matt.
2769 2389 2885 2461 xx).
2944 2389 2990 2445 Δ
3023 2393 3209 2462 paucis
3234 2408 3366 2463 ergo
3395 2394 3496 2450 bos
3524 2408 3831 2467 persecuto-

2234 2492 2324 2534 res
2366 2494 2524 2535 meos
2566 2480 2775 2548 divide,
2824 2490 2880 2537 et
2906 2483 3189 2555 supplanta
3218 2501 3314 2544 eos
3341 2487 3396 2542 in
3424 2482 3533 2542 vita
3565 2488 3826 2559 ipsorum.

2234 2568 2621 2641 Supplantatur
2658 2574 2751 2644 qui
2796 2575 3132 2646 privilegium
3177 2578 3406 2643 amittit,
3437 2579 3579 2636 sicut
3602 2595 3635 2635 a
3660 2579 3832 2638 Jacoh

2232 2659 2375 2716 Esau
2402 2663 2778 2735 supplantatus
2805 2675 2915 2733 est,
2954 2682 3063 2725 non
3089 2683 3190 2740 per
3213 2669 3474 2726 malitiam
3500 2670 3703 2739 Jacob,
3735 2673 3831 2729 sed

2233 2767 2332 2823 per
2362 2762 2743 2827 contemptum
2785 2756 2967 2825 Esau,
3009 2760 3104 2831 qui
3152 2770 3259 2817 tam
3294 2778 3395 2834 pro
3442 2764 3610 2822 nihilo
3638 2765 3829 2822 habuit

2231 2845 2494 2915 primatus
2514 2889 2530 2913 ,
2565 2856 2626 2903 ut
2667 2849 2825 2907 unius
2859 2851 2965 2908 eihi
3009 2848 3252 2915 vilissimi
3280 2855 3443 2912 etiam
3472 2857 3651 2927 pretio
3677 2874 3827 2915 com-

2229 2947 2464 3011 putaret.
2503 2940 2583 2997 Ita
2630 2957 2760 3013 ergo
2806 2953 2863 3001 et
2911 2947 2965 3002 hi
2992 2946 3062 3003 de
3089 2947 3422 3006 absconditis
3446 2949 3543 3007 Dei
3571 2954 3727 3023 quasi
3756 2953 3825 3008 de

2227 3034 2451 3106 porcina
2480 3036 2658 3092 satiati
2700 3047 2851 3106 sunt,
2883 3041 3132 3099 nolentes
3162 3042 3294 3100 dare
3318 3045 3681 3102 reverentiam
3709 3061 3822 3120 my-

2226 3128 2405 3183 steriis
2432 3126 2567 3197 ejus.
2609 3127 2666 3185 Si
2694 3131 2839 3188 enim
2867 3134 3102 3188 scrutari
3134 3149 3257 3190 cum
3284 3137 3588 3192 reverentia
3618 3137 3821 3194 voluis-

2150 3209 2197 3274 C
2227 3228 2347 3275 sent
2372 3235 2538 3278 voces
2566 3205 2932 3294 propheticus,
2963 3239 3160 3295 agnum
3189 3228 3499 3297 acciperent
3522 3224 3818 3295 Christum,

2225 3312 2456 3368 salutem
2503 3330 2656 3370 suam
2701 3315 2757 3371 in
2801 3314 2919 3387 ejus
2963 3318 3223 3388 sanguine
3268 3319 3619 3385 eolloeantes.
3668 3320 3820 3379 Nunc

2222 3413 2403 3461 autem
2430 3408 2584 3476 quasi
2612 3409 2893 3479 porcinam
2921 3410 3309 3467 exsecrabilem
3348 3411 3694 3470 comedentes
3718 3412 3817 3470 Ju-

2221 3497 2343 3564 daei,
2393 3498 2464 3554 ita
2507 3514 2575 3555 eo
2621 3501 2773 3558 abusi
2801 3511 2962 3571 sunt,
3008 3502 3062 3561 in
3086 3518 3195 3574 quo
3222 3504 3401 3560 satiati
3430 3505 3528 3577 ipsi
3554 3505 3813 3575 sanguine

2221 3588 2357 3658 ejus,
2388 3590 2550 3645 etiam
2570 3591 2640 3646 ad
2659 3594 2912 3665 parvulos
2931 3610 3061 3651 suos
3086 3595 3344 3667 reliquias
3369 3596 3594 3653 criminis
3622 3603 3799 3651 trans-

2220 3681 2459 3738 tulerunt
2492 3683 2770 3742 dicentes:
2815 3686 3046 3760 Sanguis
3082 3687 3238 3760 hujus
3266 3698 3414 3762 super
3436 3691 3547 3753 nos,
3579 3698 3802 3762 etsuper

2218 3774 2358 3844 ﬁlios
2379 3785 2582 3831 nostros
2611 3776 2791 3851 (Matt.
2822 3780 3011 3853 x‘xvn).
3052 3778 3295 3837 Ecclesia
3325 3791 3501 3838 autem
3521 3797 3811 3838 exsecraris

2219 3880 2316 3921 eos
2338 3866 2470 3922 dicit
2497 3868 2644 3939 quod
2691 3870 2762 3925 sit
2804 3885 2927 3925 cum
2970 3870 3178 3941 iustitia
3208 3873 3262 3928 in
3290 3884 3586 3946 conspectu
3608 3872 3725 3940 Dei,
3753 3882 3816 3929 et

2217 3958 2442 4015 satietur
2468 3959 2597 4016 dum
2624 3962 2936 4033 apparuerit
2960 3963 3182 4021 dextera
3210 3964 3327 4036 eius
3353 3967 3407 4022 in
3426 3966 3641 4024 Christo
3660 3966 3813 4037 Iesu,

2216 4054 2307 4122 qui
2337 4064 2525 4121 regnat
2557 4056 2609 4111 in
2639 4057 2830 4113 secula
2858 4059 3200 4116 surculorum.
3242 4060 3433 4117 Amen.

2754 4168 3071 4228 PSALMUS
3107 4171 3267 4229 XVII.

2215 4258 2272 4313 In
2305 4257 2463 4337 linem
2493 4261 2893 4337 pueroDomini
2915 4263 3101 4337 David,
3123 4266 3216 4337 qui
3245 4266 3458 4323 locutus
3477 4277 3561 4323 est
3580 4267 3817 4325 Domino

2286 4332 2449 4409 verba
2477 4333 2674 4389 cantici
2700 4333 2860 4409 hujus
2879 4374 2895 4400 ,
2920 4335 2974 4391 in
3000 4335 3089 4392 die
3114 4332 3222 4409 qua
3249 4338 3450 4409 eripuit
3470 4353 3595 4394 eum
3622 4337 3817 4395 Domi-

2286 4402 2481 4527 nuslde
2510 4419 2669 4459 manu
2698 4402 3038 4461 inimicorum
3074 4402 3222 4478 ejus,
3254 4417 3312 4464 et
3332 4402 3406 4465 de
3444 4426 3610 4466 manu
3642 4409 3815 4479 Ssul,

2284 4482 2339 4526 θι
2401 4482 2513 4528 ΙΧΙίο

456 4650 468 4663 .
514 4577 679 4631 verba
705 4617 720 4641 ,
769 4579 939 4649 inquit
961 4622 975 4645 ,
1026 4582 1289 4640 lahiorum
1319 4595 1551 4654 tuorum,
1587 4590 1716 4660 quia
1748 4592 1861 4664 ipse
1883 4593 2104 4651 dixisti:

2284 4588 2513 4661 Diligam
2536 4602 2603 4655 te,
2629 4591 2868 4660 Domine,
2893 4596 3144 4666 fortitudo
3166 4613 3279 4652 mea
3299 4613 3319 4654 .'
3341 4595 3595 4653 Dominus
3620 4597 3819 4668 βηλο-

514 4665 639 4723 Non
671 4673 893 4745 accipies
921 4692 1197 4745 personam
1226 4683 1451 4751 potentis
1480 4684 1533 4737 in
1557 4685 1776 4755 judicio.
1808 4685 1949 4758 Ergo
1977 4706 2106 4762 pm-
2132 4747 2139 4757 ,

404 4800 407 4801 ν
510 4769 632 4831 pter
659 4764 774 4819 haec
800 4781 920 4836 qua:
943 4770 1177 4837 jussisti,
1210 4774 1373 4829 etiam
1404 4775 1517 4830 vias
1543 4777 1708 4834 duras
1731 4782 2107 4841 custodiendas
2134 4824 2141 4831 κ

404 4858 407 4861 ‘
509 4854 729 4922 credidi,
760 4874 867 4912 non
890 4861 1131 4918 timendo
1160 4865 1333 4920 minas
1361 4866 1697 4937 carniﬁcum,
1732 4887 1835 4927 non
1866 4874 2103 4932 timendo

502 4945 771 5025 jactitratn
818 4952 1057 5008 omnium
1104 4970 1304 5011 rerum.
1370 4957 1566 5015 Verum
1604 4963 1728 5031 quia
1765 4964 1859 5033 qui
1888 4980 2100 5036 perma-

504 5050 643 5092 nens
669 5040 793 5106 erit,
825 5040 914 5097 hic
941 5045 1120 5101 salvus
1139 5047 1261 5103 erit.
1298 5047 1570 5120 Deprecor
1598 5061 1655 5108 ut
1683 5054 1928 5124 perftcias
1953 5072 2099 5128 gres-

502 5146 595 5186 sus
624 5147 776 5190 meos
804 5134 859 5189 in
892 5136 1097 5194 semitis
1120 5140 1259 5205 tuis,
1291 5150 1351 5198 ut
1385 5157 1494 5199 non
1522 5156 1841 5204 moveantur
1868 5150 2092 5221 vestigia

500 5239 642 5281 mea.
685 5225 801 5284 Non
848 5229 1067 5287 timeam
1114 5233 1360 5291 homines
1388 5236 1635 5307 injustas,
1658 5271 1663 5277 ο
1685 5251 1741 5297 et
1767 5242 1914 5298 salva
1944 5260 2031 5301 me
2059 5261 2088 5299 a

498 5320 878 5380 resistentibus
921 5324 1161 5382 dexterae
1188 5334 1311 5383 tua}.
1353 5326 1575 5387 Custodi
1616 5348 1703 5389 me
1736 5343 1796 5389 ut
1833 5337 2089 5407 pupillam

499 5413 661 5480 oculi,
693 5414 748 5470 id
772 5425 888 5484 est,
920 5418 972 5473 in
1003 5419 1153 5474 omni
1179 5420 1311 5478 hora
1340 5461 1355 5490 ,
1388 5423 1441 5478 in
1472 5426 1617 5480 omni
1650 5435 1880 5497 puncto,
1911 5434 1967 5482 et
1992 5428 2091 5483 sub

496 5505 687 5561 umbra
716 5506 922 5565 alarum
971 5518 1186 5567 tuarum
1222 5523 1447 5585 protege
1487 5532 1592 5572 me.
1659 5516 1854 5573 Umbra
1881 5520 2089 5575 alarum

493 5609 599 5664 pro
627 5595 824 5654 affectu
846 5600 1039 5659 domus
1058 5603 1253 5661 divina:
1281 5609 1518 5677 ponitur.
1571 5610 1613 5664 Α
1644 5609 1779 5665 facie
1808 5610 2092 5681 impiorum

495 5685 590 5754 qui
615 5700 704 5743 me
729 5688 1064 5762 aﬂlixerunt,
1096 5694 1385 5768 impiorum
1415 5699 1807 5756 Pharismormn
1833 5702 2090 5770 iutellige.

498 5773 600 5844 Qui
627 5777 837 5852 adipem
865 5796 1025 5841 suum
1049 5789 1448 5858 concluseruut,
1483 5793 1532 5848 id
1556 5776 1914 5868 estppingnes
1945 5794 2088 5851 iacti.

2211 4690 2436 4737 mentum
2464 4700 2631 4738 meum
2661 4694 2709 4739 et
2739 4689 2997 4759 refugium
3035 4706 3199 4745 meum
3219 4730 3232 4755 ,
3275 4701 3324 4745 et
3365 4690 3612 4747 liberator
3636 4708 3813 4748 meus.
3886 4705 3890 4708 ‘

2212 4774 2352 4829 Deus
2376 4793 2516 4831 meus
2543 4777 2754 4849 adjutor
2771 4796 2933 4845 meus,
2966 4790 3016 4835 et
3048 4782 3265 4854 sperabo
3287 4785 3341 4839 in
3369 4800 3504 4839 eunt.
3537 4782 3818 4840 Protector

2205 4885 2367 4934 meus,
2389 4879 2440 4925 et
2459 4886 2619 4925 cornu
2640 4871 2825 4926 salutis
2845 4888 2992 4937 mete,
3014 4883 3063 4927 et
3082 4884 3346 4945 susceptor
3365 4892 3527 4947 meus.
3554 4875 3817 4932 Laudatis

2203 4963 2450 5017 inrocabo
2496 4961 2808 5030 Dominum,
2839 4976 2889 5020 et
2916 4964 2982 5019 ab
3028 4968 3252 5022 inimicis
3301 4969 3428 5023 meis
3474 4969 3646 5024 saluus
3686 4985 3811 5024 ero.

2205 5051 2666 5110 Circumdederunt
2690 5073 2772 5123 nte
2793 5044 2998 5113 dolores
3020 5060 3221 5124 mortis,
3253 5068 3303 5114 et
3333 5068 3584 5115 torrentes
3605 5059 3816 5131 iniqui-

2204 5147 2324 5200 tatis
2351 5145 2788 5203 conturbauerunt
2821 5165 2920 5204 me.
2956 5147 3177 5206 Dolores
3213 5152 3407 5223 inferni
3440 5146 3809 5205 circumdede-

2198 5246 2321 5293 runt
2348 5255 2448 5304 me,
2477 5251 2963 5313 prteoccupaverunt
2994 5258 3076 5297 me
3103 5244 3272 5315 laquei
3301 5246 3500 5298 mortis.
3530 5241 3594 5297 In
3626 5242 3811 5297 tribu-

2198 5330 2393 5386 latione
2432 5348 2546 5385 mea
2592 5333 2825 5388 invocari
2870 5333 3183 5399 Dominum,
3222 5345 3271 5389 et
3299 5335 3369 5388 ad
3420 5333 3582 5389 Deum
3623 5350 3805 5388 incursu

2197 5424 2437 5480 clamaui.
2488 5425 2556 5480 Et
2598 5428 2864 5484 exaudivit
2905 5430 2969 5484 de
3023 5429 3211 5500 templo
3241 5439 3435 5484 sancto
3480 5445 3575 5484 suo
3620 5444 3803 5482 rorem

2200 5533 2403 5583 nteant,
2431 5528 2481 5574 et
2508 5520 2704 5576 clamor
2743 5539 2884 5578 meus
2914 5525 2969 5579 in
2995 5534 3270 5597 conspectu
3308 5526 3423 5598 ejus
3464 5524 3697 5578 introivit
3737 5524 3808 5577 in

2199 5628 2353 5666 aures
2375 5615 2506 5685 ejus.
2540 5614 2808 5672 Commota
2836 5627 2915 5672 est
2949 5628 2998 5672 et
3038 5620 3345 5674 contremuit
3383 5626 3554 5683 terra,
3598 5616 3812 5689 funda-

2200 5714 2375 5760 menta
2396 5711 2647 5765 montium
2672 5710 2978 5766 conturbata
3008 5720 3126 5767 sunt
3154 5722 3207 5767 et
3224 5721 3476 5768 commota
3496 5720 3636 5778 sunt,
3665 5726 3809 5782 quo-

2203 5800 2340 5853 niant
2370 5801 2532 5856 iratus
2558 5811 2635 5856 est
2656 5804 2748 5857 eis.
2774 5802 3018 5860 Ascendit
3042 5806 3215 5879 fumus
3238 5808 3296 5861 in
3315 5807 3396 5861 ira
3415 5806 3547 5879 ejus,
3574 5813 3626 5859 et
3652 5804 3810 5879 igni.
