4108 6348
311 384 429 448 545

1251 392 1725 450 COMMENTARII
1764 393 1828 449 IN
1871 390 2200 449 PSAIJOS.
2246 394 2435 448 PSAL.
2482 394 2638 452 XVII.

3502 402 3607 461 566

316 521 351 557 u
381 503 516 576 facie
533 503 645 575 cjus
666 506 882 579 exagsit,
899 507 1148 563 carbones
1169 510 1399 563 succensi
1418 516 1535 562 sunt
1557 509 1621 563 ab
1644 526 1723 563 eo.
1749 506 1912 563 lncli-
1942 509 1989 568 Α
2017 504 2161 569 mihi,
2191 513 2241 559 et
2270 504 2447 560 subdiu
2475 508 2694 580 populos
2732 510 2823 562 sub
2854 527 2952 575 ine,
2978 508 3224 566 liberator
3250 530 3391 567 meus
3418 515 3481 568 tle
3504 516 3606 571 ini-

319 596 468 650 navit
492 596 644 652 ccelos
662 639 677 664 ,
707 609 758 652 et
782 598 1075 666 descendit,
1117 610 1169 655 et
1208 601 1377 673 caligo
1414 600 1507 655 sub
1534 598 1747 673 pedibus
1774 601 1909 673 ejus.

316 687 396 744 Et
424 690 659 746 ascendit
682 709 835 763 super
861 690 1150 758 Cherubin,
1195 702 1244 747 et
1272 693 1487 759 volavit;
1532 692 1719 749 volavit
1758 710 1914 764 super

309 800 519 854 pennas
556 794 839 861 ventorum.
879 784 951 840 Et
991 787 1165 859 posuit
1186 784 1419 843 tenebras
1448 786 1717 843 latibulum
1739 804 1911 856 suum,

304 877 369 931 in
397 877 614 933 circuitu
641 878 751 951 ejus
791 877 1182 934 tabernaculum
1209 881 1320 953 ejus
1337 876 1652 945 ,‘tenebrosa
1691 898 1827 955 aqua
1852 882 1910 937 in

304 966 534 1024 nubibus
575 968 731 1024 aeris.
780 968 907 1025 Prw
935 970 1144 1044 fulgore
1186 972 1241 1026 in
1288 982 1559 1045 conspectu
1599 973 1711 1045 ejus
1751 972 1911 1029 nubes

305 1060 666 1126 transierunt,
703 1061 928 1134 grando,
960 1069 1010 1116 et
1038 1059 1288 1118 carbones
1315 1063 1471 1135 ignis.
1498 1061 1546 1117 ε
1551 1074 1570 1118 t
1589 1065 1816 1119 intonuit
1844 1064 1912 1120 de

304 1152 439 1207 calo
470 1151 747 1220 Dominus,
768 1163 819 1208 et
840 1154 1138 1211 Altissimus
1158 1156 1298 1211 dedit
1320 1174 1491 1213 vocem
1514 1174 1682 1224 nam,
1706 1158 1909 1232 grando

302 1253 358 1298 et
400 1243 646 1300 carbones
675 1245 834 1318 ignis.
866 1244 938 1301 Et
964 1248 1106 1302 misit
1142 1249 1363 1321 sagittas
1398 1267 1521 1306 suas
1557 1260 1609 1306 et
1635 1250 1911 1323 dissipavit

301 1351 429 1399 eos;
461 1336 670 1408 fulgura
698 1337 1059 1411 multiplicauit
1077 1350 1127 1395 et
1153 1341 1473 1397 conturbavit
1498 1359 1607 1401 eos.
1638 1340 1710 1399 Et
1737 1360 1906 1416 appa-

299 1436 525 1481 ruerunt
552 1428 722 1499 fontes
749 1445 1003 1502 aquarum
1021 1471 1036 1497 ,
1077 1439 1127 1485 et
1155 1431 1379 1487 revelata
1407 1443 1527 1487 sunt
1564 1434 1908 1507 fundamenta

298 1519 450 1574 orbis
474 1528 748 1577 terrarum.
776 1520 853 1575 Ab
874 1523 1231 1596 increpatione
1248 1534 1359 1590 tua,
1383 1525 1627 1594 Domine,
1656 1528 1722 1583 ab
1742 1530 1908 1598 inspi-

260 1620 273 1623 ‘
299 1611 515 1667 ratione
534 1614 749 1685 spiritus
770 1614 864 1670 ire
883 1623 1005 1671 tute.
1033 1614 1183 1671 Misit
1204 1619 1269 1673 de
1285 1635 1486 1674 summo
1503 1629 1554 1674 et
1573 1623 1770 1693 accepit
1789 1639 1905 1687 me;

307 1711 366 1757 et
390 1705 669 1776 assumpsit
695 1722 777 1760 me
796 1706 860 1762 de
878 1708 1026 1779 aquis
1045 1709 1239 1764 multis.
1263 1709 1473 1784 Eripuit
1496 1730 1576 1767 me
1593 1714 1659 1769 de
1677 1714 1907 1771 inimicis

300 1794 442 1848 meis
487 1796 817 1869 fortissimis,
847 1807 899 1854 et
926 1799 992 1854 ab
1020 1800 1102 1856 his
1126 1802 1215 1875 qui
1241 1802 1463 1859 oderunt
1502 1822 1618 1869 me;
1658 1807 1905 1879 quoniam

2016 596 2160 650 micis
2186 597 2315 651 meis
2342 598 2631 652 iracundis.
2665 596 2733 652 Et
2763 599 2827 653 ab
2857 601 3239 672 insurgentibus
3266 606 3318 659 in
3347 622 3428 659 me
3453 612 3606 660 exal-

2014 686 2151 741 tabis
2186 703 2300 754 me;
2339 704 2372 741 a
2400 684 2509 742 viro
2535 687 2714 757 iniquo
2741 690 2929 760 eripies
2956 708 3056 746 me.
3082 691 3364 764 Propterea
3393 696 3606 766 confite-

2014 776 2108 834 bor
2133 776 2224 834 tibi
2244 779 2300 834 in
2320 777 2641 846 nationibus.
2666 772 2911 848 Domine,
2932 793 2984 837 et
3011 786 3213 840 nomini
3243 797 3327 842 tuo
3353 787 3607 857 psalmum

1984 870 2207 926 -dicam.
2231 868 2583 945 Hagnificans
2609 872 2804 929 salutes
2834 875 2970 947 regis
2997 878 3131 949 ejus,
3161 889 3213 934 et
3232 882 3430 953 faciens
3450 883 3607 961 mise-g

2012 961 2296 1018 ricordiam
2323 963 2518 1021 ciu-isto
2547 981 2641 1021 suo
2676 962 2885 1034 David,
2925 977 2977 1022 et
3004 972 3190 1027 semini
3217 973 3333 1044 ejus
3358 991 3517 1047 usque
3553 974 3608 1029 in

2011 1054 2280 1111 steculunt.
2616 1102 2621 1107 .

2587 1143 3025 1189 colurnranmu.

2083 1238 2293 1296 Tituli:
2337 1239 2427 1299 bic
2466 1239 2669 1300 indicat
2713 1244 2929 1316 quidem
2971 1245 3282 1313 historiam,
3324 1263 3489 1319 quam
3516 1248 3609 1322 qui

2009 1333 2203 1391 melius
2220 1349 2385 1407 quam
2404 1334 2459 1393 in
2480 1335 2688 1408 psalmo
2705 1338 2920 1396 canitur
2936 1339 3075 1397 scire
3102 1339 3334 1397 voluerit
3348 1386 3363 1408 ,
3403 1341 3612 1413 Regum

2007 1424 2287 1483 volumina
2316 1426 2543 1498 legendo
2561 1468 2578 1495 ,
2603 1430 2840 1502 reperiet
2866 1436 2923 1487 et
2949 1430 3182 1503 qualiter
3205 1433 3527 1503 pugnaverit
3556 1440 3612 1488 et

2012 1519 2219 1588 vicerit,
2250 1527 2308 1575 et
2333 1519 2568 1591 qualiter
2593 1537 2818 1579 suorum
2844 1523 3087 1578 omnium
3115 1524 3351 1579 evaserit
3372 1524 3610 1580 hostium

2008 1629 2220 1670 manus.
2254 1611 2505 1679 Nostrum
2530 1623 2711 1670 autem
2739 1615 2844 1672 hoc
2864 1624 2949 1672 est
2976 1618 3339 1688 propositum,
3372 1624 3427 1671 ut
3444 1655 3459 1678 ,
3493 1633 3610 1688 my-

2008 1705 2143 1763 stica
2171 1706 2466 1763 moralibus
2492 1706 2884 1775 admiswntes,
2918 1718 3046 1766 tunc
3071 1708 3311 1767 dicamus
3340 1709 3566 1765 Domino
3592 1726 3605 1762 :

2010 1796 2239 1867 Diligam
2269 1807 2352 1867 te;
2396 1814 2518 1859 cum
2548 1799 2801 1855 omnibus
2828 1801 3105 1856 amoribus
3134 1801 3294 1857 tinem
3322 1801 3608 1872 quemdam

298 1889 595 1961 confortati
620 1898 741 1945 sunt
767 1907 924 1963 super
948 1910 1050 1949 me.
1082 1893 1457 1953 Pra'venerunt
1486 1914 1568 1952 me
1587 1898 1642 1953 in
1666 1899 1753 1954 die
1771 1900 1906 1972 τιμία·
1934 1893 1986 1955 Β
2010 1898 2067 1946 ει
2096 1890 2386 1965 ιϐιτιιιίιιιιηι
2408 1898 2693 1962 ponent“,
2718 1889 2820 1963 ipsi
2840 1890 3088 1957 dicimus,
3113 1890 3338 1962 Diligam
3360 1900 3433 1946 te.
3456 1889 3609 1948 Tunc

300 1979 499 2035 ctiouis
525 1998 684 2049 mete;
711 1993 762 2038 et
781 1985 951 2057 factus
975 1995 1055 2041 est
1074 1985 1331 2044 Dominus
1359 1999 1620 2061 protector
1648 2008 1810 2046 meus.
1836 1992 1909 2048 Et

299 2070 491 2126 eduxit
517 2089 599 2128 me
634 2073 690 2128 in
732 2074 1092 2143 latitudinem;
1142 2079 1343 2134 salvum
1371 2098 1453 2134 me
1481 2082 1635 2153 fecit,
1664 2084 1910 2154 quoniam

300 2162 469 2218 voluit
489 2182 588 2219 me.
613 2163 684 2218 Et
721 2167 967 2222 retribuet
994 2168 1123 2253 milii
1156 2168 1416 2226 Dominus
1449 2173 1729 2226 secundum
1748 2175 1913 2246 justi-

301 2257 440 2310 tiam
460 2274 659 2324 meam;
694 2267 743 2312 et
783 2259 1067 2315 secundum
1093 2261 1373 2332 puritatem
1396 2279 1644 2318 manuum
1682 2281 1915 2320 mearum

302 2352 559 2406 retribuet
587 2351 735 2407 mihi.
769 2349 909 2418 Quia
938 2353 1190 2408 custodiri
1231 2356 1340 2409 vias
1372 2354 1616 2423 Domini,
1642 2374 1735 2414 nec
1759 2360 1917 2431 impie

256 2477 271 2491 .
305 2442 455 2512 gessi
484 2460 517 2495 a
546 2441 659 2497 Deo
680 2460 811 2498 meo.
838 2442 1099 2508 Quoniam
1129 2446 1308 2501 omnia
1327 2447 1533 2518 judicia
1559 2450 1672 2521 ejus
1696 2452 1750 2506 in
1784 2469 1912 2521 con-

306 2543 496 2605 spectu
536 2550 685 2601 meo,
711 2536 1021 2607 etijustitias
1062 2539 1174 2610 ejus
1204 2555 1311 2593 non
1337 2528 1504 2612 repuli
1538 2560 1571 2595 α
1595 2559 1692 2597 me.
1722 2542 1794 2597 Et
1821 2562 1911 2600 ero

311 2624 684 2680 immaculatus
703 2643 817 2681 cum
834 2644 914 2695 eo,
936 2638 988 2682 et
1006 2628 1277 2685 observabo
1297 2649 1379 2686 me
1397 2632 1464 2687 ab
1483 2634 1751 2708 iniquitate
1767 2655 1903 2694 mea.

312 2711 396 2766 Et
424 2714 669 2770 retribuet
691 2718 819 2772 mihi
844 2717 1100 2775 Dominus
1121 2723 1403 2778 secundum
1429 2725 1691 2796 justitiam
1714 2745 1903 2797 meum,

304 2811 370 2856 et
394 2805 674 2861 secundum
699 2809 977 2879 puritatem
1006 2828 1251 2866 manuum
1279 2831 1509 2870 mearum
1549 2819 1601 2873 in
1631 2830 1906 2895 conspectu

302 2897 581 2951 oculorum
620 2899 752 2971 ejus.
783 2899 910 2957 Cum
956 2914 1139 2961 sancto
1164 2917 1377 2964 sanctus
1418 2911 1550 2975 eris,
1581 2922 1631 2966 et
1653 2930 1770 2969 cum
1796 2917 1907 2972 viro

302 2985 588 3046 innocente
613 2993 859 3050 innocens
889 2998 1025 3064 eris;
1059 2996 1125 3053 Et
1153 2986 1277 3055 cum.
1296 3001 1457 3058 electo
1481 3003 1672 3060 electus
1695 3009 1831 3076 eris,
1858 3020 1913 3064 et

301 3098 431 3139 eum
457 3101 695 3156 perverso
720 3091 1047 3158 perverteris.
1082 3091 1342 3157 Quoniam
1368 3105 1419 3150 tu
1458 3099 1707 3169 populum
1735 3101 1908 3157 humi-

300 3175 414 3229 lem
454 3176 653 3232 salvum
694 3181 887 3252 facies,
918 3194 968 3261 et
995 3185 1171 3240 oculos
1206 3187 1543 3258 superborum
1586 3190 1907 3252 humiliabis.

2012 1983 2160 2039 enim
2175 1999 2302 2040 vere
2320 1984 2491 2056 erepti
2511 1982 2579 2040 de
2599 2000 2762 2040 manu
2781 1985 3023 2040 omnium
3044 1984 3382 2040 inimicorum
3405 1993 3592 2039 nostro

2014 2063 2249 2141 ωηιξἰὰ
2276 2082 2361 2130 est
2378 2114 2394 2140 ,
2423 2074 2493 2130 de
2529 2090 2693 2131 manu
2720 2075 2963 2131 omnium
2991 2075 3244 2131 vitiomm
3273 2086 3328 2131 et
3354 2073 3422 2130 de
3450 2089 3611 2130 manu

2015 2165 2166 2231 Saul,
2197 2165 2251 2221 id
2278 2174 2382 2233 est,
2405 2166 2475 2222 de
2501 2182 2665 2222 manu
2693 2167 2952 2238 principis
2979 2167 3138 2237 bujus
3158 2166 3361 2231 mundi,
3384 2166 3611 2223 dicimus

2016 2255 2152 2323 Deo,
2176 2256 2404 2333 Diligam
2425 2265 2497 2314 te.
2522 2256 2919 2328 lnterrogemus
2939 2268 3118 2316 tamen
3138 2257 3424 2314 Dominum
3452 2266 3507 2312 et
3535 2256 3612 2310 di-

2019 2366 2207 2406 camus
2247 2369 2260 2405 :
2310 2350 2445 2419 Quis
2471 2359 2556 2406 est
2600 2350 2694 2423 qui
2722 2350 2895 2421 diligit
2922 2353 3012 2407 te?
3058 2350 3425 2424 Respondebit
3469 2351 3613 2405 enim

2017 2442 2176 2498 nobis
2202 2457 2301 2514 per
2327 2442 2710 2512 evangelisum
2758 2458 2948 2509 suum,
2996 2452 3052 2499 et
3096 2444 3240 2500 dicet
3273 2461 3285 2498 :
3319 2440 3420 2509 Qui
3468 2443 3612 2498 audi:

2015 2534 2169 2590 verba
2199 2552 2334 2599 mea,
2365 2544 2416 2590 et
2441 2536 2572 2608 facit
2597 2551 2679 2599 ea,
2712 2535 2796 2590 hic
2823 2546 2900 2590 est
2924 2537 3012 2609 qui
3040 2536 3212 2607 diligit
3239 2552 3321 2591 me
3350 2533 3530 2608 (Joan.
3564 2549 3609 2602 ι,

2012 2626 2105 2697 4).
2136 2625 2255 2698 Ipse
2281 2626 2448 2681 dicit:
2474 2624 2733 2683 Dominus
2762 2626 3158 2684 tlnnamentum
3184 2641 3388 2693 meum,
3420 2626 3470 2683 id
3498 2636 3610 2691 est,

2009 2718 2083 2774 de
2109 2733 2220 2789 quo
2248 2733 2359 2774 non
2386 2717 2596 2775 dubito.
2648 2717 2769 2791 Ipse
2814 2719 3078 2790 refugium
3125 2733 3339 2785 meum,
3388 2719 3503 2790 ipse
3531 2726 3611 2772 est

2009 2811 2276 2868 libentur
2301 2826 2485 2877 meus,
2516 2810 2691 2881 ipsum
2720 2808 2945 2866 laudans
2971 2818 3028 2865 et
3055 2810 3232 2880 ipsum
3260 2809 3519 2864 invocans
3547 2808 3613 2862 ab

2012 2902 2253 2959 inimicis
2277 2901 2415 2957 meis
2441 2901 2623 2957 salvus
2647 2915 2765 2956 ero.
2811 2899 3055 2971 Denique
3100 2900 3371 2970 pneterita
3417 2897 3612 2965 dicam,

2015 3002 2079 3049 ut
2106 2992 2285 3049 futura
2314 3008 2423 3049 non
2450 2990 2720 3060 dubitem,
2751 2990 2878 3049 dum
2905 2990 3383 3049 circumdedissent
3396 3004 3497 3059 \me
3523 3004 3611 3061 ge-

2014 3086 2184 3141 mitus
2210 3085 2421 3154 mortis,
2444 3092 2501 3141 et
2528 3083 2855 3156 iniquitates,
2878 3092 2935 3142 et
2948 3083 3185 3152 dolores,
3201 3093 3257 3141 et
3282 3083 3477 3157 laquei,
3508 3083 3614 3140 cla.

2015 3176 2163 3233 mavi
2189 3176 2258 3233 ad
2283 3191 2408 3234 eum
2434 3175 2678 3234 credens.
2710 3175 2775 3233 Et
2800 3177 3073 3234 exaudivit
3098 3176 3168 3233 de
3196 3176 3397 3249 templo
3424 3184 3610 3234 sancto

306 3264 578 3331 Quoniam
607 3278 660 3324 tu
691 3268 957 3329 illuminas
980 3275 1245 3333 lucernam
1271 3296 1459 3345 mm,
1485 3280 1737 3350 nomine;
1767 3283 1908 3343 De...
1931 3275 1984 3342 α
2015 3283 2119 3326 suo
2143 3284 2335 3326 vocem
2364 3284 2538 3326 meam
2555 3310 2571 3336 ,
2601 3278 2659 3325 et
2684 3268 2892 3326 clamor
2917 3284 3072 3326 meus
3099 3269 3343 3325 introivit
3371 3270 3424 3324 in
3453 3283 3610 3324 aures

298 3376 473 3426 meus,
505 3360 743 3417 illumina
786 3364 1024 3421 tenebras
1065 3385 1227 3424 meas.
1257 3366 1517 3435 Quoniam
1545 3374 1599 3429 in
1638 3383 1689 3430 te
1712 3378 1911 3451 eripior

299 3473 339 3509 a
370 3457 673 3522 tentatione,
705 3466 757 3511 et
776 3459 829 3513 in
858 3458 971 3516 Deo
998 3478 1111 3517 meo
1131 3465 1493 3537 transgredior
1520 3484 1739 3525 murum.
1763 3468 1908 3528 Deus

297 3565 452 3603 meus
490 3550 765 3622 impolluta
794 3555 876 3608 via
902 3555 1046 3627 ejus,
1076 3559 1279 3628 eloquia
1310 3557 1521 3617 Domini
1561 3564 1681 3636 igne
1706 3567 1909 3621 exami-

295 3652 469 3707 nata;
497 3652 762 3713 protector
778 3655 859 3700 est
881 3650 1110 3703 omnium
1131 3653 1451 3727 sperantium
1471 3654 1525 3708 in
1546 3670 1618 3708 se.
1647 3652 1907 3719 Quoniam

296 3737 422 3805 quis
469 3735 606 3792 Deus
654 3748 843 3809 prater
886 3740 1187 3812 Dominum,
1236 3755 1327 3799 aut
1370 3747 1484 3816 quis
1533 3745 1672 3801 Deus
1718 3759 1908 3819 prater

298 3826 474 3882 Deum
496 3834 767 3886 nostrum?
794 3830 929 3888 Deus
956 3837 1044 3906 qui
1069 3836 1347 3907 praecinxit
1376 3856 1457 3893 me
1475 3840 1689 3904 virtute;
1726 3851 1778 3895 et
1813 3859 1910 3913 po-

296 3920 409 3972 snit
442 3920 832 3975 immaculatam
855 3926 989 3978 viam
1012 3942 1201 3980 meam.
1231 3925 1334 3990 Qui
1356 3931 1574 4001 perfecit
1593 3932 1745 4002 pedes
1767 3949 1908 3987 meos

301 4021 560 4078 tanquam
589 4028 875 4077 cervorum,
903 4025 951 4067 et
978 4032 1135 4086 super
1165 4018 1372 4072 excelsa
1410 4028 1645 4075 statuens
1668 4038 1767 4076 me.
1807 4019 1912 4086 Qui

300 4101 460 4153 docet
488 4117 677 4154 mimus
704 4093 848 4155 meas
876 4105 945 4157 ad
990 4104 1264 4175 praelium;
1293 4118 1344 4162 et
1370 4111 1592 4180 posuisti
1635 4120 1693 4165 ut
1730 4128 1910 4167 arcum

296 4206 499 4245 aureum
542 4189 755 4246 brachia
784 4211 916 4249 mea.
950 4194 1021 4249 Et
1044 4196 1235 4251 dedisti
1262 4200 1389 4255 milii
1428 4204 1798 4273 protectiouem
1817 4221 1908 4259 sa-

290 4284 430 4339 lutis
462 4294 591 4349 lilll’,’
639 4296 690 4339 et
715 4287 929 4343 deItera
974 4300 1061 4343 tua
1100 4293 1323 4363 suscepit
1352 4310 1463 4359 me;
1513 4292 1581 4349 Et
1628 4296 1907 4370 disciplina

2016 3362 2154 3434 ejus.
2187 3362 2253 3419 Et
2278 3379 2348 3421 ex
2375 3365 2481 3422 hoc
2507 3363 2631 3421 loco
2659 3362 2823 3420 futuri
2847 3363 3034 3434 judicii
3060 3363 3297 3435 qualitas
3336 3361 3609 3434 panditur,

2011 3457 2170 3529 cujus
2199 3474 2297 3516 nos
2325 3468 2521 3525 terror,
2552 3457 2599 3513 si
2626 3458 2917 3522 credimus,
2947 3467 3161 3529 purgat.
3188 3456 3338 3512 'l‘nnc
3365 3457 3510 3511 enim
3539 3455 3612 3512 ita

2014 3558 2157 3606 terra
2189 3558 2427 3606 tremore
2453 3552 2782 3616 concutitur,
2813 3557 2872 3604 ut
2917 3548 3033 3621 ipsa
3080 3547 3428 3605 fundamenta
3456 3560 3611 3603 mon-

2013 3642 2150 3697 tium
2178 3642 2585 3699 conturbentur.
2636 3639 2908 3698 lrascente
2951 3643 3096 3700 enim
3136 3641 3398 3709 Domino,
3446 3640 3611 3699 etiam

2013 3734 2153 3804 ignis
2182 3735 2295 3807 ipse
2322 3733 2575 3790 ardescit.
2612 3730 2679 3788 Ut
2707 3734 2852 3790 enim
2880 3735 3018 3805 ignis
3061 3748 3281 3791 omnem
3328 3732 3612 3793 materiam

2012 3842 2044 3880 a
2076 3825 2212 3882 facie
2238 3842 2335 3882 sua
2365 3818 2492 3882 facit
2531 3825 2921 3893 exardescere,
2967 3826 3043 3881 ita
3091 3826 3206 3895 ipse
3253 3825 3392 3894 ignis
3417 3840 3448 3878 a
3478 3822 3614 3878 facio

2014 3915 2111 3972 Dei
2137 3916 2475 3983 exanlescet,
2504 3933 2629 3973 cum
2659 3916 2997 3972 inclinaverit
3023 3916 3209 3981 oculos,
3240 3924 3296 3971 et
3320 3913 3614 3970 descende-

2012 4008 2116 4073 rit,
2148 4016 2205 4062 et
2230 4006 2458 4077 coeperit
2484 4020 2607 4062 esse
2646 4005 2822 4076 caligo
2866 4006 2968 4061 sub
3011 4004 3238 4076 pedibus
3281 4003 3420 4075 ejus.
3448 4002 3615 4074 Cujus

2016 4099 2170 4169 ejus?
2196 4099 2315 4155 sine
2342 4098 2507 4155 dubio
2534 4096 2653 4169 ejus
2696 4098 2789 4169 qui
2837 4097 3080 4154 ascendit
3125 4113 3291 4169 super
3314 4095 3609 4163 Cherubin,

2015 4204 2072 4250 et
2100 4193 2304 4250 volavit
2329 4208 2493 4266 super
2519 4208 2723 4266 pennas
2751 4202 3032 4249 ventorum
3049 4233 3065 4259 ,
3095 4191 3298 4263 quique
3325 4189 3505 4262 posuit
3532 4196 3613 4245 te-

2013 4288 2210 4344 nebras
2230 4286 2508 4343 latibulum
2529 4301 2704 4343 suum.
2724 4283 3001 4342 Tenebras
3019 4285 3106 4341 bic
3125 4299 3225 4356 pro
3246 4282 3611 4340 invisibilitate

292 4390 394 4433 tua
424 4380 651 4433 correxit
673 4397 754 4434 me
776 4382 829 4435 in
857 4382 1035 4452 finem,
1065 4395 1117 4437 et
1144 4384 1420 4455 disciplina
1450 4398 1536 4442 tua
1562 4390 1677 4459 ipsa
1703 4406 1784 4445 me
1807 4395 1905 4447 do-
2009 4385 2224 4455 Ρθῦιιίιὶ
2258 4383 2400 4439 unde
2426 4393 2483 4439 εί
2509 4381 2754 4453 εθηυίιιιτ
2784 4400 2797 4436 ³
2829 4379 2888 4437 1³³
2917 4380 3145 4438 “nuit”
3191 4379 3309 4451 ei“
3355 4379 3608 4435 um

286 4470 455 4525 cebit.
501 4469 755 4527 Dilatain
797 4491 1002 4544 gressus
1047 4492 1187 4532 meos
1228 4477 1403 4533 subtus
1433 4497 1544 4547 me;
1573 4490 1621 4536 et
1651 4499 1754 4537 non
1782 4493 1904 4538 sunt
2009 4479 2129 4535 cula
2158 4477 2308 4549 ejus,
2340 4485 2397 4533 et
2425 4475 2715 4537 tenebrosa
2743 4489 2884 4546 aqua
2914 4474 2969 4530 in
2997 4472 3231 4530 nubibus
3267 4473 3429 4529 aeris.
3459 4470 3611 4529 Τυοο

288 4565 576 4634 inﬁrmata
606 4566 821 4637 vestigia
867 4584 999 4622 mea.
1034 4566 1327 4641 Persequar
1370 4571 1612 4628 inimicos
1648 4592 1786 4631 meos
1805 4617 1820 4640 ,
1850 4587 1902 4631 et
2009 4570 2115 4625 erit
2141 4567 2347 4638 grando
2374 4566 2535 4624 simul
2564 4574 2620 4623 et
2647 4565 2919 4623 carbones
2946 4565 3104 4639 ignis,
3125 4580 3248 4622 cum
3276 4564 3516 4622 tonuerit
3540 4563 3610 4621 de

288 4655 737 4726 comprehendam
766 4658 914 4722 illos,
939 4669 988 4713 et
1011 4677 1116 4714 non
1146 4672 1416 4717 convertar
1436 4664 1599 4719 donec
1628 4665 1898 4737 deﬁciant.
1928 4649 1981 4712 Ῑ)
2005 4661 2149 4718 caelo
2193 4659 2453 4716 Dominus
2497 4665 2554 4715 et
2600 4658 2907 4715 Altissimus
2950 4656 3161 4716 dederit
3187 4673 3376 4715 vocem
3403 4671 3559 4713 suam
3592 4676 3606 4712 :

289 4748 648 4820 (Ionfringam
678 4750 815 4813 illos,
864 4768 955 4805 nec
1004 4760 1245 4822 poterunt
1290 4763 1458 4819 stare;
1506 4756 1695 4825 cadent
1720 4757 1900 4814 subtus
2004 4753 2185 4809 mittet
2212 4752 2434 4822 sagittas
2462 4767 2606 4819 suas,
2629 4760 2689 4807 ut
2714 4749 2939 4823 dissipet
2966 4764 3083 4818 eos,
3109 4758 3166 4805 ut
3195 4750 3402 4818 fulgura
3428 4748 3610 4805 multi-

288 4843 462 4917 pedes
481 4860 639 4899 meos.
658 4841 728 4897 Et
746 4846 1068 4915 proicias-isti
1088 4863 1169 4899 me
1183 4848 1368 4902 virtute
1387 4849 1456 4901 ad
1476 4847 1691 4912 bellum;
1715 4861 1765 4904 et
1783 4868 1903 4923 sup-
2004 4844 2187 4915 plicet,
2218 4850 2275 4898 et
2301 4842 2589 4898 conturbet
2615 4856 2731 4897 eos.
2765 4839 2917 4897 Tunc
2944 4841 3213 4912 parebunt
3241 4838 3416 4896 fontes
3443 4854 3610 4911 aqua-

290 4934 559 5006 plantasti
601 4928 923 5008 insurgentes
969 4939 1022 4993 in
1068 4956 1150 4993 me
1192 4938 1369 4994 subtus
1410 4958 1509 4995 me.
1544 4940 1615 4996 Et
1660 4943 1902 4998 inimicos
2004 4950 2148 5000 rum,
2181 4943 2309 4990 tunc
2335 4931 2548 5006 parebit
2574 4939 2778 5002 quanta
2805 4931 2878 4987 sit
2903 4931 3073 4987 virtus
3099 4928 3460 5003 baptismatis,
3482 4939 3610 4987 tunc

292 5043 449 5082 meos
476 5027 667 5082 dedisti
685 5030 812 5082 mihi
833 5030 1071 5095 dorsum;
1096 5041 1146 5085 et
1167 5030 1399 5085 odientes
1420 5048 1500 5086 me
1518 5032 1896 5104 disperdidisti.

295 5103 693 5185 Clamareruiit,
717 5138 809 5175 nec
829 5132 941 5175 erat
959 5123 1047 5193 qui
1074 5122 1247 5177 salvos
1272 5124 1465 5195 faceret
1492 5124 1562 5177 ad
1587 5103 1901 5190 Dominum;

294 5227 405 5267 nec
449 5213 715 5267 exaudivit
758 5230 866 5269 eos.
911 5211 982 5267 Et
1023 5215 1372 5269 comminuam
1418 5230 1507 5269 eos
1552 5223 1609 5267 ut
1644 5213 1905 5285 pulverem

293 5314 432 5359 ante
460 5306 644 5377 faciem
679 5308 833 5373 venti,
860 5316 917 5360 ut
944 5306 1105 5360 lutum
1128 5307 1420 5378 platearum
1446 5305 1622 5363 delebo
1642 5323 1751 5363 eos.
1779 5304 1905 5362 Eri-

291 5397 419 5467 pies
460 5413 541 5450 me
567 5397 631 5450 de
670 5395 1166 5452 contradictionibus
1193 5397 1404 5469 populi;
1434 5399 1710 5455 constitues
1738 5415 1823 5453 me
1844 5399 1903 5453 in

294 5498 464 5561 caput
482 5491 730 5561 gentium.
755 5489 981 5561 Populus
1002 5506 1147 5561 quem
1169 5507 1273 5549 non
1294 5492 1508 5564 cognovi
1522 5491 1733 5547 servivit
1750 5493 1899 5560 mihi,

295 5600 359 5637 in
390 5581 568 5635 auditu
600 5582 743 5636 auris
775 5580 993 5635 obedivit
1029 5582 1177 5637 mihi.
1209 5581 1339 5637 Filii
1366 5584 1527 5639 alieni
1554 5584 1756 5639 mentiti
1779 5596 1903 5640 sunt

293 5673 461 5738 mihi,
493 5671 594 5743 filii
638 5671 800 5726 alieni
844 5672 1113 5725 inveterati
1150 5683 1299 5739 sunt,
1330 5683 1380 5729 et
1405 5674 1828 5731 claudicaverunt
1871 5694 1904 5731 a

294 5765 503 5821 semitis
530 5765 656 5819 suis.
699 5763 836 5819 Vivit
865 5762 1136 5828 Dominus,
1166 5774 1216 5818 et
1242 5764 1536 5821 benedictus
1566 5765 1705 5822 Deus
1736 5783 1900 5831 meus,

294 5870 354 5923 et
376 5859 640 5917 exnltetur
670 5856 808 5914 Deus
837 5857 1019 5913 salutis
1064 5874 1206 5914 metr.
1246 5857 1382 5913 Deus
1410 5862 1497 5934 qui
1524 5861 1619 5919 das
1650 5862 1902 5917 vindictas

2007 5042 2129 5083 cum
2157 5025 2544 5083 revelabuutur
2570 5023 2915 5082 fundamenta
2943 5025 3092 5082 orbis
3120 5033 3296 5083 ten-in.
3325 5026 3408 5082 Ab
3436 5026 3611 5082 incre-

2011 5122 2233 5192 patione
2254 5118 2466 5176 Domini
2486 5127 2542 5177 et
2561 5134 2591 5176 a
2613 5118 2911 5191 spiratione
2930 5120 3150 5193 spiritus
3178 5122 3272 5178 irae
3300 5120 3435 5191 ejus.
3458 5115 3611 5171 Tunc

2010 5214 2157 5271 dicet
2182 5211 2459 5282 Ecclesia,
2490 5211 2634 5270 Misit
2672 5212 2741 5270 de
2778 5230 2990 5272 summo
3018 5225 3075 5272 et
3112 5211 3401 5284 assumpsit
3429 5221 3517 5264 me
3542 5203 3612 5260 de

2011 5307 2357 5365 multitudine
2370 5322 2650 5379 aquarum.
2670 5309 2828 5365 unius
2848 5310 2991 5366 enim
3014 5323 3167 5378 aqum
3186 5298 3612 5383 sanctiﬁcatione

2010 5418 2100 5459 me
2126 5401 2299 5458 voluit
2327 5401 2655 5468 consecrari,
2687 5418 2784 5470 per
2809 5417 2971 5471 quam
3002 5397 3201 5468 eripuit
3228 5408 3316 5448 me
3344 5391 3411 5445 ab
3441 5388 3612 5443 inimi-

2011 5496 2090 5552 cis
2117 5495 2253 5557 lneis
2295 5494 2621 5562 fortissimis,
2652 5504 2708 5552 et
2729 5496 2797 5549 ab
2825 5494 2908 5548 liis
2935 5491 3027 5561 qui
3058 5489 3289 5543 oderunt
3327 5498 3442 5549 me,
3472 5498 3612 5554 quo-

2008 5590 2157 5645 niam
2199 5587 2489 5647 coni'ortati
2535 5597 2662 5646 sunt
2716 5601 2880 5654 super
2933 5594 3037 5637 me.
3090 5579 3472 5635 Prievenerunt
3526 5596 3613 5638 me

2009 5695 2244 5752 namque
2272 5681 2325 5736 in
2356 5680 2444 5737 die
2472 5675 2778 5736 amictionis
2805 5688 2957 5736 mem,
2990 5681 3236 5742 tempore
3262 5687 3373 5743 quo
3400 5673 3611 5742 gladius

2006 5774 2180 5829 secuit
2234 5774 2322 5843 pia
2380 5772 2581 5825 viscera
2640 5762 2859 5825 matris,
2904 5769 2959 5817 et
2999 5762 3172 5819 factus
3226 5775 3309 5821 est
3356 5762 3616 5823 Dominus

2009 5871 2295 5934 susceptor
2324 5876 2495 5916 meus.
2532 5857 2593 5911 Et
2626 5852 2877 5927 produxit
2909 5870 2994 5913 me
3024 5856 3091 5913 al)
3120 5857 3376 5928 angustiis
3405 5856 3457 5910 in
3488 5856 3613 5911 lati-
