4108 6348
593 302 696 361 347

595 514 725 582 mis;
756 522 812 571 et
832 514 1079 570 retribuit
1099 510 1228 567 mihi
1250 511 1539 567 secundum
1559 510 1820 581 justitiam
1842 526 2038 576 meam,
2059 511 2185 581 quia

594 609 893 667 custodiam
922 608 1034 663 vias
1053 604 1264 662 Domini
1296 621 1465 676 usque
1493 604 1559 660 ad
1588 614 1839 670 mortem,
1865 620 1964 660 nec
1993 605 2186 660 timens

506 709 524 721 ’
593 702 825 773 gladium
871 701 1147 757 hominum
1197 701 1359 773 impie
1404 698 1543 769 gessi
1586 714 1617 753 a
1663 697 1776 754 Deo
1804 714 1948 754 meo.
1977 695 2184 756 Judicia

593 794 735 863 enim
765 792 880 864 ejus
906 809 1122 865 semper
1147 804 1272 849 ante
1300 793 1487 849 oculos
1512 790 1702 859 habui,
1726 799 1792 849 et
1804 789 2041 862 justitias
2069 792 2185 863 ejus
2212 864 2219 869 υ

591 902 700 943 non
718 884 890 957 repuli
910 901 941 941 a
955 901 1061 942 me.
1082 881 1236 941 Unde
1256 892 1313 941 et
1331 884 1562 956 populus
1576 891 1871 957 martyrum
1886 884 2002 954 ejus
2019 884 2147 940 dicit
2167 903 2179 937 :

590 974 699 1037 Ero
728 978 1103 1036 immaculatus
1131 996 1255 1036 cum
1291 995 1378 1036 eo.
1413 970 1547 1034 Cum
1568 994 1635 1034 eo
1658 977 1843 1050 utique
1870 976 1962 1049 qui
1993 978 2184 1032 imma-

594 1071 806 1134 culatus
833 1071 886 1127 in
916 1086 1078 1128 cruce
1106 1086 1206 1143 pro
1234 1069 1605 1142 iniquitatibus
1630 1070 1832 1126 nostris
1858 1068 2050 1141 passus
2078 1062 2191 1124 est.’

598 1161 666 1217 Et
694 1162 995 1220 observabo
1023 1177 1111 1218 me
1139 1162 1207 1218 ab
1247 1162 1530 1232 iniquitate
1550 1176 1669 1217 mea
1688 1201 1702 1228 ,
1724 1175 1888 1231 quam
1912 1161 2180 1231 utiquein

596 1255 857 1321 martyrio
875 1255 1120 1328 deposui.
1139 1250 1291 1311 Tune
1309 1250 1569 1311 retribuet
1585 1252 1714 1311 mihi
1730 1245 1988 1311 Dominus
2001 1270 2187 1310 secun-

591 1351 720 1403 dum
769 1346 1032 1417 justitiam
1087 1362 1301 1414 meam,
1357 1354 1413 1403 et
1465 1345 1759 1404 secundum
1821 1344 2185 1407 innocentiam

593 1457 802 1508 meam,
835 1450 890 1495 et
928 1439 1221 1497 secundum
1264 1440 1628 1497 innocentiam
1656 1457 1912 1497 manuum
1941 1457 2188 1511 mearum,

593 1532 648 1588 in
677 1540 969 1604 conspectu
998 1533 1276 1597 oculorum
1321 1533 1453 1603 ejus.
1499 1531 1633 1588 Nam
1679 1532 1823 1603 quod
1871 1542 2181 1605 memorat:

593 1614 727 1682 Cum
757 1635 942 1683 sancto
970 1634 1187 1683 sanctus
1216 1627 1353 1695 eris,
1401 1645 1508 1684 non
1540 1626 1607 1684 ad
1636 1626 1764 1684 illud
1793 1629 2013 1701 respicit
2040 1628 2185 1700 quod

595 1718 787 1775 usitata
836 1720 991 1790 vulgo
1037 1718 1578 1778 sententia‘dieimus
1612 1740 1624 1774 :
1654 1719 1790 1777 Cum
1836 1737 1945 1792 quo
1993 1722 2189 1792 aliquis

1924 293 2193 352 ARNOBll
2232 293 2536 354 JUNIORIS

596 419 814 488 tudine,
846 420 1089 477 liberavit
1116 420 1257 474 enim
1286 433 1372 472 me
1401 417 1469 471 ab
1500 416 1729 472 inimicis
1777 416 1911 471 meis
1952 413 2182 470 fortissi-
2214 415 2263 472 Α
2290 421 2523 481 nostros,
2555 422 2610 470 et
2629 413 3135 487 comprehendimus
3160 431 3274 484 eos,
3298 424 3354 473 et
3374 432 3489 481 non
3515 419 3878 474 convertimur

2288 504 2463 565 donec
2490 508 2760 567 deficiant.
2792 508 3087 580 Atiligimns
3106 526 3222 579 eos,
3246 518 3305 567 ut
3325 518 3452 567 ante
3475 528 3571 568 nos
3601 520 3753 567 stare
3778 529 3876 567 non

2286 601 2533 672 possint,
2584 603 2679 683 sed
2707 603 2902 659 cadant
2929 604 3028 659 sub
3056 600 3285 675 pedibus
3329 604 3564 671 nostris,
3615 605 3662 660 si
3705 605 3874 660 tamen

2288 696 2563 766 przccincti
2592 696 2847 755 fuerimus
2870 699 3070 755 virtute
3091 698 3159 754 ad
3182 699 3412 768 bellum;
3442 707 3569 757 tunc
3599 700 3873 771 insurgen-

2287 797 2371 845 tes
2397 805 2561 862 super
2587 808 2703 859 nos,
2735 800 2894 866 erunt
2922 793 3107 849 subter
3152 808 3269 848 nos.
3301 784 3371 848 Et
3397 788 3741 849 inimicorum
3788 810 3874 849 no-

2288 889 2520 938 strorum
2546 882 2707 940 dorsa
2736 884 3037 942 videbimus
3064 885 3400 956 fugientium,
3434 901 3539 942 non
3568 886 3739 942 facies
3763 902 3876 959 per-

2288 976 2629 1046 sequentium
2651 1018 2667 1042 ,
2714 977 2788 1033 ita
2837 984 2896 1033 ut
2941 980 3367 1035 comminuamus
3395 982 3492 1035 eos
3520 987 3580 1035 ut
3606 979 3871 1052 pulverem

2290 1075 2417 1122 ante
2446 1056 2636 1125 faciem
2667 1070 2843 1137 venti,
2873 1079 2929 1126 et
2957 1077 3016 1125 ut
3054 1066 3231 1126 lutum
3280 1068 3578 1143 platearum
3609 1070 3873 1128 deleamus

2289 1174 2405 1216 eos.
2444 1157 2570 1217 Haec
2608 1161 2789 1217 omnia
2822 1160 2977 1218 nobis
3006 1179 3103 1234 per
3132 1144 3279 1219 illum
3307 1164 3557 1219 evenient
3584 1164 3679 1233 qui
3709 1165 3869 1235 posuit

2291 1256 2350 1307 ut
2379 1267 2563 1309 arcum
2591 1270 2790 1309 meum
2821 1255 3041 1310 brachia
3072 1258 3124 1310 in
3153 1272 3334 1319 cruce,
3368 1262 3423 1311 et
3450 1255 3697 1327 quotidie
3724 1257 3871 1311 inter-

2290 1344 2457 1416 pellat
2484 1360 2583 1417 pro
2610 1347 2786 1403 nobis.
2817 1346 2935 1419 ipse
2957 1348 3099 1403 enim
3130 1346 3260 1403 dicit
3289 1346 3355 1403 ad
3386 1346 3602 1403 Patrem
3634 1367 3647 1402 :
3682 1346 3870 1420 Eripies

3787 296 3882 363 348

2291 1452 2378 1492 me
2405 1437 2473 1493 de
2501 1437 3019 1495 contradictionibus
3048 1441 3231 1512 populi
3263 1438 3551 1503 increduli.
3598 1450 3655 1496 et
3684 1443 3868 1498 consti-
3927 1506 3930 1511 _

2289 1538 2410 1585 tues
2438 1546 2525 1586 me
2554 1531 2608 1585 in
2637 1541 2798 1603 caput
2817 1532 3076 1607 gentium.
3109 1531 3175 1587 Et
3199 1532 3395 1604 adjecit
3419 1552 3433 1588 :
3457 1532 3701 1606 Populus
3725 1550 3865 1604 quem
3922 1551 3933 1597 ε

2290 1638 2397 1677 non
2427 1625 2655 1692 cognovi
2684 1624 2902 1679 servivit
2944 1624 3096 1679 mihi.
3147 1623 3284 1695 Magi
3332 1625 3707 1693 crediderunt,
3752 1642 3867 1697 quos

2290 1710 2433 1767 Deus
2461 1728 2570 1767 non
2598 1712 2917 1783 dedignatur
2940 1729 3288 1783 cognoscere,
3320 1722 3374 1770 et
3400 1715 3504 1770 illis
3530 1707 3866 1772 servientibus

594 1808 851 1883 jungitur,
886 1813 1006 1867 talis
1033 1812 1155 1868 erit.
1188 1808 1313 1869 Hth
1345 1814 1561 1885 quidem
1610 1815 1877 1870 sententia
1908 1830 2035 1871 vera
2080 1824 2183 1880 est,

2299 1811 2350 1858 et
2392 1819 2613 1858 munera
2643 1802 2993 1860 offerentibus
3038 1804 3208 1860 Judaei
3251 1806 3554 1876 abnegant,
3603 1817 3660 1863 et
3689 1804 3738 1861 in
3765 1806 3865 1878 ejus

594 1902 690 1959 sed
734 1920 840 1960 non
889 1894 1121 1976 pertinet
1167 1904 1235 1960 ad
1291 1906 1786 1976 interpretationem
1842 1906 2188 1978 pnesentium

594 2012 875 2062 versuum;
908 1999 1011 2054 hoc
1039 1998 1181 2055 enim
1215 1998 1267 2054 in
1296 1996 1418 2054 loco
1440 2015 1484 2053 sx
1508 1999 1587 2054 vis
1615 1999 1832 2070 planum
1862 1999 2043 2056 facere
2066 2017 2189 2056 sen-

594 2107 712 2147 sum
741 2095 1003 2156 canentis,
1031 2092 1158 2147 illud
1180 2092 1245 2148 ad
1268 2093 1586 2149 memoriam
1614 2093 1893 2165 revocabis
1919 2092 2065 2165 quod
2094 2110 2190 2164 per

594 2185 913 2261 prophetam
960 2183 1218 2241 Dominus
1264 2184 1395 2240 dicit
1421 2185 1488 2240 ad
1518 2184 1777 2257 populum
1810 2205 1821 2239 :
1854 2185 1912 2241 Si
1941 2186 2187 2241 ambula-

595 2276 781 2333 veritis
828 2277 880 2332 in
931 2286 1225 2348 conspectu
1272 2293 1395 2333 meo
1442 2277 1608 2344 recti,
1658 2286 1714 2333 et
1762 2293 1862 2347 ego
1908 2264 2189 2333 vobiscum

596 2377 778 2426 rectus
807 2369 1076 2436 incedam;
1114 2371 1162 2425 si
1208 2385 1338 2425 vero
1386 2369 1788 2425 ambulaveritis
1831 2370 2102 2443 perversi,
2135 2358 2192 2425 et

597 2477 701 2532 ego
747 2463 1023 2521 vobiscum
1072 2479 1360 2535 perversus
1406 2478 1521 2519 ero.
1579 2463 1684 2534 ipsi
1730 2479 1860 2534 ergo
1908 2461 2193 2520 Psalmista

599 2546 856 2625 loquitur.
888 2555 1021 2612 Cum
1051 2564 1241 2612 sancto
1282 2565 1500 2614 sanctus
1544 2557 1685 2625 eris,
1734 2572 1858 2613 cum
1906 2557 2194 2612 innocente

600 2646 878 2716 innocens,
911 2658 1015 2704 etc.
1050 2647 1203 2705 Unde
1231 2657 1287 2704 et
1315 2647 1552 2719 adjecit:
1583 2647 1663 2703 Tu
1690 2647 1856 2712 enim,
1881 2648 2074 2717 inquit,
2098 2664 2195 2718 po-

598 2740 787 2813 pulum
815 2741 1069 2798 humilem
1098 2741 1301 2798 salvum
1333 2739 1517 2807 facies,
1541 2748 1595 2797 et
1614 2729 1811 2796 oculos
1839 2740 2194 2811 superborum

601 2822 928 2893 humiliabis.
960 2829 1186 2902 verum,
1235 2835 1362 2905 quia
1410 2834 1590 2904 posuit
1617 2833 1871 2890 tenebras
1915 2832 2194 2888 latibulum

598 2910 780 2995 suum,
800 2936 857 2983 et
876 2928 1057 2985 videre
1081 2929 1334 3000 mysteria
1362 2927 1758 2998 Scripturarum
1790 2924 1906 2995 ejus
1935 2940 2041 2980 non
2072 2940 2198 2996 pos-

605 3036 818 3088 sumus,
850 3021 953 3093 ipsi
996 3021 1290 3077 clamemus
1337 3037 1459 3078 cum
1502 3022 1769 3093 propheta
1803 3039 1815 3075 :
1848 3019 2112 3088 Quoniam
2140 3028 2199 3077 tu

608 3112 876 3170 illuminas
923 3113 1199 3169 lucernam
1243 3130 1439 3179 meam,
1488 3113 1734 3170 Domine.
1782 3113 1933 3171 Sicut
1977 3116 2197 3171 lucerna

2292 1897 2756 1967 persecutibnibus
2784 1908 3154 1969 perseverant.
3185 1896 3302 1955 Filii
3332 1899 3493 1955 alieni
3523 1900 3732 1957 mentiti
3758 1912 3862 1956 sunt

2292 1987 2424 2067 mihi
2453 1986 2696 2043 dicentes
2723 2006 2735 2041 :
2761 1986 2968 2044 Scimud
3006 1992 3128 2062 quia
3151 2007 3182 2044 a
3216 1989 3325 2044 Deo
3351 1992 3563 2054 venisti,
3593 2002 3646 2046 et
3671 1988 3723 2046 in
3750 1978 3866 2045 reri?

2296 2086 2401 2132 tate
2426 2079 2577 2133 doces
2609 2078 2823 2150 (Matth.
2855 2080 3017 2150 xxn);
3047 2074 3270 2137 sed'ista
3312 2081 3474 2137 verba
3503 2098 3692 2138 eorum
3731 2092 3861 2138 erant

2294 2169 2460 2241 plena
2484 2170 2615 2225 dolo‘
2639 2171 2932 2239 mendacii,
2966 2172 3019 2227 in
3040 2188 3149 2243 quo
3173 2173 3458 2229 inveterati
3488 2182 3640 2238 sunt,
3665 2183 3713 2229 et
3733 2174 3859 2229 clan-

2294 2259 2610 2316 dicaverunt
2638 2276 2668 2316 a
2691 2262 2897 2318 semitis
2925 2263 3054 2328 suis,
3079 2264 3264 2333 utique
3289 2264 3340 2319 in
3362 2265 3557 2334 quibus
3577 2282 3672 2321 eos
3696 2265 3858 2320 docue-

2294 2363 2420 2410 runt
2463 2354 2741 2411 ambulare
2770 2357 3064 2427 prophetm.
3113 2356 3221 2412 Sed
3249 2358 3380 2412 vivit
3426 2355 3707 2420 Daminus,
3750 2357 3856 2411 licet

2272 2456 2419 2501 eum
2461 2447 2811 2515 crucitigatis,
2864 2456 2920 2503 et
2957 2449 3226 2518 sepultum
3266 2450 3536 2515 cernatis,
3584 2449 3669 2505 ille
3704 2456 3854 2503 tamen

2297 2548 2545 2609 resurget
2574 2549 2627 2595 et
2656 2542 2818 2609 vivit,
2851 2553 2906 2596 et
2927 2542 3253 2597 exaltabitur
3277 2541 3329 2597 in
3361 2543 3515 2597 emlis
3544 2536 3684 2597 Deus
3701 2541 3857 2597 salutis

2299 2649 2453 2689 mese.
2487 2633 2604 2704 Ipse
2650 2635 2797 2717 dabit
2843 2636 3131 2692 vindictam
3178 2636 3319 2692 hanc
3366 2635 3619 2693 Ecclesicc
3664 2651 3785 2699 sum,
3813 2626 3878 2688 ut'

2299 2727 2495 2783 subdat
2520 2730 2750 2801 populos
2768 2731 2871 2785 sub
2901 2746 2986 2796 ea,
3012 2738 3067 2785 et
3089 2731 3158 2786 sit
3180 2730 3434 2786 liberator
3454 2730 3573 2801 ejus
3594 2747 3622 2784 a
3645 2728 3857 2800 gentibus

2301 2819 2599 2887 iracundis,
2633 2831 2687 2876 et
2717 2822 2784 2876 ab
2814 2823 3211 2892 insurgentibus
3239 2840 3401 2894 super
3429 2839 3578 2889 eant,
3610 2830 3661 2877 et
3690 2819 3857 2901 exaltet

3922 1570 3934 1695 ξ

2302 2919 2422 2967 eam
2452 2930 2605 2985 super
2644 2923 2871 2985 petram,
2918 2923 2975 2969 ut
3018 2927 3183 2985 parta:
3208 2917 3402 2987 inferni
3449 2933 3552 2970 non
3582 2912 3861 2987 prwralmut
3922 2960 3925 2962 .

2304 3006 2548 3061 adversus
2575 3024 2688 3061 eam
2733 3004 2955 3079 (Matth.
3001 3008 3143 3079 xvs).
3174 3007 3239 3061 Et
3269 3025 3298 3063 a
3330 3010 3445 3064 viro
3490 3009 3673 3080 iniquo
3699 3004 3857 3075 eripiet

2303 3114 2445 3163 eam,
2477 3099 2529 3155 id
2557 3108 2658 3165 est,
2686 3115 2714 3154 a
2744 3115 2914 3171 pravo
2938 3100 3180 3156 doctore.
3213 3100 3504 3172 Propterea
3534 3099 3804 3157 conﬁtetur
3818 3094 3856 3152 ei

607 3206 853 3280 corporis
880 3205 1086 3273 oculus,
1118 3205 1193 3262 ita
1222 3205 1439 3263 lucerna
1468 3207 1659 3261 animae
1686 3222 1839 3261 mens
1867 3215 1978 3271 est,
2011 3207 2064 3261 in
2092 3222 2199 3277 qua
2227 3184 2274 3248 C
2304 3194 2358 3248 in
2388 3193 2619 3264 populis,
2650 3201 2705 3247 et
2726 3192 2991 3263 psalmum
3021 3192 3151 3249 dicit
3180 3192 3383 3248 nomini
3405 3192 3539 3264 ejus,
3563 3192 3659 3261 Qui
3682 3183 3857 3260 magni;

611 3299 714 3355 nisi
760 3298 940 3371 oleum
976 3297 1161 3367 gratia:
1206 3284 1331 3354 sum
1360 3296 1605 3353 Christus
1654 3296 1940 3377 infuderit,
1990 3298 2202 3369 penitus

611 3392 796 3450 lumen
840 3391 1042 3449 habere
1088 3406 1193 3447 non
1241 3390 1457 3463 poterit.
1508 3388 1810 3446 Lucernam
1865 3403 1994 3460 ergo
2048 3405 2200 3444 suam

612 3488 811 3546 clamat
851 3486 1115 3560 propheta
1143 3486 1431 3541 illuminari
1457 3501 1489 3541 a
1516 3484 1778 3553 Domino,
1809 3500 1929 3556 qua:
1957 3484 2001 3540 si
2042 3500 2201 3541 acce-

616 3579 758 3651 perit
784 3579 998 3635 lucendi
1024 3577 1339 3642 materiam,
1388 3576 1631 3633 ostendit
1660 3576 1842 3633 foveas
1871 3578 1923 3633 in
1953 3592 2089 3647 quas
2118 3570 2201 3632 in-

616 3672 760 3728 cauti
778 3679 970 3738 ruunt,
992 3677 1049 3726 et
1067 3670 1290 3739 laqueos
1311 3670 1363 3725 in
1386 3670 1621 3726 tenebris
1639 3670 1862 3741 positos.
1887 3669 1944 3725 ln
1967 3670 2205 3726 tenebris

596 3765 761 3823 .enim
788 3763 892 3820 nisi
917 3747 1099 3836 lumen
1121 3761 1367 3843 habuerit
1387 3762 1684 3828 ambulans,
1709 3768 1802 3843 aut
1822 3760 2203 3818 olfendiculum

615 3857 869 3924 incurrit,
914 3864 1007 3912 aut
1047 3856 1319 3913 incursum
1361 3856 1576 3928 penitus
1602 3872 1711 3911 non
1741 3855 1947 3923 evadit;
1980 3856 2123 3912 unde
2151 3865 2208 3912 et

614 3950 880 4022 propheta
905 3967 917 4005 :
942 3947 1076 4004 Cum
1106 3948 1511 4021 illuminaveris,
1536 3948 1727 4019 inquit,
1753 3948 2004 4003 tenebras
2031 3964 2199 4011 meas,

618 4043 691 4097 ita
718 4041 935 4097 demum
962 4041 1163 4112 eripiar
1189 4056 1220 4095 a
1248 4041 1579 4105 tentatinne,
1626 4049 1681 4097 et
1726 4040 1782 4096 in
1828 4048 1882 4096 te
1932 4040 2044 4097 Deo
2083 4057 2204 4111 meo

617 4133 980 4203 transgrediar
1007 4149 1221 4201 muros,
1262 4135 1401 4190 sicut
1446 4135 1675 4191 Samson
1703 4134 1900 4191 clausis
1929 4143 2203 4206 portarum

614 4223 794 4294 januis
832 4224 970 4277 intra
1015 4240 1198 4279 muros
1226 4224 1442 4279 clausos
1481 4241 1579 4295 per
1620 4225 1877 4280 virtutem
1903 4225 2003 4281 Dei
2032 4235 2207 4282 trans-

617 4329 835 4384 gressus
861 4323 946 4369 est
974 4329 1175 4370 muros.
1202 4312 1643 4383 Transgredimur
1662 4324 1717 4373 et
1739 4332 1837 4371 nos
1859 4331 2061 4381 muros,
2084 4333 2207 4371 cum

596 4408 688 4467 .de
716 4409 823 4464 isto
868 4421 1099 4477 corpore
1144 4415 1437 4472 exeuntes,
1487 4420 1583 4461 eos
1628 4407 1718 4476 qui
1750 4422 1848 4463 nos
1876 4406 2208 4462 circumdant

617 4497 912 4556 evadimus.
962 4496 1020 4552 In
1065 4496 1179 4576 Deo
1226 4490 1405 4553 autem
1442 4484 1765 4567 migramus,
1797 4499 1843 4555 si
1873 4498 2205 4570 impollutam

2303 3282 2430 3339 ﬂeat
2453 3284 2688 3339 salutare
2712 3284 2853 3353 regis
2881 3283 3016 3355 ejus,
3041 3293 3095 3340 et
3130 3284 3285 3342 faciet
3311 3285 3718 3341 misericordiam
3739 3281 3858 3338 chri-

2305 3385 2390 3431 sto
2419 3393 2517 3432 suo
2545 3376 2742 3444 David,
2775 3394 2896 3434 cum
2927 3396 2992 3434 ex
3021 3381 3229 3435 semine
3272 3379 3390 3450 ejus
3428 3379 3619 3435 excitat
3664 3367 3856 3446 regnum

2306 3468 2463 3541 quod.
2480 3470 2707 3541 imperet
2737 3471 2787 3526 in
2821 3471 3014 3527 szccula
3047 3473 3384 3528 szeculorum.
3419 3473 3598 3529 Amen.

2837 3624 3061 3683 PSALM
3071 3626 3155 3683 US
3193 3627 3374 3683 XVIII.

2724 3738 2780 3796 In
2811 3740 2970 3797 linem
3001 3730 3239 3813 psalmus
3266 3741 3453 3799 David.

2379 3855 2500 3909 (ἔαξιὶ
2528 3865 2778 3910 enarrant
2806 3857 3025 3929 gloriam
3066 3855 3183 3921 Dei,
3230 3867 3280 3911 et
3318 3874 3474 3928 opera
3504 3865 3733 3910 manuum
3764 3848 3858 3920 ejus

2307 3950 2582 4004 annuntiat
2608 3950 3009 4021 ﬁrmamentum.
3043 3949 3167 4006 Dies
3196 3951 3297 4006 diei
3341 3960 3538 4006 eructat
3573 3948 3789 4009 verbum,
3821 3950 3861 3997 et

2306 4060 2412 4097 nox
2452 4044 2592 4099 nocti
2631 4043 2831 4098 indicat
2858 4045 3146 4100 scientiam.
3176 4041 3298 4099 Non
3340 4052 3460 4099 sunt
3487 4042 3694 4114 loquela:
3728 4051 3860 4111 nequ?

2306 4152 2596 4199 sermones,
2647 4153 2862 4209 quantm
2913 4153 3023 4216 non,
3064 4137 3346 4191 audiantur
3391 4153 3534 4190 rores
3582 4149 3765 4189 eorum.
3810 4125 3860 4179 lu

2306 4214 2507 4281 amnem
2549 4238 2736 4282 terram
2776 4229 2931 4282 exivit
2967 4214 3124 4283 sonus
3161 4245 3356 4294 coruus,
3398 4238 3448 4283 et
3490 4229 3545 4281 in
3584 4227 3713 4291 ﬁnes
3751 4218 3861 4276 orbis

2310 4326 2458 4370 terrm
2483 4320 2631 4370 verba
2653 4335 2848 4372 eorum.
2875 4316 2940 4371 In
2964 4318 3071 4373 sole
3098 4320 3267 4390 posuit
3299 4318 3679 4383 tabernaculum
3719 4326 3860 4376 suum,

2306 4417 2355 4462 et
2393 4409 2503 4480 ipse
2544 4419 2786 4483 tanquam
2824 4428 3041 4483 sponsus
3088 4413 3367 4483 procedens
3405 4412 3470 4467 de
3520 4411 3741 4465 thalamo
3767 4421 3858 4460 suo.

2312 4497 2607 4557 Exsultavit
2631 4512 2685 4556 ut
2707 4504 2853 4576 gigas
2875 4503 2945 4558 ad
2964 4512 3271 4559 currendum
3297 4506 3431 4560 riam
3452 4521 3619 4567 suam,
3641 4519 3670 4555 α
3696 4510 3866 4557 summa

619 4591 760 4646 viam
788 4589 913 4645 vita:
940 4598 1137 4645 nostra:
1165 4587 1631 4646 ambulaverimus.
1678 4588 1811 4657 Quia
1858 4591 1973 4662 ipsa
2012 4601 2096 4646 est
2121 4591 2206 4648 via
2234 4562 2287 4624 Β
2312 4592 2436 4647 caelo
2464 4596 2686 4665 egressio
2707 4596 2835 4666 ejus.
2872 4593 2941 4648 Et
2967 4612 3207 4650 occursus
3233 4597 3345 4668 ejus
3374 4612 3531 4668 usque
3557 4593 3625 4647 ad
3643 4602 3869 4647 sumntum

596 4681 743 4751 Dei,
777 4682 829 4738 in
858 4696 965 4752 qua
993 4680 1391 4738 ambulantibus
1414 4689 1693 4754 protector
1714 4691 1797 4738 est
1825 4683 2062 4739 omnium
2086 4700 2207 4755 spe-

617 4776 849 4834 rantium
889 4776 943 4832 in
989 4790 1067 4857 se.
1114 4762 1235 4847 ipse
1279 4776 1421 4831 enim
1460 4766 1556 4831 eos
1584 4776 1861 4847 pnecingit
1889 4777 2117 4845 virtute,
2151 4787 2206 4834 et

596 4868 741 4926 facit
762 4868 1156 4939 immaculatam
1177 4869 1318 4925 viam
1338 4884 1524 4937 eorum
1546 4878 1604 4926 ut
1626 4869 1830 4940 fugiant
1853 4872 2005 4941 quasi
2034 4874 2198 4929 cervi.

617 4962 753 5032 Quid
783 4961 1021 5032 fugiant?
1048 4962 1178 5020 Sine
1204 4963 1365 5020 dubio
1386 4980 1546 5021 onme
1566 4964 1792 5021 facinus.
1816 4964 1984 5023 Omne
2004 4968 2203 5045 quippe
2238 4965 2250 4977 '

592 5063 897 5131 peceatum
927 5070 996 5111 ex
1024 5054 1327 5126 abjectione
1357 5057 1628 5113 vitiorum.
1661 5058 1835 5130 Super
1862 5061 2073 5117 excelsa
2102 5063 2204 5117 vir-

589 5155 791 5211 ,tutum
819 5145 1129 5229 ascenderit,
1152 5147 1198 5202 si
1222 5153 1395 5204 tamen
1427 5150 1539 5220 ipse
1558 5150 1755 5207 doceat
1783 5168 1971 5221 manus
1991 5164 2205 5229 nostras

588 5241 672 5301 .in
700 5226 917 5313 praelia,
948 5240 1072 5311 quia
1100 5240 1218 5296 sine
1247 5241 1629 5299 rebellantibus
1657 5244 1724 5300 ad
1754 5246 2017 5316 refugium
2047 5226 2203 5304 mon.-

588 5334 748 5398 tium
777 5349 885 5390 non
914 5334 1155 5400 venitur;
1185 5342 1240 5389 et
1269 5344 1433 5404 ponat
1460 5342 1519 5390 ut
1545 5350 1729 5402 arcum
1759 5354 1958 5394 aereum
1986 5339 2205 5400 brachia

588 5433 798 5493 nostra
817 5465 832 5489 ,
865 5434 925 5482 ut
952 5427 1005 5481 in
1035 5426 1283 5482 oratione
1312 5441 1418 5481 non
1462 5426 1747 5493 deﬁciant,
1796 5428 2051 5499 quoniam
2080 5430 2210 5487 dum

615 5530 739 5575 sunt
772 5530 992 5578 extensa
1020 5522 1072 5578 in
1099 5538 1261 5579 cruce
1290 5521 1544 5579 Amalech
1569 5525 1817 5579 vincitur.
1849 5523 1908 5579 Si
1932 5517 2062 5594 ergo
2089 5526 2203 5596 ipse

617 5613 698 5667 eis
723 5612 929 5670 dederit
958 5604 1322 5673 fortitudinem
1347 5625 1407 5673 ut
1433 5618 1586 5687 quasi
1614 5632 1772 5673 arcus
1797 5633 1970 5673 aereus
1998 5618 2052 5673 in
2082 5634 2203 5679 ora-

619 5702 855 5759 tionibus
878 5716 1242 5775 perseverent,
1272 5724 1380 5763 non
1410 5708 1583 5764 solum
1613 5725 1712 5765 nos
1740 5706 2057 5778 effugientes
2085 5726 2209 5767 eva~

530 5796 544 5809 “
617 5794 796 5852 dimus
823 5808 1237 5885 persequentes,
1285 5798 1377 5854 sed
1407 5816 1508 5856 nos
1545 5801 1918 5871 persequimur
1960 5801 2206 5859 inimicos

2312 4687 2443 4759 ejus,
2466 4705 2556 4742 nec
2573 4698 2648 4743 est
2663 4692 2749 4762 qui
2765 4706 2820 4743 se
2844 4688 3127 4743 abscondat
3154 4707 3185 4743 a
3211 4689 3383 4743 calore
3397 4689 3529 4760 ejus.
3560 4687 3661 4741 Lex
3683 4678 3869 4740 Domini

2311 4779 2643 4835 immaculata
2674 4790 2985 4835 ‘convertens
3034 4785 3263 4847 animas,
3315 4782 3655 4835 testimonium
3689 4771 3870 4832 Domini

2310 4872 2465 4945 fidele
2489 4872 2798 4944 sapientiam
2840 4882 3096 4944 pra’stans
3140 4874 3385 4944 parvulis.
3417 4871 3643 4926 Iustitia:
3689 4863 3872 4924 Domini

2311 4975 2481 5031 rectm,
2507 4966 2832 5037 ltetiﬁcantcs
2855 4966 3046 5031 corda;
3072 4977 3381 5038 prarceptum
3408 4965 3621 5021 Domini
3652 4960 3871 5018 lucidum,

2306 5051 2611 5115 illuminans
2641 5060 2835 5115 oculos.
2868 5060 3045 5115 Timor
3074 5059 3287 5115 Domini
3336 5070 3548 5114 sanctus
3595 5064 3873 5130 permanent

2306 5148 2359 5205 in
2391 5151 2633 5204 saxulum
2658 5150 2832 5204 σαῖσιΛὶ
2850 5168 2866 5215 ;
2889 5149 3092 5221 judicia
3123 5149 3331 5204 Domini
3362 5149 3807 5220 vera,,justiﬁcata
3831 5140 3875 5193 in

2308 5247 2599 5316 semetipsa.
2634 5243 3015 5313 Desiderabilia
3045 5261 3198 5315 super
3242 5260 3425 5297 autum
3453 5252 3503 5296 et
3532 5242 3752 5313 lapidem
3778 5247 3877 5307 pre-

2314 5338 2496 5392 tiosum
2526 5335 2738 5391 multum
2758 5376 2772 5402 ,
2795 5346 2843 5390 et
2864 5336 3094 5391 dulciora
3116 5353 3268 5407 super
3289 5335 3388 5388 mel
3407 5345 3455 5388 et
3478 5337 3668 5405 (arum.
3701 5325 3877 5385 Etenim

2313 5447 2482 5486 servus
2514 5441 2626 5486 tuus
2655 5430 2877 5486 custodit
2905 5447 2965 5483 ea
2984 5468 2999 5495 ,
3030 5431 3081 5484 in
3122 5428 3470 5484 custodiendis
3500 5428 3606 5481 illis
3637 5417 3880 5479 retributio

2312 5523 2490 5577 multa.
2525 5508 2729 5579 Delicta
2758 5524 2872 5597 quis
2899 5521 3177 5592 intelligit?
3204 5521 3266 5575 ab
3297 5520 3510 5575 occultis
3549 5519 3676 5572 meis
3711 5508 3880 5570 munda

2311 5633 2419 5680 me,
2452 5627 2500 5671 et
2538 5616 2602 5671 ab
2630 5617 2815 5672 alienis
2842 5632 2999 5687 parce
3025 5632 3169 5670 servo
3199 5626 3301 5670 tuo.
3351 5598 3411 5668 Si
3441 5615 3539 5668 mei
3581 5630 3684 5667 non
3717 5606 3880 5689 fuerint

2312 5708 2581 5775 dominati,
2608 5718 2727 5763 tunc
2748 5707 3108 5763 immaculatus
3130 5724 3237 5772 ero,
3254 5718 3303 5761 et
3330 5704 3646 5762 muaudubor
3666 5723 3698 5757 a
3719 5699 3881 5779 delicto

2313 5802 2559 5857 maximo.
2596 5800 2663 5855 Et
2690 5809 2840 5858 erunt
2864 5801 3291 5872 utcomplaceant
3319 5799 3519 5872 eloquia
3560 5800 3664 5854 oris
3711 5793 3801 5850 mei
3837 5795 3880 5843 et
