4108 6348
201 422 309 481 349

1122 430 1587 488 COMMENTARII
1624 431 1689 487 ΙΝ
1730 427 2054 486 PSALMOS.
2098 429 2287 488 PSAL.
2332 431 2468 489 XIX.

3338 437 3443 496 350

192 538 467 594 modumin
494 540 662 595 cordis
690 543 786 597 mei
812 544 865 597 in
891 553 1161 615 conspectu
1201 555 1287 600 tuo
1308 562 1521 616 semper.
1553 544 1769 600 Domine
1795 550 1845 608 Α
1874 545 1966 598 Dei
1996 545 2275 600 retributio
2303 553 2411 599 tam
2442 547 2607 601 multa
2647 548 2715 602 sit
2734 590 2751 614 ,
2800 558 2855 605 ut
2883 566 2985 605 non
3031 550 3132 606 sint
3177 550 3443 621 «indigum

191 630 409 701 adiutor
431 647 590 699 meus,
621 642 670 687 et
696 634 982 705 redanptor
1007 651 1168 690 meus.

770 782 1203 826 COIIEN'I‘AIIUI.

255 900 413 960 Sicut
437 904 635 959 terreni
676 912 1029 960 narraverunt
1072 905 1296 971 gloriam
1344 905 1646 969 hominum,
1690 904 1762 958 ita

179 994 438 1055 Mlestes
464 1002 714 1050 enarraut
750 995 976 1063 gloriam
1016 996 1129 1051 Dei.
1161 992 1462 1053 Sic-antem
1489 994 1763 1065 proprium

176 1083 363 1139 locum
409 1084 771 1153 relinquentes
816 1086 957 1153 magi
1003 1086 1169 1140 stellze
1214 1084 1430 1150 indicio,
1474 1086 1763 1140 narrabant

176 1177 283 1247 ipsi
313 1177 537 1245 gloriam
564 1176 677 1231 Dei.
709 1175 815 1232 Sed
845 1186 898 1231 et
931 1177 1049 1233 creli
1080 1176 1200 1233 lacti
1228 1186 1350 1233 sunt
1396 1178 1624 1248 apostoli
1663 1176 1760 1232 ha-

173 1268 374 1323 bentes
396 1267 450 1322 in
472 1283 530 1322 se
549 1266 727 1322 Solem
752 1267 997 1337 justitiaa,
1022 1276 1076 1323 et
1102 1268 1292 1323 merita
1316 1269 1368 1323 in
1389 1267 1603 1323 modum
1632 1268 1759 1322 stel-

173 1358 355 1413 larum
383 1373 484 1429 pro
507 1355 760 1412 varietate
781 1356 993 1412 diverso
1014 1357 1298 1428 splendore
1322 1356 1600 1413 radiantia.
1626 1356 1759 1427 ipsis

169 1464 310 1520 ergo
339 1449 678 1504 narrantibus
719 1450 941 1518 gloriam
984 1448 1108 1511 Dei,
1153 1466 1314 1520 Opera
1362 1467 1614 1505 manuum
1663 1448 1757 1505 Dei

168 1541 832 1597 annuntiabantdoctrina:
853 1558 1039 1598 eorum
1061 1544 1452 1599 ﬁrmamentum
1473 1544 1617 1599 :sive
1630 1545 1755 1612 quia

167 1648 331 1711 crux,
352 1648 472 1703 qua:
497 1632 887 1689 ﬁrmamentum
908 1642 992 1690 est
1010 1644 1288 1699 aeternum,
1316 1652 1480 1706 opere
1501 1652 1754 1690 manuum

168 1727 292 1796 ejus
321 1726 666 1797 triumphavit
692 1734 749 1782 et
773 1728 927 1793 vicit;
956 1729 1068 1784 sive
1094 1729 1220 1798 quia
1250 1730 1575 1784 ourabantur
1604 1727 1752 1782 inﬁr-

168 1817 240 1872 mi
285 1826 343 1873 et
378 1817 771 1873 suscitabantur
797 1821 1014 1885 mortui,
1040 1835 1203 1890 opera
1235 1835 1488 1874 manuum
1515 1818 1632 1889 ejus
1657 1835 1754 1873 an-

1871 638 2134 708 passiones
2162 637 2313 708 hujus
2341 638 2580 707 temporis
2606 639 2676 693 ad
2704 642 2929 711 futuram
2959 641 3197 713 gloriam,
3223 657 3335 713 qua
3362 658 3442 695 re-

1870 726 2118 782 velabitur
2136 729 2192 783 in
2220 729 2365 783 nobis
2388 728 2562 799 (Rom.
2586 732 2727 801 mi);
2756 731 2801 785 si
2823 738 3004 786 tamen
3025 732 3207 803 lapsus
3230 739 3443 787 nostros

1867 827 1921 874 et
1949 819 2144 876 delicta
2191 829 2370 876 nostra
2402 820 2698 890 intelligere
2741 820 3070 888 studeamus,
3099 822 3242 892 quod
3270 822 3441 891 arguit

1867 908 2148 965 Psalmista
2169 953 2184 977 ,
2219 912 2421 967 nullum
2466 911 2599 967 velle
2639 910 2935 980 intelligere
2972 911 3166 968 delicta
3189 928 3306 969 sua.
3339 912 3441 969 Ar-

1865 1003 2076 1073 guendo
2116 1004 2255 1059 enim
2297 1020 2403 1060 non
2445 1002 2690 1074 negando
2716 1004 2949 1060 cantavit
2979 1004 3162 1060 dicens
3182 991 3207 1059 ἐ
3239 1004 3440 1061 Delicta

1862 1098 1985 1167 quis
2012 1097 2290 1166 intelligit?
2315 1097 2462 1154 Sicut
2502 1097 2555 1152 in
2582 1096 2875 1154 centesimo
2917 1105 3072 1152 sexto
3110 1094 3238 1154 dicit
3267 1115 3281 1152 :
3310 1096 3440 1164 Quis

1862 1188 2075 1258 sapiens
2102 1187 2215 1243 htec
2243 1186 2522 1256 intelligit?
2548 1192 2603 1242 et
2629 1186 2717 1243 hic
2745 1186 2818 1242 ita
2844 1204 2857 1239 :
2881 1184 3083 1242 Delicta
3107 1187 3226 1256 quis
3245 1185 3439 1242 intelli-

1860 1279 1970 1347 git?
1996 1277 2149 1349 Stepe
2176 1278 2317 1333 enim
2348 1276 2703 1333 temeritatem
2727 1276 3081 1332 constantiam
3108 1275 3351 1340 dicimus,
3382 1285 3437 1330 et

1861 1367 2108 1437 injuriam
2154 1367 2452 1423 libertatem
2500 1378 2783 1433 vocamus,
2830 1364 3058 1421 fatuitati
3082 1365 3437 1436 simplicitatis

1861 1474 2056 1516 nomen
2087 1461 2437 1530 imponimus,
2481 1464 2536 1514 et
2564 1457 2926 1514 adulationem
2952 1457 3271 1513 charitatem
3300 1456 3435 1511 inte-

1858 1553 2143 1620 gerrimam
2173 1543 2521 1621 appellamus.
2551 1549 2631 1604 Ad
2664 1550 2778 1605 luec
2801 1549 2869 1605 da
2897 1558 3224 1605 scrutantem
3256 1547 3437 1603 cordis

1859 1643 2092 1706 oculum,
2111 1640 2373 1710 intelliget
2392 1641 2523 1705 ista;
2545 1646 2600 1695 et
2621 1639 2821 1695 idcirco
2841 1639 3036 1695 clamat
3054 1639 3146 1708 qui
3168 1638 3431 1707 intelligit:

1858 1734 1940 1788 Ab
1962 1732 2187 1790 occultis
2216 1732 2350 1787 meis
2377 1728 2574 1786 munda
2603 1745 2719 1796 me,
2746 1730 2998 1793 Domine,
3025 1730 3149 1799 quia
3179 1730 3290 1800 ipsa
3316 1744 3434 1800 qua:

1860 1826 1912 1881 in
1941 1840 2027 1881 me
2053 1832 2236 1880 sancta
2265 1830 2521 1896 putantur
2546 1823 2719 1879 reatui
2743 1822 3048 1893 subjaceut;
3076 1832 3133 1877 et
3156 1823 3223 1877 ab
3250 1822 3437 1879 alienis

169 1909 387 1964 nuntiat
412 1907 823 1965 ﬁrmamentum.
852 1908 987 1965 Cum
1014 1910 1131 1966 dies
1156 1911 1477 1980 loquebatur
1496 1909 1563 1966 ad
1586 1911 1747 1975 diem,
1779 1916 1830 1978 Β
1856 1919 2110 1991 peccatis,
2141 1917 2334 1988 quibus
2362 1914 2630 1972 adulando
2657 1914 2896 1970 tomitem
2915 1914 3248 1977 exhibemus,
3279 1928 3439 1984 parce

169 2010 225 2057 et
244 2016 357 2056 nos
381 2001 699 2071 loquebatur
726 2001 794 2057 ad
822 2010 1056 2067 noctem,
1080 2002 1207 2073 quia
1224 2004 1305 2059 sic
1326 2003 1393 2058 de
1416 2002 1503 2058 die
1531 2002 1585 2057 in
1612 2002 1754 2058 diem

168 2093 406 2159 ibat,.et
432 2111 538 2150 nox
586 2095 905 2165 loquebatur
944 2095 1012 2150 ad
1050 2104 1265 2151 noctem
1301 2097 1519 2151 verbum
1538 2136 1554 2161 ,
1595 2104 1653 2151 et
1690 2095 1763 2150 de

170 2194 340 2242 noctu
368 2186 424 2241 in
440 2195 700 2253 noctem,
731 2195 790 2241 ut
825 2186 942 2256 ejus
984 2187 1211 2241 scientia
1245 2187 1586 2257 panderetur.
1638 2185 1762 2243 llaec

168 2276 508 2349 simpliciter.
524 2275 791 2332 Caeterum
810 2276 936 2342 diei,
959 2275 1075 2331 dies
1095 2273 1273 2331 Patris
1290 2274 1455 2331 Filius
1477 2286 1578 2341 est,
1605 2274 1765 2332 Pater

168 2367 600 2438 ergo'eructavit
626 2367 886 2433 Verbum,
918 2366 1063 2436 quod
1093 2366 1318 2422 verbum
1367 2366 1662 2421 involutum
1711 2368 1763 2423 iu

168 2469 339 2517 nocte
367 2461 573 2517 ventris
600 2460 854 2529 virginei,
878 2459 1118 2514 involuto
1149 2460 1203 2513 in
1234 2466 1392 2515 nocte
1421 2459 1619 2532 ventris
1656 2468 1765 2514 ste-

168 2554 293 2609 riiis
318 2547 595 2606 Elisabeth
638 2550 718 2606 sui
746 2550 995 2614 indicavit
1034 2550 1331 2605 scientiam.
1374 2547 1761 2620 ﬂmcapostoli

94 2709 102 2715 ι
169 2640 558 2715 prmdirantcs,
598 2658 704 2696 non
732 2642 829 2697 l'uit
856 2641 1085 2711 loquela,
1117 2656 1290 2710 neque
1315 2656 1490 2696 sermo
1533 2658 1760 2711 quorum

167 2750 290 2787 non
337 2732 646 2803 audirentur
689 2748 845 2788 voces
898 2749 1114 2798 eorum,
1168 2733 1238 2787 ita
1288 2742 1345 2787 ut
1391 2734 1756 2789 universarum

166 2825 417 2894 gentium
468 2823 716 2893 loquaces
757 2824 996 2879 dicerent
1048 2824 1116 2879 de
1155 2824 1234 2879 eis
1275 2843 1287 2877 :
1333 2821 1524 2879 Nonne
1566 2825 1620 2879 lii
1663 2825 1760 2879 viri

168 2914 388 2970 Galilwi
413 2924 558 2979 sunt,
603 2924 652 2970 et
691 2916 943 2990 quomodo
982 2916 1329 2989 unusquisque
1364 2917 1540 2990 lingua
1581 2928 1760 2974 nostra

169 3006 465 3060 audirimus
485 3023 568 3061 eos
590 3006 845 3079 loquentes
865 3007 1130 3080 magnalia
1152 3006 1250 3062 Dei
1272 3008 1407 3079 (Act.
1432 3006 1497 3077 ιι)
1514 3011 1538 3062 ?
1560 3007 1762 3063 Horum

168 3107 359 3152 autem
388 3115 558 3157 sonus.
584 3098 636 3152 iu
666 3114 880 3154 onmem
908 3107 1105 3154 terram
1135 3112 1452 3168 progressus
1480 3105 1590 3164 est,
1622 3105 1677 3153 et
1709 3098 1762 3153 iu

172 3190 312 3245 ﬁnes
340 3190 574 3245 universi
602 3190 748 3245 orbis
774 3191 934 3245 Verba
983 3205 1170 3246 eorum
1199 3196 1549 3259 penetrarunt
1569 3228 1585 3254 ,
1632 3194 1765 3242 tem-

1857 2024 2016 2065 servo
2037 2016 2130 2063 tuo
2146 2014 2169 2074 ;‘
2191 2010 2316 2078 quia
2336 2010 2382 2063 sl
2411 2008 2461 2062 in
2492 2022 2577 2063 me
2598 2021 2696 2077 per
2717 2004 3079 2060 adulationem
3110 2016 3217 2059 non
3244 2002 3439 2058 fuerint

1861 2100 2156 2166 dominati,
2201 2108 2327 2154 tunc
2371 2099 2744 2154 inmaculatus
2770 2112 2896 2162 ero,
2927 2104 2983 2153 et
3022 2094 3249 2151 mundus
3275 2110 3370 2149 ero
3408 2110 3438 2151 a
3464 2138 3481 2151 .

1863 2189 2064 2245 delicto
2086 2189 2351 2253 maximo;
2382 2187 2600 2256 quando
2626 2195 2804 2242 autem
2826 2186 2942 2244 sine
2969 2184 3276 2240 adulatione
3295 2184 3440 2239 locu-

1865 2289 1952 2336 tus
1977 2279 2148 2344 fuero,
2178 2287 2307 2336 tunc
2334 2280 2429 2335 tibi
2459 2278 2745 2350 placebunt
2773 2274 2982 2347 eloquia
3017 2277 3126 2333 oris
3146 2276 3272 2332 mei.
3296 2272 3442 2333 Tuos

1865 2373 1969 2426 erit
1996 2370 2272 2433 meditatio
2318 2368 2496 2425 cordis
2542 2370 2646 2426 mei
2676 2371 2729 2424 in
2771 2376 3059 2438 conspectu
3090 2377 3182 2422 tuo
3208 2382 3436 2439 semper.

1865 2464 2006 2520 Nihil
2035 2465 2177 2519 enim
2204 2464 2406 2533 cogitat
2432 2464 2523 2532 qui
2568 2478 2675 2516 non
2704 2461 2970 2519 adulatur.
3004 2460 3103 2514 nisi
3132 2460 3252 2522 hoc,
3295 2458 3440 2529 quod

1864 2571 1971 2611 non
2004 2557 2186 2610 timeat
2230 2555 2408 2619 videre
2448 2554 2635 2625 Deum,
2666 2562 2722 2608 et
2740 2552 2871 2609 ideo
2917 2554 3017 2624 ipsi
3064 2553 3175 2607 Deo
3220 2567 3438 2607 securus

1863 2650 2113 2720 loquitur,
2132 2656 2187 2703 et
2207 2648 2489 2719 placebunt
2511 2647 2560 2701 ei
2584 2646 2794 2716 eloquia
2815 2644 2950 2715 ejus,
2969 2638 3442 2699 meditatio‘cordis

1861 2741 1977 2810 ejus
2024 2742 2075 2795 in
2121 2746 2410 2810 conspectu
2463 2738 2555 2792 Dei
2597 2746 2699 2793 est.
2745 2736 2829 2791 Et.
2859 2738 2983 2791 huic
3020 2735 3188 2790 dicit:
3220 2733 3442 2802 Adjutor

1862 2849 2044 2897 meus,
2075 2840 2131 2886 et
2156 2831 2462 2900 redemptor
2489 2844 2672 2894 meus,
2701 2828 2792 2896 qui
2824 2836 3009 2896 regnat
3049 2828 3100 2880 ἰ..
3132 2825 3323 2880 saecula
3348 2839 3444 2877 ste-

1864 2923 2129 2978 culorum.
2162 2919 2349 2975 Amen.

2416 2983 2730 3041 PSALIUB
2766 2983 2904 3040 XIX.

2286 3081 2345 3137 in
2376 3080 2534 3136 ﬁnem
2562 3080 2798 3152 psalmus
2825 3080 3010 3137 David.

1937 3195 2204 3251 Exaudiat
2234 3205 2279 3251 te
2306 3192 2554 3250 Dominus
2594 3194 2647 3248 in
2677 3190 2760 3248 die
2807 3190 3168 3256 tribulationis,
3212 3198 3449 3263 protegat

174 3295 312 3351 pore
357 3296 466 3350 quo
512 3280 769 3336 Dominus
816 3280 870 3334 in
916 3279 1085 3335 solem
1136 3279 1315 3349 posuit
1359 3274 1760 3333 tabernaculum
1787 3270 1837 3343 ϐ
1865 3292 1914 3341 le
1935 3300 2115 3340 nomen
2148 3280 2242 3339 Dei
2268 3281 2449 3340 Iacob.
2492 3282 2668 3338 Minoi
2696 3281 2786 3339 tibi
2816 3282 3069 3338 auxilium
3098 3282 3159 3336 de
3186 3292 3366 3337 sancto
3397 3290 3445 3336 et

173 3389 352 3428 suum.
379 3373 436 3427 in
466 3372 657 3438 solem,
685 3388 795 3428 non
828 3371 990 3427 istum
1018 3372 1110 3443 qui
1148 3371 1500 3427 ministerium
1525 3370 1760 3427 divinum

174 3481 465 3529 exercens,
502 3460 755 3519 horarum
804 3474 1081 3520 mensuras
1124 3463 1223 3519 sub
1267 3470 1412 3519 certa
1464 3472 1761 3534 temporum

175 3572 368 3611 norma
389 3554 668 3621 discurrit;
700 3553 795 3611 sed
815 3556 983 3611 solem
1005 3554 1243 3625 justitize,
1266 3555 1377 3626 qui,
1403 3554 1454 3611 in
1478 3554 1762 3626 splehdore

178 3647 308 3702 vita:
336 3655 551 3702 mter-na:
571 3648 810 3717 virgineo
838 3647 1012 3702 editus
1040 3647 1178 3711 alvo,
1204 3647 1381 3703 lumen
1405 3660 1588 3705 verum
1612 3663 1762 3702 men-

173 3738 325 3792 tibus
352 3737 529 3802 fulsit,
559 3746 615 3792 et
640 3745 723 3793 est
749 3751 995 3806 egressus
1021 3735 1087 3792 de
1126 3736 1329 3806 virgine
1369 3738 1507 3793 sicut
1533 3751 1763 3807 sponsus

173 3827 245 3883 de
277 3828 534 3883 thalamo.
590 3826 690 3884 llic
717 3829 1002 3884 exsultavit
1046 3839 1102 3883 ut
1140 3830 1291 3897 gigas
1332 3828 1399 3882 ad
1446 3826 1769 3889 currendum.

172 3918 355 3984 viam,
403 3918 776 3973 immaculatus
816 3920 997 3988 utique
1043 3918 1334 3972 ambulavit
1361 3918 1412 3971 in
1442 3918 1526 3971 via
1566 3916 1619 3970 in
1648 3916 1764 3984 lege

173 3993 432 4061 Domini}
458 4022 487 4060 a
510 4020 719 4061 summo
744 4007 880 4062 caelo
905 4008 1140 4075 egressio
1168 4005 1303 4075 ejus.
1328 4004 1443 4059 Non
1470 4018 1536 4059 ex
1564 4004 1766 4060 semine

176 4096 308 4161 viri,
334 4095 427 4151 sed
452 4112 518 4151 es
547 4110 641 4151 ore
667 4094 840 4151 Patris
866 4098 955 4165 qni
986 4104 1069 4151 est
1096 4096 1149 4150 in
1176 4112 1384 4151 summo
1407 4096 1685 4159 castorum,
1713 4100 1767 4148 et

174 4198 443 4244 occursas
476 4186 593 4257 ejus
619 4198 788 4255 usque
823 4185 889 4241 ad
915 4200 1180 4241 summum
1209 4186 1342 4257 ejus.
1374 4185 1490 4241 Non
1519 4185 1662 4240 enim
1699 4186 1766 4241 de

175 4276 403 4334 Oriente
431 4274 485 4332 in
513 4270 881 4345 Occidentem,
910 4285 1004 4333 aut
1026 4277 1176 4347 quasi
1205 4277 1273 4333 de
1306 4277 1414 4332 aito
1434 4276 1501 4331 ad
1518 4276 1642 4341 ima,
1670 4277 1764 4332 sed

178 4375 245 4430 de
257 4368 540 4429 summoin
555 4386 838 4444 summum,
855 4370 921 4426 de
939 4371 1050 4426 alto
1072 4370 1125 4426 in
1154 4371 1317 4426 altum
1331 4377 1385 4425 et
1404 4369 1471 4425 de
1492 4369 1687 4424 virtute
1707 4369 1761 4425 in

182 4466 465 4532 virtutem;
497 4473 658 4535 atque
686 4479 715 4518 a
744 4478 954 4519 summo
981 4462 1047 4517 ad
1085 4478 1375 4530 summum,
1407 4479 1513 4519 non
1541 4463 1645 4519 erit
1670 4465 1762 4533 qui

182 4573 240 4613 se
268 4553 565 4611 abscondat
594 4569 623 4609 a
653 4554 829 4611 calore
866 4555 1002 4625 ejus.
1035 4552 1185 4611 Nulla
1223 4556 1364 4610 enim
1402 4568 1532 4625 gens
1573 4555 1676 4610 erit
1704 4555 1759 4610 in

1864 3378 1927 3434 de
1956 3377 2085 3433 Sion
2116 3387 2316 3432 tueatur
2345 3384 2409 3430 te.
2442 3374 2645 3431 lemor
2672 3377 2739 3429 sit
2766 3377 2945 3431 omnis
2978 3374 3224 3444 sacriﬁcii
3264 3374 3355 3437 tui,
3394 3380 3445 3425 et

1864 3469 2218 3526 holocaustum
2250 3478 2389 3523 tuum
2436 3469 2624 3540 pingue
2656 3466 2770 3538 ﬁat.
2807 3466 3020 3521 Tribuat
3051 3456 3139 3518 tibi
3168 3463 3445 3518 secundum

1863 3578 1953 3617 cor
1991 3569 2150 3627 tuum,
2181 3571 2229 3614 et
2256 3576 2404 3615 omne
2431 3560 2701 3614 consilium
2731 3568 2870 3612 luunt
2909 3555 3196 3626 conﬁrmet.
3222 3553 3447 3609 ιωωω-

1863 3670 1978 3707 mur
2006 3654 2059 3706 in
2087 3652 2305 3706 salutari
2338 3660 2441 3715 tuo,
2472 3658 2521 3704 et
2546 3652 2598 3704 in
2629 3650 2835 3705 nomine
2884 3647 3091 3703 Domini
3140 3644 3233 3701 Dei
3280 3646 3446 3701 nostri

1863 3741 2328 3813 magniﬁcabimar.
2383 3739 2606 3812 Impleat
2655 3739 2901 3795 Dominus
2955 3752 3131 3793 omnes
3177 3739 3445 3808 petitiones

1867 3841 2003 3896 tuas,
2054 3846 2188 3884 nunc
2235 3828 2447 3902 cognovi
2493 3832 2734 3903 quoniam
2781 3831 2977 3885 solrum
3027 3831 3148 3901 fecit
3193 3826 3447 3881 Dominus

1866 3921 2125 3977 Christum
2170 3938 2335 3976 suum.
2367 3920 2625 3975 Exaudiet
2652 3920 2797 3974 illum
2825 3920 2890 3973 de
2916 3919 3042 3973 ratio
3062 3924 3241 3970 sancto
3271 3932 3363 3970 suo
3390 3917 3444 3969 in

1868 4012 2213 4084 potentatibus
2259 4015 2398 4065 solus
2438 4012 2664 4065 dexteris
2690 4010 2821 4081 ejus.
2856 4007 2929 4063 Hi
2954 4009 3008 4063 in
3036 4006 3290 4072 curribus,
3317 4017 3366 4060 et
3392 4007 3446 4061 lii

1867 4102 1923 4157 in
1952 4102 2113 4172 equis,
2144 4117 2238 4157 nos
2259 4110 2426 4155 autem
2455 4104 2509 4156 in
2531 4101 2741 4155 nomine
2764 4098 2972 4155 Domini
3000 4098 3098 4153 Dei
3122 4100 3285 4154 nostri
3311 4100 3447 4153 inro—

1868 4191 2115 4247 nubimus.
2166 4191 2279 4264 Ipsi
2321 4190 2532 4265 obligati
2576 4201 2696 4246 sunt
2736 4200 2786 4246 et
2812 4190 3122 4258 ceciderant,
3153 4205 3250 4246 nos
3275 4199 3446 4244 autem

1866 4287 2183 4341 surrexintus
2202 4294 2252 4340 et
2270 4286 2423 4365 erecti
2450 4300 2643 4339 sumus.
2667 4280 2903 4349 Domine,
2916 4287 3111 4339 salvum
3141 4282 3226 4355 {ac
3253 4298 3447 4355 regem.

1863 4388 1914 4433 et
1938 4378 2129 4433 exaudi
2157 4392 2253 4433 nos
2277 4378 2331 4432 in
2360 4377 2443 4432 die
2468 4393 2568 4450 quo
2590 4378 2992 4432 invocem-imus
3020 4386 3084 4430 te.

2431 4528 2865 4571 COIIENTANUI.

184 4650 285 4706 hoc
311 4648 510 4704 saeculo
539 4647 604 4703 ad
626 4647 778 4719 cujus
806 4614 1050 4703 notitiam
1080 4664 1185 4703 non
1212 4614 1438 4717 attingth
1462 4647 1611 4703 calor
1638 4644 1758 4701 ﬁdei
1782 4646 1836 4711 Ι)
1929 4647 2142 4705 Christo
2170 4649 2317 4705 eunti
2352 4648 2420 4705 ad
2447 4663 2660 4705 crucem
2688 4649 2818 4705 dicit
2858 4614 3139 4706 Ecclesia:
3180 4648 3443 4704 Esaudiat

184 4731 525 4806 Christiame,
555 4740 609 4795 in
637 4750 740 4811 qua
775 4749 857 4796 est
884 4739 969 4795 lex
999 4739 1207 4796 Domini
1250 4740 1754 4812 irrcprebensibilis.

186 4842 506 4889 convertens
526 4832 753 4898 animas,
775 4829 1004 4888 invitans’
1021 4831 1086 4887 ab
1108 4848 1291 4888 errore
1313 4832 1378 4887 ad
1404 4830 1507 4887 iter
1531 4842 1755 4896 rectum,

188 4942 213 4978 a
242 4924 523 4981 mendacio
548 4923 611 4978 ad
642 4924 919 4979 veritatem
953 4941 965 4977 :
995 4922 1067 4978 ibi
1095 4931 1220 4979 sunt
1244 4923 1462 4993 iustitiae
1491 4922 1761 4978 lietilican-

191 5027 265 5073 tes
302 5017 488 5074 corda.
520 5016 675 5084 Quod
711 5016 851 5071 enim
898 5025 1004 5071 tam
1040 5014 1240 5085 justum
1284 5016 1534 5085 gaudium
1562 5014 1758 5080 condis,

191 5126 341 5179 quam
391 5110 498 5165 hoc
540 5110 592 5163 in
637 5125 743 5180 quo
767 5106 1018 5180 jubcmur
1059 5108 1238 5163 omnia
1266 5122 1384 5178 quae
1434 5107 1676 5162 volumus
1704 5115 1763 5161 ut

191 5200 380 5255 iaciant
410 5199 564 5255 nobis
589 5199 854 5262 homines,
884 5195 1071 5253 eadem
1102 5213 1201 5253 nos
1229 5192 1482 5253 faciamus
1509 5196 1620 5250 eis?
1648 5195 1762 5251 Hoc

196 5297 517 5360 przcceptum
546 5296 652 5343 tam
680 5289 908 5345 lucidum
935 5299 1014 5345 est
1033 5330 1046 5354 ,
1080 5296 1140 5344 ut
1165 5289 1325 5343 etiam
1356 5301 1615 5344 caecorum
1645 5287 1763 5341 illu-

93 5442 103 5453 ο
194 5382 352 5438 minet
385 5383 597 5449 oculos,
628 5383 673 5437 si
702 5390 881 5437 tamen
911 5383 1071 5437 timor
1096 5380 1307 5437 Domini
1358 5381 1410 5456 in
1454 5381 1607 5435 nobis
1632 5395 1759 5450 per-

196 5483 400 5540 manet,
441 5490 537 5544 per
563 5488 720 5543 quem
748 5474 1146 5530 consideremus
1180 5474 1376 5544 judicia
1416 5472 1509 5529 Dei
1551 5479 1605 5529 et
1632 5488 1759 5529 vera

197 5565 475 5635 iustiﬁcata
522 5566 572 5620 in
620 5565 925 5634 semetipsa.
976 5562 1042 5619 Et
1084 5563 1449 5620 desideremus
1493 5579 1558 5619 ea
1601 5572 1761 5634 super

198 5670 375 5713 aurum
398 5667 455 5713 et
474 5656 702 5728 lapidem
729 5655 1041 5726 pretiosum,
1064 5664 1119 5711 et
1138 5656 1372 5711 dulciora
1392 5656 1549 5710 nobis
1570 5654 1764 5709 fuerint

200 5760 351 5818 super
382 5748 488 5804 mel
518 5757 573 5803 ct
600 5749 775 5803 favum
800 5765 813 5799 τ
838 5747 1087 5817 quoniam
1109 5747 1199 5816 qui
1220 5762 1408 5802 servus
1427 5755 1511 5801 est
1532 5746 1764 5813 Domini,

203 5840 423 5897 custodit
452 5855 544 5909 ea,
576 5848 630 5895 et
656 5838 821 5895 Credit
856 5837 1001 5907 quod
1029 5837 1080 5892 in
1109 5838 1346 5892 custodia
1375 5843 1762 5910 praeceptorum

1864 4749 1917 4795 te
1947 4740 2201 4796 Dominus
2227 4740 2282 4795 in
2309 4738 2396 4795 die
2415 4738 2791 4795 tribulationis.
2820 4737 3033 4794 Homini
3063 4738 3246 4807 otique
3272 4737 3362 4807 qui
3383 4749 3444 4791 se
3548 4738 3553 4743 ’

1863 4832 2057 4889 obtulit
2102 4831 2530 4902 redemptionem
2562 4847 2661 4901 pro
2711 4830 2979 4886 omnibus.
3038 4828 3438 4894 llolocaustum,

1867 4925 2055 4995 inquit,
2088 4931 2237 4977 tuum
2259 4923 2453 4993 pingue
2492 4921 2600 4983 llat.
2632 4919 2775 4990 quod
2804 4921 2859 4975 in
2886 4919 3040 4975 altari
3068 4922 3240 4981 erucis
3259 4919 3439 4986 oll‘ers,

1867 5022 1923 5069 et
1950 5015 2022 5068 ita
2048 5028 2208 5069 omne
2236 5011 2516 5067 consilium
2546 5019 2693 5067 tuum
2722 5008 3021 5073 conﬁrmet.
3042 5018 3101 5067 ut
3119 5011 3359 5068 ltctemur
3386 5012 3442 5066 in

1865 5106 2087 5164 salutari
2114 5114 2228 5171 tuo,
2259 5112 2315 5160 et
2334 5105 2388 5158 in
2416 5103 2635 5159 nomine
2655 5102 2864 5158 Domini
2892 5103 2987 5160 Dei
3016 5104 3183 5159 uestri
3228 5105 3442 5158 invoce-

1864 5213 1982 5253 mus
2027 5206 2099 5263 te,
2148 5211 2269 5252 cum
2316 5195 2672 5273 resurrexeris
2711 5211 2741 5251 a
2770 5197 3034 5253 mortuis:
3067 5196 3271 5252 salvum
3298 5191 3441 5246 enim
3496 5185 3506 5192 ’

1864 5289 1991 5345 l‘acit
2013 5289 2272 5344 Dominus
2296 5286 2568 5343 Christum
2598 5302 2772 5355 suum,
2804 5297 2861 5363 et
2889 5289 2962 5343 ita
2991 5288 3095 5342 erit
3122 5286 3173 5340 in
3204 5287 3443 5352 p0th

1862 5383 2006 5438 tibus
2049 5381 2196 5437 salus
2221 5380 2457 5436 dextera:
2485 5379 2617 5450 ejus,
2643 5388 2701 5435 ut
2728 5397 2758 5434 a
2785 5379 2987 5434 dextris
3031 5375 3141 5431 suis
3179 5373 3441 5425 latronem

1863 5474 1931 5530 ad
1960 5473 2267 5547 paradisum
2294 5473 2474 5529 ducat.
2505 5472 2607 5527 Alii
2636 5469 2910 5527 conﬁdunt
2938 5469 2991 5522 in
3045 5462 3306 5523 curribus,
3351 5458 3441 5517 alii

1864 5567 1919 5622 in
1946 5567 2119 5637 equis,
2149 5581 2247 5621 uos
2276 5574 2456 5621 autem
2506 5564 2561 5619 in
2610 5562 2826 5616 nomine
2873 5554 3084 5613 Domini
3130 5550 3225 5602 Dei
3272 5552 3440 5611 nostri

1856 5655 2336 5726 magniﬁcabimur,
2359 5664 2415 5711 et
2443 5653 2546 5708 illis
2587 5647 2922 5709 cadentibus,
2940 5656 3053 5738 .nos
3080 5653 3438 5712 resurgemus,

1860 5749 1986 5818 quia
2010 5763 2105 5803 rex
2135 5754 2321 5803 noster
2338 5745 2519 5800 salvus
2542 5739 2713 5794 factus
2731 5743 2833 5800 est,
2864 5742 2921 5790 et
2949 5744 3233 5800 resurgens
3253 5750 3284 5788 a
3306 5751 3440 5792 mor.

1836 5842 1967 5923 ‘tuis
1991 5837 2231 5895 ascendit
2258 5837 2313 5890 in
2340 5832 2524 5893 catos,
2555 5835 2611 5882 et
2660 5824 2852 5881 sedens
2900 5825 2991 5882 ad‘
3015 5822 3292 5880 dexteram
3339 5826 3436 5882 Dei
