4108 6348
672 342 772 400 551

1977 342 2245 409 ARNUllll
2285 340 2586 401 JUNIORIS
3837 340 3922 396 553

673 458 869 524 Patris,
925 456 1136 512 exaltdit
1178 472 1278 510 nos
1330 457 1381 510 in
1411 456 1497 511 die
1523 472 1626 527 qua
1655 457 2083 513 invocaveritnus
2112 474 2254 524 etnn,
2288 463 2338 520 Λ
2362 459 2524 513 rient.
2560 452 2689 511 Nam
2719 472 2815 513 eos
2859 454 3140 512 li-nctilicat
3195 454 3248 510 in
3298 451 3705 509 resurrectionis
3754 451 3916 518 l‘mctu,

674 550 773 621 ipsi
801 549 967 620 gloria
995 550 1045 603 in
1075 546 1267 603 szecula
1296 546 1631 604 saaculornm.
1668 547 1856 603 Amen.

1226 659 1542 718 PSALMUS
1580 660 1698 716 XX.

1100 752 1158 809 In
1186 752 1345 820 linem
1371 754 1610 827 psalmus
1639 754 1828 811 David.

746 844 985 911 Domine,
1015 847 1072 901 in
1101 848 1285 902 virtute
1313 855 1401 902 tua
1428 848 1690 903 ltetabitur
1714 864 1830 913 rex,
1861 859 1911 903 et
1937 865 2091 921 super
2119 848 2261 904 salu—

671 946 783 992 tare
811 944 970 992 tuum‘
995 939 1279 994 exsultabit
1325 941 1662 997 vehementer.
1715 939 2044 997 Desiderium
2090 942 2260 997 cordis

667 1030 782 1098 ejus
810 1029 1034 1085 tribuisti
1062 1031 1128 1096 ei,
1159 1039 1210 1085 et
1237 1032 1499 1087 voluntate
1526 1030 1778 1087 labiorum
1805 1032 1919 1105 ejus
1962 1020 2071 1087 non
2115 1035 2264 1105 frau-

669 1121 807 1175 dasti
825 1138 959 1177 eum.
994 1120 1258 1196 Quoniam
1280 1124 1573 1195 praevenisti
1598 1141 1713 1179 eum
1741 1125 1796 1179 in
1826 1122 2263 1180 benedictionibus

669 1212 983 1280 dulcedinis,
1034 1215 1254 1285 posuisti
1293 1217 1349 1269 in
1389 1215 1560 1285 capite
1584 1216 1699 1287 ejus
1724 1231 1970 1269 coronam
1998 1214 2061 1274 de
2090 1214 2264 1287 lapide

670 1306 913 1376 pretium.
950 1304 1122 1362 Unam
1149 1308 1295 1379 petiit
1322 1324 1354 1361 a
1385 1315 1450 1372 te,
1486 1305 1709 1362 tribuisti
1735 1309 1783 1363 ei
1810 1316 1861 1362 et
1889 1309 2262 1381 longitudinem

670 1398 871 1452 dierum
915 1399 972 1453 in
1015 1401 1259 1455 saeculum
1287 1408 1336 1455 et
1363 1399 1419 1454 in
1447 1401 1691 1457 sarculum
1719 1402 1916 1457 steculi.
1960 1399 2017 1455 Μ
2020 1419 2159 1474 agna
2186 1413 2264 1457 est

671 1490 840 1561 gloria
885 1492 998 1563 ejus
1041 1494 1096 1546 in
1143 1493 1361 1548 salutari
1410 1503 1496 1549 tuo
1525 1511 1544 1549 :
1574 1494 1875 1567 gloriam‘et
1902 1512 2146 1569 magnum
2173 1497 2265 1552 de-

672 1600 841 1639 carem
878 1585 1109 1657 impones
1148 1604 1301 1659 super
1326 1605 1462 1642 eum.
1497 1586 1761 1652 Quoniam
1789 1588 1940 1644 dabis
1958 1606 2073 1646 eum
2092 1591 2146 1646 in
2176 1589 2263 1646 be-

673 1675 1012 1732 nedictionem
1058 1679 1114 1731 in
1161 1679 1405 1738 secutum
1457 1680 1654 1747 saeculi,
1711 1681 2008 1752 ltutificabis
2054 1699 2170 1738 eum
2206 1685 2263 1739 in

673 1766 866 1838 gaudio
889 1783 1003 1823 cum
1021 1767 1160 1823 vultu
1190 1780 1295 1825 tuo.
1323 1767 1583 1836 Quoniam
1610 1788 1704 1827 rea:
1730 1781 1906 1844 sperat
1928 1774 1984 1828 in
2014 1772 2261 1841 Domino,

2363 564 2501 619 quos
2529 550 2833 605 seminalos
2847 550 3055 620 accepit
3085 549 3138 604 in
3160 548 3338 614 obitu;
3370 562 3494 602 nam
3523 559 3747 616 corpora
3767 553 3919 600 nostra

2361 630 2616 697 seminari
2637 642 2929 714 Apostolus
2964 642 3180 714 probat,
3211 655 3335 697 cum
3364 638 3499 695 dicit
3525 656 3538 692 :
3572 637 3855 694 Seminane
3875 638 3919 691 in

2361 736 2713 809 corruptione,
2744 735 2912 808 surgit
2934 735 2992 790 in
3017 734 3458 806 incorruptionem
3488 729 3532 804 (l
3561 728 3683 785 Cor.
3713 727 3917 799 xv);sed

2362 826 2417 882 hi
2437 827 2529 898 qui
2556 827 2831 884 declinant
2857 826 2912 882 in
2939 820 3156 899 Christo
3183 825 3346 893 mala,
3375 824 3516 881 sicut
3536 831 3667 878 tunc
3690 819 3859 887 Judai,
3875 829 3918 877 et

2362 927 2550 973 contra
2579 933 2703 975 eum
2732 904 3100 990 perversitatis
3138 932 3250 973 sua:
3295 915 3536 985 cogitant
3561 912 3849 979 consilium,
3873 912 3913 968 in

2361 1011 2450 1067 die
2486 1012 2574 1067 illa
2620 1020 2891 1083 portentur
2939 1012 2993 1067 in
3022 1010 3207 1079 dorso,
3238 1018 3293 1066 et
3328 1009 3381 1065 in
3410 1006 3653 1079 reliquiis
3678 1007 3785 1062 suis
3806 1021 3916 1076 pre-

2361 1112 2519 1175 parat
2549 1105 2755 1160 vultum
2785 1105 3021 1161 illorum.
3054 1103 3169 1161 Hoc
3190 1112 3276 1161 est
3296 1119 3403 1160 non
3434 1102 3488 1158 in
3517 1101 3694 1174 prima
3721 1098 3915 1155 anasmi

2271 1202 2277 1208 '
2350 1202 2647 1267 resurgunt
2668 1215 2792 1255 cum
2816 1198 3036 1267 sanctis,
3060 1197 3157 1255 sed
3184 1197 3329 1268 quod
3355 1196 3629 1254 residuum
3656 1194 3751 1250 fuit
3768 1210 3913 1250 resur-

2362 1291 2590 1346 rectioni
2640 1291 2848 1363 primm,
2904 1292 2960 1348 in
3007 1306 3075 1347 eo
3112 1290 3437 1362 praeparabit
3482 1287 3691 1344 vultum
3720 1286 3911 1343 illorum.

2288 1390 2297 1394 ‘
2364 1380 2515 1438 Tunc
2530 1383 2714 1440 laudes
2724 1383 2952 1440 Domino
2967 1382 3095 1439 Jesu
3108 1382 3343 1450 Christo,
3357 1379 3653 1439 oﬂ‘erentes
3666 1381 3719 1436 in
3732 1380 3912 1453 hymno,

2364 1483 2421 1531 et
2448 1476 2549 1532 ista
2578 1477 2743 1533 verba
2784 1477 3138 1544 cantabimus,
3172 1485 3231 1532 ut
3273 1476 3515 1533 dicamus
3542 1475 3637 1531 ei:
3682 1472 3909 1540 Exaltare,

2365 1565 2611 1635 Domine,
2644 1567 2700 1622 in
2722 1567 2918 1624 virtute
2948 1575 3059 1623 tua.
3085 1567 3202 1622 lam
3232 1584 3337 1623 non
3368 1567 3421 1621 in
3446 1581 3686 1638 persona
3708 1565 3833 1621 servi
3851 1564 3912 1619 la-

2306 1684 2309 1689 -
2365 1658 2592 1714 tibulum
2620 1668 2726 1714 tum
2762 1660 2977 1716 virtutis
3005 1661 3316 1726 obumbras,
3346 1659 3443 1715 sed
3471 1659 3716 1715 exaltare
3750 1658 3797 1714 in
3830 1657 3912 1712 vir—

2368 1759 2481 1806 tute
2510 1763 2623 1818 tua,
2656 1761 2710 1807 et
2731 1753 2968 1808 sentiant
2997 1761 3049 1808 te
3076 1753 3330 1820 ultorem,
3352 1753 3445 1825 qui
3474 1759 3721 1808 nostrum
3746 1758 3794 1806 te
3820 1766 3909 1806 cre-

672 1866 721 1911 et
743 1858 796 1912 in
845 1859 1201 1915 misericordia
1247 1861 1501 1916 Altissimi
1528 1878 1634 1917 non
1661 1839 2075 1919 commovebitur.
2109 1839 2265 1922 Intres
2295 1839 2341 1901 Β
2365 1842 2496 1900 ἀθτο
2520 1844 2765 1901 dubium
2793 1846 3153 1913 salvatorem?
3186 1846 3281 1902 ubi
3309 1846 3479 1916 8107i“
3500 1845 3556 1901 ίη
3581 1844 3910 1902 mum

673 1950 849 2004 niatur
876 1968 1061 2007 manus
1092 1960 1179 2006 tua
1207 1953 1441 2008 omnibus
1487 1954 1713 2011 inimicis
1744 1956 1865 2023 tuis,
1906 1957 2128 2033 dextera
2176 1969 2266 2015 tua

634 2070 637 2073 ι
658 2044 900 2107 ,ιιιινειιὲαι
935 2061 1111 2100 omnes
1156 2047 1243 2118 qui
1284 2056 1332 2101 te
1351 2046 1586 2102 oderunt.
1611 2047 1787 2104 Penes
1810 2036 1901 2106 eos
1919 2060 1977 2106 ut
2003 2050 2264 2108 clibanum

674 2135 810 2204 ignis
838 2136 892 2189 in
924 2145 1151 2208 tempore
1176 2137 1342 2193 vultus
1378 2140 1486 2205 tui;
1516 2138 1773 2196 Dominus
1800 2141 1855 2197 in
1899 2143 1983 2198 ira
2012 2160 2108 2198 sua
2134 2160 2263 2200 con-

676 2224 900 2282 turbabit
918 2244 1025 2295 eos,
1056 2240 1107 2284 et
1133 2230 1396 2286 devorabit
1417 2250 1504 2288 eos
1535 2234 1690 2306 ignis.
1723 2233 1977 2292 Fructum
2004 2255 2181 2294 eorum
2200 2240 2266 2295 de

677 2329 814 2373 terra
842 2322 1043 2391 perdes,
1073 2332 1124 2377 et
1152 2341 1325 2379 semen
1369 2343 1545 2382 eorum
1572 2345 1604 2381 a
1634 2328 1760 2398 filiis
1798 2314 2082 2387 hominum.
2130 2332 2267 2399 Quo-

678 2413 821 2465 niam
861 2412 1244 2470 declinaverunt
1269 2418 1325 2471 in
1375 2428 1423 2471 te
1458 2419 1615 2482 mala,
1666 2422 2018 2492 cogitaverunt
2045 2425 2263 2480 consilia

677 2519 791 2573 qua:
818 2520 921 2557 non
950 2514 1224 2575 potuerunt
1250 2505 1499 2562 stabilire;
1529 2505 1796 2589 “Quoniam
1823 2494 1983 2581 pones
2026 2531 2114 2569 eos
2142 2514 2266 2570 dor-

679 2614 811 2662 sum,
832 2598 888 2650 in
910 2588 1138 2669 reliquiis
1159 2600 1259 2654 tuis
1278 2588 1600 2674 praparabis
1621 2604 1811 2659 vultum
1839 2621 2032 2661 eorum.
2064 2605 2263 2663 Exsul-

678 2698 806 2753 tare,
837 2686 1075 2754 Domine,
1105 2691 1160 2745 in
1187 2693 1370 2748 virtuts
1414 2701 1523 2761 tua,
1555 2693 1881 2751 cantabimus
1907 2706 1957 2752 et
1983 2697 2264 2770 psallemus

678 2779 883 2833 virtutes
915 2790 1047 2835 tuas.

1248 2869 1686 2913 COlIIl-JNTARIUI.

750 2941 947 3011 Regem
978 2944 1082 2999 hoc
1128 2944 1182 3000 in
1228 2946 1351 3004 loco
1391 2948 1665 3005 hominem
1684 2949 1982 3021 perfectum
2005 2952 2261 3024 appellat,

677 3032 784 3089 non
814 3034 868 3088 in
897 3034 1094 3090 virtute
1121 3052 1238 3103 sua,
1267 3040 1364 3095 sed
1401 3040 1455 3095 in
1494 3040 1694 3097 virtute
1721 3041 1839 3111 ejus
1870 3043 2141 3100 lmtantem
2168 3045 2264 3115 qui

676 3142 798 3182 eum
826 3128 1132 3198 assumpsit,
1160 3130 1254 3198 qui
1281 3129 1603 3187 desiderium
1624 3133 1803 3189 cordis
1822 3134 1939 3204 ejus
1972 3136 2159 3192 tribuit
2187 3137 2258 3204 ei,

2369 1935 2564 1992 lorum.
2597 1936 2788 1994 Amen.

2911 2007 3227 2066 PSALMIlS
3262 2008 3403 2064 XXI.

2366 2097 2424 2155 ln
2464 2098 2623 2155 linem
2662 2099 2899 2171 psalmus
2935 2100 3101 2157 David
3143 2117 3243 2173 pro
3292 2101 3638 2173 susceptione
3672 2100 3905 2157 matutina.

2439 2211 2577 2267 Deus
2624 2211 2764 2268 Deus
2810 2230 2974 2280 meus,
3029 2214 3226 2285 respice
3252 2216 3307 2269 in
3336 2231 3445 2280 me;
3475 2230 3639 2288 quare
3663 2209 3738 2269 uie
3760 2213 3908 2268 dereli-

2366 2305 2559 2377 quisti?
2585 2303 2737 2376 longe
2763 2321 2795 2358 a
2824 2304 2991 2359 salute
3036 2292 3151 2359 mea
3179 2305 3330 2361 verba
3377 2305 3681 2361 delictorum
3704 2322 3905 2361 ineorum.

2368 2396 2509 2451 Dens
2537 2415 2696 2461 meus,
2734 2398 2969 2454 clamabo
3015 2417 3107 2470 per
3154 2399 3309 2463 diem,
3357 2408 3408 2454 et
3433 2416 3540 2455 non
3582 2400 3832 2463 exaudies;
3871 2406 3909 2450 et

2365 2500 2533 2557 nocte,
2562 2501 2610 2544 ct
2631 2507 2734 2545 non
2755 2490 2825 2544 ad
2845 2491 3196 2560 insipientiam
3218 2491 3364 2545 milii.
3391 2489 3468 2544 Tu
3496 2500 3669 2546 autem
3689 2492 3737 2545 in
3762 2496 3908 2544 sancte

2368 2581 2592 2648 habitas,
2625 2583 2739 2638 laus
2770 2582 2960 2639 Israel.
2992 2582 3055 2637 In
3089 2594 3135 2639 te
3163 2581 3499 2656 speraverunt
3545 2593 3715 2655 patres
3748 2581 3903 2643 nostri;

2365 2685 2717 2744 speraverant,
2740 2685 2790 2729 el
2809 2674 3040 2731 liberasti
3054 2692 3161 2730 eos.
3187 2675 3268 2729 Ad
3291 2685 3338 2729 te
3364 2676 3729 2742 clamaverunt,
3753 2684 3795 2729 et
3810 2672 3904 2727 sciri

2369 2767 2494 2839 facti
2512 2777 2666 2832 sunt;
2688 2768 2741 2822 in
2772 2777 2820 2822 te
2852 2754 3208 2839 speraverunt,
3238 2777 3287 2821 et
3314 2783 3417 2821 non
3444 2777 3569 2821 sunt
3594 2765 3800 2839 confusi.
3820 2761 3902 2834 Ego

2366 2871 2538 2913 autem
2565 2876 2677 2913 sum
2705 2860 2888 2914 vermis
2916 2868 2966 2913 et
2993 2875 3098 2913 non
3126 2858 3297 2923 homo,
3328 2857 3665 2930 opprobrium
3692 2857 3901 2912 hominum

2365 2962 2415 3007 et
2452 2950 2671 3023 abjectio
2725 2950 2906 3020 plebis.
2960 2950 3150 3005 Omnes
3177 2950 3402 3005 videntes
3429 2967 3511 3005 me
3531 2936 3799 3005 deriseraitt
3820 2961 3902 3009 me;

2365 3044 2523 3100 locuti
2550 3054 2670 3099 sunt
2695 3044 2868 3109 labiis,
2891 3054 2940 3098 et
2967 3053 3232 3099 moverunt
3268 3053 3442 3113 caput.
3478 3042 3717 3116 Sperat-it
3754 3043 3800 3097 in
3824 3039 3904 3094 Do-

2367 3137 2530 3203 mino,
2560 3135 2750 3208 eripiat
2776 3152 2926 3200 eum;
2975 3134 3172 3190 salvum
3199 3134 3362 3208 faciat
3390 3150 3527 3201 eum,
3582 3135 3805 3208 quoniam
3829 3129 3905 3184 vult

608 3256 611 3261 ι
675 3225 730 3273 et
752 3218 1029 3276 voluntate
1057 3220 1322 3278 labiorum
1342 3224 1458 3293 ejus
1485 3241 1592 3281 non
1633 3224 1897 3282 fraudavit
1924 3244 2048 3285 eum
2081 3248 2094 3284 :
2127 3246 2264 3302 prm-
2290 3226 2336 3290 C
2366 3245 2500 3282 eum.
2545 3224 2805 3292 Quoniam
2851 3240 2903 3280 tu
2930 3244 2985 3282 es
3031 3227 3119 3300 qui
3136 3225 3411 3281 extraxisti
3429 3242 3512 3279 me
3540 3226 3606 3280 de
3625 3234 3794 3289 ventre,
3820 3235 3907 3291 spes

566 3306 571 3309 ’
676 3314 823 3369 venit
868 3316 1011 3370 enim
1065 3331 1191 3371 eum
1236 3316 1289 3372 in
1312 3317 1686 3378 benedictione
1706 3319 2021 3377 dulcedinis.
2050 3323 2266 3380 Amanti

675 3406 819 3461 enim
850 3411 1113 3480 prmee‘pta
1143 3408 1277 3478 ejus,
1328 3408 1500 3467 dulcis
1539 3420 1642 3479 est,
1675 3412 1826 3484 isque
1854 3414 2082 3486 imperat
2126 3417 2266 3474 sicut

675 3498 918 3568 superius
969 3500 1105 3556 dixit
1134 3521 1146 3555 :
1180 3501 1350 3573 Super
1396 3505 1497 3559 mel
1518 3514 1593 3558 'et
1619 3506 1793 3578 favum
1820 3508 1900 3574 ori
1946 3525 2058 3563 meo
2088 3507 2260 3581 (Psal.

678 3591 846 3656 xvm).
898 3589 1211 3647 Benedictio
1248 3607 1379 3662 ergo
1432 3593 1728 3654 dulcedinis
1770 3606 1855 3653 est
1881 3614 2086 3669 corpus
2103 3598 2259 3670 ejus:

676 3677 909 3746 Gustate,
939 3681 1033 3748 ait,
1056 3692 1106 3737 et
1127 3683 1292 3739 videte
1317 3702 1472 3758 quam
1499 3689 1670 3743 suavis
1697 3698 1776 3744 est
1801 3688 2057 3746 Dominus
2087 3691 2259 3763 (Psal.

675 3771 883 3843 smn).
916 3770 1031 3827 lloc
1078 3781 1258 3829 autem
1295 3775 1440 3845 quod
1465 3776 1616 3843 dicit,
1648 3776 1882 3836 Posuisti
1913 3797 2074 3852 super
2100 3793 2264 3854 caput

674 3864 790 3935 ejus
816 3881 1095 3934 coronam,
1128 3870 1369 3926 imitator
1409 3867 1610 3928 Christi
1658 3872 1854 3931 Paulus
1895 3876 2000 3933 hoc
2029 3878 2285 3949 appellat-

670 3958 915 4031 gaudium
943 3977 1091 4016 suum
1111 3958 1162 4016 et
1191 3979 1439 4019 coronam
1458 3976 1609 4020 suam
1639 3965 1863 4040 (Philip.
1898 3967 1992 4039 Iv),
2024 3969 2116 4039 qui
2144 3969 2261 4041 ejus

671 4051 873 4106 monita
903 4052 1382 4123 amplectebantur.
1415 4053 1551 4123 Quia
1581 4058 1813 4127 apostoli
1854 4059 1907 4114 in
1935 4060 2052 4131 ejus
2090 4060 2258 4131 gloria

670 4142 1054 4211 gloriabantur,
1085 4144 1154 4201 de
1181 4147 1264 4202 liis
1290 4148 1489 4205 dicitur
1520 4166 1533 4203 :
1566 4148 1781 4208 Corona
1810 4153 2060 4223 imposita
2092 4155 2145 4209 in
2175 4170 2259 4210 ca-

671 4235 782 4305 pite
811 4234 1041 4304 Domini,
1075 4236 1213 4294 facta
1242 4256 1313 4295 ex
1340 4242 1518 4311 lapide
1542 4245 1801 4313 pretioso,
1832 4246 1972 4301 sicut
1998 4246 2257 4303 Ezechie-

647 4324 735 4387 lis
755 4327 1059 4398 prephetia,
1090 4338 1146 4384 et
1171 4330 1396 4388 Joannis
1420 4334 1771 4407 Apocalypsis
1800 4336 2055 4407 loquitur.
2087 4338 2259 4397 Unam

671 4421 827 4490 petiit
851 4440 863 4474 :
891 4421 959 4477 de
987 4432 1263 4495 assumpto
1288 4425 1507 4482 homine
1536 4428 1675 4497 agit;
1697 4428 1863 4485 vitam
1892 4431 2034 4486 enim
2053 4433 2260 4503 positus

673 4515 723 4569 iri
756 4523 927 4570 morte
955 4517 1209 4589 suscepit,
1240 4525 1295 4574 et
1314 4518 1703 4588 longitudinem
1726 4520 1932 4577 diermn
1958 4538 2065 4580 non
2089 4539 2260 4595 usque

2364 3338 2479 3376 mea
2508 3320 2573 3375 ab
2601 3320 2839 3376 uberibus
2866 3323 3050 3376 matris
3077 3337 3226 3389 mete,
3256 3321 3313 3375 in
3359 3331 3406 3375 te
3446 3320 3702 3393 projectus
3742 3332 3840 3371 sunt
3862 3329 3910 3366 er

2362 3423 2528 3469 utero.
2571 3411 2649 3467 De
2675 3423 2849 3468 ventre
2893 3414 3079 3469 matris
3105 3430 3234 3468 metu
3262 3411 3404 3468 Deus
3432 3428 3580 3466 meus
3612 3428 3664 3466 es
3688 3419 3755 3473 tu,
3785 3422 3840 3460 ne
3855 3404 3914 3458 di~

2363 3505 2605 3560 scesseris
2630 3522 2662 3558 a
2690 3521 2790 3559 me.
2825 3501 3088 3570 Quoniam
3118 3503 3385 3561 tribulatio
3429 3504 3663 3574 proxima
3682 3509 3781 3571 est,
3801 3514 3913 3569 quo-

2364 3596 2506 3649 niam
2534 3611 2639 3650 non
2691 3603 2768 3649 est
2795 3595 2883 3668 qui
2927 3593 3153 3666 adjuvet.
3192 3591 3635 3648 Circumdederunt
3665 3604 3741 3642 me
3781 3584 3917 3640 tituli

2362 3686 2530 3754 multi,
2581 3687 2717 3741 tauri
2756 3687 2973 3759 pingues
3000 3686 3309 3742 obsederunt
3336 3702 3433 3741 ms.
3459 3685 3758 3756 Aperuenmt
3778 3693 3917 3749 super

2363 3795 2444 3832 me
2462 3795 2521 3833 os
2546 3795 2714 3844 suum,
2764 3779 2899 3833 sicut
2943 3778 3021 3833 leo
3051 3779 3261 3850 rapiens
3290 3788 3340 3833 et
3368 3778 3593 3850 rugiens.
3636 3774 3773 3831 Sicut
3798 3787 3913 3844 aqua

2362 3871 2558 3938 effusus
2586 3872 2721 3936 sum,
2749 3880 2800 3925 et
2829 3862 3069 3940 dispersa
3089 3878 3207 3924 sunt
3223 3871 3399 3925 omnia
3428 3885 3550 3924 ossa
3568 3884 3696 3922 mea.
3722 3862 3913 3918 Factum

2361 3971 2440 4016 est
2458 3978 2548 4017 cor
2574 3978 2743 4016 meum
2767 3950 3011 4035 tanquam
3032 3978 3150 4016 cera
3178 3961 3465 4033 liquescens
3485 3960 3541 4014 in
3570 3958 3732 4013 medio
3753 3952 3914 4010 vestris

2361 4058 2482 4110 mei.
2513 4055 2665 4110 Aruit
2694 4066 2938 4129 tanquam
2968 4064 3097 4110 testa
3146 4055 3308 4110 virtus
3337 4070 3471 4121 mea,
3519 4064 3569 4108 et
3615 4053 3786 4124 lingua
3824 4062 3915 4103 mea

2360 4149 2582 4205 adhtesit
2611 4148 2844 4221 faucibus
2866 4150 3013 4215 meis,
3035 4158 3086 4203 et
3112 4150 3166 4203 in
3195 4148 3452 4218 pulverem
3483 4147 3668 4201 mortis
3695 4138 3915 4199 deduxisti

2362 4258 2462 4295 me.
2498 4239 2756 4306 Quoniam
2784 4240 3235 4297 circumdederunt
3263 4257 3345 4295 me
3396 4257 3553 4295 canes
3583 4239 3747 4303 multi,
3775 4233 3916 4290 couti-

2363 4335 2489 4389 lium
2516 4336 2921 4408 malignantium
2941 4334 3139 4391 obsedit
3158 4352 3257 4389 me.
3284 4332 3556 4388 Fuderunt
3583 4347 3768 4404 mgnus
3803 4341 3917 4381 nicas

2361 4434 2410 4479 et
2462 4426 2618 4496 pedes
2656 4443 2815 4493 meos,
2866 4426 3262 4482 dinumerarunt
3302 4426 3478 4481 omnia
3507 4442 3631 4480 ossa
3675 4439 3801 4479 meo.
3831 4418 3921 4487 Ipsi

2363 4533 2480 4572 vero
2507 4517 2961 4573 consideraverunt
2978 4528 3027 4573 et
3054 4519 3392 4589 inspexerunt
3416 4532 3517 4581 me,
3548 4515 3820 4569 diviserunt
3844 4506 3923 4560 sibi

668 4606 735 4660 ad
765 4616 1119 4673 senectutem,
1152 4608 1245 4664 sed
1294 4610 1348 4664 in
1390 4609 1642 4666 szceulum
1663 4612 1862 4668 saeculi.
1896 4612 2086 4684 Magna
2114 4616 2258 4672 enim

2362 4610 2659 4664 vestimenta
2681 4626 2816 4675 mea,
2838 4620 2889 4665 et
2914 4627 3070 4682 super
3087 4619 3272 4663 vestem
3301 4624 3468 4662 meam
3482 4608 3922 4662 miseruntsorteul.

668 4701 836 4768 gloria
868 4700 1004 4771 ejus.
1031 4699 1087 4756 ln
1114 4716 1224 4772 quo
1254 4716 1449 4772 magna
1476 4704 1595 4759 est?
1623 4720 1731 4759 non
1760 4703 1812 4759 in
1841 4707 2148 4776 arrogantia
2173 4706 2259 4765 Di-

667 4795 923 4859 vinitatis,
955 4794 1048 4852 sed
1078 4796 1132 4851 in
1152 4796 1328 4853 salute
1349 4797 1714 4865 humanitatis,
1748 4806 1804 4854 et
1823 4794 1946 4856 ideo
1960 4800 2184 4869 gloriam
2201 4810 2257 4857 et

669 4902 918 4954 magnum
942 4888 1192 4945 decorem
1219 4890 1467 4960 impones
1493 4906 1657 4962 super
1682 4906 1825 4959 eum,
1867 4900 1921 4947 et
1948 4891 2103 4949 dabis
2130 4909 2255 4950 eum

667 4979 718 5033 in
752 4979 1121 5036 benedictione
1147 4988 1373 5050 interna,
1402 4984 1526 5053 quia
1558 4984 1636 5040 sic
1655 4985 1893 5055 speravit
1920 4986 1973 5041 in
2002 4985 2252 5054 Domino,

598 5143 607 5151 _
665 5082 716 5124 et
742 5070 792 5124 ἰτι
823 5070 1186 5127 misericordia
1216 5072 1333 5143 ejus
1353 5084 1655 5130 commotus
1678 5091 1784 5131 non
1815 5085 1915 5144 est,
1944 5085 2001 5132 ut
2047 5093 2147 5148 pro
2175 5093 2258 5133 sa-

663 5163 775 5217 lute
814 5163 1029 5231 generis
1073 5164 1293 5220 humani
1333 5152 1496 5221 etiam
1527 5168 1761 5239 seipsum
1810 5170 2100 5226 sacriﬁcari
2130 5186 2255 5242 per-

661 5255 919 5319 mitteret.
964 5254 1044 5312 Ex
1094 5257 1198 5312 hoc
1224 5256 1344 5312 loco
1374 5254 1536 5313 Pater
1561 5257 1628 5313 ad
1659 5258 1850 5315 Filium
1870 5261 2134 5331 loquitur,
2168 5262 2254 5317 ln-

660 5346 910 5402 veniatur
937 5363 1128 5403 manus
1154 5356 1244 5403 tna
1274 5349 1526 5405 omnibus
1576 5350 1805 5405 inimicis
1832 5352 1941 5407 tnis
1961 5393 1975 5417 ,
2026 5353 2249 5407 dextera

660 5449 748 5494 tua
776 5441 864 5495 illa
892 5456 1013 5511 quae
1031 5442 1082 5496 in
1103 5455 1263 5497 cruce
1290 5441 1473 5497 clavos
1501 5443 1731 5512 accepit,
1757 5443 1870 5513 ipsa
1895 5443 2136 5497 inveniat
2156 5458 2252 5499 eos

659 5534 749 5601 qni
781 5541 833 5587 te
857 5534 1104 5602 oderunt,
1127 5551 1271 5606 pone
1318 5550 1413 5592 eos
1445 5544 1504 5590 ut
1529 5536 1802 5591 clibanum
1834 5536 1988 5605 ignis,
2022 5537 2075 5591 in
2116 5543 2252 5591 tem-

661 5638 794 5693 pore
820 5624 998 5680 vultus
1027 5625 1307 5711 tui..Tnnc
1349 5626 1403 5682 in
1449 5628 1527 5683 ira
1559 5636 1649 5683 tua
1697 5625 2046 5682 conturbabis
2073 5641 2170 5682 eos
2196 5634 2252 5681 et

659 5712 940 5769 devorabit
966 5731 1061 5771 eos
1107 5718 1263 5784 ignis:
1317 5716 1510 5774 ludicii
1541 5720 1684 5774 enim
1726 5717 1843 5773 dies
1861 5717 1987 5773 dum
2018 5717 2246 5781 venerit,

661 5804 865 5864 fructus
885 5820 1071 5863 eorum
1099 5809 1199 5880 ‘qui
1229 5810 1486 5866 increduli
1515 5810 1883 5883 perseverant,
1917 5826 1947 5866 a
1978 5817 2119 5865 terra
2150 5822 2255 5897 pe:

2364 4700 2440 4756 Tu
2470 4711 2661 4767 autem,
2700 4701 2941 4771 Domine,
2973 4719 3040 4758 ne
3065 4702 3384 4773 elongareris
3430 4700 3689 4754 auxilium
3736 4708 3863 4751 tuum
3899 4706 3924 4743 α

2359 4812 2459 4861 me,
2506 4794 2576 4848 ad
2621 4794 2975 4867 defensionem
2999 4809 3169 4848 meam
3192 4794 3448 4863 conspice.
3481 4789 3627 4845 Erue
3652 4808 3687 4845 a
3733 4794 3925 4863 frum.

2359 4888 2522 4954 Deus,
2549 4889 2779 4942 animum
2807 4904 2995 4953 meam,
3028 4896 3079 4941 et
3097 4887 3164 4941 de
3183 4903 3341 4940 manu
3362 4885 3509 4939 canis
3536 4885 3748 4938 unicam
3766 4893 3927 4935 menal-

2361 4981 2521 5037 Salva
2549 4998 2631 5036 me
2655 4997 2720 5035 ex
2748 4997 2838 5035 ore
2865 4980 3030 5035 leonis
3058 4989 3107 5033 et
3134 4996 3167 5033 a
3188 4978 3429 5034 cornibus
3450 4978 3780 5033 unicorniuut
3796 4969 3935 5027 Ιιιιιιιιο

2357 5075 2557 5130 litatem
2585 5090 2775 5127 meum.
2809 5070 3056 5127 Narrabo
3085 5088 3269 5125 nomen
3324 5080 3465 5125 tuum
3508 5070 3762 5140 fratribus
3806 5064 3933 5123 meis,

2356 5166 2413 5219 in
2463 5164 2631 5219 medio
2659 5158 2917 5218 Ecclesiw-
2954 5161 3179 5216 laudabo
3211 5172 3275 5216 te.
3312 5159 3414 5226 Qui
3436 5159 3626 5215 timetis
3652 5158 3935 5217 Domitiani.

2344 5256 2569 5311 laudate
2595 5271 2729 5318 eum,
2780 5256 3073 5308 universum
3112 5269 3283 5307 semen
3310 5250 3473 5307 Iacob
3494 5251 3793 5321 gloriﬁcate
3816 5260 3935 5300 euul-

2350 5346 2561 5400 Timeat
2583 5362 2701 5399 eum
2731 5361 2883 5399 amite
2907 5361 3079 5398 semen
3112 5342 3302 5408 Israel,
3334 5343 3579 5414 quoniam
3612 5357 3718 5395 non
3747 5335 3939 5411 sprerit.

2356 5455 2518 5510 neque
2562 5437 2797 5508 despexit
2842 5436 3263 5508 deprecationem
3302 5435 3565 5507 pauperis.
3627 5430 3742 5486 Nec
3777 5428 3943 5484 avertit

2355 5531 2544 5602 faciem
2570 5545 2720 5583 suain
2747 5546 2780 5582 a
2806 5545 2908 5591 me,
2926 5538 2988 5581 et
3010 5543 3123 5580 cum
3142 5526 3425 5580 clamarem
3453 5524 3525 5577 ad
3550 5540 3666 5578 eum
3691 5517 3944 5577 exaudivit

2354 5640 2454 5677 me.
2487 5622 2640 5692 Apud
2669 5631 2716 5675 te
2762 5622 2879 5675 laus
2906 5637 3018 5674 mea
3048 5621 3099 5673 in
3147 5618 3365 5673 ecclesia
3405 5634 3600 5689 magna
3621 5633 3640 5671 :
3682 5626 3804 5670 vota
3842 5625 3942 5666 mea

2354 5716 2569 5771 reddam
2614 5717 2668 5770 in
2711 5724 2985 5783 conspectu
3013 5714 3302 5768 timentium
3331 5730 3467 5766 eum.
3498 5710 3674 5765 Edent
3698 5719 3946 5782 pauperes

2353 5816 2404 5862 et
2431 5805 2818 5873 saturabuntur,
2844 5814 2893 5859 et
2916 5804 3203 5860 laudalmnt
3237 5801 3512 5872 Dominum
3554 5804 3645 5877 qui
3684 5802 3943 5873 requirunt
