4108 6348
174 318 291 381 355⁸

1071 325 1545 384 (ΖΟΜΜΕΝΤΑΙΚΙΙ
1582 326 1648 382 IN
1690 324 2020 383 l‘S.\LMOS.
2067 325 2255 385 PSAL.
2304 331 2461 392 XXII.

3276 350 3487 412 ’558

173 458 320 507 eum;
353 442 523 498 virent
548 459 711 499 corna
729 459 907 499 eorum
932 441 1253 498 inueculuni
1286 442 1486 498 seculi.
1543 441 1776 497 Remini-
1801 450 1853 511 Α
1879 450 1938 498 ut
1974 442 2197 500 adorent
2258 446 2311 501 in
2362 462 2657 523 conspectu
2696 456 2834 526 ejus,
2862 475 2969 516 non
2998 462 3113 519 sola
3140 464 3344 535 induta,
3374 467 3474 526 sed

172 547 402 600 nentur,
433 547 485 591 et
510 546 875 592 convertentur
901 537 971 591 ad
1000 535 1303 602 Dominum,
1333 536 1590 591 universa
1639 537 1772 606 ﬁnes
1816 551 1821 556 '
1873 550 2062 630 munies
2086 537 2273 607 patria:
2301 542 2563 609 gentium,
2585 550 2841 616 quoniam
2872 551 3083 612 Domini
3109 566 3193 613 est
3217 572 3465 630 regnum,

172 638 347 684 teme.
379 628 453 683 Et
479 628 773 695 adorabunt
792 630 847 684 in
876 640 1154 701 conspectu
1182 631 1297 703 ejus
1326 631 1584 686 universa:
1609 632 1770 703 fami-

168 720 259 777 lia
284 721 537 792 gentium.
564 718 825 786 Quoniam
865 720 1078 778 Domini
1102 731 1178 778 est
1198 739 1430 796 regnum,
1456 732 1508 778 et
1534 723 1645 793 ipse
1669 722 1768 778 do-

168 812 458 868 minabitur
501 813 751 886 gentium.
810 811 1261 869 landucaverunt
1321 824 1372 869 et
1421 813 1769 869 adoraverunt

165 920 351 959 omnes
369 904 585 977 pingues
611 915 765 961 terra:
784 922 804 960 :
834 906 892 961 in
919 916 1199 978 conspectu
1220 908 1334 979 ejus
1358 905 1547 962 cadent
1588 923 1767 962 omnes

164 998 255 1069 qui
283 995 601 1052 descendunt
632 998 687 1053 in
718 996 933 1053 tel'rant.
966 996 1038 1053 Et
1066 998 1245 1053 anima
1275 1016 1389 1054 mea
1414 1000 1494 1054 illi
1519 999 1666 1065 eiset,
1715 1009 1768 1053 et

164 1078 343 1145 semen
363 1106 533 1145 meum
558 1091 744 1146 serviet
770 1091 895 1163 ipsi.
923 1090 1329 1148 Annuntiabitur
1348 1091 1574 1148 Domino
1605 1109 1764 1165 gene-

164 1184 305 1239 ratio
335 1191 570 1249 uentura,
600 1191 652 1237 et
678 1182 1064 1239 enuntiabant
1083 1184 1197 1239 cteli
1217 1185 1479 1256 justitiam
1516 1185 1628 1258 ejus
1664 1203 1763 1256 po-

163 1275 290 1347 pulo
318 1276 409 1348 qui
437 1284 699 1344 nascetur,
731 1293 882 1350 quem
903 1278 1028 1350 fecit
1057 1276 1332 1334 Dominus.

740 1429 1177 1472 COIIEN‘I'AIIUI.

234 1546 295 1602 lu
325 1549 581 1619 passione
607 1562 703 1605 sua
725 1549 933 1621 positus
951 1549 1210 1607 Dominus
1231 1550 1542 1624 explanavit
1569 1552 1762 1623 psalmi

106 1680 109 1683 -
160 1639 325 1711 hujus
374 1640 649 1713 mysteria.
699 1640 833 1698 Nam
879 1640 1159 1699 Hebraicis
1212 1642 1391 1699 verbis
1435 1642 1760 1700 versiculum

108 1802 119 1815 κ
159 1735 396 1805 primum
442 1733 598 1789 istius
624 1734 819 1805 psalmi
841 1735 1169 1807 exprimens,
1197 1743 1395 1792 cetera
1420 1749 1542 1806 qua:
1564 1750 1761 1806 seque-

1869 637 1926 685 et
1955 628 2069 700 ipse
2094 630 2460 689 dominabitur
2489 638 2750 705 gentium.
2794 640 2934 701 Ecce
2974 647 3158 704 schola
3185 628 3381 708 Christi
3409 628 3463 711 in

1872 722 2201 793 pauperibus
2225 723 2502 798 discipulis
2528 729 2825 800 celebrata,
2872 752 3017 794 nunc
3042 741 3226 799 schola
3271 741 3465 802 Phari-

1866 827 2098 869 smorum
2127 816 2399 886 exsurgite
2423 825 2480 873 et
2506 817 2685 877 videte
2713 825 3125 898 manducantes,
3151 841 3210 889 et
3234 836 3464 893 mandu-

1864 913 2052 963 «:aiues
2076 907 2154 963 illi
2173 908 2635 971 manducavertmt
2659 922 2717 972 et
2742 920 2971 977 saturati
3001 934 3146 992 sunt,
3178 935 3236 983 et
3277 928 3464 987 lanula-

1878 1025 2067 1074 verunt
2101 1017 2384 1074 Dominum
2419 1019 2755 1089 requirentes
2781 1034 2924 1076 eum.
2972 1020 3062 1077 Isti
3090 1031 3268 1079 autem
3298 1041 3450 1082 man-

1880 1107 2241 1172 ducaverunt,
2283 1117 2340 1164 et
2364 1107 2727 1165 adoraverunt
2747 1125 2938 1166 omnes
2964 1111 3156 1168 divites
3182 1120 3357 1170 terrae.
3387 1115 3457 1172 Et

1882 1198 2006 1255 ideo
2043 1199 2099 1255 in
2122 1206 2414 1270 conspectu
2437 1198 2533 1255 Dei
2559 1200 2752 1256 cadent
2786 1215 2975 1257 omnes
2998 1203 3091 1273 qui
3122 1203 3455 1264 descendunt

1883 1289 1935 1345 in
1964 1298 2182 1346 terram.
2235 1290 2531 1347 Descensus
2576 1292 2718 1348 enim
2760 1300 3006 1350 terrenus
3045 1293 3347 1352 hominibus
3375 1298 3453 1352 la—

1881 1380 2132 1445 mulatur,
2181 1390 2362 1438 nostra
2411 1390 2590 1437 autem
2630 1383 2806 1438 anima
2852 1382 2964 1440 Deo
3003 1384 3231 1451 serviat,
3269 1395 3324 1441 et
3353 1387 3451 1457 ipsi

1878 1473 2042 1529 vivat.
2082 1473 2274 1530 Semen
2303 1490 2432 1531 vero
2473 1484 2713 1532 nostrum
2743 1476 2842 1548 ipsi
2874 1477 3076 1533 serviat
3101 1478 3155 1534 in
3192 1468 3455 1535 castiﬁca-

1882 1565 2032 1622 tione
2058 1565 2433 1630 continentize,
2476 1573 2535 1620 ut
2573 1568 2947 1623 aununtiemus
2975 1567 3201 1624 Domino
3226 1583 3453 1637 genera-

1883 1654 2084 1711 tionem
2115 1663 2415 1720 venturam,
2437 1655 2491 1711 id
2512 1662 2615 1723 est,
2647 1655 2879 1712 futuram
2906 1666 3208 1713 sanctorum
3230 1659 3452 1728 gloriam

1883 1748 2205 1816 cogitemus.
2238 1746 2303 1801 Et
2323 1748 2702 1804 annuntiemns
2713 1747 2975 1818 justitiam
3006 1749 3097 1804 Dei
3127 1751 3373 1805 irati-Litus
3394 1770 3455 1807 at;

158 1826 639 1897 bautnrexposnit.
658 1825 790 1882 Nam
812 1826 886 1883 ibi
911 1827 1139 1898 legimus
1161 1825 1405 1883 dicentes
1424 1824 1753 1884 Pharismos:
1787 1836 1838 1899 Β
1885 1840 2024 1896 illius
2049 1849 2238 1906 aetate,
2266 1850 2323 1896 ct
2348 1841 2493 1897 omni
2517 1841 2717 1912 popqu
2732 1841 2826 1912 qui
2857 1851 3123 1907 nascetur,
3153 1860 3309 1915 queui
3332 1843 3359 1897 ί
3383 1847 3453 1898 rit

122 1965 129 1973 .
156 1920 416 1993 Speravit
434 1920 488 1975 in
517 1919 766 1989 Domino,
791 1920 988 1993 eripiat
1008 1936 1161 1987 eum;
1192 1922 1401 1977 salvum
1430 1918 1592 1976 faciat
1610 1935 1754 1986 eum,

155 2012 416 2084 quoniam
443 2013 556 2068 vult
580 2028 726 2068 eum.
757 2011 817 2070 lu
847 2012 961 2085 ipsa
999 2012 1253 2084 passione
1291 2010 1762 2068 circumdederunt

155 2116 283 2162 eum
337 2104 492 2162 vituli
546 2105 736 2171 multi,
784 2105 839 2161 id
889 2114 995 2173 est,
1024 2106 1209 2178 populi
1237 2104 1566 2161 Judtcorum.
1597 2104 1761 2160 Tauri

154 2197 385 2269 pingues
414 2196 744 2277 obsederunt
770 2211 915 2261 eum,
948 2196 1002 2251 id
1030 2205 1135 2261 est,
1188 2196 1462 2267 principes
1506 2194 1764 2252 sacerdo—

154 2298 294 2345 ttnn.
354 2288 698 2362 Aperuerunt
752 2302 916 2359 super
960 2303 1086 2344 eum
1139 2283 1427 2353 os'suum,
1471 2288 1760 2344 dicentes:

152 2381 549 2455 Blasphemavit
594 2380 779 2454 (Matt.
832 2397 979 2448 xxix,
1028 2378 1141 2452 65).
1189 2380 1463 2437 Dederunt
1489 2381 1771 2438 fremitum

152 2472 303 2530 sicut
331 2474 420 2530 leo
444 2472 662 2544 rapiens
699 2480 759 2528 et
782 2472 1017 2542 rugiens.
1063 2472 1392 2529 Damnabilis
1411 2473 1500 2530 ille
1528 2473 1763 2544 Caipbas

150 2564 419 2636 princeps
468 2563 811 2619 sacerdotum
863 2563 937 2619 ita
988 2561 1222 2629 fremuit,
1272 2572 1331 2619 ut
1356 2571 1413 2620 et
1439 2563 1755 2621 vestimenta

151 2670 264 2711 sua
293 2653 579 2711 scinderet.
612 2652 764 2710 Sicut
788 2671 924 2725 aqua
951 2654 1118 2711 ell'usa
1147 2664 1274 2712 sunt
1296 2669 1418 2712 ossa
1443 2656 1578 2724 ejus.
1608 2656 1755 2714 Bene

150 2746 349 2816 posuit
378 2732 593 2815 aquam,
621 2746 746 2815 quia
778 2746 908 2801 nihil
936 2747 1109 2808 -novit
1144 2763 1344 2819 corpus
1386 2747 1605 2813 Christi,
1648 2748 1752 2805 nisi

148 2847 382 2910 peccata
413 2838 611 2896 lavare.
643 2839 863 2896 Factum
893 2848 978 2895 est
1021 2857 1119 2897 cor
1142 2856 1323 2897 meum
1350 2841 1491 2897 sicut
1528 2857 1653 2899 cera
1680 2841 1752 2899 li-

149 2947 423 3004 quescens
454 2933 525 3003 in
566 2931 997 2989 mediowentris
1047 2934 1172 2989 mei.
1214 2932 1352 2989 Cera
1390 2934 1519 2990 dum
1573 2934 1753 2992 soluta

149 3025 315 3081 fuerit
356 3025 427 3081 ab
454 3026 597 3096 igne,
641 3040 751 3082 non
778 3027 938 3098 perit,
967 3039 1027 3084 ut
1058 3036 1272 3085 caetera:
1297 3028 1507 3100 species
1530 3028 1600 3085 ab
1629 3029 1753 3098 igne

151 3120 319 3176 semel
350 3120 581 3176 incensa:
606 3120 660 3176 in
688 3120 924 3180 cinerem
953 3122 1302 3191 rediguntur;
1331 3138 1458 3180 cera
1482 3138 1613 3179 vero
1625 3138 1751 3179 cum

150 3213 364 3278 arserit,
397 3212 473 3268 ad
490 3201 593 3269 hoc
622 3213 762 3270 redit
785 3213 930 3284 quod
958 3213 1078 3269 fuit.
1106 3213 1295 3270 Sciens
1318 3227 1450 3284 ergo
1475 3230 1535 3271 se
1572 3215 1753 3286 perire
1778 3222 1831 3288 (ζ

150 3322 259 3365 neu
288 3324 499 3379 posse:
543 3307 696 3365 Sicut
732 3324 878 3373 cera,
920 3307 1112 3378 inquit,
1160 3306 1505 3379 liqueti'ictum
1553 3317 1640 3366 est
1689 3310 1744 3366 in

150 3401 331 3457 medic
357 3400 559 3458 ventris
584 3401 713 3457 mei.
746 3400 902 3457 Aruit
928 3401 1077 3456 velut
1105 3410 1239 3458 testa
1270 3401 1439 3458 virtus
1465 3418 1604 3459 mea.
1629 3402 1747 3460 Non

148 3492 303 3559 dixit,
330 3491 581 3550 Fractum
609 3501 695 3549 est
721 3493 866 3550 velut
890 3501 1049 3562 testa,
1077 3509 1200 3549 nam
1220 3493 1362 3551 sicut
1376 3494 1608 3554 fractura
1630 3493 1748 3566 ejus

149 3585 563 3643 irremcdiabilis
583 3593 687 3651 est,
712 3587 782 3642 ita
803 3595 1023 3643 coctura
1053 3572 1334 3644 laudabilis
1363 3589 1648 3645 invenitur.
1677 3587 1747 3645 Et

148 3678 274 3735 ideo
303 3685 508 3747 quanto
537 3678 657 3748 plus
683 3678 888 3735 aruerit
925 3676 1070 3750 ﬁguli
1099 3695 1254 3751 opus,
1289 3689 1439 3736 tanto
1474 3682 1668 3737 melior
1691 3690 1748 3738 et

145 3772 377 3827 solidior
431 3771 718 3827 invenitur.
766 3770 923 3828 Aruit
967 3786 1098 3841 ergo
1127 3772 1181 3827 in
1212 3774 1334 3842 igne
1362 3771 1745 3839 tribulationis,

145 3865 303 3921 velut
332 3871 490 3930 testa,
524 3863 693 3918 virtus
720 3880 861 3920 mea.
893 3862 962 3918 Et
1000 3863 1188 3934 lingua
1230 3879 1351 3918 mea
1379 3864 1605 3919 adhmsit
1630 3863 1748 3919 lati-

139 3958 306 4012 cibus
330 3955 486 4010 meis.
519 3953 729 4012 Taceas
758 3956 913 4026 quasi
938 3970 1066 4011 reus
1093 3955 1352 4012 inclinato
1381 3956 1561 4028 capite
1586 3957 1750 4013 falsos

141 4060 325 4105 testes
353 4048 408 4104 in
439 4055 737 4119 conspectu
759 4047 956 4115 iudicis
994 4063 1105 4104 non
1157 4048 1508 4119 repellebant,
1563 4050 1655 4118 qui
1697 4049 1751 4105 in

98 4166 105 4175 ’
136 4143 434 4217 pulverem
464 4140 655 4195 mortis
682 4140 1024 4197 deduxerunt
1048 4156 1154 4196 me.
1185 4141 1255 4196 Et
1281 4141 1754 4199 circumdederunt

140 4252 235 4293 me
268 4234 429 4306 quasi
455 4249 622 4290 canes
650 4234 825 4301 multi,
848 4230 909 4290 et
939 4235 1012 4289 ita
1063 4234 1115 4289 in
1144 4234 1376 4291 concilio
1403 4235 1751 4305 malignitatis

142 4345 258 4387 sua:
310 4327 645 4407 obsederunt
697 4342 802 4393 me,
858 4334 917 4382 ut
968 4326 1215 4383 luderent
1267 4342 1458 4384 manus
1496 4343 1644 4385 meas
1692 4337 1750 4385 et

146 4423 333 4496 pedes,
383 4431 437 4477 et
482 4419 890 4477 dinumerarent
908 4420 1092 4477 omnia
1119 4434 1241 4477 ossa
1270 4435 1410 4476 mea.
1443 4420 1549 4492 Ipsi
1577 4421 1743 4478 etiam

146 4518 556 4576 considerarent
583 4522 640 4572 et
666 4517 1046 4588 conspicerent
1083 4532 1188 4585 me,
1221 4533 1286 4574 ac
1323 4517 1612 4573 dividerent
1642 4516 1741 4574 sibi

1884 1929 2142 1986 Dominus
2167 1928 2309 1986 Deus
2354 1940 2556 1997 noster,
2593 1930 2686 2001 qui
2722 1940 2909 2001 regnat
2936 1931 2988 1987 in
3017 1933 3209 1988 secula
3232 1934 3455 1988 διιιυιιιοι-
3527 2017 3538 2028 ο

1883 2035 2025 2076 rum.
2051 2019 2240 2077 Amen.

2420 2072 2736 2168 rssuius
2764 2111 2925 2167 χχιι.

2445 2199 2690 2256 Psalmus
2718 2200 2903 2257 David.

1894 2342 1899 2347 ·
1963 2326 2214 2381 Dominus
2244 2331 2370 2396 regit
2398 2342 2509 2394 me,
2539 2337 2589 2383 et
2614 2330 2747 2386 nillil
2779 2330 2903 2385 milii
2931 2333 3122 2395 deerit;
3152 2337 3336 2390 ln'loro
3362 2354 3457 2403 im-

1882 2432 2022 2472 scua:
2048 2415 2120 2472 ibi
2155 2433 2236 2472 nte
2270 2418 2554 2474 collocavit.
2600 2420 2769 2492 Super
2806 2438 2991 2496 aquam
3020 2426 3306 2497 refectionis
3328 2428 3455 2482 edn-
3558 2426 3561 2427 ⁷

1885 2510 2020 2564 cavit
2046 2526 2156 2574 nte,
2203 2511 2429 2566 animum
2457 2528 2619 2567 meam
2646 2517 2909 2570 conrertit.
2952 2514 3178 2574 Deduxit
3204 2536 3284 2574 nte
3304 2538 3455 2591 snier

1882 2600 2093 2655 semitas
2112 2600 2335 2672 jnstitia:
2359 2613 2570 2674 propter
2600 2622 2783 2660 nomen
2818 2623 2984 2662 suurn.
3042 2606 3178 2664 Nam
3204 2621 3254 2665 et
3272 2612 3318 2665 si
3345 2629 3453 2667 ants

1883 2688 2122 2745 balarero
2165 2690 2217 2745 in
2260 2693 2425 2748 medio
2469 2684 2668 2749 umbra
2706 2697 2911 2763 mortis,
2951 2713 3053 2752 non
3084 2699 3263 2755 timebo
3295 2704 3452 2767 mola,

1881 2783 2122 2853 quoniam
2154 2792 2205 2835 tu
2233 2800 2431 2838 mecum
2458 2802 2529 2838 es.
2566 2784 2727 2856 Virga
2755 2794 2845 2839 tua
2867 2796 2918 2840 et
2944 2786 3153 2842 baculus
3176 2798 3309 2854 tuus,
3344 2793 3465 2861 ipsa

1882 2889 1961 2925 nte
1988 2873 2256 2927 consulatu
2285 2882 2425 2927 sunt.
2453 2873 2667 2928 Parasti
2693 2876 2748 2928 in
2771 2887 3043 2945 conspectu
3062 2894 3177 2932 meo
3204 2896 3454 2947 mensam,

1885 2964 2127 3019 adversus
2173 2980 2260 3019 eos
2295 2966 2380 3036 qui
2420 2965 2665 3020 tribulont
2709 2983 2807 3021 me.
2858 2967 3202 3040 lmpingnasti
3245 2971 3297 3025 in
3343 2975 3454 3029 oleo

1884 3063 2037 3123 caput
2069 3071 2258 3120 meum,
2282 3063 2331 3111 et
2361 3055 2501 3111 colis:
2531 3073 2671 3112 meus
2700 3056 2961 3113 inebrians
2986 3075 3140 3131 quant
3175 3064 3451 3132 prmelorus

1880 3154 1972 3199 est.
2000 3142 2066 3199 Et
2090 3146 2440 3202 misericordia
2459 3156 2549 3202 tua
2562 3132 2900 3225 Isttbsequetur
2920 3166 3017 3214 nte,
3032 3152 3263 3210 omnibus
3277 3156 3451 3213 diebus

1879 3237 1996 3291 rite
2031 3253 2175 3293 mea.
2233 3236 2305 3293 Et
2330 3247 2386 3294 ut
2413 3239 2688 3297 inhabilem
2716 3242 2769 3298 in
2796 3244 2949 3303 domo
2976 3246 3219 3317 Domini,
3248 3251 3302 3304 in
3332 3248 3447 3306 lono

1883 3328 2114 3401 gitudine
2138 3329 2355 3385 dierum.

2446 3441 2879 3484 COIIENTAIIUI.

1946 3508 2046 3577 Qui
2077 3511 2130 3566 in
2169 3513 2427 3580 vigesimo
2458 3517 2633 3586 primo
2668 3519 2874 3587 psalmo
2914 3520 3192 3577 habuimus
3229 3522 3448 3581 tribula-

1877 3601 2078 3657 tionem
2107 3604 2398 3672 passionis,
2433 3605 2485 3660 in
2514 3608 2772 3677 vigesimo
2805 3610 3045 3669 secundo
3081 3614 3284 3684 psalmo
3315 3616 3445 3673 la-ti-

1875 3692 2005 3747 tiam
2033 3696 2441 3751 resurrectionis
2478 3700 2836 3770 accipiamus:
2869 3710 2927 3757 ut
2954 3704 3076 3775 quia
3107 3706 3176 3762 ibi
3215 3709 3445 3767 semina-

1873 3784 2046 3840 vimus
2074 3785 2337 3858 lacrymas
2363 3790 2615 3859 patientis
2642 3791 2881 3861 Domini,
2913 3796 3001 3852 hic
3028 3807 3287 3853 metamus
3313 3816 3444 3869 gau-

1875 3875 1959 3929 dia
1988 3879 2332 3945 resurgentis.
2384 3878 2572 3935 Dicant
2604 3884 2695 3951 qui
2737 3885 2956 3940 volunt:
2998 3887 3165 3957 Rrget
3200 3906 3285 3945 me
3318 3905 3445 3959 ager

1883 3979 2033 4020 meus
2054 4005 2071 4030 ,
2120 3975 2177 4019 et
2208 3967 2339 4022 nihil
2376 3970 2507 4023 mihi
2546 3971 2736 4027 deerit.
2783 3974 2931 4029 Dicat
2959 3978 3131 4036 alius:
3166 3978 3330 4050 Reget
3358 3998 3445 4039 me

1885 4054 2173 4124 negotiatio
2200 4072 2349 4123 mea,
2383 4067 2477 4114 aut
2503 4060 2690 4117 militia
2720 4079 2836 4118 mea
2854 4107 2869 4131 ,
2899 4074 2991 4121 aut
3018 4067 3273 4125 industria
3300 4087 3439 4139 mea,

1883 4151 1975 4199 aut
1999 4159 2088 4199 ars
2114 4158 2260 4211 mea,
2302 4154 2395 4203 aut
2425 4148 2616 4206 littera:
2651 4167 2809 4219 meai,
2859 4163 2914 4210 et
2941 4156 3069 4212 nihil
3096 4159 3225 4218 mihi
3252 4160 3442 4218 deerit.

1874 4233 1985 4291 Nos
2002 4234 2241 4292 dicamus
2258 4253 2378 4293 cum
2402 4237 2658 4307 Ecclesia,
2680 4242 2933 4301 Dominus
2951 4247 3085 4316 regit
3105 4261 3209 4314 me,
3237 4259 3292 4306 et
3311 4252 3442 4310 nihil

1864 4327 2005 4382 ‘mihi
2030 4326 2223 4384 deerit.
2271 4328 2384 4385 Vos
2421 4345 2550 4401 ergo
2591 4334 2690 4389 ista
2718 4339 3107 4396 contemnentis
3136 4349 3244 4408 est,
3274 4343 3318 4400 si
3348 4344 3446 4400 ha-

1874 4417 2030 4483 beat;
2060 4427 2153 4474 aut
2193 4420 2393 4477 habere
2434 4424 2691 4489 nolentis,
2733 4427 2777 4481 si
2805 4444 2913 4484 non
2943 4430 3154 4487 habeat.
3194 4433 3440 4507 Alioquin

1872 4509 2133 4565 mentitur
2157 4511 2210 4566 in
2243 4513 2511 4578 carmine,
2558 4517 2650 4587 qui
2689 4516 2832 4574 aliud
2868 4528 3092 4592 excptat
3118 4524 3169 4578 in
3201 4532 3345 4580 voto.
3384 4527 3440 4583 Si

149 4613 445 4667 vestimenta
474 4626 612 4675 utea,
633 4619 683 4665 et
701 4626 856 4683 super
884 4610 1239 4665 uestimentum
1264 4611 1525 4666 mitterent
1548 4620 1739 4667 sortem

1873 4598 2017 4654 enim
2052 4600 2230 4657 studio
2262 4604 2401 4673 agit,
2440 4614 2500 4660 ut
2533 4621 2656 4661 emn
2683 4624 3010 4683 qucunque
3038 4621 3247 4672 terrena
3280 4635 3440 4689 opera

150 4705 326 4776 (lonn.
364 4703 499 4773 xix).
532 4701 727 4759 Nescio
757 4718 879 4758 cum
907 4717 1015 4773 qua
1045 4703 1209 4758 animi
1236 4704 1673 4776 praesumptione,
1705 4721 1740 4759 o

150 4796 546 4854 sceleratissimi
587 4794 776 4862 Judmi,
829 4796 1148 4852 Psalterium
1198 4797 1253 4853 in
1298 4798 1493 4854 vestris
1547 4800 1740 4855 canitis

150 4889 451 4961 synagogis.
481 4888 858 4954 Considerate,
888 4888 1092 4954 miseri,
1142 4876 1423 4947 huneesse
1452 4891 1737 4948 Dominum

151 4998 302 5053 uitem
325 4981 591 5051 negastis,
611 4991 669 5038 et
691 4982 778 5038 vel
807 4982 964 5038 tarde
990 4982 1243 5038 timentes
1266 4983 1572 5039 Dominum.
1599 4981 1740 5039 Lan-

151 5076 267 5133 date
292 5090 440 5139 eum,
472 5075 783 5132 universum
812 5089 996 5130 semen
1017 5073 1204 5138 Jacob,
1227 5072 1564 5143 magniﬁcate
1590 5090 1734 5130 eum.

153 5168 353 5224 Timete
397 5153 542 5231 eum;
592 5167 902 5222 universum
955 5179 1142 5221 semen
1197 5164 1382 5221 Israel.
1439 5164 1555 5220 Non
1594 5166 1739 5221 enim

152 5259 349 5330 spernit
380 5272 598 5329 precem
628 5265 885 5322 vestram,
918 5258 969 5313 in
1002 5265 1235 5322 tantum,
1266 5266 1325 5313 ut
1370 5257 1423 5313 in
1453 5273 1616 5314 cruce
1642 5274 1741 5329 po-

153 5351 275 5407 situs
297 5366 403 5423 pro
430 5350 866 5419 cruciﬁgentibus
893 5357 1030 5417 oret,
1064 5359 1123 5405 ut
1162 5350 1231 5405 sit
1273 5349 1390 5405 laus
1408 5349 1525 5422 eius
1561 5351 1614 5407 in
1643 5366 1738 5407 ev:-

154 5445 303 5502 clesia
333 5456 550 5514 magna,
581 5452 638 5500 et
663 5453 789 5498 vota
816 5460 911 5499 sua
965 5444 1154 5499 reddat
1188 5459 1372 5500 coram
1425 5444 1740 5501 timentibus

156 5552 284 5594 cuin.
314 5536 457 5592 Dum
484 5536 648 5593 edent
667 5552 865 5606 corpus
890 5536 1008 5605 ejus
1036 5552 1300 5607 pauperes
1329 5538 1520 5608 spiritu
1552 5548 1612 5593 ut
1657 5555 1738 5595 sa-

157 5630 365 5695 tientur,
420 5638 478 5684 et
530 5628 653 5685 lacti
682 5626 895 5690 divites.
944 5628 995 5681 in
1036 5626 1140 5682 lidc
1170 5628 1387 5684 laudent
1427 5628 1733 5693 Dotnimttn,

158 5722 482 5793 requirentes
509 5736 653 5786 eum,
687 5725 745 5775 ct
772 5720 912 5773 vivat
944 5734 1041 5773 cor
1067 5734 1255 5774 eorum
1286 5720 1338 5779 in
1367 5729 1647 5776 aeternum.
1672 5721 1739 5776 Et

160 5812 358 5895 porcos
374 5822 762 5874 convertantur
778 5812 842 5869 ad
860 5811 1144 5877 Dominum
1160 5814 1392 5882 universi
1409 5813 1541 5871 lines
1560 5824 1732 5895 teme,

1876 4699 2066 4760 regant
2088 4732 2103 4757 ,
2137 4708 2242 4748 non
2271 4695 2403 4749 satis
2428 4696 2635 4764 integre
2671 4698 2829 4765 dicit,
2878 4701 3132 4760 Dominus
3170 4708 3306 4774 regit
3334 4723 3438 4764 me.

1877 4776 2240 4837 Pet-lectorum
2265 4798 2395 4853 ergo
2423 4785 2524 4841 ista
2550 4800 2655 4842 vos
2684 4796 2786 4855 est,
2808 4806 2967 4860 quam
2988 4793 3224 4850 Ecclesia
3253 4797 3443 4856 de~Do-

1875 4874 2006 4928 mini
2050 4888 2304 4943 passione
2348 4877 2621 4947 suscepit,
2648 4877 2702 4933 in
2750 4879 2870 4936 loco
2915 4897 3128 4952 pascuae
3161 4887 3443 4958 collocata,

1838 4992 2005 5051 super
2024 4980 2221 5052 aquam
2255 4983 2563 5038 relectionis
2587 4984 2836 5039 educata.
2875 4982 2972 5041 l'bi
3012 4985 3155 5042 enim
3198 4990 3437 5043 abundat

1842 5074 1980 5141 l‘ons,
2012 5088 2076 5131 ac
2097 5075 2258 5145 largis
2280 5074 2498 5146 proﬂuit
2520 5077 2692 5143 venis,
2727 5077 2796 5135 ibi
2823 5080 3080 5146 viriditas,
3108 5081 3177 5137 ibi
3206 5082 3431 5138 :uuuuvi-
3484 5116 3491 5125 .

1841 5174 1941 5232 tas,
1975 5167 2047 5223 ibi
2076 5167 2317 5224 refectio.
2341 5236 2349 5245 .
2373 5167 2494 5226 llzec
2518 5181 2696 5227 autem
2727 5173 2853 5229 milii
2885 5173 3157 5239 evenient,
3192 5174 3315 5244 quia
3337 5184 3428 5245 pet

1842 5259 2146 5328 passionem
2162 5277 2313 5318 suam
2334 5262 2570 5319 animam
2594 5280 2768 5323 meant
2789 5270 3076 5324 convertit.
3105 5265 3333 5323 Delituit
3351 5270 3429 5318 me

1839 5367 2003 5423 super
2047 5355 2269 5410 semitas
2302 5354 2555 5428 justitize,
2609 5370 2831 5431 propter
2862 5376 3056 5416 nmncn
3086 5373 3264 5413 suum.
3299 5354 3431 5410 Nam

1839 5445 1966 5500 etsi
2015 5447 2283 5503 ambulem
2345 5449 2395 5504 in
2453 5451 2631 5507 medio
2681 5451 2882 5529 umbra!
2912 5448 3119 5509 mortis,
3169 5444 3278 5513 iam
3328 5459 3434 5500 "0"

1845 5539 2045 5594 timebo
2075 5540 2234 5603 mala,
2267 5542 2523 5612 quoniam
2545 5552 2602 5599 tu
2639 5558 2845 5615 mecum
2868 5556 2945 5602 es,
2977 5539 3068 5607 qui
3112 5538 3300 5592 mortis
3335 5538 3436 5593 im-

1844 5631 2052 5700 perium
2067 5633 2381 5703 subjugasti.
2409 5635 2545 5702 Quid
2564 5651 2703 5690 nunc
2735 5633 2926 5685 habent
2952 5631 3087 5683 intra
3112 5644 3168 5685 se
3199 5625 3436 5690 Ecclesia

1847 5725 2143 5781 videmnus.
2180 5726 2352 5783 Habet
2381 5728 2586 5793 virgam
2618 5724 2759 5777 unde
2805 5720 3043 5774 minatur
3082 5719 3434 5793 delinimenli.

1849 5815 2021 5889 Habet
2077 5819 2323 5877 baculum
2377 5815 2515 5874 unde
2574 5809 2857 5886 sulwcniut
2908 5812 3206 5904 "enitenti.
3268 5814 3437 5897 liabet
