4108 6348
587 317 700 384 εδδ
1919 311 2190 370 annona

2229 311 2532 371 JUNIORIS
3809 312 3938 368 356

593 455 834 498 mensam
862 401 1002 492 unde
1027 433 1120 491 det
1141 415 1338 504 panem
1357 428 1619 486 credenti.
1641 428 1816 486 liabet
1842 431 2021 487 oleum
2043 430 2186 486 unde
2214 437 2264 496 Α
2291 447 2544 503 nequam.
2581 431 2778 488 Tollite
2819 445 2951 502 ergo
2999 439 3186 503 portas
3233 430 3494 502 principis
3542 431 3738 495 vestri,
3775 432 3938 488 sient

593 536 888 606 impinguet
925 541 1085 601 caput
1133 528 1188 584 in
1236 527 1544 582 libertatem
1595 526 1940 582 conscientiae
1981 540 2182 596 putesn-

593 628 776 684 menti.
801 624 976 680 Habet
1001 621 1224 678 calicem
1255 619 1398 674 unde
1424 617 1656 674 inebriet
1683 615 2042 688 praedicantes
2067 631 2183 672 scr-

593 733 826 782 tnonem,
877 715 952 770 ita
981 721 1040 769 ut
1079 729 1204 768 cum
1246 712 1318 768 sit
1355 711 1487 766 hora
1515 709 1604 765 die
1642 709 1818 774 tertia,
1854 707 1969 779 jam
2011 708 2102 764 ille
2131 710 2182 762 in

591 807 969 882 pnedieatione
997 821 1094 862 sua
1123 803 1307 860 ebrius
1331 803 1648 859 aestimetur.
1679 801 1856 868 Habet
1879 800 2186 857 misericor-

592 901 732 956 diam
779 899 896 964 Dei,
945 913 1066 968 quae
1094 899 1456 967 subsequatur
1485 911 1609 952 eum
1631 897 1684 951 in
1715 895 1970 951 omnibus
1995 894 2186 950 diebus

589 993 714 1050 vitae
749 1009 876 1059 suae,
905 1001 960 1049 et
987 999 1044 1048 ut
1071 990 1338 1048 inhabitet
1362 990 1416 1046 in
1444 988 1610 1046 domo
1632 988 1846 1046 Domini
1875 989 1930 1044 itt
1960 988 2188 1058 longitu-

591 1087 716 1142 dine
743 1081 952 1142 dierum
973 1101 1216 1150 suorum,
1247 1082 1472 1142 laudans
1493 1083 1780 1140 Dominum
1809 1081 1992 1140 Jesum
2029 1080 2187 1138 Chri-

593 1189 759 1247 stum,
787 1182 880 1251 qui
909 1187 1102 1250 regnat
1130 1179 1184 1234 in
1211 1177 1408 1234 saecula
1437 1177 1779 1234 saeculorum.
1811 1177 2002 1234 Amen.

1131 1312 1448 1370 PSALMUS
1477 1312 1662 1368 XXIII.

867 1419 870 1422 ί
921 1425 1164 1496 Psalmus
1191 1426 1361 1482 David
1389 1427 1442 1482 in
1465 1427 1638 1498 prima
1659 1427 1886 1482 sabbati.

663 1537 876 1594 Domini
903 1547 980 1596 est
1009 1547 1145 1594 terra
1165 1547 1216 1592 et
1243 1539 1508 1609 plenitudo
1533 1541 1644 1610 ejus
1667 1539 1805 1594 orbis
1835 1549 2109 1604 terrarum,
2139 1549 2186 1596 et

591 1633 816 1686 universi
837 1633 922 1704 qui
941 1630 1176 1686 habitant
1195 1634 1250 1686 in
1266 1648 1344 1686 eo.
1365 1629 1500 1696 Quia
1523 1633 1632 1703 ipse
1651 1649 1804 1704 super
1817 1634 1985 1688 maria
2007 1632 2190 1702 funda-

592 1726 662 1779 vit
683 1741 815 1790 eum,
839 1733 887 1778 et
909 1741 1062 1796 super
1081 1723 1298 1793 ﬂumina
1319 1726 1628 1795 prtepararit
1647 1741 1780 1780 eum.
1799 1721 1924 1788 Quis
1951 1723 2190 1780 ascendet

591 1818 646 1872 in
673 1827 894 1870 montem
927 1815 1160 1882 Domini,
1179 1827 1267 1870 aut
1291 1819 1404 1890 quis
1431 1817 1586 1872 stabit
1617 1819 1668 1872 in
1701 1821 1812 1892 loco
1834 1829 2015 1872 sancto
2045 1818 2191 1888 ejus?

595 1910 850 1966 Innocens
863 1909 1110 1964 manibus
1129 1920 1180 1964 et
1207 1911 1398 1966 mundo
1429 1912 1602 1976 corde,
1653 1914 1737 1984 qui
1777 1929 1880 1966 non
1909 1913 2106 1983 accepit
2135 1914 2189 1966 in

531 1997 538 2004 ’
592 2022 726 2060 vano
767 2005 996 2057 animam
1022 2020 1190 2068 suam,
1219 2020 1310 2057 nec
1349 2003 1548 2073 jurarit
1577 2004 1628 2057 in
1661 2004 1778 2056 dolo
1809 2005 2047 2074 proximo
2075 2019 2186 2058 suo.

593 2095 698 2150 llic
718 2097 936 2167 accipiet
957 2095 1362 2148 benedictionem
1391 2112 1422 2148 a
1447 2094 1690 2161 Domino,
1715 2105 1763 2149 et
1783 2089 2202 2150 misericordiam

593 2205 626 2242 α
657 2186 764 2240 Deo
793 2187 1012 2242 salutari
1038 2203 1151 2240 suo.
1183 2185 1314 2241 Haec
1337 2197 1412 2240 est
1444 2189 1706 2258 generatio
1733 2189 2070 2258 qua’rentimn
2105 2190 2190 2259 fa-

592 2283 720 2336 ciem
749 2280 862 2334 Dei.
893 2280 1072 2336 .lacob.
1105 2281 1340 2336 Attollite
1367 2289 1547 2352 portas
1587 2281 1847 2352 principes
1897 2289 2110 2345 restras,
2143 2289 2192 2334 et

592 2373 882 2446 elevamini,
907 2383 1070 2444 portae
1093 2373 1382 2436 wternales,
1403 2382 1450 2426 et
1467 2372 1695 2428 introibit
1717 2372 1828 2428 lies:
1847 2375 2044 2444 gloriae.
2065 2371 2190 2438 Quis

592 2473 667 2536 est
691 2465 788 2518 iste
813 2463 924 2518 Rex
943 2463 1125 2534 gloria:
1142 2465 1165 2515 Ζ)
1187 2462 1442 2518 Dominus
1466 2465 1617 2534 [ortis
1639 2475 1687 2518 et
1709 2475 1885 2534 potens
1907 2467 1960 2518 in
1987 2465 2187 2536 prtelio.

593 2555 827 2624 Attollite
855 2564 1033 2626 portas
1080 2556 1335 2626 principes
1364 2565 1575 2620 restras,
1621 2567 1668 2610 et
1697 2557 1986 2624 elerantini,
2029 2569 2192 2628 portae

593 2647 890 2730 mternales,
942 2657 992 2702 et
1037 2645 1266 2702 introibit
1294 2646 1408 2700 Rea:
1435 2648 1635 2718 gloriw.
1671 2643 1799 2714 Quis
1823 2657 1904 2702 est
1931 2648 2028 2704 iste
2079 2646 2192 2704 lies:

591 2741 814 2818 gloriaz?
839 2740 1088 2798 Dominus
1117 2741 1360 2796 virtutum
1389 2742 1500 2812 ipse
1529 2751 1603 2798 est
1635 2739 1747 2796 Rea:
1771 2741 1972 2812 gloriw.

1174 2891 1614 2932 COMMENTARIUM.

667 3012 967 3082 Vigesimus
993 3012 1184 3068 tertius
1213 3014 1405 3084 psalm.
1441 3014 1494 3068 in
1523 3009 1744 3070 introitu
1794 3029 1893 3070 suo
1923 3029 2084 3086 super
2112 3021 2191 3088 ip-

591 3119 712 3178 sum
738 3103 902 3158 limen
923 3103 1102 3174 posuit
1122 3103 1425 3160 titulum-de
1447 3105 1617 3176 prima
1639 3105 1865 3162 sabbati.
1891 3107 1948 3162 In
1977 3123 2082 3178 qua
2104 3109 2191 3164 die

591 3196 726 3264 dixit
753 3196 1029 3262 Dominus,
1061 3195 1292 3252 Fiatlux
1317 3197 1470 3268 (Gen.
1505 3199 1573 3270 t);
1623 3201 1676 3254 in
1698 3215 1804 3272 qua
1823 3219 2008 3272 panem
2028 3219 2190 3274 auge-

591 3289 759 3344 lorum
779 3287 1109 3342 monducavit
1127 3288 1272 3344 homo
1291 3289 1465 3360 (Psal.
1487 3295 1706 3360 Lxxvn);
1727 3292 1779 3348 itt
1809 3307 1914 3362 qua
1945 3293 2058 3364 ipse
2079 3293 2187 3348 Do-

591 3383 770 3438 minus
799 3381 1090 3436 resurrexit
1113 3397 1142 3436 a
1165 3382 1412 3444 mortuis.
1435 3382 1566 3450 Quae
1593 3383 1708 3439 dies
1736 3384 1934 3439 idcirco
1957 3386 2008 3439 in
2035 3386 2189 3440 titulo

590 3475 828 3545 ponitur,
860 3473 986 3544 quia
1017 3473 1134 3546 ipsa
1163 3473 1398 3530 lucratus
1423 3487 1505 3534 est
1534 3485 1752 3544 terram,
1785 3492 1946 3548 quam
1969 3477 2020 3532 itt
2043 3479 2190 3550 prin-

565 3567 736 3636 cipio
759 3565 960 3620 fecerat
999 3565 1183 3620 orbem
1215 3573 1406 3634 terrae,,
1428 3575 1482 3622 et
1509 3581 1700 3622 omnes
1729 3567 1822 3638 qui
1859 3567 2106 3624 habitant
2135 3569 2186 3624 itt

592 3676 678 3725 ea.
707 3659 992 3728 Quomodo
1012 3667 1191 3714 autem
1221 3655 1457 3714 lucratus
1485 3660 1572 3726 sit,
1606 3661 1650 3718 si
1679 3661 1928 3732 requiris,
1957 3677 2186 3733 respon-

591 3752 700 3816 det,
753 3765 852 3821 per
877 3764 1072 3822 aquam
1119 3759 1174 3804 et
1228 3749 1484 3820 Spiritum
1537 3761 1800 3806 sanctum.
1841 3751 1964 3808 Ideo
2006 3754 2185 3810 clausa

590 3845 758 3900 maria
799 3843 1044 3900 nominat
1079 3843 1256 3898 sinum
1287 3859 1547 3914 aquarum
1577 3846 1840 3911 omnium,
1881 3847 2006 3916 quia
2049 3849 2186 3904 sicut

590 3937 770 3998 omnia
801 3935 1020 4012 lltuttina
1043 3917 1211 3994 unum
1259 3937 1402 3994 hunc
1429 3937 1630 3994 habent
1659 3940 1868 4004 sinum,
1903 3941 1973 3996 ita
2005 3941 2182 3997 omnia

590 4042 754 4106 unum
783 4027 926 4082 hunc
955 4027 1155 4082 habent
1185 4026 1442 4098 Spiritum
1471 4035 1719 4086 sanctum
1755 4045 1940 4086 unum.
1973 4031 2031 4088 In
2075 4046 2183 4102 quo

589 4116 725 4192 fiunt
755 4117 1000 4174 homines
1031 4119 1346 4176 innocentes
1375 4121 1624 4178 tinnitibus
1669 4132 1726 4184 et
1765 4123 1966 4180 mundo
1995 4125 2177 4180 corde.

590 4207 658 4262 Et
677 4209 815 4264 sicut
835 4211 924 4276 qui
954 4210 1026 4264 ibi
1057 4210 1326 4278 ingressus
1352 4228 1460 4268 non
1483 4213 1660 4280 fuerit,
1687 4215 1740 4270 ιιι
1765 4232 1958 4272 vanum
1987 4219 2184 4288 accipit

589 4299 826 4360 animant
855 4315 1029 4364 suam,
1049 4302 1094 4354 si
1108 4313 1284 4356 tamen
1307 4303 1692 4372 nonjuraverit
1711 4307 1764 4362 in
1795 4308 1920 4362 dolo
1935 4311 2182 4378 proximo

589 4403 708 4453 suo,
741 4389 866 4457 quia
897 4404 994 4460 per
1023 4390 1362 4460 baptismatis
1389 4393 1592 4450 donum
1621 4397 1978 4464 proximusei
2017 4399 2182 4456 cilici-

591 4487 678 4538 tur
699 4477 929 4550 Spiritus
951 4481 1143 4536 sancti.
1181 4479 1284 4536 Per
1312 4483 1455 4540 lumc
1485 4486 1754 4554 promittit
1783 4503 1842 4544 se
1873 4492 2182 4548 renuntiare

565 4572 826 4672 diabolo,
849 4581 904 4628 et
932 4573 1182 4630 omnibus
1201 4577 1412 4672 pompis
1439 4577 1575 4672 ejus.
1606 4577 1797 4636 Jurare
1833 4597 1962 4652 ergo
1987 4593 2070 4640 est
2090 4585 2179 4654 jus
2205 4609 2258 4672 Β

491 4711 498 4718 .
586 4666 934 4738 constituere,
971 4681 1080 4736 quo
1109 4669 1411 4734 renuntiata
1441 4671 1798 4740 abstinettlur,
1829 4685 1887 4730 et
1913 4678 2173 4747 promissa
2205 4665 2208 4670 ’

585 4768 888 4822 servantur.
921 4757 1027 4814 Ista
1075 4775 1184 4816 non
1234 4761 1436 4831 iuravit
1465 4765 1517 4818 in
1555 4764 1738 4820 dolum
1767 4770 2014 4838 proximo
2053 4787 2171 4836 suo,

583 4852 858 4922 quomodo
899 4853 1180 4923 proximus
1231 4853 1405 4914 lactus
1431 4866 1514 4912 est
1541 4857 1764 4928 Spiritui
1791 4863 2014 4917 sancto?
2039 4861 2172 4930 Quia

583 4947 629 5004 is
674 4946 767 5014 qui
796 4947 954 5015 longe
980 4954 1118 5014 erat,
1147 4948 1316 5004 lactus
1344 4959 1425 5006 est
1453 4967 1640 5022 prope.
1665 4951 1734 5008 Et
1760 4955 1850 5024 qui
1883 4954 2053 5012 lactus
2093 4967 2176 5014 est

552 5051 752 5108 prope
779 5039 982 5106 juravit
1007 5040 1132 5094 huic
1161 5041 1431 5110 proximo,
1459 5044 1688 5114 quando
1719 5046 1924 5118 accepit
1950 5049 2172 5116 benedi-

579 5131 814 5198 ctionem
845 5147 874 5186 a
909 5131 1163 5202 Domino,
1195 5141 1250 5190 et
1278 5136 1701 5194 misericordiam
1731 5156 1760 5196 a
1811 5141 1924 5198 Deo
1951 5144 2172 5202 salutari.

577 5243 695 5284 suo.
725 5227 792 5282 Et
823 5227 994 5298 lactus
1023 5239 1107 5284 est
1139 5229 1306 5286 Filius
1335 5233 1430 5288 Dei
1463 5235 1514 5288 itt
1543 5229 1894 5302 generatione
1923 5257 2174 5310 quaeren-

577 5317 710 5372 tium
743 5319 1048 5384 Dominum,
1081 5328 1136 5374 et
1164 5323 1552 5392 requirentium
1607 5325 1796 5382 faciem
1843 5328 1936 5384 Dei
1981 5328 2170 5398 Jacob,

575 5409 684 5480 iam
714 5410 802 5466 isti
831 5411 1028 5466 dicitur
1061 5431 1074 5464 :
1101 5411 1296 5468 Tollite
1325 5423 1509 5484 portas
1523 5409 1780 5488 principis
1809 5421 1989 5482 vestri.
2027 5422 2174 5492 Ahji-

577 5504 683 5564 cite
713 5506 1018 5578 exemplum
1049 5505 1196 5574 Adae,
1229 5508 1318 5580 qui
1367 5517 1448 5564 cst
1491 5510 1740 5582 princeps
1768 5523 1947 5566 vester
1975 5529 2168 5570 secun-

578 5594 704 5648 dum
735 5613 973 5666 carnem,
1006 5609 1060 5654 et
1081 5599 1362 5658 clevamini
1387 5613 1554 5674 portae.
1575 5587 1874 5672 a'tttct‘nalcs,
1909 5608 2167 5668 habentes

581 5685 782 5754 Regem
811 5691 994 5757 gloriae
1035 5695 1310 5764 poléntctn
1354 5703 1410 5750 et
1459 5695 1671 5758 fortem,
1725 5706 1777 5752 ct
1807 5707 2081 5768 potentem
2113 5703 2164 5758 in

581 5779 784 5850 ιιι-ειειίς),
823 5787 1122 5840 vincentem
1143 5791 1288 5854 vitia,
1315 5799 1368 5843 ct
1400 5791 1687 5845 nutrilorcs
1717 5809 1924 5858 eorum,
1949 5795 2164 5866 spiritus

2285 525 2602 595 portavimus
2647 527 2930 596 imaginem
2973 523 3187 588 terreni,
3229 533 3492 591 portemus
3519 533 3570 576 et
3613 525 3935 595 imaginem

2288 615 2504 670 caelestis
2541 614 2596 684 (l
2627 614 2750 670 Cor.
2783 615 2906 688 xv).
2939 607 3071 682 Quis
3099 623 3185 670 cst
3217 613 3318 670 istc
3349 613 3460 670 Ile:
3487 615 3713 683 gloriae?
3747 612 3938 670 Chri-

2287 716 2402 762 stus
2429 707 2592 762 Filitts
2623 707 2718 762 Dei
2743 707 2857 777 ipse
2879 715 2966 762 est
2997 705 3106 762 Res
3145 704 3352 774 gloriae,
3373 704 3670 760 escludcns
3699 704 3940 775 princi-

2293 816 2416 872 pem
2451 800 2774 869 ignominiae.
2817 797 2918 866 Qui
2949 797 3174 868 alcjeelis
3211 797 3624 854 simulacrorum
3657 798 3932 868 templis,

2291 892 2456 946 veluti
2481 893 2652 962 portis
2681 892 2940 962 principis
2959 890 3181 956 diaboli,
3205 890 3438 946 elevavit
3459 899 3645 962 portas
3671 901 3932 946 aeterna-

2289 983 2368 1038 les
2408 993 2610 1038 sanctae
2649 982 2906 1039 Ecclesiae
2937 982 3252 1062 catholicae,
3301 982 3355 1036 in
3403 995 3510 1052 qua
3547 991 3748 1052 regnat
3801 981 3930 1038 Res

2288 1075 2491 1144 gloriae.
2525 1074 2582 1131 Si
2629 1075 2932 1144 interrogas
2967 1074 3091 1144 quis
3127 1083 3212 1128 est
3257 1074 3360 1130 istc
3389 1071 3506 1130 Rex
3547 1073 3738 1142 gloriae
3761 1113 3780 1140 ,
3831 1089 3930 1128 re-

2288 1168 2578 1240 spondebit
2603 1168 2912 1240 Apostolus,
2950 1167 3064 1224 lies
3093 1167 3338 1224 omnium
3367 1167 3434 1222 ad
3483 1167 3712 1222 salutem
3747 1167 3930 1222 Citri-

2288 1271 2403 1316 stus
2447 1261 2609 1317 Filius
2661 1263 2792 1328 Dei,
2845 1260 2936 1330 qui
2985 1267 3176 1330 regnat
3215 1259 3268 1318 itt
3307 1258 3502 1314 secula
3549 1259 3924 1314 saeculorum.

2293 1353 2482 1409 Amen.
3347 1387 3354 1394 -

2748 1458 2754 1466 -
2827 1422 3048 1478 PSALM
3061 1422 3145 1478 US
3183 1420 3370 1476 XXIV.

2719 1516 2778 1572 In
2811 1517 2972 1572 linem
3001 1516 3240 1588 psalmus
3269 1513 3458 1570 David.

2364 1631 2445 1683 Ad
2473 1641 2538 1693 te,
2573 1629 2808 1694 Domine,
2827 1630 2987 1686 levari
3009 1632 3240 1686 animum
3263 1645 3464 1692 meum;
3487 1627 3626 1682 Deus
3655 1643 3836 1694 incus,
3861 1630 3920 1682 its

2293 1734 2344 1778 te
2383 1726 2608 1794 conﬁdo,
2639 1741 2742 1778 non
2765 1723 3084 1780 erubescam.
3107 1721 3156 1778 Ν
3165 1731 3288 1795 eque
3315 1721 3569 1780 irrideant
3597 1737 3680 1774 me
3699 1722 3920 1778 inimici

2222 1831 2270 1892 Β
2295 1819 2416 1882 mei,
2437 1819 2628 1872 etenim
2659 1819 2883 1872 uniuersi
2905 1818 2990 1888 qui
3019 1817 3272 1872 sustinent
3297 1826 3346 1870 te
3365 1829 3464 1870 non
3487 1813 3912 1884 cettfundcnutr.

2296 1911 2695 1982 Confundantur
2715 1927 2890 1966 omnes
2921 1911 3097 1982 iniqua
3127 1920 3368 1982 agentes,
3399 1923 3730 1978 supervacue.
3777 1907 3920 1966 Vitas

2299 2015 2432 2069 tuas,
2472 2005 2709 2068 Domine,
2743 2003 3040 2058 demonstra
3067 2003 3216 2068 milii,
3259 2011 3308 2056 et
3349 2001 3564 2056 semitas
3603 2009 3720 2054 tuus
3741 1999 3918 2056 edoce

2295 2114 2394 2152 tne.
2431 2095 2608 2168 Dirige
2655 2112 2736 2150 tne
2771 2097 2824 2149 in
2865 2097 3078 2150 ueritate
3105 2105 3212 2158 tua,
3241 2104 3291 2148 et
3337 2092 3466 2150 doce
3491 2107 3590 2157 me,
3619 2093 3736 2162 quia
3759 2101 3824 2144 tu
3857 2107 3916 2146 es

2297 2192 2436 2245 Deus
2469 2192 2714 2255 Salvator
2741 2205 2912 2252 meus,
2959 2199 3008 2243 et
3039 2201 3086 2243 te
3119 2189 3340 2242 sustinui
3373 2197 3480 2242 tota
3521 2186 3624 2240 die.
3663 2183 3914 2239 Ιίειιιὶιιὶ-

2295 2298 2436 2338 scere
2463 2284 2851 2338 miserationum
2891 2292 3115 2347 tuarum,
3153 2278 3404 2346 Domine,
3435 2289 3485 2332 et
3515 2276 3914 2332 misericordiu-

2296 2393 2406 2428 rum
2431 2386 2634 2428 tuarum
2653 2390 2767 2446 qua:
2787 2391 2818 2426 ιι
2839 2373 3032 2428 sarculo
3053 2382 3191 2426 sunt.
3219 2369 3420 2425 Delicta
3440 2368 3718 2440 juventutis
3739 2383 3908 2432 niese,

2299 2481 2347 2523 ct
2377 2471 2701 2540 ignorantias
2731 2485 2874 2522 nteas
2903 2457 2972 2522 né
3007 2466 3320 2520 memineris.
3369 2461 3656 2518 Secundum
3685 2461 3910 2516 miseri-

2297 2563 2528 2616 cordiam
2553 2573 2690 2616 luant
2714 2571 2968 2615 memento
2987 2561 3084 2613 mei
3109 2569 3182 2622 tn,
3207 2566 3418 2629 propter
3439 2553 3712 2608 bonitatem
3729 2563 3900 2616 tuam,

2298 2653 2539 2710 Domine.
2573 2653 2754 2710 Dulcis
2783 2665 2834 2708 et
2861 2663 3028 2707 rectus
3059 2650 3332 2714 Dominus,
3363 2659 3572 2718 propter
3609 2646 3704 2700 ltoc
3731 2646 3902 2714 legent

2297 2747 2438 2801 dabit
2465 2745 2874 2818 delinquentibus
2895 2745 2948 2798 in
2983 2745 3082 2797 ria.
3111 2741 3314 2816 Diriget
3343 2750 3638 2798 mansuem
3675 2737 3728 2790 in
3753 2736 3900 2806 judi-

2297 2841 2397 2902 cio,
2423 2837 2624 2892 docebit
2653 2838 2806 2890 mites
2828 2836 2936 2890 vias
2961 2851 3103 2888 suas.
3139 2833 3410 2888 Uniuersa:
3439 2833 3535 2884 ria:
3567 2827 3778 2884 Domini
3797 2829 3896 2880 tui-

2294 2933 2580 2988 sericordia
2629 2941 2677 2984 et
2723 2929 2928 2994 veritas,
2961 2923 3338 3000 requirentibus
3379 2932 3740 2978 testamentum
3779 2920 3892 2990 ejus

2295 3035 2343 3078 et
2372 3023 2666 3080 testimonia
2685 3023 2818 3094 ejus.
2851 3020 3075 3092 Propter
3099 3034 3282 3074 nomen
3313 3027 3474 3084 tuum,
3501 3014 3742 3074 Domine,
3771 3029 3892 3082 pro-

2295 3119 2562 3188 pitiaberis
2591 3126 2802 3188 peccato
2823 3131 2953 3180 utea,
2973 3114 3184 3168 multum
3207 3121 3282 3166 est
3311 3113 3468 3166 enim.
3505 3107 3634 3172 Quis
3653 3108 3892 3160 estimatio

2219 3221 2268 3291 ο
2295 3213 2380 3284 qui
2409 3214 2552 3266 timet
2567 3209 2870 3274 Dominum,
2903 3208 3062 3278 legem
3088 3208 3268 3260 statuit
3291 3205 3340 3258 ei
3360 3205 3412 3258 iu
3437 3204 3516 3256 aia
3543 3217 3695 3273 quam
3717 3199 3888 3268 elegit.

2293 3307 2482 3358 Anima
2507 3306 2622 3376 ejus
2646 3305 2698 3356 in
2727 3303 2874 3356 battis
2903 3298 3276 3360 demorabitur,
3307 3307 3358 3352 et
3385 3311 3558 3350 semen
3589 3293 3754 3362 ipsius
3781 3291 3894 3344 Ita:-

2293 3395 2534 3450 retlitabit
2583 3405 2798 3448 terram.
2855 3390 3276 3446 Firmamentum
3323 3397 3486 3440 tutum
3529 3395 3604 3440 est
3635 3383 3890 3436 Dominus

2243 3557 2246 3561 ἴ
2293 3489 2586 3544 timentibus
2623 3503 2759 3550 eunt,
2789 3497 2838 3540 et
2869 3494 3230 3539 testamentum
3257 3482 3422 3552 ipsius
3449 3489 3502 3531 ut
3527 3478 3898 3545 tnauifestetsrr

2288 3579 2414 3634 illis.
2458 3581 2608 3634 Oculi
2655 3580 2754 3633 mei
2795 3568 2996 3647 semper
3045 3575 3114 3630 ad
3164 3572 3458 3636 Dominum,
3487 3568 3726 3636 quoniam
3765 3568 3904 3634 ipse

2289 3672 2466 3727 evellet
2491 3671 2554 3724 de
2581 3671 2762 3742 laqueo
2787 3669 2940 3740 pedes
2963 3683 3120 3724 meos.
3153 3665 3363 3736 "rspice
3383 3665 3430 3718 in
3460 3678 3533 3716 nae
3553 3669 3596 3713 et
3631 3659 3894 3712 miserere

2289 3768 2408 3830 mei,
2443 3768 2561 3839 quia
2591 3768 2772 3820 unicus
2789 3775 2837 3820 et
2867 3781 3063 3834 pauper
3087 3777 3198 3816 sum
3221 3777 3331 3831 ego.
3363 3756 3730 3816 Tribulationes
3759 3772 3894 3809 cor-

2289 3859 2367 3913 dis
2397 3860 2497 3912 mei
2525 3857 2884 3926 multiplicata:
2925 3865 3066 3918 sunt,
3097 3853 3160 3908 de
3188 3850 3570 3908 necessitatibus
3607 3849 3736 3902 meis
3764 3864 3892 3904 erue

2288 3968 2384 4006 me.
2422 3949 2550 4004 Vide
2577 3949 2917 4004 humilitatem
2947 3965 3114 4004 meum
3151 3957 3201 4002 et
3229 3947 3458 4002 laborem
3498 3961 3685 4009 meum,
3728 3955 3777 3998 et
3805 3945 3892 3996 tli-

2285 4045 2430 4098 mitte
2457 4045 2693 4098 universa
2741 4043 2929 4096 delicta
2984 4058 3113 4096 utea.
3167 4039 3382 4111 Respice
3431 4041 3668 4094 inimicos
3723 4055 3888 4104 meos,

2243 4167 2246 4170 -
2285 4139 2531 4208 quoniam
2559 4137 2889 4208 multiplicati
2929 4145 3078 4200 sunt,
3109 4146 3156 4190 et
3187 4137 3306 4190 odio
3333 4135 3516 4206 iniquo
3541 4133 3762 4189 adet-unt
3781 4150 3898 4208 ιιιε.¹

2285 4227 2496 4282 Custodi
2513 4229 2744 4282 animatn
2765 4244 2929 4283 meam
2951 4238 2998 4282 et
3021 4245 3138 4282 erue
3155 4245 3260 4294 me,
3293 4244 3394 4284 non
3417 4227 3736 4290 erubescam,
3759 4243 3890 4296 quo-

2285 4321 2428 4374 niam
2475 4322 2676 4390 speravi
2729 4322 2780 4376 in
2834 4331 2900 4374 te.
2937 4319 3260 4378 lunoreutes
3293 4331 3343 4374 et
3375 4321 3500 4374 recti
3549 4305 3890 4374 adltwserunt

2283 4413 2430 4478 mibi,
2459 4415 2578 4484 quia
2607 4415 2824 4468 sustinui
2867 4426 2930 4468 te.
2965 4414 3170 4479 Libera,
3203 4412 3360 4482 Deus,
3395 4411 3564 4470 Israel
3611 4430 3676 4477 ea:
3717 4416 3894 4468 omni-

2283 4504 2374 4562 bus
2399 4505 2808 4562 tribulationibus
2829 4508 2952 4562 suis.

2847 4594 3284 4656 conueursntuu.

2355 4693 2712 4748 Ab'omnibus
2743 4693 2972 4748 terrenis
3017 4693 3196 4758 lueris,-
3242 4695 3310 4750 ab
3355 4694 3604 4750 omnibus
3651 4708 3778 4762 quae
3809 4695 3892 4748 ri-

2285 4786 2481 4840 dentur
2510 4784 2652 4838 bona
2683 4783 2840 4852 hujus
2872 4786 3074 4848 mundi,
3093 4785 3395 4842 subducens
3415 4787 3650 4840 animam
3677 4801 3888 4852 nteant,

2281 4876 2348 4932 ad
2367 4887 2419 4932 te
2439 4893 2580 4944 eam,
2600 4861 2844 4942 Domine,
2871 4878 3062 4942 levavi,
3085 4878 3196 4948 jant
3219 4895 3325 4936 non
3346 4880 3622 4936 conlidens
3645 4881 3696 4934 ιιι
3723 4897 3894 4935 nuut-

2283 4985 2392 5032 tno,
2427 4970 2478 5026 In
2509 4969 2688 5036 domo,
2723 4970 2774 5026 in
2807 4972 3045 5040 negotio,
3089 4973 3142 5028 in
3173 4972 3380 5036 militia,
3425 4973 3478 5028 in
3511 4972 3890 5040 facultatibus,

2278 5065 2372 5118 sed
2421 5063 2470 5116 itt
2503 5073 2555 5118 te
2584 5064 2857 5118 conlidens
2887 5073 3034 5134 pcto,
3083 5073 3140 5122 ut
3167 5082 3275 5124 non
3317 5066 3632 5122 erubescam
3653 5068 3792 5122 dum
3822 5070 3898 5124 de

2279 5172 2508 5226 corpore
2556 5159 2760 5222 exiere,
2801 5158 2924 5228 quia
2977 5159 3046 5214 ibi
3095 5158 3568 5220 conl'ttsiaauterita
3617 5169 3724 5214 est.
3767 5161 3896 5218 Non
3957 5207 3968 5212 -

2279 5249 2348 5304 ibi
2375 5251 2443 5305 de
2483 5266 2569 5306 me
2600 5251 2858 5308 irrideant
2897 5253 3096 5308 inimici
3129 5252 3254 5316 mei,
3283 5253 3410 5324 quia
3435 5253 3468 5308 ii
3491 5253 3582 5322 qui
3613 5263 3668 5308 te
3693 5255 3894 5310 solum

2275 5343 2596 5410 contemptis
2623 5343 2874 5400 omnibus
2905 5353 3248 5414 exspectant,
3295 5361 3400 5400 non
3447 5345 3896 5418 coniundentur,

2277 5433 2345 5486 ibi
2375 5434 2518 5488 enim
2549 5435 2948 5490 conl‘umlcntur
2995 5437 3160 5506 iniqui
3207 5447 3262 5492 et
3309 5439 3568 5498 iacientes
3609 5454 3780 5496 vana.
3821 5441 3894 5500 Et

2275 5527 2524 5595 quoniam
2559 5535 2608 5582 lc
2629 5529 2783 5592 duce,
2815 5529 3061 5594 Domine,
3089 5531 3402 5600 pervcnitur
3429 5531 3496 5586 ad
3543 5532 3729 5596 vitam,
3761 5537 3896 5592 vias

2276 5625 2391 5674 luas
2415 5637 2548 5688 quas
2599 5629 2652 5674 tu
2699 5623 3170 5698 anthulastittotas
3217 5623 3300 5679 lae
3328 5625 3484 5688 mihi,
3511 5634 3570 5678 ιιι
3597 5641 3695 5695 per
3727 5627 3898 5697 ipsa:

2274 5711 2562 5776 ambulem,
2591 5721 2644 5766 et
2669 5715 2890 5768 semitas
2911 5723 3032 5770 tuas
3055 5716 3226 5772 edoce
3250 5733 3363 5782 tne,
3399 5727 3454 5772 ut
3485 5719 3536 5774 in
3567 5719 3698 5788 ipsis
3721 5719 3890 5778 ince-

2273 5802 2413 5858 dam.
2447 5803 2510 5858 lit
2542 5815 2594 5860 ιιι
2627 5806 2730 5862 hoc
2777 5807 2947 5876 ipsum
2983 5807 3195 5878 iaciam,
3225 5819 3282 5866 ιιι
3311 5827 3398 5866 tne
3438 5811 3606 5880 dirige
3637 5813 3692 5868 in
3725 5815 3892 5874 ητις
