4108 6348
194 782 203 839 l

278 338 457 400 ιτς-ι’

282 562 472 610 meus.
516 554 636 610 Non
679 556 823 612 enim
852 557 1094 612 sustineo
1123 555 1288 610 alium
1321 563 1518 627 prmter
1556 563 1610 611 te
1648 562 1763 610 tota
1784 553 1889 619 die,

282 645 350 701 id
379 654 484 709 est,
509 647 654 702 omni
681 647 787 704 die.
818 647 1026 704 Memor
1049 656 1190 711 esto,
1224 646 1468 712 Domine,
1497 643 1893 743 misericordia-

281 750 417 790 .rum
450 745 681 803 tuarum,
701 753 821 809 qua:
851 754 882 793 a
908 738 1107 794 sicculo
1129 745 1271 804 sunt,
1295 745 1351 793 et
1372 737 1510 793 sicut
1529 736 1779 792 omnibus
1800 733 1895 790 l'ui-

282 828 365 882 sti
388 827 717 896 misericors,
743 831 815 885 ita
838 845 1057 901 quoque
1078 829 1229 896 mibi,
1261 836 1321 884 ut
1348 835 1570 900 peccata
1594 826 1894 899 juventutis

278 937 434 977 meae
484 931 541 977 et
594 924 929 994 ignorantias
964 939 1032 980 ne
1086 922 1429 988 memineris,
1460 920 1556 977 sed
1598 919 1892 976 secundum

282 1031 547 1085 magnam
596 1017 1022 1074 misericordiam
1070 1027 1217 1072 tuam
1265 1032 1473 1072 memor
1520 1015 1625 1071 mei
1665 1015 1761 1081 sis,
1787 1030 1893 1070 non

280 1118 522 1182 propter
542 1111 732 1166 merita
756 1128 873 1167 mea
906 1128 1001 1184 per
1022 1111 1434 1166 amaritudinem
1457 1125 1631 1165 meam
1650 1123 1889 1180 peream,

290 1200 390 1256 sed
414 1201 540 1272 quia
566 1202 682 1274 ipse
710 1202 884 1260 dulcis
899 1213 954 1258 et
983 1212 1164 1259 rectus
1193 1218 1271 1269 es,
1296 1211 1351 1258 et
1376 1201 1638 1257 universa:
1667 1201 1767 1256 via:
1791 1209 1893 1254 tua:

291 1293 664 1351 misericordia
683 1306 738 1352 et
752 1296 949 1352 veritas
968 1296 1332 1368 quaerentibus
1348 1297 1723 1377 testamenlpm
1743 1304 1891 1350 tuum

290 1393 347 1440 et
375 1387 682 1442 testimonia
726 1397 838 1455 tua,
872 1401 997 1462 peto
1029 1399 1086 1444 ut
1109 1388 1375 1462 propitius
1396 1389 1470 1444 sis
1493 1397 1717 1463 peccato
1748 1404 1888 1451 meo,

288 1478 523 1531 multum
572 1487 654 1533 est
702 1480 865 1535 enim.
901 1479 1024 1537 Ideo
1072 1494 1173 1549 ego
1220 1480 1363 1536 enim
1402 1480 1703 1550 contempsi
1751 1479 1891 1535 viam

288 1584 494 1634 meam,
521 1579 576 1625 et
605 1571 742 1641 elegi
773 1572 912 1627 viam
945 1582 1111 1639 tuam,
1153 1583 1208 1629 et
1236 1573 1470 1629 animam
1525 1587 1698 1627 meam
1747 1570 1813 1627 ad
1841 1581 1894 1626 te

290 1659 489 1726 levavi,
518 1670 571 1716 ut
595 1663 774 1718 anima
798 1679 914 1720 mea
944 1664 996 1719 in
1023 1664 1179 1720 bonis
1202 1671 1601 1727 commoretur;
1633 1672 1689 1718 et
1708 1678 1893 1718 semen

287 1768 475 1809 meum
529 1753 672 1809 illam
704 1765 903 1812 terram
952 1755 1255 1829 possideat;
1297 1742 1442 1828 quau
1507 1772 1614 1811 non
1659 1754 1894 1811 comedit

1233 340 1707 402 COMMENTARII
1744 342 1813 399 IN
1852 339 2181 397 PSALMOS.
2224 341 2419 399 PSAL.
2464 344 2651 403 XXVI.

283 464 410 515 tate
438 465 552 524 tua,
584 468 637 515 et
667 448 743 516 tu'
771 461 907 518 doce
946 446 1051 525 me,
1101 440 1227 531 quia
1269 469 1325 515 tu
1369 477 1428 516 es
1474 458 1618 516 Deus
1644 459 1896 515 Salvator
1925 462 1970 519 Δ
2118 432 2121 435 Ι

3489 347 3597 405 358

2579 476 3016 516 COIIENTAIIUI.

2064 568 2248 626 iudica
2279 587 2383 638 me,
2420 570 2667 639 Domine,
2702 589 2811 629 non
2842 590 3017 630 essem
3046 591 3207 631 ausus
3243 573 3443 641 dicere,
3496 578 3597 633 nisi

1996 662 2365 719 misericordia
2387 672 2479 719 tua
2510 673 2636 720 ante
2659 667 2847 724 oculos
2875 685 3027 725 meos
3054 679 3214 726 esset.
3247 668 3440 729 Certus
3468 686 3596 736 ergo

1995 756 2139 827 quod
2159 755 2361 828 judicia
2385 766 2481 813 tua
2507 757 2762 829 adjuvent
2779 776 2885 827 me,
2907 761 3028 817 ideo
3051 780 3213 819 ausus
3240 780 3357 819 sum
3377 763 3554 819 dicere
3581 783 3593 816 :

1995 847 2184 906 Judica
2213 867 2320 907 me.
2352 850 2472 907 Ista!
2512 851 2630 911 dua:
2660 869 2749 910 res
2794 853 2925 910 dant
2976 854 3224 915 ﬁduciam
3271 858 3595 924 Christiano,

1998 950 2059 997 ut
2087 944 2516 1000 misericordiam
2547 944 2642 1001 Dei
2675 955 2804 1003 ante
2826 947 3015 1004 oculos
3045 949 3260 1016 babeat,
3283 960 3337 1006 et
3358 952 3598 1024 compla-

1996 1045 2117 1092 ceat
2146 1038 2197 1091 in
2226 1040 2452 1095 veritate
2473 1039 2754 1095 catholica:
2784 1038 2925 1106 ﬁdei,
2950 1058 3059 1097 non
3081 1043 3266 1098 sedeat
3288 1044 3341 1099 in
3370 1046 3600 1100 concilio

1996 1129 2398 1196 haereticorum,
2430 1130 2525 1187 sed
2566 1130 2715 1187 lavet
2736 1133 2876 1187 inter
2903 1133 3200 1191 catholicos
3239 1152 3421 1193 manm
3452 1154 3594 1203 suas,

1998 1230 2057 1276 ut
2080 1221 2378 1278 circumdet
2400 1222 2573 1278 altare
2604 1222 2850 1281 Domini:
2876 1225 2963 1281 ubi
2986 1225 3167 1283 audiat
3188 1243 3373 1285 vocem
3403 1229 3595 1298 laudis,
3664 1290 3671 1293 ,

1997 1320 2052 1367 et
2082 1321 2264 1368 narret
2316 1313 2497 1368 omnia
2543 1313 2810 1371 mirabilia
2860 1315 2987 1383 Dei,
3033 1325 3090 1373 et
3142 1316 3592 1379 dicat-Domino:

1997 1400 2130 1458 Cum
2181 1404 2366 1458 exiero
2405 1400 2474 1459 de
2521 1419 2770 1475 corpore,
2827 1406 2939 1462 noli
2985 1405 3213 1478 perdere
3259 1423 3381 1464 cum
3412 1410 3592 1482 impiis

1996 1495 2234 1551 animam
2264 1512 2466 1564 meam,
2498 1497 2623 1569 quia
2673 1496 2835 1554 dilexi
2866 1498 3118 1557 decorem
3147 1500 3343 1557 domus
3386 1511 3511 1570 tuae,
3541 1512 3599 1561 et

1997 1586 2140 1659 odivi
2193 1588 2644 1659 congregationes
2697 1588 3079 1660 malignorum,
3111 1609 3219 1649 non
3249 1603 3436 1665 pereat
3470 1610 3595 1651 cum

1998 1676 2129 1732 viris
2175 1678 2495 1747 sanguinum
2529 1679 2634 1734 vita
2673 1696 2825 1745 mea,
2855 1696 3045 1739 eorum
3074 1684 3166 1755 qui
3198 1683 3250 1739 in
3274 1682 3479 1755 judicio
3505 1701 3597 1743 se-

1998 1770 2191 1827 dentes
2219 1781 2545 1845 acceperunt
2567 1789 2809 1843 munera,
2844 1784 2902 1831 ut
2926 1787 3299 1849 pervertereut
3312 1779 3593 1859 judicium.

290 1845 487 1911 draco,
518 1860 639 1915 qum
669 1863 775 1901 non
807 1857 888 1902 est
916 1847 1068 1903 sinus
1092 1858 1451 1912 ntortuorum,
1472 1862 1592 1918 quze
1614 1862 1719 1902 non
1742 1860 1897 1916 gene-
1927 1850 1975 1912 B
2002 1861 2116 1933 Ego
2166 1865 2311 1921 enim
2343 1865 2549 1922 ηιιηιιηι
2606 1867 2659 1922 in
2696 1867 2906 1939 judicio
2927 1845 3119 1939 nocui,
3170 1845 3371 1928 redin‘te
3416 1890 3501 1930 me
3540 1848 3596 1931 έι

285 1945 376 1991 rat
395 1937 597 2009 spinas,
627 1938 719 1994 sed
743 1938 793 1994 iu
824 1955 929 2011 qua
960 1949 1043 1995 est
1083 1938 1343 1995 Dominus
1380 1941 1769 1995 ﬁrmamentum
1819 1939 1889 2017 ti-

287 2026 561 2081 mentibus
587 2042 681 2089 se,
714 2037 767 2083 et
818 2027 1187 2083 testimonium
1239 2038 1296 2083 ut
1353 2029 1727 2084 manifestctur
1765 2029 1887 2084 illis.

286 2115 359 2171 Et
387 2119 515 2188 quia
547 2120 660 2176 lucc
689 2120 1124 2176 desiderantibus
1154 2121 1382 2191 laqueus
1413 2122 1630 2192 ponitur
1678 2123 1744 2177 ab
1790 2123 1893 2176 ini“-

287 2213 440 2269 mico
475 2232 487 2267 :
521 2213 671 2269 Oculi
696 2215 800 2268 mei
833 2229 1050 2285 semper
1070 2213 1137 2267 ad
1169 2213 1751 2283 Domimnu,quoniam
1783 2215 1898 2286 ipse

286 2307 491 2363 evellet
519 2307 588 2363 de
620 2307 814 2376 laqueo
840 2290 1007 2376 pedes
1043 2321 1212 2367 meos.
1250 2305 1480 2377 Respice
1510 2306 1561 2367 in
1592 2322 1679 2364 me
1717 2317 1773 2364 et
1795 2309 1897 2368 mi-

285 2412 477 2454 serere
506 2398 633 2461 mei,
663 2397 922 2466 quoniam
947 2397 1138 2455 unicus
1156 2406 1212 2454 et
1241 2412 1446 2470 pauper
1470 2415 1587 2459 sum
1615 2415 1737 2469 ego.
1764 2398 1893 2458 0m-

284 2492 378 2547 tiis
408 2492 502 2561 qui
533 2493 656 2562 plus
676 2492 729 2546 in
751 2490 956 2560 gemitu
984 2501 1039 2547 et
1065 2492 1117 2547 in
1138 2492 1387 2551 oratione
1407 2492 1681 2557 iuctunbit.
1709 2496 1894 2552 unicus

289 2593 352 2638 et
375 2598 583 2654 pauper
610 2592 714 2647 est,
744 2594 797 2639 et
843 2585 1221 2643 tribulationes
1247 2585 1430 2643 cordis
1473 2586 1590 2656 ejus
1629 2587 1891 2659 multipli-

286 2682 515 2745 cantur,
549 2689 758 2731 utemur
776 2676 1017 2735 omnium
1057 2690 1178 2746 qua:
1201 2686 1434 2747 agitatur
1457 2679 1511 2736 iu
1534 2680 1749 2747 amento,
1778 2680 1893 2736 clae

288 2774 410 2823 mat
458 2775 515 2821 ut
553 2768 620 2823 de
659 2768 838 2824 saeculi
885 2769 1298 2849 necessitatibus
1347 2770 1631 2827 liberetur:
1656 2770 1721 2827 Et
1768 2772 1890 2829 ideo

186 2888 195 2895 -
254 2855 433 2923 'vidc,
468 2858 662 2929 inquit,
686 2859 1041 2917 humilitatem
1082 2876 1290 2928 meam,
1320 2873 1374 2919 ot
1406 2864 1645 2923 laborem
1684 2881 1885 2932 meum,

280 2959 345 3007 et
371 2950 581 3008 tlinnttc
612 2954 792 3009 omnia
837 2963 1057 3025 peccata
1087 2972 1228 3014 mea.
1263 2955 1516 3029 Respice,
1548 2959 1756 3030 inquit,
1788 2961 1892 3017 ini-

282 3043 461 3101 micos
484 3058 653 3117 meos,
679 3046 806 3115 quia
848 3048 1190 3118 nmltiplicati
1214 3059 1362 3115 sunt,
1384 3051 1512 3107 odio
1541 3052 1728 3123 iniquo
1757 3053 1891 3111 ode»-

284 3142 419 3190 runt
450 3150 554 3190 me.
589 3135 859 3193 llumilem
910 3135 1345 3199 Deo'daunones
1390 3153 1807 3213 persequuntur,
1839 3155 1896 3209 ct

1992 1952 2259 2011 miserere
2291 1958 2418 2013 mei.
2452 1955 2556 2015 Pes
2580 1959 2725 2015 enim
2774 1977 2927 2017 meus
2971 1963 3119 2020 stetit
3145 1963 3198 2021 iu
3229 1966 3313 2020 via
3343 1975 3509 2033 recta,
3542 1966 3596 2023 in

1982 2042 2149 2107 ’recta
2204 2047 2325 2115 title,
2387 2048 2438 2104 in
2488 2047 2745 2106 Ecclesiis
2798 2052 3119 2111 benedieam
3168 2054 3472 2123 Dominum,
3502 2058 3595 2135 qui

1997 2148 2187 2210 regnat
2216 2140 2269 2195 in
2300 2141 2495 2197 saecula
2524 2141 2868 2200 seculorum.
2901 2145 3092 2203 Amen.

2539 2255 2857 2317 PSALIUS
2894 2259 3082 2319 XXVI.

2126 2368 2184 2424 lu
2210 2367 2371 2425 linem
2399 2370 2640 2442 psalmus
2663 2370 2829 2428 David
2850 2374 3163 2446 priusquam
3194 2377 3459 2433 Iiuiretur.

2073 2480 2328 2538 Dominus
2348 2484 2661 2542 iituminatio
2686 2504 2818 2556 mea,
2851 2499 2902 2544 et
2940 2490 3082 2547 salus
3110 2509 3244 2559 mea,
3267 2512 3413 2567 quem
3444 2498 3592 2553 time-

1980 2571 2058 2627 bo
2078 2572 2104 2626 .9
2121 2571 2375 2629 Dominus
2393 2586 2651 2647 protector
2670 2580 2788 2634 vita:
2806 2597 2953 2647 metr,
2971 2597 3006 2636 a
3024 2600 3124 2657 quo
3148 2587 3412 2657 trepidabo
3430 2588 3593 2645 .’(.'um

1992 2666 2305 2736 appropiant
2331 2683 2486 2739 super
2506 2686 2588 2724 me
2615 2682 2875 2737 nocentes,
2923 2686 2980 2728 ut
3023 2667 3181 2731 Edunt
3221 2695 3403 2735 carnes
3431 2698 3593 2739 meas.

1993 2753 2095 2820 Qui
2119 2757 2369 2812 tributan't
2394 2776 2477 2813 me
2497 2761 2694 2816 inimici
2715 2766 2835 2829 mei,
2868 2766 2969 2835 ipsi
3006 2767 3260 2837 inﬁrmati
3288 2782 3409 2824 sunt
3434 2781 3484 2825 et
3511 2789 3596 2827 ce-

1992 2847 2247 2902 ciderunt.
2284 2848 2346 2904 Si
2366 2852 2658 2904 consistant
2679 2853 2949 2909 adrersum
2989 2873 3070 2910 me
3098 2869 3290 2924 castra,
3322 2877 3423 2914 non
3451 2864 3596 2916 time-

1994 2941 2073 3013 bit
2095 2957 2186 2994 cor
2232 2957 2421 2995 meum.
2459 2941 2520 2997 Si
2550 2955 2801 3017 exsurgat
2829 2948 3100 3003 adversum
3150 2968 3231 3005 me
3262 2954 3516 3032 pra’littnt,
3542 2957 3597 3011 in

1996 3035 2093 3089 hoc
2118 3052 2213 3107 ego
2227 3034 2466 3106 sperabo.
2504 3035 2676 3092 Unam
2706 3041 2831 3111 petii
2851 3036 3144 3111 aDomino,
3161 3045 3297 3100 hanc
3320 3049 3594 3120 requiram,

1996 3134 2055 3178 nt
2081 3124 2368 3181 inhabilem
2412 3128 2466 3182 in
2510 3127 2663 3184 domo
2698 3128 2939 3199 Domini,
2973 3134 3206 3192 omnibus
3257 3137 3434 3194 diebus
3484 3143 3598 3198 vitta
3634 3186 3643 3199 .

284 3226 417 3283 odio
444 3226 627 3297 iniquo
654 3228 930 3287 infestant.
952 3230 1015 3285 I-Jt
1038 3232 1159 3289 ideo
1188 3233 1419 3298 custodi,
1445 3235 1637 3305 inquit,
1658 3238 1891 3295 animam

1996 3228 2144 3272 metu.
2173 3217 2242 3272 Ut
2262 3218 2460 3274 rideam
2483 3220 2790 3278 uoluntatem
2809 3223 3033 3293 Domini,
3056 3238 3106 3281 et
3132 3228 3330 3284 risitem
3355 3231 3594 3304 templum

276 3334 486 3386 meam,
511 3329 561 3375 et
595 3322 746 3392 eripe
770 3338 880 3388 me,
906 3333 963 3379 ut
993 3340 1101 3381 nou
1121 3324 1439 3393 conl'tmdar,
1457 3329 1714 3397 quoniam
1734 3346 1895 3402 spero

284 3414 348 3469 in
384 3422 459 3468 te.
491 3413 813 3472 lnnoccntes
840 3426 894 3471 et
930 3418 1061 3473 recti
1104 3417 1411 3475 adluereant
1450 3421 1598 3489 mibi,
1638 3424 1893 3494 quatiam

283 3506 537 3561 stistinco
569 3515 642 3571 te,
676 3507 927 3574 Domine,
960 3509 1085 3579 quia
1130 3509 1326 3567 liberas
1351 3512 1509 3569 Israel
1549 3514 1618 3570 ab
1645 3516 1895 3572 omnibus

283 3601 555 3667 angustiis
592 3601 724 3657 suis.
754 3599 871 3657 Jam
901 3603 992 3673 qui
1024 3604 1402 3662 innocentibus
1429 3615 1485 3662 et
1512 3608 1677 3665 rectis
1715 3610 1894 3666 adbte-

284 3702 377 3749 rct
398 3736 411 3757 ,
450 3704 501 3749 et
531 3694 757 3749 sustinet
791 3695 1098 3759 Dominum,
1130 3696 1291 3753 Israel
1316 3697 1569 3765 edicitur,
1604 3700 1656 3755 id
1683 3711 1787 3766 est,
1816 3701 1896 3757 vl-

270 3786 430 3843 deus
478 3786 674 3852 Deum,
706 3795 762 3842 et
792 3786 912 3845 ideo
945 3788 1061 3856 jam
1090 3788 1253 3845 Israel
1283 3790 1488 3855 factus,
1521 3791 1802 3849 redimitur
1827 3794 1897 3849 ab

266 3875 552 3943 erunibus
573 3877 831 3945 angustiis
856 3880 984 3944 suis,
1011 3877 1116 3933 Per
1144 3880 1429 3935 Dominum
1452 3890 1694 3939 nostrum
1713 3882 1898 3940 Iesum

265 3967 591 4032 -CI|I‘ISWm.
621 3969 711 4037 qui
741 3978 931 4038 regnat
958 3970 1013 4025 in
1043 3971 1238 4026 saecula
1267 3972 1608 4027 surculorum.
1634 3973 1823 4029 Amen.

840 4097 1158 4155 PSALMUS
1195 4099 1362 4156 XXV.

876 4212 1124 4278 Psalmus
1144 4215 1332 4272 David.

365 4344 559 4400 Judiea
578 4362 678 4411 me,
716 4345 957 4414 Domine,
981 4351 1226 4421 quoniam
1253 4368 1346 4423 ego
1374 4354 1429 4406 in
1454 4355 1750 4409 innocentia
1785 4374 1898 4412 mea

276 4444 562 4511 ingressas
591 4454 725 4505 sunt,
758 4448 811 4493 et
848 4440 903 4493 in
932 4439 1162 4495 Domino
1188 4459 1404 4512 sperans
1431 4459 1534 4497 non
1565 4445 1892 4516 inﬁrmebor.

254 4529 470 4588 -Proba
499 4546 598 4595 me,
630 4528 874 4598 Domine,
905 4542 957 4586 et
987 4542 1127 4587 tenta
1154 4551 1252 4599 me,
1282 4552 1547 4591 «remanes
1569 4552 1706 4593 meos
1732 4548 1780 4594 et
1806 4558 1895 4596 cor

1994 3310 2126 3381 ejus.
2160 3308 2416 3376 Quoniam
2445 3312 2715 3369 abscondit
2742 3334 2824 3371 me
2845 3319 2898 3371 in
2932 3319 3261 3377 tabernaculo
3289 3340 3400 3388 suo,
3429 3326 3483 3378 in
3514 3326 3598 3381 die

1978 3404 2249 3458 initlorum
2272 3407 2498 3474 proterit
2519 3422 2626 3470 me,
2650 3408 2704 3462 in
2735 3409 3040 3466 abscondito
3065 3412 3378 3469 tabernaculi
3401 3418 3500 3470 sui.
3532 3416 3597 3471 In

1994 3507 2140 3571 petra
2166 3498 2420 3551 excitarit
2440 3514 2542 3561 me,
2570 3507 2620 3552 et
2647 3515 2784 3552 nunc
2803 3501 3053 3556 exultat-it
3071 3515 3227 3575 caput
3255 3522 3420 3560 meum
3450 3524 3601 3579 super

1992 3587 2238 3641 inimicos
2259 3604 2417 3643 meos.
2452 3586 2677 3644 Circuiai
2694 3600 2745 3644 et
2758 3592 3016 3647 immolari
3042 3594 3097 3647 in
3131 3594 3463 3652 tabernaculo
3488 3600 3601 3671 ejus

1997 3681 2219 3736 hostium
2246 3682 2650 3753 vociferationis,
2697 3683 2919 3740 cantabo
2947 3695 2997 3740 et
3024 3689 3279 3757 psalmum
3302 3689 3465 3745 dicam
3489 3686 3597 3747 Do-

1996 3776 2156 3828 mino.
2194 3773 2432 3839 Exaudi,
2469 3774 2709 3841 Domine,
2742 3794 2913 3843 vocem
2959 3798 3126 3836 meam
3157 3799 3257 3853 qua
3289 3784 3507 3837 clamavi
3528 3778 3598 3839 ad

1988 3854 2066 3929 'te,
2106 3868 2350 3921 miserere
2376 3869 2504 3930 mei,
2538 3879 2588 3921 et
2621 3868 2812 3921 exaudi
2839 3886 2938 3922 me.
2973 3869 3087 3939 Tibi
3118 3871 3253 3925 dixit
3290 3889 3380 3925 cor
3405 3890 3595 3940 meum,

1996 3958 2271 4027 acquisivit
2321 3966 2368 4009 te
2394 3960 2554 4027 {acies
2583 3974 2718 4019 mea,
2745 3960 2931 4028 faciem
2962 3968 3122 4025 tuam,
3171 3959 3409 4028 Domine,
3441 3968 3606 4037 requi-

2000 4062 2134 4101 ram.
2163 4045 2246 4100 Ne
2272 4057 2476 4100 avertas
2517 4049 2703 4119 {aciem
2735 4056 2877 4101 tuam
2903 4066 2934 4102 a
2958 4066 3057 4116 me,
3091 4067 3156 4105 ne
3183 4051 3406 4109 declines
3436 4054 3489 4109 in
3520 4054 3603 4111 ira

1980 4154 2035 4192 ‘a
2063 4155 2211 4195 servo
2233 4147 2339 4193 tua.
2364 4138 2590 4210 Adjittor
2611 4154 2758 4193 meus
2779 4149 2905 4205 esto,
2932 4158 2998 4195 ne
3028 4141 3355 4216 derelinquas
3378 4163 3473 4212 me,
3507 4164 3601 4202 ne-

2002 4246 2099 4302 que
2123 4231 2376 4302 despicias
2400 4247 2497 4295 me,
2531 4229 2669 4285 Deus
2690 4232 2937 4287 salutaris
2964 4250 3126 4289 meas.
3160 4233 3417 4300 Quoniam
3458 4250 3605 4310 pater

1999 4338 2144 4377 meus
2162 4333 2211 4377 et
2238 4332 2405 4377 mater
2443 4340 2559 4378 mea
2600 4323 2982 4396 dereliquerunt
3009 4342 3106 4394 me,
3138 4326 3393 4385 Dominus
3434 4324 3605 4388 autem

2002 4418 2287 4491 assumpsit
2306 4434 2405 4472 me.
2434 4416 2620 4490 Legem
2642 4435 2779 4489 pone
2796 4418 2943 4487 mihi,
2970 4418 3209 4487 Domine,
3228 4423 3288 4477 in
3314 4425 3393 4479 via
3424 4435 3530 4492 tua,
3554 4437 3606 4481 et

2000 4509 2168 4582 dirige
2193 4527 2279 4564 me
2315 4512 2369 4564 in
2424 4513 2609 4566 semita
2658 4523 2798 4566 recta
2826 4524 3037 4585 propter
3063 4516 3302 4571 inimicos
3330 4534 3486 4573 meos.
3520 4508 3606 4575 Ne

276 4640 478 4682 meum.
514 4622 774 4688 Quonim
804 4626 1163 4681 misericordia
1185 4636 1269 4682 Μ
1291 4639 1411 4684 mm
1431 4631 1608 4686 oculos
1628 4649 1765 4688 meo,
1793 4645 1890 4697 at,
1924 4612 1974 4674 υ
2001 4602 2276 4656 tradideris
2308 4618 2388 4656 me
2415 4604 2468 4656 in
2495 4603 2703 4657 animas
2725 4602 3083 4659 tributantium
3115 4622 3219 4671 me,
3247 4609 3489 4679 quoniam
3520 4610 3605 4663 in-

264 4726 341 4773 et
395 4717 684 4786 cornplaaui
734 4718 786 4771 in
834 4720 1047 4773 ueritate
1096 4728 1201 4774 tua.
1234 4720 1355 4776 Non
1386 4726 1494 4778 sedi
1535 4741 1648 4780 cum
1677 4730 1894 4784 consitio

276 4812 556 4875 rauitatis,
588 4821 639 4865 et
666 4827 783 4866 cum
814 4814 990 4885 iniqua
1016 4804 1309 4886 gerentibus
1329 4834 1431 4872 non
1466 4818 1710 4875 introibo.
1742 4818 1895 4877 0divi

279 4900 587 4956 hcdesiam
632 4902 1056 4975 malignantium,
1089 4915 1139 4959 et
1168 4923 1283 4960 cum
1330 4908 1500 4977 impiis
1545 4928 1646 4964 non
1690 4912 1891 4968 sedebo.

280 4992 501 5048 Lavabo
534 4994 673 5049 inter
711 4995 1009 5050 innocentes
1051 5013 1240 5053 manus
1269 5017 1431 5065 meas;
1472 5012 1531 5079 et
1571 5004 1901 5062 circumdabo

272 5087 459 5141 altare
501 5095 666 5153 nam,
718 5086 959 5144 Domine.
1020 5089 1087 5144 Ut
1141 5094 1355 5146 audiant
1406 5111 1577 5150 vocem
1606 5096 1797 5162 laudis,
1841 5109 1892 5152 et

274 5192 527 5233 enarrem
568 5180 813 5234 uniuersa
840 5180 1107 5236 mirabilia
1138 5192 1247 5236 tua.
1283 5182 1523 5249 Domine,
1552 5186 1713 5242 dilexi
1740 5188 1891 5245 deco-

276 5287 398 5327 rem
418 5271 603 5326 domtts
634 5279 754 5336 tlte,
788 5282 838 5327 et
866 5274 1032 5328 locum
1075 5274 1411 5331 habitationis
1434 5280 1617 5350 gloria:
1661 5290 1778 5336 tna'.
1809 5280 1892 5335 Ne

276 5369 479 5443 perdas
499 5386 615 5423 cum
638 5371 813 5442 impiis
839 5373 1068 5428 animam
1095 5391 1282 5439 nteant,
1304 5386 1355 5429 et
1384 5393 1495 5430 cum
1525 5380 1645 5433 viris
1675 5384 1890 5453 sangui-

174 5512 189 5520 ,
278 5476 416 5514 nam
443 5461 603 5515 vitam
628 5477 813 5517 meam.
842 5460 907 5517 In
936 5480 1148 5534 quorum
1172 5467 1406 5524 manibus
1430 5470 1726 5542 iniquitates
1745 5483 1884 5537 sunt,

284 5552 511 5608 dextera
531 5570 707 5607 eorum
729 5553 923 5624 repleta
942 5566 1017 5608 est
1038 5557 1351 5612 muneribus.
1388 5558 1500 5632 Ego
1530 5570 1701 5616 autem
1731 5566 1783 5617 in
1814 5567 1897 5618 in-

285 5648 536 5704 nocentia
564 5660 679 5701 mea
730 5648 993 5719 ingressus
1042 5650 1173 5715 sum,
1228 5654 1419 5707 redime
1463 5672 1541 5708 mc
1578 5666 1625 5708 et
1656 5657 1896 5713 miserere

283 5744 414 5795 mei.
450 5739 554 5793 Pes
574 5740 711 5793 enim
733 5755 876 5792 meus
902 5741 1040 5791 stetit
1070 5743 1119 5793 in
1146 5741 1361 5807 directo,
1387 5746 1437 5797 iu
1466 5725 1708 5801 Ecclesiis
1741 5747 1891 5802 bene-

285 5833 464 5890 dicam
490 5843 553 5899 te,
584 5828 816 5888 Domine.

1997 4704 2333 4749 surrexerunt
2352 4698 2405 4750 in
2435 4713 2516 4751 tne
2538 4704 2690 4752 testes
2713 4698 2899 4770 iniqui,
2931 4708 2982 4752 et
3013 4702 3228 4753 mentita
3256 4711 3332 4754 est
3358 4702 3607 4772 iniquitas

1999 4789 2116 4842 sibi.
2161 4786 2331 4844 Credo
2368 4789 2543 4844 ridere
2582 4790 2717 4845 bona
2748 4789 2982 4857 Domini,
3022 4794 3078 4846 in
3133 4801 3271 4848 terra
3311 4796 3601 4854 nitentium.

2004 4876 2268 4950 Exspecta
2319 4877 2622 4946 Dominum,
2677 4880 2896 4954 tirititer
2936 4899 3052 4954 age,
3084 4892 3135 4937 et
3161 4888 3481 4959 confortatur
3519 4906 3609 4963 cor

2006 4978 2164 5035 tuum,
2189 4978 2239 5025 et
2253 4973 2458 5026 eustine
2486 4970 2790 5025 Dominum.

2584 5103 3022 5147 COIIENTARIUI.

2073 5199 2270 5254 Psalmi
2296 5200 2478 5256 titulus
2508 5201 2673 5259 habet
2698 5204 2966 5274 positum,
2994 5209 3307 5285 priusquam
3339 5205 3601 5269 liuiretur.

2002 5292 2229 5348 Solitum
2258 5302 2341 5349 est
2358 5293 2562 5351 homini
2584 5296 2638 5352 in
2666 5307 2951 5370 potentatu
2978 5304 3159 5373 posito
3182 5296 3454 5357 recordari
3475 5301 3605 5367 quid

2003 5385 2172 5453 egerit
2190 5386 2315 5440 dum
2359 5402 2563 5458 pauper
2591 5396 2767 5467 esset;
2807 5393 2956 5464 prius
2978 5407 3109 5463 ergo
3137 5406 3298 5461 quam
3337 5387 3601 5461 ﬁniretur,

2004 5477 2318 5533 recordatur
2361 5478 2473 5549 jam
2504 5469 2718 5547 unctus,
2752 5492 2808 5536 et
2860 5482 2989 5536 dicit
3035 5496 3157 5550 qua:
3198 5479 3458 5549 cogitatio
3486 5485 3605 5556 ejus

2001 5568 2181 5636 fuerit,
2206 5570 2515 5642 priusquam
2542 5572 2790 5627 Iiniretur
2819 5573 2922 5647 boc
2945 5568 3135 5627 ordine
3160 5589 3171 5622 :
3200 5573 3351 5642 quasi
3396 5576 3487 5647 qui
3517 5581 3602 5638 di-

2001 5671 2169 5725 ceret,
2194 5664 2240 5718 si
2271 5665 2581 5735 priusquam
2609 5672 2804 5723 unctus
2826 5677 3020 5725 essem,
3050 5670 3261 5732 septem
3284 5665 3475 5729 fratres
3498 5680 3602 5735 mei

2002 5756 2179 5823 magni
2212 5755 2310 5810 viri
2338 5756 2405 5811 ab
2435 5755 2688 5809 unctione
2734 5754 2961 5809 recusati
3008 5763 3149 5819 sunt,
3183 5767 3239 5817 et
3284 5765 3387 5821 mei
3418 5785 3602 5827 cum."

2006 5844 2146 5899 Deus
2167 5847 2352 5916 gessit,
2381 5853 2436 5897 ut
2466 5858 2688 5915 parvum
2719 5852 2773 5897 et
2812 5844 3063 5915 pusillum
3102 5846 3323 5921 eligeret
3353 5865 3405 5912 et
3434 5874 3603 5931 unge.
