4108 6348
551 327 662 385 359

1882 319 2152 377 ARNODII
2191 317 2264 373 ,ΗΣ
2274 314 2499 381 MONS

3758 313 3882 377 560

555 452 672 510 ret;
702 457 848 499 nunc
880 440 996 511 ipso
1016 436 1349 494 illuminante
1378 435 1528 500 mihi,
1562 444 1616 490 ct
1646 434 1868 505 fugante
1895 452 1924 489 a
1955 452 2041 492 me
2071 444 2153 491 tc-
2183 439 2230 496 Α
2261 449 2325 487 ne
2353 431 2562 503 quando
2586 441 2760 487 taceas
2790 450 2823 485 a
2844 449 2958 498 me,
2989 442 3038 486 et
3068 432 3401 487 assimilabor
3428 433 3882 493 descendentibus

557 536 773 600 nebras,
795 547 896 604 ego
914 545 1074 602 quem
1096 527 1341 583 timebo?
1370 527 1463 582 illo
1491 526 1816 583 defendente
1847 532 1951 594 me,
1986 542 2016 581 a
2046 543 2157 598 quo

559 626 875 700 trepidabo?
895 623 1057 679 etiam
1104 620 1150 679 si
1175 619 1485 693 proximent
1513 619 1642 673 mihi
1673 636 1703 673 a
1744 617 1872 675 Saul
1901 619 2068 685 missi,
2102 628 2161 675 ut

560 721 729 777 edant
749 731 940 775 carnes
967 727 1138 779 meas,
1180 712 1272 784 qui
1296 711 1556 767 tribulant
1594 726 1700 775 me,
1724 719 1780 766 et
1805 710 2006 766 inimici
2032 710 2157 773 mei,

561 812 661 885 ipsi
702 806 955 865 inﬁrmati
1007 812 1134 861 sunt
1178 811 1234 860 et
1260 802 1589 860 ceciderunt.
1614 802 1673 858 Si
1712 801 1875 858 etiam
1919 801 2159 872 praelium

559 906 813 970 exsurgat
851 899 1136 955 adversum
1164 910 1272 962 me,
1306 909 1409 965 ego
1438 894 1492 949 in
1521 894 1910 951 illuminatione
1950 892 2161 949 Domini

561 1016 606 1069 δι
626 996 813 1052 crabo.
846 991 1021 1048 Unum
1044 991 1173 1047 hoc
1200 998 1287 1047 est
1324 988 1471 1060 quod
1510 988 1727 1060 postulo
1776 987 2082 1051 Dominum,
2106 996 2163 1041 et

562 1091 667 1148 hoc
695 1087 933 1158 requiro,
964 1094 1024 1141 ut
1052 1084 1262 1155 videam
1290 1082 1420 1155 quid
1465 1083 1675 1154 placeat
1704 1081 1952 1148 Domino,
1993 1079 2160 1138 sciam

563 1184 897 1239 voluntatem
920 1179 1058 1249 ejus,
1088 1185 1142 1233 et
1164 1176 1377 1232 videam
1406 1176 1616 1248 protegi
1646 1175 1903 1246 templum
1927 1165 2077 1244 'ejus,‘
2103 1182 2165 1229 ut

564 1274 656 1345 qui
676 1272 745 1328 ad
772 1288 896 1328 eum
926 1268 1246 1340 confugerit,
1277 1267 1599 1333 honoretur,
1620 1274 1681 1322 et
1702 1266 1771 1321 ab
1792 1266 2027 1321 hostium
2056 1280 2165 1320 ma~

566 1364 726 1421 nibus
754 1353 863 1418 non
885 1360 1058 1432 possit
1086 1358 1210 1415 inde
1237 1358 1407 1428 eripi:
1442 1366 1646 1412 tantam
1675 1358 2037 1413 reverentiam
2062 1357 2163 1413 ha-

567 1460 695 1516 beat
738 1454 977 1511 Ecclesia
1014 1452 1131 1520 Dei,
1164 1460 1224 1508 ut
1251 1451 1414 1508 etiam
1442 1451 1511 1506 ab
1557 1449 1801 1506 hostibus
1844 1450 2162 1516 honoretur,

572 1559 633 1607 ut
660 1547 916 1606 abscondi
946 1546 1146 1619 possim
1176 1546 1229 1601 in
1267 1543 1614 1602 tabernaculo
1635 1543 1752 1614 ejus
1780 1543 1833 1599 in
1864 1543 1953 1599 die
1990 1542 2165 1621 malo:-

573 1658 716 1706 rum,
740 1647 797 1696 et
819 1654 984 1710 super
1003 1645 1214 1710 petram
1235 1636 1524 1702 exaltetur,
1568 1641 1627 1690 ut
1656 1642 1827 1705 portae
1866 1632 2023 1690 inferi
2056 1650 2165 1690 non

574 1733 901 1807 praevaleant
925 1732 996 1795 ei,
1025 1737 1085 1786 ut
1112 1729 1382 1786 exaltetur
1409 1737 1573 1800 caput
1599 1727 1716 1799 ejus
1739 1742 1902 1800 super
1919 1728 2168 1784 inimicos

2261 525 2317 578 in
2346 523 2536 577 locant.
2567 522 2797 589 Exaudi,
2830 522 3070 588 Domine,
3100 540 3271 579 vocem
3299 524 3681 596 deprecationis
3707 542 3878 592 mese,

2264 614 2386 668 dum
2411 631 2503 670 oro
2528 615 2599 669 ad
2631 624 2699 681 te,
2730 615 2855 669 dum
2881 614 3077 669 extollo
3107 631 3290 669 manus
3320 631 3484 681 meos,
3515 617 3586 670 ad
3612 620 3879 688 templum

2263 716 2501 762 sanctum
2530 717 2692 762 tuum.
2725 704 2810 763 Ne
2828 706 2985 762 simul
3013 706 3192 764 tradas
3217 722 3298 761 me
3331 722 3451 762 cum
3476 708 3879 783 peccatoribus,

2262 808 2313 852 et
2337 813 2454 851 cum
2475 795 2813 869 operantibus
2839 797 3168 868 iniquitatem
3190 813 3254 851 ne
3278 797 3469 870 perdas
3496 814 3596 853 me.
3639 796 3761 864 Qui.
3797 798 3881 853 lo-

2262 900 2491 958 quuntur
2517 905 2699 959 pacem
2719 905 2836 948 eunt
2863 888 3104 959 proximo
3130 904 3244 955 suo,
3267 888 3411 943 mala
3446 893 3621 943 autem
3649 889 3707 943 in
3743 904 3882 944 cor-

2264 980 2413 1035 dibus
2436 996 2635 1036 eorum.
2661 978 2747 1033 Da
2776 980 2885 1034 illis
2908 979 3189 1034 secundum
3209 996 3367 1051 opera
3384 996 3582 1046 eorum,
3601 991 3654 1036 et
3679 998 3886 1036 sem-

2264 1071 2388 1124 dum
2439 1070 2724 1142 nequitiam
2774 1069 3200 1143 adirtoentionum
3254 1071 3506 1141 ipsorum.
3563 1070 3885 1127 Secundam

2263 1180 2423 1233 opera
2451 1178 2702 1217 manuum
2722 1178 2902 1218 eorum
2932 1160 3098 1217 tribue
3123 1160 3248 1228 illis,
3273 1162 3435 1216 redde
3476 1164 3885 1221 retributionem

2264 1269 2445 1309 eorum
2472 1254 2620 1325 ipsis.
2645 1252 2909 1319 Quoniam
2930 1269 3037 1310 non
3059 1253 3428 1309 intellexerunt
3448 1273 3605 1324 opera
3624 1254 3883 1320 Domini.

2265 1354 2317 1425 et
2343 1345 2398 1398 in
2419 1358 2577 1415 opera
2607 1360 2855 1399 manuum
2880 1361 3059 1400 eorum
3085 1344 3321 1399 destrues
3342 1344 3464 1400 illos
3481 1385 3496 1410 ,
3527 1355 3576 1401 et
3603 1364 3710 1402 non
3732 1348 3882 1403 aetii-

2268 1436 2454 1508 ficabis
2481 1455 2589 1494 eos.
2625 1435 2934 1493 Benedictus
2982 1430 3556 1511 Dominus,'quoniam
3601 1442 3882 1497 exaudiuit

2268 1546 2442 1585 vocem
2468 1530 2849 1599 deprecationis
2887 1545 3035 1585 mea'.
3078 1528 3337 1586 Dominus
3362 1531 3577 1602 adjutor
3616 1549 3803 1595 meus,
3838 1543 3880 1587 et

2256 1631 2534 1701 protector
2553 1638 2718 1686 meus,
2744 1630 2794 1676 et
2837 1621 3035 1703 in‘ipso
3057 1623 3284 1693 speravit
3310 1638 3403 1675 cor
3431 1638 3619 1689 meum,
3641 1633 3692 1677 et
3715 1625 3883 1697 πόλει·
3922 1610 3927 1615 ’

2270 1727 2350 1772 tus
2384 1733 2519 1772 sum.
2553 1714 2621 1769 Et
2660 1716 2899 1785 reﬂoruit
2948 1732 3072 1770 caro
3099 1732 3234 1782 mea,
3275 1725 3325 1771 et
3354 1733 3420 1771 ea:
3466 1718 3729 1771 roluntate
3754 1734 3885 1774 esset

574 1805 711 1897 ejus,
740 1824 1137 1881 etcireumeam
1165 1830 1222 1877 et
1260 1821 1533 1877 immolem
1585 1819 1639 1874 in
1680 1819 2028 1877 tabernaculo
2055 1819 2174 1890 ejus

2284 1806 2564 1880 ron/itebor
2591 1808 2659 1871 ei,
2686 1805 2941 1865 Dominus
2967 1806 3219 1880 fortitudo
3254 1806 3415 1877 plebis
3455 1824 3584 1871 sua,
3611 1819 3663 1864 et
3696 1820 3881 1880 prote-

575 1919 807 1977 hostiam
832 1915 1191 1988 jnbilationis,
1221 1922 1279 1972 et
1296 1923 1511 1971 cantem
1536 1914 1588 1969 in
1617 1929 1703 1981 ea,
1734 1921 1791 1969 et
1811 1913 2036 1986 psallam
2062 1913 2162 1970 Do-

577 2013 747 2077 mino,
770 2019 826 2066 et
855 2009 1085 2066 fundens
1107 2008 1160 2064 in
1201 2022 1265 2064 ea
1294 2022 1502 2079 preces,
1535 2021 1756 2063 securus
1783 2005 1959 2062 dicam
1987 2005 2173 2062 Domi-

579 2122 650 2161 no
684 2121 697 2157 :
729 2096 986 2159 Miserere
1032 2100 1169 2162 mei;
1194 2107 1250 2155 et
1288 2097 1485 2155 exaudi
1534 2113 1641 2153 me.
1674 2095 1730 2154 Si
1779 2104 1961 2153 tamen
1992 2096 2087 2153 Dei
2115 2113 2176 2154 se

576 2202 874 2251 amatorem
922 2189 1244 2257 ostendens,
1287 2188 1541 2246 invisibili
1578 2188 1917 2247 invisibiliter
1954 2189 2185 2245 clamet.
2223 2251 2227 2254 ν

579 2291 734 2345 Sicut
746 2286 958 2360 Moyses
974 2301 1089 2353 ore,
1115 2286 1310 2356 inquit,
1331 2284 1561 2350 tacebat,
1585 2283 1679 2339 sed
1701 2282 1864 2340 corde
1883 2282 2173 2348 clamabat,

489 2377 493 2381 ’
577 2380 722 2437 unde
750 2381 830 2435 ait
872 2379 1133 2435 Dominus
1156 2377 1225 2433 ad
1252 2393 1376 2434 eum
1402 2395 1415 2430 :
1446 2374 1606 2442 Quid,
1651 2376 1849 2447 inquit,
1880 2375 2077 2429 clamas
2107 2374 2177 2428 ad

582 2490 663 2527 me
694 2470 895 2543 (Exod.
919 2471 1075 2541 ‘x1v)?
1096 2470 1177 2525 sic
1204 2477 1260 2525 et
1298 2469 1355 2527 in
1380 2468 1485 2524 isto
1512 2468 1635 2525 loco
1662 2476 1874 2523 amator
1910 2468 2039 2533 Dei,
2066 2483 2178 2523 non

580 2579 834 2635 qumrens
889 2562 1054 2617 ullam
1100 2561 1287 2633 mundi
1337 2546 1594 2632 speciem,
1624 2561 1720 2617 sed
1767 2560 1939 2617 solam
1978 2558 2180 2616 Christi

470 2728 479 2739 ι
528 2737 537 2739 ᾗ
581 2653 1035 2739 pulchritudinem
1056 2653 1464 2726 concupiscens,
1492 2667 1558 2709 ea
1576 2652 1741 2710 verba
1767 2668 1890 2724 qua:
1909 2660 2181 2710 amatores

582 2728 761 2806 saleni
789 2748 869 2805 eis
895 2762 1032 2818 quos
1058 2746 1287 2817 diligunt
1310 2746 1490 2818 dicere
1512 2747 1853 2803 sermonibus
1871 2746 2084 2817 linguae,
2106 2746 2180 2804 ita

585 2840 689 2897 iste
715 2840 1056 2915 sermonibus
1083 2839 1352 2896 exclamat
1401 2838 1601 2904 cordis,
1632 2838 1821 2896 dicens
1853 2857 1866 2893 :
1899 2838 2019 2896 Tibi
2044 2839 2184 2896 dixit

583 2949 683 2990 cor
706 2947 906 2997 meum,
926 2931 1152 3003 quzcsivi
1174 2931 1380 2987 vultum
1409 2938 1581 2999 tuum,
1611 2946 1719 2987 non
1750 2938 1964 2988 avertas
1989 2930 2181 2988 faciem

582 3036 732 3084 tuam
759 3043 794 3083 a
820 3042 929 3094 me,
954 3042 1024 3083 ne
1042 3026 1284 3084 declines
1312 3028 1367 3083 in
1392 3027 1470 3082 ira
1500 3042 1531 3082 a
1560 3042 1720 3084 servo
1748 3036 1864 3083 tuo.
1904 3025 2009 3097 Egi
2034 3026 2181 3083 enim

511 3194 524 3212 ‘
585 3121 714 3176 talia
741 3120 936 3192 quibus
954 3117 1102 3190 juste
1151 3120 1318 3176 iratus
1354 3136 1385 3175 a
1411 3134 1532 3177 mea
1560 3121 1997 3193 concupiscentia
2025 3135 2183 3177 aver—

585 3212 735 3279 taris,
764 3210 861 3268 sed
886 3211 1041 3282 quasi
1068 3211 1376 3268 misericors
1402 3220 1461 3268 et
1504 3211 1722 3283 adjutor
1748 3227 1901 3269 meus
1923 3228 1985 3269 es
2004 3221 2081 3280 tu,
2114 3227 2183 3269 ne
2206 3202 2255 3266 C

584 3303 928 3375 derelinquas
956 3316 1064 3369 me,
1115 3318 1293 3375 name
1319 3302 1586 3374 despicias
1626 3319 1735 3368 me,
1766 3303 1910 3360 Deus
1933 3304 2185 3361 salutaris

585 3410 758 3451 meus.
795 3393 927 3451 Vide
976 3401 1157 3451 autem
1183 3394 1402 3465 qualem
1430 3410 1674 3451 amorem
1701 3395 1815 3451 Deo
1835 3381 2048 3451 oll’erat.
2083 3394 2186 3452 Le-

584 3490 777 3558 gimus,
794 3486 929 3556 Quia
952 3488 1201 3561 relinquet
1219 3488 1373 3544 homo
1391 3495 1593 3560 patrem
1606 3496 1657 3543 et
1675 3496 1912 3552 matrem,
1933 3497 1984 3543 et
2008 3488 2185 3544 adlice-

587 3583 716 3639 rebit
735 3585 891 3639 uxori
910 3581 1063 3654 (Gen.
1090 3599 1149 3651 ιι,
1175 3581 1370 3636 Matth.
1401 3581 1544 3653 xu);
1576 3581 1650 3637 ita
1670 3582 1780 3649 hic,
1807 3581 1935 3651 quia
1962 3581 2185 3637 adama-

588 3675 664 3731 vit
690 3674 997 3740 Dominum,
1031 3672 1209 3739 Pater,
1240 3674 1432 3744 inquit,
1458 3690 1631 3741 incus,
1661 3682 1719 3730 et
1744 3682 1918 3731 mater
1944 3690 2065 3732 mea
2093 3674 2189 3730 de-

587 3766 927 3837 reliquerunt
948 3780 1055 3832 me,
1083 3764 1342 3821 Dominus
1361 3772 1543 3821 autem
1568 3767 1858 3838 assumpsit
1889 3780 1995 3831 me,
2024 3767 2188 3824 etiam

586 3858 743 3931 quasi
768 3866 857 3924 tu,
888 3873 922 3914 ο
951 3857 1198 3923 Domine,
1243 3838 1406 3928 quem
1446 3857 1765 3914 derelictum
1792 3875 1824 3914 a
1875 3852 2189 3930 parentibus

508 3976 511 3979 ·
586 3951 962 4024 assumpsisti:
994 3935 1195 4022 Legem
1220 3966 1366 4023 pone
1404 3951 1536 4008 mihi
1587 3952 1641 4007 in
1690 3952 1773 4008 via
1820 3962 1932 4019 tua,
1964 3952 2191 4010 ostende

568 4044 716 4115 .quid
740 4044 896 4110 velis,
924 4042 1054 4114 quid
1083 4043 1245 4109 nolis,
1281 4042 1410 4115 quid
1432 4042 1646 4114 diligas,
1687 4044 1816 4115 quid
1843 4044 2015 4101 odias.
2047 4043 2191 4101 Fieri

589 4136 734 4191 enim
760 4134 964 4207 poterit
984 4140 1042 4190 ut
1069 4135 1402 4205 obsequendi
1424 4143 1552 4191 voto
1575 4135 1864 4201 oll'endam,
1886 4136 1934 4192 si
1958 4136 2193 4222 qualiter

590 4223 817 4280 debeam
844 4230 971 4277 ante
998 4238 1107 4279 non
1135 4223 1359 4279 discam.
1407 4222 1476 4278 Et
1517 4224 1642 4293 quia
1689 4223 1893 4280 inimici
1921 4224 2027 4281 mei
2056 4223 2192 4279 nihil

594 4312 739 4368 aliud
765 4312 986 4369 student
1009 4312 1114 4368 nisi
1142 4320 1203 4368 ut
1223 4322 1278 4370 te
1303 4314 1533 4381 oll‘enso,
1558 4315 1634 4369 illi
1654 4331 1819 4385 super
1845 4331 1932 4372 me
1960 4316 2194 4371 habeant

595 4409 945 4475 potestatem,
977 4402 1080 4459 hoc
1109 4416 1261 4472 rogo,
1296 4410 1357 4457 ut
1376 4402 1576 4473 dirigas
1599 4420 1688 4459 me
1714 4405 1769 4459 in
1794 4405 1882 4460 via
1901 4412 2049 4461 recta
2076 4421 2197 4476 pro-

595 4505 715 4567 pter
742 4493 990 4552 inimicos
1014 4508 1187 4562 meos,
1215 4502 1402 4552 utnon
1424 4494 1605 4551 tradas
1636 4511 1725 4552 me
1751 4497 1805 4552 in
1828 4497 2038 4553 animas
2064 4512 2191 4569 per-

2277 1912 2389 1957 ctor
2415 1900 2760 1956 salvationum
2786 1897 2980 1955 Christi
3016 1901 3099 1955 sui
3136 1909 3233 1955 est.
3266 1900 3484 1956 Salsum
3509 1903 3598 1974 ’fac
3624 1904 3880 1973 populum

2276 2003 2440 2060 tuum,
2472 1990 2715 2059 Domine,
2745 2001 2796 2046 et
2817 1990 3032 2046 benedic
3058 1992 3357 2048 haereditati
3396 2002 3519 2059 tute,
3544 2003 3594 2049 et
3623 2012 3746 2068 rege
3765 2014 3877 2060 eos.

2275 2096 2325 2143 et
2342 2086 2533 2177 extolle
2559 2084 2681 2141 illos
2708 2101 2871 2153 usque
2900 2085 2955 2140 in
2986 2093 3259 2141 aeternum.

2850 2214 3291 2256 COIIENTAIIUI.

2348 2315 2407 2370 ln
2438 2313 2534 2370 Dei
2563 2313 2703 2369 Filio
2732 2294 3030 2385 perfectum
3055 2312 3246 2379 Deum,
3270 2312 3569 2384 perfectum
3597 2315 3878 2373 hominem

2277 2407 2622 2472 conﬁtemur,
2643 2420 2807 2478 quem
2832 2404 3108 2461 hominem
3138 2405 3454 2461 interiorem
3483 2422 3632 2461 suum
3658 2406 3870 2479 alloqui

2281 2501 2335 2555 in
2357 2498 2462 2555 isto
2482 2498 2693 2571 psalmo
2721 2496 3074 2564 advertimus,
3105 2496 3159 2553 in
3181 2512 3291 2567 quo
3316 2496 3535 2564 clamat,
3552 2497 3720 2553 Simul
3745 2514 3878 2555 eum

2280 2590 2660 2663 peccatoribus
2714 2603 2786 2645 ne
2849 2587 3092 2645 tradatur
3148 2590 3235 2661 qui
3282 2597 3552 2660 peccatum
3603 2606 3708 2645 non
3759 2592 3879 2663 fecit

2284 2684 2327 2755 (l
2356 2682 2476 2738 Pet.
2509 2681 2605 2754 ιι).
2638 2680 2707 2737 Et
2731 2682 2861 2754 quia
2885 2681 3044 2739 dolus
3072 2682 3126 2738 in
3155 2697 3254 2738 ore
3280 2681 3398 2751 ejus
3425 2697 3701 2753 nunquam
3749 2683 3875 2749 fuit,

2284 2774 2390 2831 hoc
2417 2781 2557 2843 orat,
2582 2780 2643 2828 ut
2681 2773 2812 2829 dum
2836 2772 3028 2830 similis
3050 2773 3213 2849 fuerit
3238 2772 3692 2831 descendentibus
3722 2776 3777 2832 in
3806 2776 3877 2831 la-

2282 2881 2426 2933 ctIn,
2450 2866 2557 2923 hoc
2583 2873 2699 2933 est,
2730 2880 2855 2921 cum
2874 2864 3066 2931 similis
3091 2864 3253 2921 fuerit
3280 2865 3523 2936 sepultis,
3549 2883 3658 2921 non
3683 2867 3879 2924 habeat

2283 2965 2495 3030 partem
2521 2972 2645 3014 eum
2672 2956 2756 3013 bis
2800 2957 2894 3029 qui
2941 2957 3235 3028 loquuntur
3288 2958 3478 3029 pacem
3506 2958 3562 3013 in
3590 2975 3717 3026 ore,
3742 2969 3795 3031 et
3822 2960 3876 3014 in

2284 3053 2449 3109 corde
2476 3050 2744 3108 fabricant
2783 3051 2945 3117 mala,
2976 3053 3115 3111 sicut
3133 3051 3299 3108 ludas
3339 3050 3483 3108 fecit.
3529 3052 3609 3111 Da
3639 3054 3773 3121 illis,
3800 3054 3879 3111 in»

2285 3146 2423 3217 qtu't,
2454 3144 2751 3202 secundum
2779 3159 2944 3216 opera
2972 3160 3181 3211 eorum,
3211 3145 3304 3217 qui
3340 3160 3508 3216 opera
3531 3144 3748 3203 Domini
3775 3149 3879 3204 no'n

2288 3237 2700 3304 intellexemnt,
2732 3243 2790 3293 et
2837 3251 3000 3307 quem
3027 3237 3285 3293 videbant
3330 3246 3579 3294 mortuos
3623 3240 3882 3296 suscitare

2286 3327 2576 3385 dicebant:
2607 3325 2713 3381 llic
2739 3327 2894 3382 homo
2929 3337 3131 3382 nonest
3158 3345 3190 3381 a
3222 3325 3331 3383 Deo
3358 3326 3542 3398 (Joan.
3575 3331 3678 3395 Ix).
3710 3330 3879 3386 Alle-

2287 3437 2381 3478 sus
2403 3421 2619 3477 dicebat
2643 3420 2725 3476 eis
2753 3437 2766 3473 :
2794 3419 2858 3493 Si
2885 3418 3050 3475 verbis
3079 3437 3185 3475 non
3236 3421 3471 3487 creditis,
3518 3422 3598 3477 vel
3637 3423 3884 3494 operibus

2288 3513 2485 3569 credite
2505 3511 2690 3584 (Joan.
2718 3512 2795 3582 ιι).
2812 3511 2892 3567 Illi
2912 3519 3094 3566 autem
3113 3527 3221 3568 non
3238 3511 3614 3569 intellexerunt
3632 3514 3687 3567 in
3709 3528 3889 3584 opera

2291 3605 2525 3670 Domini,
2550 3611 2608 3661 et
2635 3604 2756 3660 ideo
2776 3604 3143 3671 destruentur,
3169 3620 3270 3661 nec
3290 3604 3709 3671 sedilicabuntur,
3739 3609 3873 3676 quia

2290 3696 2549 3753 Dominus
2564 3696 2849 3753 suscitavit
2871 3694 3056 3752 Iesum
3076 3710 3107 3750 a
3128 3697 3377 3763 mortuis,
3405 3705 3456 3753 et
3480 3694 3721 3752 reﬂoruit
3737 3713 3882 3754 caro

2289 3787 2409 3859 ejus
2431 3829 2446 3855 ,
2489 3794 2546 3844 et
2572 3804 2639 3844 ex
2685 3788 2964 3843 voluntate
2993 3804 3089 3847 sua
3117 3787 3397 3845 confessus
3424 3795 3505 3844 est
3548 3787 3646 3843 illi.
3688 3785 3885 3845 Omnia

2290 3880 2435 3937 enim
2463 3897 2585 3952 qua:
2615 3896 2803 3951 passus
2850 3888 2953 3942 est,
2981 3895 3081 3951 pro
3108 3881 3389 3936 voluntate
3417 3895 3514 3935 sua
3541 3895 3732 3951 passus
3776 3888 3889 3946 est,

2291 3972 2431 4030 sicut
2472 3973 2588 4044 ipse
2639 3973 2716 4028 ait
2752 3991 2765 4026 :
2818 3972 3135 4028 Potestatem
3177 3973 3339 4030 habeo
3380 3973 3613 4045 ponendi
3657 3974 3890 4028 annnam

2292 4081 2490 4129 meam,
2514 4073 2565 4119 et
2594 4064 2782 4118 iterum
2810 4063 3114 4118 assumendi
3136 4080 3253 4117 eam
3297 4061 3498 4134 (Joan.
3531 4062 3623 4135 x).
3658 4061 3723 4117 Et
3767 4063 3894 4120 ideo

2293 4159 2369 4211 ait
2402 4175 2415 4210 :
2450 4155 2529 4211 Ex
2556 4156 2837 4211 voluntate
2866 4171 2985 4212 mea
3015 4155 3319 4212 conﬁtebor
3348 4155 3444 4211 illi.
3485 4154 3608 4227 Ipse
3634 4164 3720 4212 est
3745 4158 3894 4212 enim

2295 4245 2552 4303 fortitudo
2580 4246 2754 4317 plebis
2779 4262 2909 4313 sum,
2939 4247 3065 4317 quia
3104 4246 3248 4303 dicta
3277 4247 3434 4304 factis
3459 4247 3724 4319 implevit.
3747 4247 3897 4305 Dixit

2294 4352 2354 4393 se
2382 4352 2685 4409 passurum,
2717 4345 2774 4393 οι
2817 4352 3010 4408 passus
3037 4346 3149 4403 οει;
3180 4339 3534 4406 moriturum,
3564 4347 3623 4395 et
3646 4348 3899 4397 mortuus

2296 4436 2414 4495 est;
2444 4438 2831 4497 surrecturum,
2860 4437 2916 4485 et
2943 4444 2975 4484 a
3004 4430 3234 4486 mortuis
3261 4430 3577 4497 resurrexit,
3601 4430 3903 4488 excludas

2299 4522 2551 4579 inlirmita
2558 4532 2666 4580 tem
2676 4523 3072 4595 trepidationis,
3085 4532 3142 4580 et
3150 4522 3286 4581 dans
3294 4522 3667 4580 fortitudinem
3684 4541 3907 4599 promp-

596 4586 933 4687 “Mm”!
960 4602 1065 4654 ἠδ’
1098 4588 1662 4687 Ἷ“Ῐ³,ξ¹¹⁸¹¹¹ξ¹’ίῗ¹ξ⁸¹’“ξξί
1687 4590 1742 4644 ί¹¹
1780 4605 1866 4647 me
1900 4598 2065 4647 ιθθιθδ
2092 4591 2195 4687 Mf
2223 4584 2276 4647 θ
2301 4616 2519 4672 tissima:
2548 4584 2861 4672 voluntatis.
2893 4615 3031 4683 Quia
3056 4584 3336 4687 protector
3362 4584 3909 4675 salutarium-Christi

597 4679 708 4752 qui.
734 4677 1036 4762 Ostendunt
1079 4679 1263 4737 mundi
1310 4681 1783 4753 pulchritudinem,
1815 4699 1937 4755 qua:
1973 4699 2096 4741 cum
2125 4684 2197 4741 sit

597 4774 843 4837 mortalis
864 4774 918 4830 in
938 4783 1118 4845 gustu,
1159 4775 1408 4847 speciosa
1428 4783 1513 4832 est
1539 4776 1594 4831 in
1620 4784 1864 4848 aspectu,
1895 4783 1953 4833 et
1972 4777 2197 4833 mentita

600 4863 734 4922 facie
760 4866 961 4938 decipit
978 4942 987 4952 .
1007 4868 1390 4939 inspectorem.
1438 4868 1554 4939 Ego
1581 4877 1760 4926 autem
1801 4869 1895 4940 qui
1923 4869 2040 4927 huic
2061 4884 2197 4926 eon-

576 4966 804 5029 temne,
826 4960 991 5015 credo
1016 4960 1160 5031 quod
1184 4958 1558 5018 videam'bona
1582 4961 1794 5019 Domini
1820 4962 2065 5027 inJerra,
2092 4978 2198 5019 non

600 5053 928 5119 mortalium,
947 5055 1041 5111 sed
1068 5055 1387 5112 viventium.
1426 5055 1505 5111 Ad
1528 5056 1643 5113 haec
1670 5055 1951 5129 respondit
1976 5056 2030 5112 in
2055 5056 2194 5111 anti-

601 5145 784 5217 phona
823 5144 1056 5217 Spiritus
1087 5165 1099 5201 :
1138 5144 1196 5202 Si
1228 5162 1358 5217 ergo
1385 5148 1562 5203 credis
1589 5147 1771 5204 videre
1815 5149 1955 5205 bona
1985 5146 2197 5204 Domini

603 5240 657 5295 in
685 5247 829 5296 terra
859 5238 1177 5306 viventium,
1201 5248 1455 5311 exspecta
1486 5240 1800 5307 Dominum;
1824 5256 1923 5312 age
1951 5239 2196 5305 viriliter,

570 5364 573 5369 ι
600 5333 938 5390 confortetur
958 5349 1056 5389 cor
1076 5341 1247 5396 tuum,
1272 5340 1330 5388 et
1348 5333 1552 5389 sustine
1568 5335 1871 5404 Dominum,
1896 5336 1989 5408 qui
2011 5346 2200 5407 regnat

601 5424 655 5480 in
679 5424 877 5481 satcula
907 5424 1247 5481 saeculorum.
1274 5424 1463 5480 Amen.
1492 5476 1503 5490 ,
1586 5474 1591 5483 .

1118 5558 1433 5617 PSALMUS
1471 5558 1701 5628 xxvn.;

1103 5652 1348 5729 l’salmus
1377 5674 1477 5744 ipsi
1509 5671 1698 5727 David.

681 5783 759 5847 Ad
786 5791 851 5844 te,
886 5781 1121 5848 (tantine,
1145 5785 1401 5851 clamabo,
1436 5786 1574 5841 Dens
1597 5803 1735 5841 meus
1769 5803 1831 5840 ne
1851 5785 2005 5842 sileas
2038 5805 2069 5841 (ι
2100 5805 2198 5856 me,

2299 4708 2382 4762 sui
2410 4716 2510 4773 est,
2537 4708 2664 4780 quia
2709 4708 2799 4764 ille
2824 4708 2943 4764 sine
2970 4708 3135 4765 dubio
3175 4709 3268 4779 qui
3294 4716 3380 4764 est
3408 4706 3548 4763 Deus
3577 4709 3634 4762 in
3662 4708 3906 4774 Christo,

2302 4800 2550 4855 mundum
2574 4800 2864 4855 concilians
2888 4800 2990 4855 sibi
3014 4799 3080 4871 (ll
3108 4799 3229 4856 Cor.
3262 4802 3316 4872 v)
3335 4839 3350 4867 ,
3379 4800 3596 4857 salvans
3634 4803 3912 4872 populum

2303 4908 2481 4960 suum,
2510 4890 2842 4949 conferendo
2862 4892 3093 4947 salutem
3120 4892 3316 4948 animae
3341 4901 3400 4948 et
3422 4890 3693 4963 corporis,
3727 4900 3794 4948 et
3814 4895 3937 4949 beo‘

2304 4986 2559 5043 nedicens
2605 4983 2975 5040 hmreditatem
3021 4999 3174 5041 suam
3192 5024 3207 5050 ,
3256 4991 3449 5054 gentes
3496 4999 3529 5038 a
3557 4981 3920 5052 subjection

2302 5079 2608 5135 danuonum
2657 5076 2933 5133 Iiberando
2955 5115 2971 5142 ,
3003 5084 3063 5132 ut
3090 5084 3246 5147 regat
3280 5090 3407 5141 eos,
3426 5126 3431 5131 .
3453 5082 3510 5131 et
3548 5075 3795 5132 extollat
3824 5094 3926 5134 eos

2216 5227 2226 5235 ,
2305 5186 2478 5242 usque
2498 5170 2551 5226 in
2574 5169 2770 5226 saecula
2790 5168 2958 5225 Filius
2970 5167 3201 5225 Deieum
3223 5166 3384 5225 Patre
3394 5177 3453 5225 et
3470 5166 3675 5240 Spiritu
3688 5179 3929 5235 sancto,-

2306 5275 2537 5330 regnans
2564 5275 2662 5331 per
2687 5259 2870 5316 omnia
2898 5258 3094 5316 mula
3114 5259 3457 5317 saeculorum.
3489 5257 3681 5314 Amen.

2814 5370 3132 5428 PSALMUS
3174 5372 3410 5429 XXVIII.
3426 5404 3432 5409 ν

2418 5490 2658 5546 Psalmus
2682 5488 2847 5545 David
2869 5490 2922 5545 in
2948 5476 3414 5546 consummatione
3437 5488 3809 5545 tabernaculi.

2383 5604 2578 5675 Alfene
2598 5603 2847 5671 Dominus
2878 5605 2978 5677 ﬁlii
2999 5603 3117 5671 Dei,
3142 5606 3325 5676 aITerte
3348 5604 3572 5660 Domino
3601 5605 3753 5675 ﬁlios
3783 5609 3936 5663 arie-

2312 5706 2436 5751 tum.
2472 5698 2667 5767 Alfene
2696 5696 2923 5751 Domino
2951 5697 3173 5769 gloriam
3201 5708 3252 5755 et
3274 5698 3541 5760 honorem,
3577 5696 3775 5765 a/frrte
3812 5696 3937 5754 Do-
4022 5748 4031 5755 .

2313 5793 2451 5845 mino
2482 5790 2700 5861 gloriam
2734 5791 2930 5846 nomini
2961 5793 3070 5867 ejus
3092 5833 3105 5859 ,
3130 5782 3346 5849 adorata
3371 5791 3646 5847 Dominum
3678 5791 3740 5843 in
3777 5804 3937 5869 atrio
