4108 6348
340 287 450 352 361

1309 287 1779 348 ΕΟΜΜΕΝΤΑΒΙΙ
1813 285 1883 345 ΙΝ
1921 286 2249 345 PSALMOS.
2291 289 2481 346 PSAL.
2524 286 2712 348 XXIX.

3509 295 3618 358 369

336 415 530 468 sancto
558 407 691 479 ejus.
732 405 848 462 νοω
868 403 1080 460 Domini
1113 420 1270 470 super
1298 421 1481 476 aquas.
1513 403 1653 459 Deus
1681 404 1929 474 majesta-
1955 408 2003 464 Α
2031 404 2176 473 [eruo
2207 403 2433 456 animam
2478 421 2643 457 meam
2663 444 2676 468 ,
2706 403 2918 457 salvasti
2948 419 3028 456 me
3055 421 3086 456 a
3115 401 3534 464 descendentibus
3555 414 3612 467 in

340 504 409 556 tis
428 502 677 566 intonuit,
693 497 947 554 Dominus
973 513 1127 569 super
1142 513 1306 568 aquas
1331 497 1541 550 multas.
1576 495 1692 550 Voa:
1719 495 1929 549 Domini

334 592 395 646 in
427 592 633 656 virtute,
664 607 762 646 vox
794 589 1006 668 Domini
1044 590 1102 643 in
1127 579 1543 659 magniﬁcentia.
1582 586 1695 641 Vox
1717 584 1929 640 Domini
1951 595 1970 632 .'

335 683 718 756 confringentis
763 681 974 748 cedros,
1021 690 1072 735 et
1109 681 1402 750 confringet
1447 677 1700 733 Dominus
1748 676 1928 731 cedros

333 773 548 829 Libani.
603 774 673 828 Et
697 776 1008 829 comminuet
1035 791 1124 828 eos
1154 782 1400 840 tanquam
1450 772 1663 826 uitulum
1695 768 1888 822 Libani
1909 807 1923 832 ,

331 875 384 922 et
414 868 627 922 dilectus
656 867 1088 949 quemadmodum
1113 867 1255 937 ﬁlius
1283 867 1628 920 unicornium.
1669 862 1782 932 Vox
1817 861 1926 915 Do-

331 961 467 1014 mini
493 961 847 1015 intercidentis
875 963 1145 1031 ﬂammam
1171 961 1330 1032 ignis,
1364 977 1460 1013 vox
1494 958 1705 1012 Domini
1733 973 1923 1010 concu-

334 1052 512 1105 tientis
537 1051 816 1116 desertum,
841 1062 890 1105 et
910 1050 1243 1106 commovebit
1273 1051 1527 1105 Dominus
1555 1050 1810 1103 desertum
1831 1046 1926 1100 Ca-

331 1143 445 1198 des.
477 1142 592 1210 Vox
615 1144 831 1198 Domini
855 1146 1207 1214 prceparantis
1232 1161 1428 1209 cereos,
1458 1155 1508 1197 et
1535 1143 1776 1197 reuelabit
1798 1158 1925 1195 con-

330 1236 518 1301 densa,
546 1245 596 1291 et
615 1237 671 1290 in
701 1238 889 1310 templo
917 1240 1028 1309 ejus
1059 1255 1238 1292 omnes
1263 1237 1435 1291 dicent
1471 1237 1716 1308 gloriam.
1741 1233 1924 1288 Domi-

328 1345 432 1382 nus
461 1329 710 1383 diluuium
737 1331 1032 1384 inhabitare
1059 1332 1202 1401 facit,
1235 1340 1284 1383 et
1311 1329 1504 1383 sedebit
1531 1327 1785 1381 Dominus
1809 1325 1922 1380 Rex

323 1420 386 1474 in
427 1432 697 1477 internum.
729 1419 983 1477 Dominus
1011 1425 1248 1477 virtutem
1276 1422 1465 1493 populo
1495 1438 1588 1474 suo
1617 1419 1780 1485 dabit,
1805 1417 1918 1472 Do-

323 1513 499 1567 minus
531 1511 788 1568 benedicet
817 1513 1006 1584 populo
1033 1530 1126 1567 suo
1152 1513 1209 1566 in
1235 1529 1381 1581 pace.
1457 1573 1467 1588 l

908 1665 1342 1706 COIIENTARIUI.

2029 493 2217 547 lacum.
2251 493 2471 549 Psallite
2495 495 2724 550 Domino
2751 497 2921 550 sancti
2939 497 3067 566 ejus,
3097 506 3146 552 et
3173 499 3487 568 conﬁtemini
3513 519 3614 557 me-

2027 586 2208 638 moria:
2235 586 2527 638 sanctitatis
2559 587 2693 656 ejus.
2742 585 2998 650 Quoniam
3046 590 3127 641 ira
3168 591 3222 642 in
3252 590 3612 663 indignatione

2027 677 2157 746 ejus,
2183 687 2232 730 et
2253 678 2354 730 vita
2381 677 2434 730 in
2461 676 2722 730 voluntate
2759 679 2888 748 ejus.
2926 679 3008 732 Ad
3029 696 3289 751 vesperum
3318 681 3612 738 demorabi-

2030 779 2112 822 tur
2132 771 2311 840 ﬁetus,
2342 778 2389 823 et
2437 769 2505 823 ad
2533 772 2847 823 matutinum
2894 772 3096 826 lartilia.
3147 772 3261 845 Ego
3302 785 3470 829 autem
3499 777 3612 830 dixi

2025 862 2082 914 in
2104 860 2426 914 abundantia
2446 878 2582 926 mea,
2608 859 2730 914 Non
2752 862 2989 916 movebar
3009 865 3061 916 in
3084 875 3351 919 ceternum.
3371 866 3608 933 Domine,

2025 954 2081 1006 in
2111 956 2368 1007 uoluntate
2397 961 2484 1006 tua
2509 955 2800 1021 prwstitisti
2826 955 2999 1008 decori
3020 973 3133 1010 meo
3162 960 3416 1013 virtutem.
3449 960 3610 1014 Aver-

2027 1047 2134 1100 tisti
2163 1048 2346 1117 facient
2368 1055 2507 1100 tuam
2531 1064 2563 1099 a
2591 1065 2688 1111 me,
2717 1056 2766 1100 et
2795 1049 2961 1117 factus
3001 1066 3114 1102 sum
3143 1053 3497 1106 conturbatus.
3529 1052 3612 1106 Ad

2028 1148 2092 1202 te,
2127 1137 2366 1201 Domine,
2407 1139 2669 1203 clamabo,
2692 1148 2742 1192 et
2764 1139 2831 1192 ad
2859 1139 3026 1193 Deum
3053 1158 3221 1195 meum
3249 1143 3562 1212 deprecabor
3591 1161 3610 1198 :

2028 1227 2156 1294 Quae
2177 1230 2375 1283 utilitas
2402 1233 2455 1282 in
2484 1231 2736 1302 sanguine
2763 1248 2893 1297 meo,
2931 1232 3053 1285 dum
3075 1233 3328 1287 descendo
3351 1237 3404 1288 in
3434 1253 3610 1290 corru-

2022 1322 2287 1391 ptionem?
2316 1319 2569 1391 Nunquid
2593 1321 2920 1391 conﬁtebitur
2949 1324 3037 1377 tibi
3064 1323 3247 1395 pulvis,
3280 1336 3370 1378 aut
3398 1345 3610 1381 annun-

2023 1413 2172 1466 tiabit
2214 1415 2476 1468 ueritatem
2524 1418 2700 1470 tuam?
2739 1417 2945 1470 Audiuit
2987 1415 3262 1482 Dominus,
3294 1427 3342 1471 et
3370 1422 3608 1475 misertus

2021 1515 2099 1560 est
2127 1508 2246 1570 mei,
2280 1505 2535 1560 Dominus
2564 1510 2732 1578 factus
2772 1518 2848 1562 est
2877 1510 3087 1580 adjutor
3110 1527 3271 1566 meus.
3301 1509 3608 1567 Conrertisti

2020 1598 2285 1668 planctum
2333 1615 2500 1652 meum
2540 1601 2594 1652 in
2634 1601 2881 1671 gaudium
2908 1601 3058 1664 mihi,
3087 1604 3356 1657 concidisti
3402 1619 3606 1657 saccum

2022 1707 2209 1755 meum,
2235 1698 2284 1742 et
2303 1689 2692 1744 circumdedisti
2718 1708 2799 1746 me
2826 1693 3028 1746 lwtitia.
3061 1691 3132 1745 Et
3151 1703 3325 1747 cantet
3352 1693 3443 1747 tibi
3491 1695 3605 1765 glo-

381 1786 616 1844 .'l‘itulus
668 1785 1184 1842 consummationem
1251 1779 1581 1837 tabernaculi
1636 1784 1917 1833 memorat.
1949 1781 1999 1842 B
2024 1785 2104 1837 ria
2151 1800 2286 1849 mea,
2320 1793 2369 1837 et
2397 1801 2501 1838 non
2541 1801 2884 1856 compungar;
2908 1783 3130 1840 Domine
3180 1784 3317 1839 Deus
3366 1803 3523 1851 meus,
3555 1789 3605 1843 in

327 1879 738 1938 Consummatio
765 1879 1118 1944 tabernaculi,
1152 1876 1271 1931 ﬁnis
1291 1875 1475 1930 mundi
1505 1882 1606 1939 est,
1633 1873 1688 1927 in
1717 1888 1823 1942 quo
1845 1870 1920 1926 of-

215 2005 226 2016 ς
327 1969 510 2026 ferunt
534 1969 647 2026 Deo
673 1969 767 2024 ﬁlii
812 1969 910 2025 Dei
940 1969 1078 2023 ﬁlios
1101 1968 1346 2021 arietum.
1382 1963 1500 2019 Filii
1529 1963 1756 2017 arietum
1797 1961 1920 2029 agni

326 2072 474 2131 sunt,
495 2065 587 2134 qui
613 2072 890 2134 ponuntur
919 2062 986 2116 ad
1007 2062 1305 2122 dexteram,
1329 2067 1407 2123 ut,
1429 2057 1658 2126 gloriam
1679 2063 1735 2108 et
1748 2049 1921 2108 horio-

325 2168 444 2211 rem
465 2155 677 2210 homini
706 2154 824 2222 ejus
853 2153 1142 2208 oﬂ'erentes
1163 2152 1215 2205 iu
1245 2149 1499 2219 operibus
1525 2148 1630 2217 piis
1653 2161 1772 2215 quae
1800 2159 1921 2213 ges-

324 2253 540 2313 serunt,
575 2245 802 2300 adorent
828 2243 1115 2298 Dominum
1133 2281 1148 2306 ,
1176 2241 1287 2310 jam
1315 2256 1424 2302 non
1453 2240 1504 2293 in
1533 2236 1771 2292 aediﬁciis
1810 2251 1922 2290 ma-

239 2351 242 2354 '
326 2338 582 2405 nufactis,
612 2337 708 2393 sed
757 2338 811 2391 in
868 2336 991 2390 aula
1018 2342 1202 2389 sancta
1230 2333 1369 2402 ejus,
1400 2331 1451 2388 id
1481 2338 1595 2396 est,
1627 2333 1681 2384 in
1707 2327 1923 2384 Christo

323 2427 475 2496 Jesu,
493 2433 550 2484 in
564 2446 662 2502 quo
685 2427 883 2482 habitat
899 2427 1165 2498 plenitudo
1194 2425 1497 2479 Divinitatis
1520 2421 1738 2495 (Coloss.
1770 2439 1825 2488 ιι,
1841 2420 1917 2492 9).

326 2519 452 2576 Vox
481 2519 699 2574 Domini
749 2533 914 2588 super
955 2533 1138 2585 aquas.
1169 2514 1391 2583 Quando
1437 2513 1590 2569 Jesus
1619 2513 1948 2584 baptizatus

329 2617 438 2674 est,
469 2607 633 2664 Pater
677 2609 828 2664 caelis
874 2609 1097 2678 apertis,
1130 2616 1184 2662 et
1211 2607 1412 2677 Spiritu
1441 2612 1627 2660 sancto
1655 2605 1708 2660 in
1738 2605 1916 2675 specie

337 2699 890 2765 columbae-veniente,
923 2715 1030 2753 vox
1055 2697 1264 2752 Domini
1295 2713 1456 2767 super
1483 2711 1650 2765 aquas
1675 2695 1814 2752 facta
1831 2704 1914 2750 est

324 2788 541 2844 dicens:
565 2787 638 2843 Tu
665 2804 718 2842 es
747 2786 920 2842 Filius
945 2804 1088 2842 meus
1119 2786 1330 2858 (Matth.
1357 2789 1458 2859 ιιι).
1489 2785 1631 2842 Deus
1658 2788 1913 2856 majesta-

318 2881 393 2936 tis
424 2881 673 2947 intonuit,
699 2882 802 2937 hoc
828 2893 929 2947 est,
953 2879 1098 2936 dedit
1124 2897 1313 2936 vocem
1334 2896 1495 2952 super
1524 2896 1709 2952 aquas,
1737 2880 1909 2943 idest,

316 2985 484 3043 super
525 2983 702 3030 sectas
743 2974 1016 3043 gentium,
1047 2981 1106 3027 ut
1159 2971 1413 3027 ﬁniantur
1442 2974 1495 3027 in
1524 2973 1726 3026 virtute
1776 2979 1830 3026 et
1860 2970 1914 3024 in

316 3063 716 3134 magniﬁcentia
743 3064 943 3121 Christi
970 3063 1118 3120 Jesu.
1148 3065 1468 3134 Quicunque
1496 3073 1676 3121 autem
1699 3062 1914 3118 rebellis

2022 1886 2269 1932 (sternam
2299 1877 2583 1946 conﬁtebor
2607 1878 2714 1931 tibi.

2597 1986 3030 2026 COIIBNTAMUI.

2093 2059 2151 2114 In
2198 2061 2458 2128 vigesimo
2487 2077 2632 2116 nono
2680 2062 2838 2116 titulo
2875 2063 3154 2117 dedicatur
3204 2062 3393 2117 domus
3421 2061 3602 2116 David.

2022 2148 2118 2204 Illa
2146 2152 2331 2219 utique
2359 2150 2547 2205 domus
2576 2167 2639 2204 ea:
2665 2154 2858 2206 semine
2896 2151 3067 2207 David
3102 2154 3378 2207 secundum
3407 2169 3607 2206 carnem

2025 2241 2202 2314 (Rom.
2238 2245 2297 2314 ι),
2331 2259 2436 2297 non
2471 2243 2792 2306 manufacta,
2824 2244 2919 2299 sed
2947 2245 3120 2313 angeli
3145 2246 3310 2300 verbo
3338 2245 3607 2310 mandata,

2024 2342 2080 2390 et
2106 2352 2137 2388 a
2183 2333 2385 2405 Spiritu
2415 2345 2602 2390 sancto
2631 2345 2956 2391 constructa.
2997 2336 3117 2407 Ipsa
3163 2335 3356 2391 domus
3384 2346 3467 2392 est
3494 2353 3606 2406 qua:

2021 2425 2150 2481 dicit
2177 2425 2288 2481 Deo
2321 2446 2333 2478 :
2366 2425 2626 2482 Exaltabo
2657 2436 2726 2493 te,
2755 2427 3000 2494 Domine,
3041 2430 3297 2498 quoniam
3327 2431 3606 2499 suscepisti

2017 2533 2133 2586 me;
2165 2519 2402 2590 suscepit
2430 2521 2571 2574 enim
2603 2519 2826 2575 formam
2855 2522 3015 2587 servi,
3048 2532 3105 2574 ut
3134 2539 3242 2576 non
3271 2523 3605 2576 delectaren-

2017 2619 2106 2667 tur
2131 2612 2332 2667 inimici
2361 2629 2524 2684 super
2571 2614 2846 2668 hominum
2874 2630 3063 2683 genus.
3105 2613 3321 2670 Christo
3350 2616 3492 2670 enim
3520 2613 3606 2668 Je-

2014 2719 2080 2760 su
2100 2703 2376 2759 Nazareno
2405 2714 2648 2760 extracto
2675 2706 2741 2760 ab
2772 2705 2972 2771 inferis,
3006 2717 3062 2759 et
3089 2707 3298 2760 salvato
3325 2722 3357 2760 a
3386 2706 3607 2759 descen~

2016 2794 2265 2850 dentibus
2293 2797 2347 2849 in
2378 2795 2550 2850 lacum
2570 2834 2588 2860 ,
2613 2796 2844 2864 psallunt
2889 2796 2939 2849 ei
2991 2801 3178 2849 omnes
3217 2794 3445 2864 apostoli
3472 2793 3607 2861 ejus,

2017 2894 2072 2941 et
2109 2887 2434 2942 conﬁtentur
2481 2888 2753 2941 memoria:
2805 2888 3107 2942 sanctitatis
3135 2889 3249 2956 ejus
3282 2906 3294 2939 :
3353 2887 3608 2955 quoniam

2019 2976 2099 3030 ira
2128 2976 2228 3031 fuit
2256 2978 2309 3031 in
2341 2977 2707 3046 indignatione
2735 2977 2868 3047 ejus,
2900 2977 3116 3048 quando
3167 2977 3482 3033 maledictus
3528 2987 3607 3034 est

2019 3070 2246 3125 mundus
2268 3070 2323 3125 in
2344 3079 2518 3126 morte
2547 3070 2692 3137 Ador,
2725 3080 2779 3125 et
2807 3088 2949 3126 nunc
2971 3072 3078 3126 vita
3109 3073 3162 3126 in
3196 3072 3472 3127 voluntate
3493 3072 3606 3141 ejus

318 3155 613 3221 exstiterit,
635 3165 689 3212 et
719 3156 894 3212 elatus
920 3156 1061 3211 sicut
1089 3155 1282 3211 cedrus
1312 3153 1520 3220 Libani,
1547 3153 1914 3221 confringatur
1941 3147 1987 3212 C
2016 3159 2246 3218 Domino
2281 3171 2614 3232 resurgente.
2642 3162 2721 3218 Ad
2749 3179 3029 3234 vesperam
3053 3163 3270 3233 quidem
3299 3163 3605 3236 demoratur

317 3253 380 3302 et
432 3247 828 3302 comminuetur
855 3247 994 3302 sicut
1017 3247 1210 3302 cedrus
1241 3244 1450 3301 Libani.
1503 3244 1559 3299 In
1589 3244 1796 3299 Libano
1824 3259 1913 3299 sa-

243 3375 247 3380 -
317 3329 630 3396 criﬁcantes
648 3355 822 3410 usque
849 3339 1013 3394 hodie
1043 3337 1364 3408 turpissimae
1402 3337 1597 3392 Veneri
1625 3327 1913 3392 vitulorum

221 3435 223 3437 ’
314 3431 492 3486 virilia
546 3438 858 3502 amputant,
891 3438 946 3485 et
975 3430 1028 3485 in
1055 3429 1172 3500 ejus
1200 3426 1466 3484 sacriﬁcio
1492 3426 1797 3496 hujusmodi
1825 3426 1911 3480 in-

313 3535 481 3578 censa
509 3529 841 3594 supponunt,
870 3520 1173 3577 mercedem
1203 3535 1366 3590 quam
1420 3519 1663 3589 oportuit
1711 3517 1912 3572 erroris

312 3617 401 3674 sui
423 3617 541 3672 dea:
559 3633 668 3672 suae
684 3617 943 3672 exhibent
969 3614 1262 3671 meretrici.
1288 3613 1364 3668 lta
1388 3627 1518 3682 ergo
1534 3611 1910 3667 comminuun-

311 3718 407 3764 tur
434 3719 690 3780 tanquam
718 3709 920 3764 vitulus
970 3707 1188 3772 Libani,
1220 3707 1310 3776 qui
1357 3706 1660 3761 castitatem
1714 3701 1913 3757 Christi

309 3802 761 3871 contempserint,
786 3809 843 3855 et
868 3808 927 3854 ut
953 3799 1182 3854 dilectus
1215 3797 1356 3851 ﬁlius
1377 3796 1714 3851 unicornium
1732 3800 1908 3846 erunt.

299 3887 523 3956 Quibus
550 3904 656 3944 vox
685 3890 950 3959 placuerit
977 3887 1346 3942 intercidentis
1369 3885 1640 3939 ﬂammam
1667 3884 1827 3952 ignis,
1860 3883 1912 3936 id

316 3986 427 4043 est,
451 3979 645 4047 quibus
675 3995 779 4034 vox
816 3979 993 4048 placet
1019 3977 1356 4048 baptismatis
1383 3975 1610 4044 gratiam
1633 3973 1914 4028 conferen-

320 4068 416 4132 tis,
445 4081 568 4135 quae
596 4069 652 4121 in
679 4070 1033 4124 concussione
1059 4066 1364 4121 solitudinis
1390 4065 1572 4134 cmpit.
1605 4063 1664 4118 In
1697 4061 1915 4116 deserto

313 4159 470 4214 enim
495 4155 747 4213 Iordanis
768 4157 967 4213 ﬂuenta
987 4156 1261 4212 DeiFilius
1281 4155 1572 4222 benedixit,
1606 4163 1662 4210 et
1682 4169 1914 4226 commo-

312 4249 400 4304 vlt
425 4247 702 4306 desertum
730 4246 912 4321 oppidi
934 4249 1233 4325 brevissimi
1255 4249 1308 4303 in
1331 4248 1565 4305 conﬁnio
1594 4246 1762 4303 eremi
1789 4263 1915 4307 con-

307 4339 522 4406 stituti,
555 4340 700 4410 quod
729 4340 1028 4410 appellatur
1067 4339 1257 4395 Cades.
1285 4339 1363 4396 lbi
1393 4355 1498 4395 vox
1524 4338 1737 4395 Domini
1766 4331 1908 4408 prae-

307 4430 529 4504 paravit
573 4446 762 4488 cervos
798 4431 889 4500 qui
937 4427 1253 4487 festinarent
1303 4430 1369 4485 ad
1416 4431 1592 4486 fontes
1621 4445 1902 4500 aquarum,

309 4522 412 4578 ubi
439 4523 698 4578 revelavit
715 4537 789 4578 ea
816 4538 936 4597 qua:
963 4530 1117 4603 erant
1137 4523 1426 4588 condensa,
1459 4523 1511 4578 id
1541 4530 1641 4588 est,
1675 4521 1906 4587 occulta,

311 4623 381 4672 ut
403 4616 486 4670 his
512 4615 784 4682 revelatis,
818 4615 872 4670 in
893 4616 1095 4686 templo
1122 4613 1240 4681 Dei,
1271 4615 1465 4684 quibus
1491 4615 1729 4669 revelata
1757 4621 1901 4680 sunt,

313 4721 508 4763 omnes
535 4707 715 4762 dicant
761 4706 983 4775 gloriam
1014 4714 1068 4761 et
1095 4705 1454 4762 conﬁteantur
1492 4706 1618 4776 quia
1644 4704 1904 4760 Dominus

315 4798 378 4852 in
406 4797 606 4852 diluvio
654 4795 881 4862 habitat,
912 4797 967 4851 in
995 4812 1133 4867 aqua
1162 4814 1280 4869 qua:
1305 4797 1461 4853 diluit
1488 4797 1737 4864 crimina,
1765 4804 1830 4851 et
1846 4798 1907 4852 in

314 4886 513 4943 eodem
535 4886 736 4943 diluvio
764 4887 970 4942 sedebit
998 4887 1115 4943 Rex
1152 4890 1209 4943 in
1235 4897 1518 4954 internum,
1550 4888 1622 4943 ibi
1650 4888 1907 4942 virtutem

314 4980 524 5051 populo
551 4995 651 5036 suo
672 4979 838 5048 dabit,
869 4997 989 5047 suo,
1019 4983 1258 5052 inquam,
1290 4981 1531 5036 credenti
1558 4980 1692 5046 sibi;
1725 4979 1908 5035 ibibe-

314 5070 534 5128 nedicet
579 5072 792 5142 plebem
819 5089 974 5130 suam
1001 5074 1056 5130 in
1084 5089 1249 5152 pace,
1279 5075 1371 5145 qui
1416 5081 1607 5146 regnat
1633 5073 1689 5129 in
1713 5071 1908 5128 uacula

207 5227 217 5236 δ
311 5163 658 5221 surculorum.
688 5163 880 5222 Amen.

848 5300 1069 5358 PSALM
1077 5299 1162 5358 US
1189 5300 1380 5357 XXIX.

438 5410 683 5503 Dsalmus
710 5415 907 5487 cantici
934 5416 990 5473 in
1020 5417 1357 5473 dedicatione
1382 5414 1575 5471 domus
1602 5410 1790 5469 David.

393 5541 742 5622 Ezaltabote,
766 5547 1008 5616 Domine,
1031 5552 1276 5621 quoniam
1300 5550 1569 5622 suscepisti
1592 5565 1690 5614 me,
1709 5563 1800 5602 nec
1815 5547 1908 5602 de-

313 5636 524 5693 lectasti
548 5620 786 5695 inimicos
815 5656 954 5696 meos
981 5617 1134 5710 super
1179 5659 1280 5698 me.
1313 5617 1533 5698 Domine
1565 5639 1704 5693 Deus
1733 5622 1908 5705 meus,

313 5728 540 5788 simulavi
577 5731 647 5785 ad
667 5739 736 5797 te,
765 5741 816 5785 et
841 5734 1039 5790 sanasti
1066 5750 1168 5788 me.
1198 5733 1438 5804 Domine,
1461 5732 1688 5789 eduxisti
1717 5731 1780 5788 ab
1822 5733 1920 5793 in—,

606 5829 881 5892 Panos.
929 5819 1065 5892 [ΠΙ
1078 5871 1097 5890 .

2017 3251 2194 3320 ﬂetus,
2219 3253 2273 3308 in
2303 3269 2555 3310 occasum
2583 3256 2819 3309 omnium
2842 3255 3173 3310 credentium
3202 3270 3423 3310 necesse
3446 3263 3529 3308 est
3550 3262 3606 3307 ut

2015 3346 2088 3400 sit
2136 3343 2312 3412 ﬂetus,
2343 3363 2442 3416 pro
2471 3362 2537 3400 eo
2588 3346 2730 3417 quod
2777 3346 3140 3402 desolabimur
3168 3345 3235 3400 ab
3263 3347 3347 3400 his
3376 3346 3466 3413 qui
3508 3359 3606 3398 nos

2015 3439 2344 3511 przecedunt,
2375 3438 2470 3494 sed
2497 3439 2813 3492 habebimus
2841 3454 2962 3493 cum
2993 3439 3075 3492 his
3123 3439 3176 3491 in
3217 3437 3483 3491 matutino
3514 3437 3607 3490 la:-

2014 3533 2207 3586 titiam.
2264 3532 2323 3585 ln
2381 3530 2551 3600 prima
2593 3529 2847 3592 anastasi,
2880 3544 3008 3584 mox
3052 3535 3110 3582 ut
3165 3528 3398 3583 tenebrae
3448 3525 3606 3596 hujus

2014 3621 2198 3675 mundi
2222 3619 2382 3674 ﬁnitze
2421 3619 2649 3684 fuerint,
2681 3626 2737 3672 et
2774 3619 3094 3673 matutinum
3125 3627 3334 3689 tempus
3363 3633 3605 3674 resurreo

2014 3713 2208 3768 ctionis
2233 3711 2532 3774 advenerit,
2556 3711 2645 3766 hic
2663 3710 2827 3765 decus
2855 3708 2975 3764 ﬁdei
3001 3718 3197 3763 nostrae
3219 3710 3485 3773 consistit,
3510 3710 3606 3763 sed

2015 3792 2070 3857 in
2100 3803 2378 3858 voluntate
2419 3817 2513 3856 sua
2542 3799 2800 3856 Dominus
2825 3807 3044 3868 praestat
3071 3797 3254 3880 decqri
3283 3805 3468 3850 nostro
3492 3798 3603 3850 vir-

2016 3893 2375 3947 tutemuNam
2422 3893 2468 3945 si
2515 3892 2769 3944 averterit
2816 3889 3005 3942 faciem
3053 3902 3232 3950 suam,
3264 3888 3608 3954 quantumvis

2017 3998 2259 4037 amemus
2287 3982 2570 4035 Dominum
2590 4020 2603 4044 ,
2634 3995 2741 4032 non
2771 3993 2893 4032 eum
2931 3977 3053 4047 plus
3089 3975 3250 4028 Petro
3280 3975 3606 4041 amabimus;

2017 4082 2074 4129 et
2098 4075 2144 4127 si
2188 4074 2237 4128 ei
2285 4072 2525 4127 dicamus
2553 4086 2672 4124 cum
2699 4068 2878 4130 Petro,
2934 4068 2994 4121 Si
3023 4068 3305 4136 oportuerit
3348 4084 3430 4120 me
3475 4067 3607 4120 mori

2018 4174 2201 4230 tecum,
2234 4181 2342 4218 non
2365 4171 2414 4216 te
2438 4159 2634 4232 negabo
2659 4159 2872 4228 (Matth.
2901 4158 3064 4228 xxvr),
3093 4158 3292 4227 poterit
3320 4157 3474 4212 nobis
3503 4174 3600 4212 ne-

2013 4257 2172 4326 gandi
2201 4273 2323 4313 eum
2353 4255 2570 4311 evenire
2600 4253 2840 4324 perﬁdia,
2880 4253 2924 4307 si
2977 4252 3231 4307 averterit
3259 4267 3319 4307 se
3357 4268 3387 4306 a
3422 4253 3598 4308 nobis.

2013 4350 2272 4419 Denique,
2307 4348 2506 4418 inquit,
2539 4347 2804 4402 convertit
2841 4361 2898 4401 se
2925 4344 3111 4411 Jesus,
3144 4353 3199 4400 et
3227 4346 3464 4416 respexit
3494 4344 3597 4401 Pe-

2013 4450 2155 4495 trum
2206 4448 2509 4508 negantem,
2543 4437 2634 4492 sed
2664 4447 2719 4492 ct
2743 4436 3054 4492 recordatus
3101 4444 3184 4491 est
3225 4438 3368 4508 quod
3416 4439 3474 4511 ei
3495 4437 3599 4495 hoc

2014 4533 2187 4604 ipsum
2217 4533 2556 4603 pnedixerat.
2582 4529 2652 4583 Et
2673 4545 2905 4601 egressus
2927 4533 3068 4601 {oras
3091 4529 3229 4599 ﬁerit
3248 4530 3593 4584 amarissime.

2014 4625 2148 4682 Cum
2175 4640 2304 4694 ergo
2347 4633 2614 4679 averteret
2643 4638 2702 4677 se
2730 4621 2986 4676 Dominus
3014 4623 3068 4675 in
3107 4629 3514 4690 praesumentem
3543 4631 3601 4675 et

2013 4720 2278 4774 dicentem
2307 4739 2320 4771 ;
2352 4717 2468 4772 Non
2512 4717 2770 4770 movebor
2795 4715 2847 4768 in
2875 4722 3166 4778 aeternum,
3191 4713 3594 4791 negavigeum;

2014 4826 2135 4865 cum
2179 4809 2420 4878 respexit
2444 4815 2748 4874 negantem,
2781 4805 2948 4868 ﬂevit,
2973 4811 3029 4858 et
3056 4803 3302 4858 laverunt
3353 4803 3600 4875 lacryma:

2013 4903 2326 4973 pmnitentis
2358 4899 2503 4970 quod
2546 4915 2685 4954 noxa
2715 4896 3022 4953 incurrebat
3043 4898 3430 4966 prazsumentis.
3481 4896 3601 4953 Non

2015 4995 2161 5051 enim
2214 4993 2501 5047 conﬁtetur
2546 4989 2832 5043 Dominum
2862 4988 3062 5059 pulvis,
3090 4989 3134 5044 si
3181 4990 3597 5060 praesumpserit,

2015 5101 2117 5141 nec
2145 5084 2428 5139 annuntiat
2446 5082 2728 5137 veritatem
2758 5079 2891 5150 ejus,
2923 5081 2969 5135 si
2997 5095 3056 5135 se
3079 5079 3381 5149 jactaverit.
3414 5080 3470 5132 Si
3499 5094 3597 5131 au-

2015 5186 2125 5234 tem
2145 5186 2266 5248 post
2294 5184 2570 5248 peccatum
2595 5173 2922 5246 paenituerit,
2954 5182 3008 5230 et
3039 5174 3420 5246 pmnitndinem
3445 5183 3599 5224 suam

2015 5270 2266 5342 lacrymis
2286 5269 2485 5324 amoris
2504 5267 2820 5333 ostenderit,
2844 5268 3023 5324 dicere
3041 5267 3241 5338 poterit
3259 5275 3379 5317 cum
3402 5259 3562 5313 Petro
3583 5275 3596 5310 '.

2017 5361 2234 5417 Audivit
2264 5361 2540 5428 Dominus,
2573 5367 2628 5415 et
2658 5361 2910 5417 misertus
2937 5367 3020 5414 est
3047 5357 3197 5420 mihi,
3230 5351 3489 5408 Dominus
3516 5348 3601 5403 fa-

2017 5461 2137 5509 ctus
2151 5459 2236 5508 est
2263 5450 2474 5520 adjutor
2494 5467 2666 5517 meus,
2689 5452 2814 5520 quia
2829 5449 3094 5505 convertit
3111 5445 3388 5515 planctum
3409 5439 3524 5508 ejus
3544 5441 3600 5495 in

2017 5546 2290 5616 gaudium,
2323 5553 2382 5599 ut
2421 5544 2565 5615 quod
2602 5543 2761 5597 tertio
2788 5545 3097 5608 negaverat,
3131 5533 3290 5587 tertio
3317 5530 3598 5598 fateretur,

2017 5639 2063 5692 si
2113 5616 2290 5692 tamen
2330 5636 2498 5705 gloria
2527 5633 2796 5688 credentis
2823 5632 2876 5683 in
2920 5628 3032 5682 Deo
3060 5641 3172 5681 non
3200 5623 3255 5678 in
3295 5624 3601 5680 hominibus

2019 5731 2326 5798 extollatur,
2358 5737 2486 5786 tunc
2512 5740 2734 5784 securus
2777 5722 2941 5779 dicit:
2971 5719 3203 5809 Domine
3252 5718 3393 5778 Deus
3417 5736 3598 5788 meus,

3018 5814 3272 5876 ΩΑ
