4108 6348
581 269 686 324 56⁸

1877 277 2146 336 ARNOBII
2184 276 2486 336 JUNIORIS

3750 274 3860 332 364

582 386 635 440 in
654 394 922 484 mter-num
950 387 1244 444 conﬁtebor
1273 387 1385 456 tibi,
1417 389 1506 459 qui
1536 403 1728 461 regnas
1758 393 1811 448 in
1836 397 2027 452 secula
2056 413 2154 452 εω-
2187 405 2231 460 Α
2262 399 2458 456 monia.
2496 399 2551 453 Si
2591 405 2767 456 tamen
2816 414 3032 473 semper
3077 399 3222 457 dicat
3248 398 3476 455 Domino
3510 416 3522 451 :
3552 397 3616 453 In
3661 412 3860 454 manus
3928 461 3935 484 ν

548 516 563 528 ο
583 481 844 537 culorum.
883 481 1068 538 Amen.

1076 597 1388 654 PSALMUS
1428 599 1591 656 XXX.

828 711 885 766 In
916 712 1075 767 linem
1105 713 1340 784 psalmus
1369 713 1537 770 David
1567 733 1664 786 pro
1692 721 1909 774 exstasi.

650 849 715 904 In
747 859 811 916 te,
841 849 1080 915 Domine,
1111 855 1334 921 speravi,
1363 872 1468 910 non
1495 857 1788 927 confundor
1808 860 1861 911 in
1892 867 2158 914 wternum.

579 941 645 995 In
668 943 873 1014 justitia
921 953 1008 996 tua
1033 943 1193 999 libera
1223 964 1319 1012 me,
1353 948 1546 1002 inclina
1595 949 1664 1002 ad
1690 967 1770 1004 me
1797 968 1973 1005 aurem
2001 960 2159 1018 tuam,

577 1037 809 1092 accelera
836 1047 892 1090 ut
919 1054 1072 1093 eruas
1112 1057 1208 1092 me.
1244 1039 1370 1093 Esto
1418 1042 1544 1095 mihi
1592 1043 1646 1095 in
1697 1042 1862 1096 Deum
1902 1052 2161 1112 protecto-

576 1146 702 1194 rem,
734 1140 784 1184 et
811 1131 863 1184 in
890 1131 1095 1186 domum
1126 1134 1343 1204 refugii,
1374 1142 1429 1186 ut
1457 1134 1653 1187 salvum
1681 1151 1760 1188 me
1797 1136 1983 1205 facias.
2019 1132 2162 1198 Quo-

576 1223 719 1274 niam
759 1223 1010 1293 fortitudo
1043 1241 1154 1278 mea
1193 1233 1242 1278 et
1283 1226 1540 1296 refugium
1579 1243 1746 1280 meum
1773 1244 1828 1280 es
1859 1237 1930 1291 tu,
1961 1237 2009 1280 et
2036 1227 2162 1297 pro-

574 1323 688 1384 pter
716 1331 901 1368 nomen
935 1324 1074 1368 tuum
1105 1314 1318 1369 deducas
1348 1332 1446 1381 me,
1478 1324 1525 1370 et
1554 1317 1782 1371 enutries
1829 1335 1925 1370 me.
1959 1316 2163 1372 Educes

575 1423 654 1460 me
703 1408 765 1460 de
795 1410 974 1479 laqueo
1000 1424 1144 1479 quem
1175 1407 1552 1463 absconderant
1578 1409 1726 1475 mihi,
1758 1410 2002 1481 quoniam
2031 1418 2084 1462 tu
2110 1426 2162 1463 es

575 1509 837 1570 protector
863 1517 1024 1556 meus.
1075 1500 1141 1554 In
1182 1518 1367 1556 manus
1415 1509 1528 1557 tuas
1578 1501 1874 1556 commendo
1927 1503 2164 1572 spiritum

577 1609 764 1656 meum,
797 1593 1056 1647 redemisti
1107 1609 1204 1658 me,
1242 1592 1461 1649 Domine
1515 1594 1656 1649 Deus
1707 1596 1958 1649 veritatis.
1992 1592 2164 1648 Odisti

579 1683 906 1741 observantes
955 1688 1207 1742 vanitates
1251 1704 1576 1759 supervacue.
1629 1687 1742 1759 Ego
1772 1697 1943 1741 autem
1971 1689 2024 1740 in
2053 1685 2165 1741 Do-

2269 501 2408 557 tuas,
2434 491 2678 556 Domine,
2710 491 3030 549 commendo
3055 492 3306 563 spiritum
3328 506 3527 557 meum,
3553 491 3606 544 id
3636 498 3740 554 est,
3770 489 3857 545 in-

2209 650 2217 656 _
2269 585 2522 641 teriorem
2549 585 2823 640 hominem
2844 600 3022 640 meum
3069 585 3123 640 in
3148 593 3270 640 tuas
3292 600 3485 641 manus
3511 583 3856 663 commendo.

2268 677 2386 734 Non
2423 678 2567 734 enim
2603 676 2740 734 iacio
2790 678 3079 734 observare
3118 677 3408 732 vanitatem
3445 675 3627 733 saeculi
3663 674 3859 744 hujus,

2269 786 2377 824 nou
2405 785 2528 824 eum
2555 761 2692 825 facio
2722 768 2892 824 laetari
2921 769 2974 824 in
3003 768 3166 824 rebus
3190 767 3398 833 mundi,
3425 767 3521 823 sed
3549 767 3602 820 in
3637 776 3726 821 tua
3751 765 3860 822 mi-

2267 861 2577 928 sericordia,
2610 861 2701 932 qui
2729 861 2936 916 salvum
2963 859 3134 916 fecisti
3181 859 3248 914 de
3298 859 3713 916 necessitatibus
3742 857 3865 911 ani-

2267 969 2411 1007 mam
2432 968 2629 1007 meam.
2653 951 2879 1019 Quando
2901 952 3185 1022 respexisti
3209 946 3565 1006 humilitatem
3586 965 3784 1016 meam,
3808 957 3866 1003 et

2269 1061 2378 1100 non
2405 1045 2714 1104 conclusisti
2743 1061 2830 1100 me
2871 1045 2926 1099 in
2954 1060 3144 1100 manus
3170 1045 3392 1111 inimici,
3423 1044 3519 1099 sed
3549 1043 3746 1098 tollens
3771 1058 3867 1096 me

2267 1137 2335 1192 ab
2356 1145 2602 1205 angusto,
2630 1136 2719 1191 ubi
2749 1136 3112 1204 angustiabar,
3140 1137 3374 1193 statuisti
3399 1136 3450 1190 in
3479 1135 3600 1192 loco
3619 1134 3865 1205 spatioso

2266 1229 2432 1302 pedes
2456 1244 2624 1284 meos.
2661 1228 2730 1284 Ut
2755 1235 2936 1284 autem
2964 1228 3134 1284 Deum
3169 1229 3264 1283 tibi
3294 1226 3459 1284 iacias
3486 1228 3863 1294 miserantem,

2269 1330 2324 1378 te
2345 1323 2540 1378 exhibe
2564 1322 2937 1388 tribulantem;
2963 1337 3071 1376 non
3090 1322 3234 1377 enim
3263 1321 3397 1392 petit
3411 1320 3863 1387 misericordiam,

2269 1412 2372 1468 nisi
2422 1412 2685 1467 tribulans
2738 1411 2890 1482 cujus
2942 1409 3073 1467 ﬂetu
3119 1413 3472 1468 conturbatur
3499 1419 3772 1483 aspeCtus,
3807 1420 3865 1466 et

2269 1504 2446 1559 anima
2478 1504 2595 1573 ejus
2624 1512 2680 1559 et
2725 1511 2913 1559 venter
2941 1503 3057 1573 ejus
3087 1503 3626 1574 castigatusjejuniis
3652 1518 3865 1558 memor

2267 1610 2385 1658 esse
2413 1595 2591 1650 debet.
2625 1593 2887 1660 Quoniam
2914 1594 3157 1663 quamvis
3187 1593 3276 1648 diu
3333 1594 3476 1647 vivat
3527 1595 3721 1658 homo,
3751 1593 3865 1647 vita

2268 1689 2385 1759 ejus
2413 1688 2594 1744 deﬁcit
2615 1689 2667 1742 in
2697 1688 3002 1753 doloribus;
3035 1695 3090 1742 et
3119 1687 3404 1756 quantavis
3433 1686 3744 1741 anuesitate
3764 1684 3864 1739 ﬁn-

579 1779 717 1834 mino
739 1781 960 1851 speravi,
991 1779 1255 1836 exsultabo
1285 1789 1333 1834 et
1363 1781 1578 1835 lwtabor
1607 1781 1658 1834 in
1673 1779 2029 1834 misericordia
2055 1788 2160 1832 tua.
2196 1791 2243 1850 Β
2269 1788 2405 1846 reat,
2429 1779 2686 1835 deﬁciunt
2714 1781 2840 1834 anni
2863 1778 2978 1849 ejus
3006 1779 3061 1833 in
3090 1779 3408 1847 gemitibus;
3436 1789 3491 1833 et
3517 1778 3863 1847 quantumvis

569 1860 839 1936 'Quoniam
865 1874 1134 1942 respexisti
1157 1873 1496 1926 humilitatem
1523 1889 1692 1927 meam
1709 1914 1722 1938 ,
1747 1873 1960 1927 salvasti
1991 1873 2054 1927 de
2074 1889 2164 1926 ne-

578 1964 898 2018 cessitatibus
928 1966 1156 2018 animam
1187 1981 1371 2018 nteant.
1406 1963 1518 2019 Nec
1544 1965 1844 2019 conclusisti
1870 1983 1949 2018 me
1975 1967 2030 2018 in
2058 1982 2166 2019 ma-

521 2133 524 2137 .
577 2059 727 2113 nibus
780 2058 996 2124 inimici,
1039 2060 1272 2113 statuisti
1320 2061 1371 2112 in
1422 2061 1534 2114 loco
1562 2061 1791 2130 spatioso
1820 2059 1971 2130 pedes
2002 2077 2158 2114 meos.

576 2149 825 2205 Miserere
852 2153 970 2215 mei,
1004 2150 1257 2218 Domine,
1287 2155 1530 2224 quoniam
1565 2152 1800 2221 tribulor,
1833 2152 2164 2208 conturbatus

575 2255 651 2302 est
678 2249 732 2302 in
785 2249 866 2301 ira
921 2248 1099 2302 oculus
1129 2265 1292 2313 meus,
1326 2250 1502 2302 anima
1532 2265 1677 2315 mea,
1709 2259 1758 2301 et
1801 2257 1972 2302 venter
2000 2265 2160 2302 meus.

578 2339 840 2404 Quoniam
869 2341 1056 2412 defecit
1075 2343 1131 2396 in
1162 2342 1339 2397 dolore
1368 2344 1473 2396 vita
1493 2361 1629 2410 mea,
1661 2354 1710 2397 et
1731 2345 1857 2397 anni
1877 2345 1977 2398 mei
2003 2345 2060 2397 in
2080 2361 2166 2414 ge-

576 2432 802 2486 mitibus.
838 2431 1116 2502 lnﬁrmata
1142 2443 1219 2487 est
1239 2435 1294 2487 in
1322 2445 1622 2505 paupertate
1642 2437 1801 2489 virtus
1820 2452 1954 2500 mea,
1975 2444 2025 2490 et
2046 2451 2166 2490 ossa

575 2541 688 2578 mea
725 2525 1030 2579 conturbata
1069 2534 1206 2580 sunt.
1242 2526 1411 2594 Super
1439 2543 1615 2580 omnes
1647 2527 1881 2581 inimicos
1911 2543 2049 2582 meos
2080 2528 2164 2598 fa-

577 2627 688 2671 ctus
718 2635 830 2672 sum
859 2617 1189 2689 opprobrium
1218 2618 1400 2671 vicinis
1429 2618 1554 2670 meis
1583 2618 1748 2682 valde,
1773 2628 1821 2670 et
1851 2619 2005 2672 timor
2027 2619 2166 2673 notis

575 2712 721 2766 meis.
757 2708 856 2775 Qui
887 2711 1121 2765 viderunt
1145 2727 1244 2776 me,
1275 2714 1417 2783 foras
1450 2712 1690 2783 fugerunt
1719 2728 1751 2764 a
1782 2727 1891 2775 me,
1924 2711 2166 2765 oblivioni

576 2805 729 2858 datus
757 2821 870 2859 sum
897 2813 1146 2874 tanquam
1173 2814 1405 2859 mortuus
1428 2822 1460 2858 a
1483 2803 1656 2859 corde.
1689 2802 1886 2858 Factus
1914 2821 2028 2858 sum
2047 2812 2163 2857 tan.

574 2915 728 2968 quam
776 2916 866 2954 vas
909 2900 1166 2970 perditum
1189 2939 1205 2965 ,
1241 2901 1488 2972 quoniam
1533 2898 1705 2954 audivi
1744 2899 2165 2969 vituperationem

576 2990 854 3048 multorum
880 2993 1311 3046 commorantium
1339 2994 1395 3045 in
1425 2994 1662 3046 circuitu.
1695 2989 1764 3044 In
1782 3008 1862 3057 eo,
1886 2990 2008 3044 dum
2036 3005 2162 3044 con-

577 3081 805 3134 venirent
831 3082 984 3135 simul
1029 3082 1300 3136 adversum
1339 3100 1420 3136 me
1447 3085 1678 3153 accipere
1716 3085 1947 3136 animam
1972 3099 2160 3149 meam,

2266 1871 2458 1927 virium
2496 1872 2708 1939 habeat,
2741 1878 3136 1942 pauperescunt
3160 1871 3303 1926 vires
3329 1870 3462 1940 ejus,
3493 1878 3550 1926 et
3576 1878 3862 1939 quantum-

2266 1967 2348 2023 vis
2375 1965 2646 2022 soliditate
2693 1965 2962 2037 corporali
3009 1963 3276 2032 conﬁdat,
3307 1965 3551 2020 dicturus
3598 1973 3702 2028 est,
3733 1962 3862 2020 Ossa

2267 2073 2389 2114 mea
2429 2058 2749 2114 conturbata
2794 2066 2937 2114 sunt.
2971 2056 3088 2113 Hoc
3115 2073 3248 2114 sane
3295 2056 3596 2114 cavendum
3652 2065 3762 2122 est,
3801 2071 3861 2110 nc

2267 2169 2429 2224 super
2483 2169 2672 2209 omnes
2723 2153 2967 2209 inimicos
3017 2168 3146 2208 suos
3192 2149 3458 2207 efﬁciatur
3485 2149 3857 2220 opprobrium.

2269 2248 2368 2305 Hic
2397 2249 2550 2305 locus
2577 2249 2623 2303 si
2643 2247 2792 2317 justo
2821 2247 3022 2312 evenit,
3051 2256 3346 2316 martyrem
3373 2243 3535 2309 fecit;
3563 2243 3609 2298 si
3640 2243 3858 2312 injuste,

2267 2349 2527 2398 aeternam
2575 2349 2806 2397 mortem
2837 2339 3046 2394 indixit.
3080 2337 3282 2407 lnjuste
3310 2321 3454 2391 enim
3483 2335 3609 2390 odio
3647 2335 3856 2389 habitus

2268 2441 2352 2492 est
2379 2435 2558 2490 omnis
2584 2441 2824 2498 sanctus,
2847 2441 2903 2488 et
2925 2432 3041 2502 ipse
3056 2431 3220 2486 etiam
3239 2428 3524 2485 Dominus.
3551 2426 3690 2482 Tunc
3708 2427 3850 2482 enim

2269 2527 2536 2584 exclamat
2581 2526 2815 2596 Spiritus
2857 2531 3097 2587 sanctus,
3149 2522 3288 2578 sicut
3329 2521 3383 2576 in
3409 2519 3626 2575 Christo
3669 2518 3853 2589 praedia

2268 2629 2416 2677 ctum
2443 2628 2556 2686 est,
2587 2628 2646 2675 ut
2674 2626 2822 2674 muta
2852 2615 2983 2673 ﬁant
3018 2617 3160 2671 labia
3188 2616 3391 2684 iniqua,
3421 2629 3542 2684 qua:
3569 2613 3854 2682 loquuntur

2267 2713 2528 2769 adversus
2541 2712 2743 2783 justum
2757 2712 3096 2782 iniquitatem
3111 2710 3168 2764 in
3181 2709 3432 2780 superbia
3447 2716 3504 2764 et
3511 2716 3823 2777 contemptu
3841 2725 3851 2758 :

2268 2815 2325 2862 et
2350 2806 2594 2877 quamvis
2623 2803 3008 2860 amaritudiues
3035 2801 3314 2873 patiuntur
3336 2798 3470 2869 justi
3516 2799 3571 2854 in
3613 2799 3720 2854 hoc
3763 2814 3852 2853 sa:-

2268 2901 2413 2967 culo,
2437 2900 2535 2956 sed
2562 2913 2755 2968 magna
2784 2895 3072 2952 multitudo
3099 2893 3396 2950 dulcedinis
3437 2909 3534 2948 eos
3562 2901 3849 2963 exspectat,

2265 2993 2314 3049 si
2342 2990 2830 3062 perseveraverint,
2864 2988 2918 3043 in
2949 2986 3159 3051 futuro,
3191 3001 3350 3054 quam
3381 2986 3603 3040 interim
3632 2986 3850 3040 abscon-

2266 3085 2347 3141 dit
2375 3083 2634 3139 Dominus
2661 3080 2974 3136 timentibus
3002 3093 3083 3134 sc.
3109 3077 3227 3132 Non
3256 3077 3372 3133 vult
3398 3092 3519 3131 eam
3547 3077 3604 3132 in
3633 3078 3738 3132 hoc
3761 3093 3851 3132 sae-

577 3171 837 3226 conciliati
861 3181 996 3226 sunt.
1022 3171 1138 3244 Ego
1161 3181 1330 3228 autem
1350 3175 1405 3226 in
1428 3183 1473 3226 te
1491 3175 1716 3244 speravi,
1741 3173 1990 3241 Domine;
2015 3173 2158 3229 dixi:
2189 3183 2232 3244 (ζ
2267 3177 2390 3233 culo
2419 3173 2789 3240 manifestare,
2819 3179 2879 3228 ut
2918 3170 3164 3242 perﬁciat
3189 3183 3310 3224 eam
3335 3167 3684 3238 sperantibus
3711 3169 3760 3222 in
3798 3182 3851 3222 sc

574 3261 716 3318 Deus
735 3281 876 3318 meus
897 3281 950 3320 es
976 3275 1046 3331 tu,
1068 3266 1125 3319 in
1145 3263 1382 3318 manibus
1414 3266 1512 3319 tuis
1540 3275 1702 3320 sortes
1728 3282 1868 3320 mete.
1904 3266 2066 3337 Eripe
2085 3283 2167 3322 me

573 3359 636 3414 de
662 3357 900 3414 manibus
943 3359 1274 3413 inimicorum
1321 3374 1566 3423 meorum,
1599 3366 1648 3411 et
1677 3373 1708 3410 a
1751 3357 2163 3428 persequentibus

572 3470 669 3509 me.
707 3450 924 3506 Illustra
975 3453 1162 3523 faciem
1193 3460 1333 3506 tuam
1359 3467 1512 3521 super
1541 3467 1740 3504 servum
1769 3458 1907 3504 tuam
1926 3491 1940 3516 ,
1964 3450 2164 3504 salvum

571 3561 652 3600 me
693 3547 778 3615 fac
802 3547 857 3599 in
889 3543 1252 3600 misericordia
1301 3553 1417 3608 tua,
1449 3542 1704 3609 Domine,
1736 3560 1835 3598 non
1866 3542 2162 3614 confundor

569 3637 814 3706 quoniam
859 3637 1088 3690 invocavi
1119 3645 1179 3691 te.
1233 3633 1553 3690 Erubescant
1577 3637 1722 3706 impii
1764 3643 1812 3688 et
1841 3635 2160 3688 deducantur

570 3726 626 3778 in
645 3727 928 3798 infernum,
955 3735 1099 3780 muta
1143 3727 1278 3798 fiant
1305 3727 1445 3781 labia
1473 3727 1671 3782 dolosa.
1724 3727 1853 3791 Qua:
1883 3727 2158 3799 loquuntur

571 3806 812 3874 adversus
826 3819 1029 3889 justum
1045 3821 1389 3892 iniquitatem,
1405 3822 1461 3875 in
1489 3819 1726 3890 superbia
1745 3829 1794 3875 et
1814 3821 1866 3873 in
1890 3821 2155 3876 abusione.

573 3907 743 3974 Quam
759 3927 952 3983 magna
968 3895 1257 3966 'multitudo
1279 3911 1563 3969 dulcedinis
1595 3921 1712 3978 tute,
1737 3911 1977 3979 Domine,
2002 3928 2158 3984 quam

570 4005 881 4060 abscondisti
913 4008 1203 4062 timentibus
1237 4009 1318 4062 te!
1342 4005 1617 4081 Perfecisti
1643 4010 1715 4063 eis
1755 4010 1840 4080 qui
1862 4017 2072 4079 sperant
2098 4009 2156 4062 in

569 4106 635 4160 te,
662 4098 719 4150 in
763 4107 1034 4168 conspectu
1071 4100 1301 4169 ﬁliorum
1330 4100 1615 4156 hominum.
1646 4101 1942 4156 Abscondes
1971 4119 2058 4157 eos
2098 4103 2153 4157 in

569 4191 868 4245 abscondito
900 4193 1052 4260 faciei
1077 4203 1192 4258 tute,
1226 4212 1258 4247 a
1280 4193 1669 4260 conturbatione
1692 4197 1978 4249 hominum.
2013 4195 2154 4250 Pro-

569 4290 719 4352 τεσσε-
742 4299 828 4335 eos
857 4283 910 4334 in
943 4280 1271 4337 tabernaculo
1313 4293 1416 4349 tuo,
1446 4301 1479 4337 a
1507 4287 1917 4340 contradictione
1943 4286 2154 4357 lingua-

569 4389 699 4426 rum.
731 4371 1036 4426 Benedictus
1069 4372 1342 4438 Dominus,
1375 4379 1620 4448 quoniam
1666 4379 1961 4447 mirificavit
1999 4379 2154 4434 mise-

567 4463 848 4520 ricordiam
900 4474 1041 4518 tuam
1093 4466 1221 4520 mihi
1251 4468 1304 4522 in
1333 4469 1538 4522 civitate
1585 4471 1805 4523 munita.
1842 4468 1953 4540 Ego
1981 4480 2151 4524 autem

2271 3284 2456 3324 coram
2487 3267 2610 3322 tiliis
2626 3267 2924 3329 hominum,
2946 3263 3041 3332 qui
3064 3277 3160 3318 eos
3189 3260 3474 3316 irriserint.
3499 3260 3570 3315 Et
3588 3277 3732 3316 nunc
3747 3261 3852 3330 qui-

2269 3362 2391 3417 dem
2442 3357 2724 3414 abscondit
2777 3371 2873 3413 eos
2919 3355 2972 3410 iu
3010 3353 3192 3410 abdito
3247 3353 3428 3408 vultus
3482 3354 3596 3418 sui,
3638 3363 3694 3409 ut
3721 3353 3849 3408 sicut

2269 3451 2439 3520 ipsius
2467 3450 2644 3504 vultus
2685 3449 2757 3502 ita
2788 3455 2907 3502 erat
2947 3446 3004 3501 in
3032 3445 3236 3512 abdito,
3282 3454 3341 3500 ut
3369 3454 3651 3515 putaretur
3691 3448 3849 3500 homo

2269 3550 2494 3605 tali-ii,
2528 3542 2604 3596 ita
2631 3548 2688 3595 et
2715 3539 2802 3595 isti
2829 3554 2950 3595 cum
2979 3537 3088 3594 sint
3114 3537 3297 3608 magni
3325 3545 3382 3593 et
3409 3538 3598 3604 sancti,
3628 3538 3846 3591 abscon~

2268 3633 2350 3688 ει
2376 3648 2472 3688 eos
2517 3633 2569 3687 in
2626 3631 2806 3686 abdito
2835 3630 3016 3686 vultus
3043 3629 3126 3685 sui
3155 3645 3186 3683 a
3215 3628 3614 3685 conturbatione
3666 3625 3835 3679 homio

2268 3747 2418 3798 num,
2450 3746 2520 3786 ne
2545 3730 2673 3785 dum
2696 3727 3095 3784 manifestatum
3121 3714 3282 3783 fuerit
3303 3740 3400 3782 eos
3418 3737 3530 3780 esse
3551 3729 3767 3778 sanctos
3785 3730 3843 3776 et

2267 3826 2474 3880 aniens
2517 3822 2648 3887 Dei,
2699 3821 3050 3878 eouturbetur
3100 3819 3167 3875 ab
3213 3819 3493 3876 hominum
3545 3815 3849 3872 adulatione

2265 3918 2603 3990 propositum
2633 3931 2839 3971 eorum.
2866 3912 2975 3968 Sed
3004 3922 3132 3968 tunc
3158 3911 3414 3968 miriﬁcat
3429 3907 3847 3966 misericordiam

2265 4027 2418 4070 suam
2448 4013 2501 4066 in
2530 4012 2626 4077 eis,
2659 4025 2782 4065 cum
2816 4007 3125 4080 apparuerit
3151 4007 3341 4062 civitas
3369 4004 3848 4068 circumstantium,

2259 4117 2422 4172 quam
2451 4102 2801 4157 circumstant
2829 4099 3024 4169 angeli,
3066 4099 3258 4154 civitas
3313 4105 3489 4153 mater
3543 4104 3850 4152 sanctorum

2258 4196 2577 4252 Jerusalem.
2602 4195 2740 4261 Quid
2767 4197 2881 4250 tum
2902 4194 2976 4248 ibi
3005 4193 3247 4250 dicturus
3275 4200 3360 4248 est
3381 4191 3593 4261 justus;
3625 4191 3754 4246 dum
3776 4190 3852 4245 vi-

2259 4290 2442 4344 derem
2472 4305 2559 4344 me
2589 4290 2641 4342 in
2669 4289 2866 4344 szeculo
2893 4303 2995 4358 pro
3023 4295 3264 4343 stercore
3290 4286 3546 4342 aestimari
3577 4286 3645 4340 ab
3675 4286 3850 4339 omni-

2258 4381 2378 4444 bus,
2409 4379 2518 4433 dixi
2548 4380 2602 4434 in
2650 4378 2811 4434 corde
2840 4393 2984 4443 meo,
3015 4374 3294 4446 Projectus
3333 4391 3454 4431 sum
3483 4391 3514 4430 a
3541 4375 3698 4430 vultu
3728 4390 3854 4430 ocu-

2258 4469 2433 4524 lorum
2463 4478 2698 4524 tuorum.
2725 4468 2804 4524 Tu
2827 4477 3006 4524 autem
3045 4467 3309 4524 exaudisti
3337 4483 3546 4533 vocem,
3579 4467 3714 4536 quia
3743 4467 3852 4521 cla-

564 4557 676 4609 dixi
701 4557 756 4609 in
785 4572 995 4610 excessu
1024 4559 1209 4612 mentis
1229 4575 1374 4625 mete,
1399 4561 1657 4631 projectus
1684 4577 1798 4614 sum
1822 4579 1853 4614 a
1884 4530 2018 4632 facie
2037 4577 2154 4616 ocu-
2182 4530 2232 4596 υ
2258 4563 2400 4617 mavi
2431 4562 2497 4617 ad
2525 4571 2597 4617 te.
2623 4562 2798 4617 Nolite
2813 4576 2944 4631 ergo
2972 4570 3236 4618 terrorem
3256 4561 3388 4632 pati,
3406 4530 3581 4615 sancti
3597 4530 3850 4624 Domini,

562 4649 729 4701 lorum
751 4656 970 4702 tuorum.
1022 4648 1151 4705 Ideo
1190 4651 1447 4706 exaudiui
1476 4669 1645 4707 vocem
1693 4656 1944 4709 orationis
1987 4671 2148 4721 mete,

561 4740 681 4793 dum
706 4739 987 4823 clamarem
1010 4743 1079 4796 ad
1109 4753 1192 4797 te:
1222 4742 1436 4815 Diligite
1454 4743 1758 4814 Dominum,
1783 4765 1959 4802 omnes
1980 4751 2152 4804 sancti

558 4830 690 4898 ejus,
719 4833 964 4902 quoniam
991 4837 1254 4890 veritatem
1283 4839 1505 4908 requiret
1525 4838 1802 4908 Dominus,
1830 4851 1878 4895 et
1906 4842 2153 4898 retribuet

557 4928 883 4984 abundanter
931 4933 1234 5002 facientibus
1273 4935 1586 5006 superbiam.
1630 4937 1864 4993 Viriliter
1911 4942 2064 5012 agite,
2100 4948 2153 4995 et

556 5023 874 5093 confortetur
900 5040 990 5078 cor
1011 5036 1249 5092 vestrum,
1269 5045 1445 5085 omnes
1470 5033 1557 5103 qui
1577 5035 1796 5104 speratis
1814 5035 1873 5088 in
1893 5032 2145 5091 Domino.

1043 5184 1046 5187 '
1133 5177 1567 5224 COIIBNTABIUI.

627 5288 954 5348 Tricesimus
979 5293 1214 5362 psalrnus
1241 5310 1412 5366 spem,
1441 5313 1562 5368 quae
1595 5299 1650 5354 in
1679 5299 1791 5357 Deo
1810 5310 1917 5369 est,
1946 5305 2144 5362 asserit

552 5383 826 5441 hominem
854 5387 921 5441 ab
949 5393 1150 5443 :eterna
1177 5390 1492 5448 confusione
1540 5393 1790 5450 liberare.
1822 5379 1966 5452 Deus
1995 5399 2138 5452 enim

551 5490 651 5544 pro
673 5476 883 5546 justitia
922 5495 1024 5534 sua
1056 5488 1338 5550 sperantes
1363 5483 1415 5537 in
1445 5499 1505 5540 se
1534 5485 1726 5541 liberat
1769 5495 1825 5542 et
1853 5489 2032 5558 eripit.
2073 5487 2141 5543 Et

552 5567 775 5623 inclinat
818 5573 898 5628 eis
924 5588 1109 5630 aurem
1157 5589 1328 5641 suam,
1360 5585 1416 5632 et
1443 5579 1708 5634 accelerat
1741 5588 1802 5634 ut
1827 5581 2052 5651 eripiat,
2081 5591 2144 5636 ut

446 5730 452 5736 .
551 5656 624 5710 sit
649 5658 730 5712 eis
752 5657 893 5716 Deus
919 5673 1211 5733 protector,
1241 5669 1395 5737 quasi
1435 5669 1627 5724 domus
1674 5669 1886 5738 refugii,
1918 5680 1978 5725 ut
2002 5672 2138 5727 salvi

552 5743 706 5812 ﬁant,
735 5760 796 5805 ut
819 5755 1006 5819 eripiﬂ
1030 5775 1125 5844 eos
1151 5760 1218 5816 dc
1247 5761 1441 5832 laqueo
1460 5777 1623 5835 quem
1645 5766 1920 5822 occultant
1937 5766 2022 5824 eis
2036 5767 2142 5822 da:-

2259 4654 2304 4710 si
2332 4669 2429 4710 vos
2456 4655 2704 4725 superbia
2734 4654 3010 4709 hominum
3063 4653 3336 4725 opprimit.
3369 4647 3658 4708 Erit'enim
3707 4653 3858 4723 judi-

2260 4745 2422 4813 cimn,
2455 4747 2508 4800 in
2536 4761 2644 4815 quo
2672 4746 2909 4815 requiret
2959 4746 3242 4801 veritatem
3293 4744 3573 4810 Dominus,
3607 4752 3668 4799 et
3702 4746 3861 4802 retri-

2259 4837 2390 4892 buet
2409 4837 2492 4892 bis
2519 4838 2611 4908 qui
2639 4837 2973 4892 abundanter
3018 4835 3220 4892 faciunt
3249 4837 3574 4907 superbiam.
3612 4835 3865 4893 Virilitat-

2262 4945 2410 4986 nunc
2433 4931 2594 4998 agite,
2625 4929 2794 4984 nolite
2821 4926 3071 4995 deﬁcere,
3099 4929 3193 4985 sed
3221 4927 3559 4985 confortetur
3595 4943 3709 4985 eor
3736 4945 3865 4986 ves-

2254 5030 2416 5086 trum,
2443 5029 2499 5076 et
2518 5027 2694 5076 estote
2717 5021 2893 5076 securi
2922 5036 3114 5078 omnes
3139 5021 3232 5092 qui
3260 5021 3492 5092 speratis
3512 5021 3566 5076 in
3588 5019 3860 5090 Domino,

2252 5113 2348 5182 qui
2370 5112 2502 5167 vivit
2527 5120 2584 5166 et
2606 5120 2798 5182 regnat
2834 5113 2890 5167 in
2916 5113 3110 5168 saeuus
3135 5113 3474 5169 saculos-um.
3504 5113 3710 5172 Amen.

2775 5245 3091 5304 PSALMUS
3130 5246 3323 5303 XXXI.

2786 5361 3095 5419 intellectus
3119 5320 3309 5419 David.

2319 5494 2466 5549 Beati
2515 5511 2733 5567 quorum
2760 5497 2990 5552 remissa:
3015 5505 3137 5551 sunt
3177 5497 3501 5565 iniquitates,
3544 5503 3595 5550 et
3622 5513 3863 5568 quorum

2247 5594 2380 5669 tecta
2409 5594 2528 5641 sunt
2555 5595 2786 5658 peccata.
3043 5588 3121 5642 vir
3159 5588 3246 5642 cui
3289 5604 3396 5642 non
3433 5588 3716 5658 imputavit
3746 5587 3864 5644 Do-

2247 5683 2418 5736 minus
2467 5690 2750 5752 peccatum,
2782 5697 2878 5736 nec
2903 5690 2986 5737 est
3019 5683 3078 5738 in
3122 5682 3309 5754 spiritu
3336 5681 3452 5752 ejus
3478 5678 3650 5734 dolus.
3711 5680 3870 5745 Quo-

2246 5775 2390 5828 niam
2441 5776 2578 5828 tacui
2620 5776 3034 5831 inveteraverunt
3075 5790 3369 5843 ossam,
3398 5773 3522 5829 dum
3557 5770 3872 5830 clam
