4108 6348
285 442 520 502 letalis.
555 438 812 506 Quoniam
835 439 918 496 die
941 457 1006 495 ac
1042 449 1190 496 nocte
1215 451 1432 513 gravata
1479 449 1555 497 est
1597 458 1749 510 super
1778 458 1860 496 me
1886 452 1935 507 Α

283 554 478 596 manus
504 546 616 603 uta,
641 553 910 592 conservus
937 555 1052 592 sum
1080 540 1134 592 in
1163 554 1396 592 aerumna
1420 555 1556 604 mea,
1582 539 1704 613 dum
1743 553 1868 594 con-

286 634 472 705 ﬁgitur
515 632 684 702 spina.
734 630 990 686 Delicium
1038 648 1206 686 meum
1263 633 1524 704 cognitum
1553 632 1643 686 tibi
1674 634 1789 703 feci,
1821 639 1872 686 et

285 723 601 794 injustitiam
639 738 809 776 meam
841 737 947 776 non
973 720 1243 776 abscondi.
1279 722 1422 788 Dixi,
1455 721 1748 794 Conﬁtebor
1775 721 1872 776 ad-

159 865 172 880 ,
257 831 493 869 *mum
519 830 600 868 me
621 814 934 885 injustitiam
967 833 1138 870 meum
1180 816 1433 883 Domino,
1466 825 1514 870 et
1545 825 1595 869 tu
1633 816 1874 871 remisisti

281 905 609 975 impietatem
643 907 841 974 peccati
886 908 1005 961 mei.
1041 905 1148 960 Pro
1176 908 1273 960 hac
1319 907 1486 961 orabit
1532 908 1602 961 ad
1630 917 1677 962 te
1703 908 1868 962 omnis

289 1004 506 1049 sanctus
532 996 585 1048 in
616 1003 840 1066 tempore
867 1006 1171 1068 opportuno.
1215 996 1574 1069 Verumtamen
1600 999 1654 1051 in
1682 997 1868 1052 diluvio

290 1102 544 1156 aquarum
571 1087 851 1141 multarum
881 1088 949 1141 ad
975 1105 1090 1142 eum
1117 1105 1219 1142 non
1241 1090 1695 1161 approximabunt.
1721 1089 1797 1145 Tu
1815 1106 1868 1145 es

283 1178 550 1249 refugium
596 1194 763 1233 meum
785 1196 817 1232 a
846 1180 1176 1236 tribulatione
1225 1198 1340 1252 quae
1383 1182 1722 1237 circumdedit
1768 1200 1865 1249 me,

291 1271 568 1324 exsultatio
599 1289 714 1325 mea
742 1289 863 1328 erue
890 1291 971 1328 me
998 1292 1031 1327 a
1063 1276 1494 1331 circumdantibus
1524 1294 1622 1332 me.
1654 1277 1868 1334 Intelle-

289 1370 431 1417 ω
452 1363 542 1418 tibi
563 1365 719 1431 dabo,
749 1375 802 1421 et
817 1369 1076 1436 intritum
1101 1379 1149 1423 te
1175 1372 1229 1424 in
1251 1372 1333 1425 via
1357 1373 1453 1426 hac
1473 1391 1574 1444 qua
1596 1374 1870 1446 gradieris,

291 1453 514 1523 ﬁrmabo
534 1472 690 1527 super
717 1467 768 1512 te
807 1460 982 1515 oculos
1010 1478 1168 1516 meos.
1197 1461 1377 1518 Nolite
1403 1465 1519 1535 ﬁeri
1558 1467 1689 1520 sicut
1715 1483 1872 1536 equus

288 1552 343 1598 et
367 1547 558 1607 eiulas,
587 1543 766 1616 quibus
795 1565 899 1604 non
925 1561 1001 1606 est
1023 1553 1331 1608 intellectus.
1365 1553 1433 1609 In
1463 1573 1610 1611 camo
1639 1567 1687 1611 et
1727 1560 1874 1629 freno

285 1635 540 1691 numidas
575 1655 755 1694 eorum
798 1645 1107 1716 constringe,
1147 1647 1232 1717 qui
1262 1663 1366 1701 non
1414 1651 1780 1718 approximant
1807 1651 1876 1705 ad

295 1735 364 1781 te.
397 1726 564 1782 [ulta
584 1731 795 1800 flagella
822 1737 1126 1802 peccatoris,
1159 1748 1451 1808 sperantem
1481 1752 1652 1794 autem
1680 1743 1734 1795 in
1768 1740 1878 1796 Do-

289 1818 436 1873 mino
843 1825 1199 1881 circumdabit.
1235 1826 1514 1884 Ltetamini
1547 1833 1603 1885 in
1633 1829 1877 1899 Domino,

293 1916 346 1962 et
363 1909 642 1977 multato,
664 1912 816 1982 justi,
843 1923 896 1968 et
917 1916 1216 1987 gloriamini
1239 1937 1414 1974 omnes
1437 1923 1558 1976 recti
1582 1924 1750 1978 corde.

551 2079 553 2082 ι
865 2023 1082 2063 COIIEN
1090 2026 1306 2066 TABIUI.

368 2091 694 2151 Tn'cesimus
711 2099 948 2167 psalmus
978 2103 1181 2171 primus
1208 2119 1464 2173 prmsens,
1499 2107 1712 2161 titulum
1732 2124 1886 2163 suum

289 2183 354 2238 in
387 2185 720 2242 intellectum
747 2191 946 2258 posuit,
978 2199 1039 2244 ut
1075 2191 1167 2246 det
1217 2192 1548 2250 intellectum
1577 2205 1632 2250 et
1659 2197 1888 2252 instruat

293 2276 606 2334 credentem
627 2280 680 2334 in
707 2281 793 2334 via
814 2297 920 2352 qua
949 2284 1275 2352 ingreditur,
1299 2294 1354 2342 et
1381 2286 1555 2343 ﬁrmet
1583 2306 1742 2361 super
1767 2307 1888 2347 eum

293 2369 510 2436 oculos,
545 2387 614 2426 ne
640 2371 903 2428 efﬁciatur
925 2376 1067 2430 sicut
1095 2392 1265 2446 equus
1294 2387 1348 2432 et
1375 2380 1567 2444 mulus,
1619 2383 1671 2436 in
1700 2383 1889 2454 quibus

194 2505 198 2508 .
299 2474 412 2514 non
437 2469 523 2516 est
548 2462 870 2519 intellectus.
904 2466 983 2520 Ad
1013 2477 1175 2538 caput
1215 2478 1394 2526 tamen
1439 2474 1626 2543 psalmi
1655 2476 1890 2532 attenda-

289 2567 444 2617 mus,
477 2553 533 2607 in
561 2568 669 2621 quo
698 2555 774 2609 illi
802 2556 946 2612 beati
991 2570 1318 2627 asseruntur,
1351 2577 1576 2632 quorum
1607 2567 1887 2623 remittun-

303 2650 396 2698 tur
424 2642 750 2712 iniquitates,
803 2656 858 2702 et
898 2665 1129 2718 quorum
1177 2659 1430 2721 teguntur
1474 2667 1709 2726 peccata.
1765 2659 1887 2716 Nisi

303 2733 454 2787 enim
483 2736 597 2804 quis
636 2746 841 2792 renatus
869 2742 1025 2810 fuerit
1070 2757 1137 2796 ea:
1183 2760 1316 2815 aqua
1355 2755 1404 2800 et
1458 2746 1656 2818 Spiritu
1710 2763 1886 2807 sancto

305 2824 489 2894 (Joan.
521 2829 623 2897 ut),
653 2829 755 2884 hoc
793 2832 841 2886 ei
877 2834 1096 2890 evenire
1131 2851 1243 2892 non
1290 2839 1506 2908 poterit.
1549 2840 1679 2908 Quis
1707 2852 1884 2900 autem

298 2924 388 2972 est
413 2917 515 2974 iste
539 2921 630 2988 qui
660 2923 880 2979 remittit
923 2930 1182 2996 peccata?
1218 2928 1314 2986 llle
1353 2932 1468 2986 sine
1497 2933 1659 2988 dubio
1687 2935 1754 2989 de
1781 2951 1890 3005 quo

297 3008 500 3066 dicitur
543 3031 555 3066 :
587 3012 722 3080 Quia
759 3033 861 3072 non
890 3027 967 3073 est
1005 3021 1060 3074 in
1107 3038 1196 3076 ore
1214 3023 1328 3094 ejus
1357 3024 1503 3079 dolus
1561 3026 1603 3099 (Ι
1631 3026 1773 3081 Petr.
1808 3031 1888 3100 ιι).

1209 319 1676 379 (ΞΟΜΜΕΝΤΑΒΕ
1712 321 1778 378 IN
1815 319 2146 380 PSALMOS.
2189 325 2378 382 PSAL.
2421 327 2633 384 XXXII.

2473 445 2695 501 PSALM
2704 446 2788 504 US
2826 443 3037 504 XXXII.

2269 551 2278 560 ’
2381 582 2439 638 ιιι
2469 581 2629 640 linem
2673 587 2909 655 psalmus
2941 586 3128 642 David.

2044 713 2334 776 Exsultate,
2362 717 2512 786 justi,
2560 719 2614 769 in
2655 715 2901 780 Domino.
2935 731 3098 776 rectos
3119 720 3257 776 decet
3284 718 3548 776 collauda-

1974 807 2064 861 tio.
2097 805 2423 877 Conﬁtemini
2454 807 2672 861 Domino
2701 809 2755 861 in
2785 810 3004 876 cithara,
3032 812 3085 865 in
3103 811 3350 878 psalterio
3379 810 3548 867 decem

1973 896 2283 952 chordarum
2337 898 2541 967 psallite
2578 897 2673 950 illi.
2705 894 2922 952 Cantate
2957 902 3002 953 ei
3049 902 3300 956 canticum
3345 918 3547 964 nouum,

1977 987 2099 1044 bene
2135 991 2338 1060 psallite
2366 994 2409 1045 ei
2431 992 2484 1044 in
2515 992 2893 1062 vociferatione.
2945 991 3078 1056 Quia
3118 1003 3309 1050 rectum
3347 1004 3425 1049 est
3450 1012 3553 1049 vcr-

1975 1080 2092 1134 bum
2112 1079 2343 1146 Domini,
2369 1091 2417 1135 et
2445 1084 2618 1135 omnia
2637 1099 2790 1152 opera
2829 1085 2936 1153 ejus
2965 1085 3018 1135 in
3045 1084 3170 1154 ﬁde.
3195 1083 3377 1156 Diligit
3398 1087 3552 1146 mise-

1973 1175 2250 1228 ricordiam
2275 1183 2324 1228 et
2341 1176 2615 1245 judicium,
2649 1175 2996 1228 misericordia
3049 1173 3257 1231 Domini
3284 1177 3436 1246 plena
3479 1185 3556 1230 est

1977 1277 2129 1323 terra.
2177 1267 2342 1322 Verbo
2385 1266 2594 1322 Domini
2634 1268 2746 1322 caeli
2773 1269 2964 1338 ﬁrmati
2995 1277 3130 1335 sunt,
3161 1279 3209 1326 et
3245 1269 3427 1339 spiritu
3449 1270 3554 1323 oris

1971 1365 2082 1436 ejus
2134 1365 2300 1417 omnis
2346 1364 2503 1417 virtus
2552 1380 2744 1418 eorum.
2793 1360 3122 1434 Congregans
3178 1363 3308 1414 sicut
3344 1363 3396 1414 in
3445 1373 3556 1416 utre

1974 1473 2134 1528 aquas
2156 1457 2335 1518 maris,
2377 1473 2571 1526 ponens
2596 1457 2649 1509 in
2682 1456 2928 1509 thesauris
2956 1455 3185 1525 abyssos.
3218 1452 3414 1510 Timent
3443 1452 3556 1510 D0-

1975 1543 2178 1605 m‘inum'
2190 1552 2354 1605 omnis
2384 1561 2536 1615 terra,
2570 1552 2633 1601 ab
2654 1567 2711 1602 eo
2741 1559 2908 1602 autem
2949 1558 3358 1602 commoveantur
3386 1562 3557 1600 onum

1973 1642 2320 1698 inhabitantes
2361 1639 2548 1695 orbem.
2587 1637 2841 1704 Quoniam
2879 1641 2987 1709 ipse
3012 1639 3144 1692 dicit
3169 1647 3216 1690 et
3237 1640 3377 1707 facta
3416 1645 3555 1698 sunt,

1978 1738 2088 1806 ipse
2109 1734 2372 1790 mandavit
2400 1744 2450 1787 et
2489 1742 2661 1786 creata
2690 1742 2826 1785 sunt.
2861 1729 3112 1785 Dominus
3142 1730 3357 1799 dissipat
3385 1729 3557 1783 consi-

1982 1827 2056 1882 lia
2083 1828 2308 1900 gentium
2334 1842 2350 1878 :
2379 1825 2620 1894 reprobat
2665 1831 2835 1876 autem
2877 1821 3208 1894 cogitationes
3239 1819 3557 1890 populorum,

1984 1930 2032 1974 et
2060 1917 2299 1990 reprobat
2339 1917 2558 1971 consilia
2603 1917 2911 1987 principum.
2943 1912 3225 1968 Consilium
3265 1920 3434 1966 autem
3463 1911 3561 1968 Do‘

1984 2012 2112 2064 mini
2152 2011 2207 2062 in
2231 2019 2479 2066 aeternum
2507 2016 2696 2072 manet,
2720 2007 3051 2078 cogitationes
3087 2004 3255 2059 cordis
3276 2004 3387 2076 ejus
3411 2004 3464 2058 in
3485 2018 3564 2074 με·

1987 2105 2250 2159 neratione
2277 2111 2324 2156 et
2343 2103 2740 2174 generationem.
2776 2099 2932 2156 Beata
2961 2115 3084 2171 gens
3104 2098 3251 2168 cujus
3284 2104 3358 2152 est
3385 2094 3566 2152 Domi-

1989 2211 2086 2249 nus
2115 2193 2273 2258 Deus,
2302 2196 2520 2266 papulas
2543 2209 2687 2264 quem
2716 2192 2865 2262 elegit
2884 2191 2935 2244 in
2965 2189 3313 2245 luereditatem
3338 2187 3456 2242 sibi.
3486 2186 3567 2242 De

1990 2286 2111 2342 ctelo
2133 2287 2355 2357 respexit
2374 2285 2646 2349 Dominus,
2670 2284 2790 2339 vidit
2816 2299 2989 2339 omnes
3014 2283 3153 2353 ﬁlios
3175 2283 3454 2336 hominum.
3490 2278 3567 2334 De

1988 2386 2280 2450 prteparato
2306 2377 2596 2432 habitacula
2616 2393 2707 2432 suo
2730 2377 2954 2447 respexit
2987 2391 3138 2444 super
3153 2391 3332 2432 omnes
3359 2374 3448 2446 qui
3473 2373 3568 2426 ha-

1988 2467 2151 2522 bitant
2180 2478 2387 2523 terram.
2441 2465 2540 2532 Qui
2568 2469 2719 2537 finxit
2763 2466 3026 2538 sigillatim
3067 2467 3222 2523 corda
3249 2484 3442 2532 eorum,
3481 2466 3569 2538 qui

1984 2561 2224 2632 intelligit
2269 2561 2440 2615 omnia
2489 2576 2643 2629 Opera
2687 2576 2880 2614 eorum.
2927 2557 3057 2614 Non
3098 2560 3328 2614 salvatur
3356 2576 3448 2614 rex
3475 2576 3570 2629 per

1987 2651 2198 2706 multam
2227 2653 2482 2714 virtutem,
2513 2660 2562 2705 et
2581 2652 2727 2722 gigas
2755 2667 2858 2705 non
2887 2649 3169 2705 salvabitur
3196 2651 3251 2702 in
3279 2649 3570 2703 multitudi-

1988 2761 2052 2798 ne
2081 2743 2278 2798 virtutis
2300 2759 2423 2798 suae.
2452 2740 2645 2796 Fallax
2671 2758 2828 2814 equus
2850 2742 2917 2794 ad
2935 2743 3172 2806 salutem,
3206 2743 3259 2794 in
3303 2739 3572 2794 abundan-

1992 2836 2063 2887 tia
2092 2844 2260 2888 autem
2308 2835 2508 2887 virtutis
2557 2849 2667 2887 sua:
2707 2832 3004 2887 salvabitur.
3037 2831 3174 2886 Ecce
3195 2831 3329 2885 oculi
3359 2829 3574 2885 Domini

1992 2944 2144 2997 super
2171 2936 2448 2980 metuentes
2477 2942 2611 2989 eum,
2634 2934 2683 2980 et
2708 2926 2761 2980 in
2781 2927 2855 2981 eis
2891 2927 2980 2988 aui
3005 2933 3217 2997 sperant
3242 2941 3396 2995 super
3422 2926 3574 2980 mise-

1997 3018 2218 3072 ricordia
2246 3020 2377 3089 ejus.
2405 3016 2473 3072 Ut
2491 3027 2637 3072 eruat
2661 3036 2696 3072 a
2733 3026 2896 3073 morte
2919 3019 3119 3075 animus
3156 3034 3350 3084 eorum,
3387 3027 3438 3074 et
3461 3017 3574 3072 alat

297 3101 534 3162 Iundus’
561 3108 740 3180 itaque
785 3119 927 3166 totus
954 3113 1010 3167 in
1049 3123 1202 3188 sente
1229 3087 1456 3186 positus,
1507 3087 1641 3174 et‘in
1673 3087 1888 3177 vulnere

1998 3125 2084 3163 eos
2110 3110 2164 3161 in
2192 3087 2348 3180 fame.
2369 3108 2558 3163 Anima
2578 3116 2755 3166 nostra
2781 3111 2995 3165 sustinet
3012 3108 3310 3174 Dominum,
3333 3111 3574 3182 quoniam

298 3198 644 3263 constitutus,
665 3202 789 3270 quia
813 3213 1032 3271 gravata
1062 3216 1178 3261 erat
1206 3223 1368 3278 super
1393 3224 1514 3264 eum
1559 3227 1748 3268 manus
1774 3211 1887 3280 Dei,

299 3294 366 3344 et
403 3304 693 3348 conversus
722 3295 774 3348 in
802 3311 1041 3352 aerumna
1087 3299 1283 3365 fuerat,
1323 3318 1422 3373 pro
1450 3319 1516 3359 eo
1544 3307 1686 3374 quod
1723 3306 1889 3364 fracta

301 3392 451 3439 esset
477 3384 609 3454 ejus
643 3388 815 3457 spina,
865 3403 985 3458 quae
1013 3390 1314 3450 libertatem
1355 3398 1578 3454 cervicis
1617 3407 1672 3454 et
1700 3402 1889 3472 capitis

299 3474 424 3545 ejus
450 3477 789 3546 sublimabat,
822 3481 1072 3539 clamavit
1107 3501 1318 3558 semper
1349 3505 1446 3560 per
1473 3508 1633 3547 voces
1657 3495 1890 3565 prophe-

297 3573 504 3634 tarum,
535 3576 595 3623 ut
622 3571 828 3626 veniret
846 3573 935 3642 qui
969 3575 1200 3632 salvaret
1228 3594 1370 3634 eum.
1403 3581 1471 3635 At
1495 3583 1581 3638 ubi
1601 3585 1748 3638 venit
1787 3585 1892 3642 Do-

303 3656 502 3724 minus,
527 3662 692 3716 tacuit
719 3662 843 3717 dum
861 3665 1169 3723 clamarem.
1194 3669 1454 3727 Veniente
1478 3675 1620 3728 enim
1640 3673 1889 3741 Domino,

303 3747 425 3803 Lex
451 3757 506 3804 et
536 3749 833 3822 Propheta,
866 3757 958 3824 qui
1001 3758 1320 3827 clamabant,
1353 3771 1653 3830 tacuerunt,
1687 3774 1739 3820 et
1769 3783 1894 3836 pro-

295 3841 593 3896 nuntiante
647 3859 970 3914 unoquoque
1015 3857 1198 3904 contra
1257 3866 1378 3904 eum
1427 3856 1749 3909 sententiam
1798 3873 1895 3926 pro

297 3937 540 4000 peccato
568 3948 688 3997 suo,
720 3935 810 3990 ille
836 3938 1060 3992 remittit
1088 3940 1419 4010 impietatem
1441 3946 1618 3999 cordis
1640 3947 1773 4015 ejus,
1800 3964 1898 4016 pro

310 4034 424 4088 qua
438 4029 560 4074 orat
573 4024 746 4078 omnis
767 4035 978 4082 sanctus
999 4029 1051 4083 in
1075 4039 1317 4101 tempore
1339 4045 1659 4102 opportuno.
1693 4037 1900 4106 Oppor-

315 4116 512 4164 tunum
541 4118 748 4182 tempus
795 4117 1178 4175 interveniendi
1231 4138 1330 4192 pro
1371 4138 1528 4178 servo
1557 4127 1900 4197 est,‘quando

311 4216 508 4258 servus
535 4205 869 4279 emendatur.
911 4209 1016 4266 Nos
1045 4227 1172 4282 ergo
1200 4212 1390 4283 damus
1411 4223 1615 4287 tempus
1645 4230 1901 4291 opportu-

301 4307 448 4349 num
495 4295 697 4351 sanctis
724 4298 912 4354 orandi
960 4315 1056 4368 pro
1100 4304 1334 4372 peccatis
1376 4307 1588 4372 nostris,
1628 4309 1841 4378 quando
1868 4327 1898 4366 a

311 4395 542 4459 peccato
564 4387 882 4446 recedimus.
905 4391 1036 4448 Nam
1057 4395 1200 4464 quod
1225 4395 1354 4451 dicit
1383 4415 1396 4451 ε
1422 4397 1478 4452 ln
1508 4397 1708 4456 diluvio
1728 4417 1892 4471 aqua-

1995 3201 2202 3273 adjutor
2227 3211 2277 3255 et
2317 3209 2572 3272 protector
2621 3209 2796 3259 noster
2819 3211 2913 3258 est.
2961 3199 3095 3267 Quis
3130 3203 3186 3256 in
3212 3219 3272 3256 eo
3317 3200 3575 3256 laetabitur

1994 3309 2083 3348 cor
2119 3302 2369 3359 nostrum,
2401 3303 2451 3348 et
2494 3295 2549 3349 in
2600 3297 2806 3368 nomjne
2848 3302 3025 3350 sancto
3070 3295 3182 3364 ejus
3235 3291 3570 3361 sperabimus.

1993 3381 2120 3438 Fiat
2163 3385 2515 3439 misericordia
2555 3393 2663 3451 tua,
2709 3383 2948 3452 Domine,
2993 3400 3144 3454 super
3190 3399 3304 3448 nos,
3333 3381 3576 3454 Wd-

1992 3475 2198 3531 modum
2225 3478 2538 3546 speravimus
2560 3478 2614 3530 in
2639 3483 2706 3529 te.

2568 3581 3000 3624 COIIBNTLBIUI.

2066 3677 2200 3734 Siin
2227 3678 2330 3733 isto
2356 3678 2556 3733 mundo
2595 3678 2662 3732 ab
2692 3677 2846 3732 initio
2883 3677 3096 3744 seculi,
3141 3676 3272 3746 justi
3309 3677 3405 3733 Dei
3433 3677 3573 3732 silli--

1999 3770 2205 3826 ctioues
2226 3776 2280 3824 et
2311 3760 2683 3824 tribulationes
2713 3769 2856 3837 passi
2877 3777 3022 3831 sunt,
3061 3767 3332 3835 quomodo
3357 3767 3575 3831 dicitur,

1999 3857 2240 3914 Gaudete
2263 3859 2426 3927 justi?
2456 3875 2489 3914 ο
2537 3874 2605 3912 an
2653 3865 2809 3911 vocat
2845 3857 2896 3910 ei
2923 3857 3156 3924 gaudere
3202 3857 3293 3924 qui
3314 3853 3579 3923 caeditur,

2001 3949 2199 4018 quique
2227 3948 2438 4003 diverso
2464 3962 2662 4017 genere
2691 3954 3079 4001 tormentorum
3103 3945 3348 4000 afﬁcitur.
3391 3946 3447 4002 Si
3479 3949 3580 4004 ista

2003 4037 2122 4107 quis
2151 4037 2418 4104 loquatur,
2448 4052 2628 4092 secum
2657 4035 2960 4092 consideret
2987 4036 3318 4107 Apostolum,
3347 4055 3451 4092 non
3485 4055 3578 4094 so-

2004 4127 2113 4181 lum
2141 4126 2372 4195 gaudere
2408 4127 2460 4182 in
2501 4128 2602 4190 his,
2629 4127 2982 4182 vorumetiam
3006 4127 3216 4199 placere
3243 4128 3341 4195 sibi
3369 4129 3422 4183 in
3452 4144 3577 4199 per-

2003 4216 2382 4271 secutionihus.
2419 4215 2569 4272 Unde
2594 4225 2648 4272 et
2671 4215 2902 4272 Iacobus
2943 4217 3216 4288 apostolus
3249 4237 3261 4272 :
3292 4217 3474 4286 Omne,
3498 4222 3578 4275 in-

2002 4308 2135 4378 quit,
2161 4307 2407 4378 gaudium
2426 4308 2738 4374 existimate,
2767 4310 2973 4379 fratres,
2987 4295 3113 4364 cum
3137 4309 3193 4364 in
3213 4291 3576 4365 minationibus

2001 4400 2159 4456 variis
2187 4402 2470 4459 incideritis
2502 4403 2640 4476 (Jac.
2669 4421 2707 4469 ι,
2734 4402 2812 4474 2).
2834 4403 2953 4474 Ipse
2973 4414 3151 4462 autem
3174 4408 3428 4476 magister
3447 4423 3578 4477 apo-
3666 4423 3674 4431 ·

308 4492 434 4536 rum
455 4479 742 4562 multarum
772 4481 839 4537 ad
868 4498 990 4538 eum
1011 4501 1117 4540 non
1148 4489 1610 4556 approximabunt.
1657 4464 1897 4550 Ostendit
1927 4464 1978 4526 Β
2001 4492 2258 4548 stolorum
2288 4493 2446 4549 docet
2467 4464 2703 4566 qualiter
2717 4464 3077 4564 gaudeamus:
3107 4497 3235 4553 Cum
3260 4464 3367 4564 uos,
3385 4464 3574 4566 inquit,

311 4585 416 4640 per
440 4586 600 4626 unam
623 4587 816 4641 aquam
844 4575 1176 4646 baptismatis
1215 4579 1327 4636 Deo
1355 4581 1598 4638 homines
1626 4585 1889 4655 proxima-

313 4678 402 4729 re,
430 4680 548 4735 qua:
575 4674 659 4720 est
684 4667 941 4736 refugium
980 4686 1011 4724 a
1036 4687 1280 4742 pressura
1308 4674 1626 4742 daemonum,
1658 4695 1776 4749 qua:
1795 4681 1894 4735 cir-

311 4757 537 4812 cumdat
563 4773 681 4814 nos.
713 4757 780 4814 Et
806 4760 1132 4818 intellectum
1160 4765 1249 4820 dat
1277 4766 1430 4822 nobis
1474 4776 1528 4822 et
1580 4770 1651 4823 ita
1688 4786 1786 4826 nos
1814 4772 1896 4826 in-

312 4854 492 4903 struet
536 4852 591 4904 in
626 4850 713 4905 via
737 4867 842 4920 qua
888 4853 1263 4923 ingrediemur,
1294 4866 1354 4912 ut
1394 4857 1571 4914 ﬁrmet
1613 4876 1774 4930 super
1802 4878 1902 4920 nos

315 4939 508 4996 oettlos
535 4956 680 5009 suos,
713 4958 781 4998 ne
808 4943 1101 5000 efﬁciamur
1141 4948 1278 5003 sicut
1302 4963 1472 5018 equus
1493 4959 1548 5005 et
1575 4952 1768 5007 mulus.
1799 4952 1902 5020 Qui

317 5029 469 5086 enim
493 5032 762 5088 noluerint
788 5037 1019 5104 proximi
1048 5036 1205 5105 efﬁci,
1250 5039 1399 5096 freno
1439 5042 1816 5111 tribulationis,
1849 5051 1904 5099 et

316 5137 480 5179 como
530 5128 835 5182 sententiali
873 5130 1107 5184 maxilla:
1161 5147 1347 5187 eorum
1403 5134 1778 5203 astringentur,
1811 5136 1903 5206 qui

316 5228 434 5270 non
459 5218 762 5286 proximam
786 5219 853 5274 ei.
885 5220 1049 5276 Multa
1079 5232 1201 5277 sunt
1240 5224 1382 5279 enim
1421 5222 1626 5294 ﬂagella
1663 5237 1906 5298 peccato-

318 5320 446 5361 rum
477 5308 611 5362 :sed
655 5310 747 5378 qui
794 5322 1010 5382 sperant
1055 5313 1106 5367 in
1135 5312 1384 5380 Domino,
1416 5315 1781 5372 misericordia
1811 5333 1906 5374 eos

319 5391 537 5451 Domini
565 5397 930 5456 circumdabit.
963 5402 1070 5457 Vos
1095 5412 1275 5459 autem
1295 5405 1389 5474 qui
1409 5422 1513 5460 non
1536 5422 1688 5462 camo
1717 5416 1771 5463 et
1795 5407 1903 5464 fre-

319 5502 420 5553 no,
440 5489 747 5560 sed-judicio
769 5495 924 5550 boum
952 5496 1239 5552 voluntatis
1261 5499 1449 5554 venitis
1490 5499 1556 5554 ad
1584 5498 1888 5567 Dominum,

318 5579 580 5638 hmini
597 5584 661 5638 in
686 5583 933 5650 Domino,
965 5593 1020 5640 et
1040 5589 1323 5654 exsultate,
1348 5588 1494 5657 justi,
1528 5598 1583 5644 et
1605 5589 1905 5658 gloriamini

269 5693 276 5696 ·
319 5687 516 5730 omnes
539 5675 675 5730 recti
699 5677 860 5731 corde
908 5677 960 5730 in
1005 5675 1219 5733 Christo
1246 5678 1372 5735 ἔθευ
1422 5679 1652 5738 Domino
1699 5689 1904 5748 nostro,

318 5760 422 5831 qui
445 5765 714 5835 munt-in
741 5765 932 5822 smcula
962 5766 1294 5824 seculorum.
1327 5768 1518 5826 Amen.

2001 4588 2250 4660 persecuti
2273 4589 2465 4659 fuerint
2489 4589 2738 4654 homines,
2768 4599 2817 4643 et
2837 4589 3063 4645 dixerint
3087 4607 3243 4645 omne
3262 4593 3454 4644 malum
3482 4593 3578 4644 ad-

1999 4693 2201 4732 versum
2231 4695 2316 4732 vos
2337 4679 2655 4745 mentientes,
2685 4679 2900 4750 gaudete
2927 4688 2975 4733 et
3001 4680 3272 4745 exsultate,
3302 4682 3423 4752 quia
3443 4697 3582 4735 mere

2001 4785 2083 4822 ces
2113 4779 2280 4823 uestra
2303 4787 2493 4843 magna
2515 4780 2593 4824 est
2620 4771 2674 4824 in
2703 4770 2841 4827 caelis
2871 4768 3083 4839 (Matth.
3107 4769 3183 4838 ν).
3207 4769 3264 4825 Si
3294 4773 3423 4827 recti
3449 4775 3580 4830 estis

2003 4856 2123 4926 ﬁde,
2174 4861 2340 4914 nolite
2367 4860 2552 4916 laudes
2576 4861 2850 4916 hominum
2879 4876 3120 4930 quaerere
3165 4863 3217 4917 in
3249 4865 3424 4931 terris,
3453 4867 3576 4935 quia

2005 4950 2609 5019 angelorum'habebitis
2629 4951 2684 5006 in
2902 4951 2981 5007 lbi
3005 4968 3100 5008 vos
3127 4953 3281 5010 decet
3309 4957 3580 5011 collaudau

2004 5041 2100 5107 tio,
2132 5042 2221 5096 ubi
2250 5041 2364 5096 laus
2403 5048 2575 5097 vestra
2606 5041 2762 5098 ﬁnem
2793 5046 3004 5114 penitus
3029 5062 3135 5102 non
3165 5047 3398 5104 habebit.
3429 5048 3580 5100 Nunc

2006 5129 2060 5183 in
2084 5129 2286 5184 cithara
2315 5128 2645 5186 conﬁtemini
2672 5131 2917 5200 Domino,
2945 5143 3002 5190 et
3028 5136 3138 5206 ipsa
3160 5138 3364 5192 cithara
3394 5135 3580 5187 decem

2005 5219 2234 5275 chordas
2257 5219 2472 5287 habeat,
2494 5219 2732 5291 deealogi
2754 5225 2976 5284 virtutes
2995 5228 3261 5288 recolens,
3284 5223 3580 5279 custodiam

2005 5321 2393 5384 praeceptorum
2441 5314 2697 5386 imponat.
2733 5314 2909 5376 Prima
2938 5319 3136 5374 chorda
3181 5325 3338 5374 sonat
3376 5321 3581 5368 rectum

2007 5418 2312 5459 sermonem
2336 5402 2547 5460 Domini
2586 5406 2964 5478 orthodoxam,
2987 5417 3044 5461 et
3071 5408 3249 5464 omnia
3274 5417 3437 5471 opera
3465 5401 3584 5471 ejus

2008 5498 2061 5552 in
2103 5496 2225 5552 ﬁde.
2269 5495 2516 5553 Secunda
2545 5498 2766 5564 chorda,
2813 5499 2938 5568 quia
2965 5496 3136 5563 diligit
3162 5493 3586 5554 misericordiam

2008 5598 2063 5645 et
2102 5588 2376 5659 judicium.
2409 5589 2589 5645 Tertia
2618 5590 2820 5647 chorda
2845 5595 3017 5650 sonet,
3066 5586 3189 5654 quia
3206 5584 3586 5648 misericordia

2009 5681 2221 5736 Domini
2266 5683 2340 5736 ita
2379 5682 2539 5752 plena
2566 5690 2650 5737 est
2674 5689 2841 5746 terra,
2882 5686 2939 5733 ut
2967 5687 3188 5749 propter
3212 5693 3376 5736 omne
3417 5699 3592 5754 genus

2009 5771 2320 5837 hominum,
2358 5771 2456 5826 Dei
2493 5771 2565 5828 sit
2598 5769 2766 5825 Filius
2801 5768 3102 5828 cruciﬁxus.
3134 5770 3341 5837 Quarta
3387 5779 3596 5836 chorda
