4108 6348
609 259 718 390 ξεᾶ

1899 373 1902 376 .
1951 326 2221 386 ARNOBII
2259 326 2562 386 JUNIORIS

3776 316 3892 379 368

615 456 793 518 sonet,
840 447 964 518 quia
996 445 1155 501 verba
1183 442 1304 501 οωιί
1332 440 1525 498 firmati
1555 448 1698 509 sunt,
1731 439 1783 499 id
1832 453 1932 512 est,
1964 445 2196 515 apostoli
2220 447 2273 506 Δ
2298 439 2565 501 sustinens
2589 443 2896 502 Dominum.
2935 444 3055 515 ipse
3083 441 3226 498 enim
3256 439 3470 510 adjutor
3501 448 3555 496 et
3603 446 3896 510 protector

616 540 950 597 corroborati
977 545 1116 592 sunt.
1149 537 1224 590 De
1250 535 1365 592 istis
1394 536 1538 590 enim
1566 536 1716 592 ccelis
1742 537 1834 605 qui
1855 537 1990 592 bene
2010 537 2197 591 volue-

615 633 688 688 rit
723 630 939 695 erudiri,
980 626 1254 684 Genesees
1293 627 1524 682 lectione
1555 627 1852 683 docebitur.
1888 627 1987 682 llic
2018 627 2086 682 de
2112 627 2197 682 his

615 722 768 778 caelis
795 721 904 792 agit
922 719 1015 789 qui
1043 726 1264 773 narrant
1289 718 1515 792 gloriam
1537 718 1632 773 Dei
1650 719 1979 789 resurgentis
2001 733 2032 771 a
2051 733 2198 773 mor-

612 814 736 886 tuis,
767 822 823 883 et
862 811 1201 869 ascendentis
1246 812 1299 866 in
1329 812 1514 868 caelos.
1564 811 1698 866 Nam
1743 819 1798 867 et
1842 811 2060 881 spiritus
2088 810 2198 866 oris

611 903 830 965 Domini
879 905 1054 962 nostri
1103 903 1229 961 Jesu
1257 901 1474 971 Christi,
1526 904 1669 974 quod
1722 905 1792 960 sit
1831 904 2005 959 omnis
2028 903 2199 958 virtus

611 1012 822 1062 eorum,
853 997 1040 1066 quinta
1068 995 1269 1050 chorda
1297 1002 1479 1050 secuta
1509 1003 1610 1050 est.
1641 992 1803 1049 Sexta
1831 1009 1973 1049 nunc
2005 993 2196 1061 loqua-

612 1100 719 1158 tur,
749 1089 896 1161 quod
923 1095 1318 1159 congregemur
1343 1088 1496 1157 quasi
1536 1089 1590 1142 in
1634 1096 1808 1142 utrem
1835 1101 1985 1155 aquae
2013 1084 2195 1150 maris,

609 1194 669 1242 et
697 1192 928 1257 ponatur
947 1184 1000 1238 in
1026 1183 1290 1239 thesauris
1315 1180 1411 1237 Dei
1441 1183 1680 1254 ab’yssus.
1713 1181 1842 1248 Quae
1869 1189 1951 1236 est
1977 1180 2200 1252 abyssus

556 1263 570 1294 ”
609 1270 968 1342 ἱιιίιιθδειιιτο
997 1275 1132 1330 Dei?
1177 1283 1232 1330 et
1259 1288 1376 1343 quae
1422 1283 1506 1330 est
1532 1273 1755 1345 abyssus
1782 1274 1873 1335 ubi
1898 1273 2200 1328 daemonum

612 1371 876 1441 supplicia
908 1369 1344 1425 commorantur?
1385 1367 1676 1438 Diligenter
1717 1367 1956 1434 adverte,
2001 1366 2052 1420 in
2084 1367 2202 1438 the-

613 1478 777 1518 sauro
804 1463 898 1518 Dei
937 1461 1187 1533 abyssum
1214 1461 1304 1518 ille
1333 1462 1553 1526 invenit,
1585 1462 1678 1531 qui
1717 1461 1930 1516 dicebat
1961 1479 1974 1513 :
2010 1458 2054 1513 0
2079 1459 2202 1514 atti-

615 1554 740 1608 tudo
769 1553 1062 1608 divitiarum
1086 1553 1357 1624 sapientia:
1402 1552 1503 1606 Dei
1532 1551 1707 1625 (Rom.
1752 1551 1828 1623 ιι)
1853 1551 1864 1604 !
1911 1549 2054 1620 Ergo
2079 1565 2200 1605 cum

615 1652 825 1702 secreta
847 1644 1085 1700 scientiae
1113 1643 1208 1698 Dei
1237 1644 1400 1700 corde
1446 1643 1646 1698 mundo
1688 1651 1743 1697 et
1781 1649 1928 1697 recta
1957 1639 2060 1721 ﬁde
2088 1655 2204 1710 per-

615 1737 801 1808 quirit,
832 1736 974 1792 scias
1000 1745 1052 1790 le
1081 1743 1289 1790 sextam
1318 1735 1571 1791 chordam
1603 1742 1900 1804 percutere.
1936 1732 2054 1786 Alia
2074 1745 2203 1786 vere

2300 545 2487 593 noster
2506 545 2610 610 est,
2639 546 2696 593 et
2722 537 2860 593 sicut
2884 536 2937 591 in
2958 536 3133 607 capite
3159 533 3347 606 psalmi
3367 532 3522 587 nobis
3545 530 3752 602 iussum
3780 538 3895 597 est,

2298 625 2560 695 Gaudete,
2586 627 2734 698 justi,
2765 627 2818 682 in
2846 625 3096 694 Domino,
3128 626 3184 680 in
3213 625 3330 695 ipso
3359 622 3626 678 laetabitur
3646 638 3745 677 eor
3788 637 3898 676 no-

2300 730 2492 789 strum,
2524 728 2580 777 et
2615 722 2670 776 in
2709 720 2928 776 nomine
2971 727 3158 774 sancto
3199 717 3318 788 ejus
3363 715 3714 786 speravimus.
3765 713 3899 783 Ipse

2301 815 2443 869 enim
2491 812 2618 883 facit
2645 811 3066 868 misericordiam
3106 825 3268 882 super
3308 825 3427 873 nos.
3457 808 3596 864 sicut
3643 806 3898 878 speravi-

2301 921 2420 962 mus
2449 905 2501 960 in
2527 920 2670 974 eum,
2701 905 2795 975 qui
2819 911 3008 973 regnat
3031 903 3086 958 in
3105 902 3298 960 satcula
3325 901 3658 956 saeculorum.
3687 897 3895 953 Amen.

2753 1079 2759 1087 .
2790 1037 3015 1094 PSALM
3023 1037 3106 1094 US
3153 1036 3392 1093 XXXIII.

2302 1149 2543 1210 Psalmus
2570 1149 2738 1207 David
2764 1167 2887 1208 eum
2929 1154 3156 1208 mutavit
3185 1153 3390 1208 vultum
3417 1166 3571 1206 suum
3599 1165 3800 1207 coram
3819 1148 3892 1204 A-

2588 1223 2872 1290 bimelech,
2907 1230 2962 1279 et
2987 1223 3188 1279 dimisit
3215 1238 3340 1278 eum
3368 1230 3422 1278 et
3443 1221 3593 1278 abiit.

2374 1353 2684 1416 Benedicam
2704 1355 2928 1410 Domino
2938 1357 2994 1410 in
3008 1357 3149 1411 omni
3164 1364 3408 1441 tempore,
3427 1371 3625 1424 semper
3637 1353 3766 1409 laus
3781 1356 3890 1427 ejus

2302 1447 2358 1502 in
2371 1465 2458 1502 ore
2470 1463 2601 1501 meo.
2634 1445 2701 1500 In
2725 1446 2952 1502 Domino
2983 1445 3278 1502 laudabitur
3305 1448 3481 1501 anima
3506 1463 3636 1511 mea,
3659 1447 3891 1500 audiant

2304 1539 2561 1594 mansueti
2577 1547 2627 1594 et
2648 1539 2904 1594 fatentur.
2928 1538 3266 1611 Magniﬁcate
3286 1538 3562 1594 Dominum
3588 1555 3822 1604 mecum,
3844 1548 3890 1592 et

2301 1632 2588 1687 exaltemus
2603 1648 2787 1686 nomen
2807 1632 2920 1702 ejus
2930 1631 2984 1684 in
2999 1631 3242 1700 idipsum.
3259 1630 3525 1704 Exquisivi
3540 1629 3833 1686 Dominum
3846 1639 3889 1684 et

2305 1723 2566 1778 exaudivit
2593 1732 2755 1790 me,et
2767 1741 2832 1779 ea:
2843 1722 3078 1778 omnibus
3105 1723 3515 1779 tribulationibus
3529 1725 3655 1779 meis
3689 1726 3886 1795 eripuit

617 1827 842 1900 abyssus
893 1827 983 1883 ubi
1035 1826 1308 1883 άωηιοηεε
1354 1833 1810 1889 commorantur"
1827 1823 2202 1879 buettmann
2232 1827 2281 1888 Β
2305 1831 2402 1869 me.
2428 1815 2664 1869 Accedite
2678 1816 2872 1870 adeum
2883 1814 3326 1880 etilluminamini,
3344 1825 3396 1868 et
3408 1816 3568 1886 facies
3589 1823 3890 1870 vestrwnon

614 1920 876 1975 serutatio
919 1927 1023 1985 est,
1069 1919 1138 1974 de
1172 1933 1278 1988 qua
1331 1918 1487 1973 nobis
1515 1918 1780 1973 clamatur
1830 1916 1896 1970 ab
1924 1916 2201 1985 Apostolo,

615 2006 798 2064 Nolito
828 2010 988 2064 altum
1024 2026 1224 2081 sapere,
1255 2009 1344 2063 sed
1392 2009 1512 2062 time
1543 2006 1720 2078 (Rom.
1763 1995 1870 2077 iu).-
1898 2006 2032 2060 Nam
2061 2005 2206 2075 quod

614 2110 1010 2170 congregantur
1036 2115 1186 2171 aqum
1214 2101 1394 2166 maris,
1426 2099 1665 2155 omnium
1693 2097 1931 2180 gentian
1960 2104 2120 2152 secta:
2137 2095 2207 2150 ad

615 2207 782 2246 unum
811 2192 1016 2247 fontem
1042 2207 1194 2260 aquae
1223 2191 1354 2247 vivae
1373 2191 1612 2246 collectae
1634 2199 1778 2257 sunt,
1803 2197 1862 2244 ut
1887 2189 1953 2245 de
1973 2190 2077 2244 hoc
2097 2204 2205 2244 uno

616 2293 738 2338 utre
784 2285 1056 2354 excipiant
1084 2297 1279 2352 aquam
1307 2282 1588 2338 salientem
1638 2282 1705 2336 ad
1736 2282 1896 2336 vitam
1926 2289 2201 2336 aeternam.

615 2371 686 2428 Et
716 2374 836 2429 ideo
885 2375 1111 2443 septima
1141 2373 1342 2428 chorda
1367 2373 1471 2429 hoc
1512 2381 1700 2440 sonat,
1734 2381 1790 2428 ut
1821 2375 2006 2428 timeat
2031 2373 2208 2428 Domi-

616 2478 748 2518 num
787 2465 961 2519 omnis
989 2457 1152 2531 terra,
1186 2479 1294 2519 non
1322 2462 1504 2518 Judtca
1533 2464 1668 2529 sola,
1696 2464 1790 2518 sed
1817 2472 1872 2518 et
1900 2479 2086 2519 omnes
2115 2465 2205 2534 qui

616 2551 865 2609 habitant
910 2553 1116 2628 orbem.
1168 2551 1368 2607 Octava
1416 2555 1580 2608 sentit
1631 2554 1915 2609 Dominum
1965 2563 2205 2610 nostrum

618 2639 803 2696 Jesum
833 2640 1106 2697 Christum
1135 2642 1310 2712 ipsum
1339 2658 1459 2699 esse
1487 2659 1668 2699 rerum
1712 2645 1950 2700 omnium
1998 2655 2207 2702 creato-

593 2755 595 2757 ί
620 2749 757 2800 rem,
782 2734 872 2802 qui
902 2733 1182 2803 dissipavit
1202 2733 1424 2789 consilia
1453 2735 1688 2803 gentium
1719 2735 1773 2790 in
1801 2735 1977 2802 idolis,
1998 2736 2089 2806 qui
2117 2752 2206 2792 re-

615 2824 868 2898 probavit
920 2824 1274 2894 cogitationes
1310 2825 1632 2896 populorum
1677 2826 1732 2880 in
1780 2827 2084 2897 synagogis,
2115 2827 2208 2896 qui

614 2915 872 2984 reprobat
909 2915 1130 2971 consilia
1159 2916 1459 2986 principum
1506 2916 1845 2988 passionibus
1890 2925 2204 2988 martyrum,

616 3007 708 3074 qui
750 3005 877 3060 facit
903 3007 1186 3062 consilium
1232 3007 1446 3062 Domini
1474 3003 1693 3064 manere
1744 3009 1798 3064 in
1838 3017 2118 3075 :etemum,
2152 3009 2206 3063 in

617 3094 892 3163 Ecclesiis,
926 3099 980 3151 in
1013 3099 1204 3167 quibus
1233 3108 1357 3153 sunt
1396 3101 1751 3169 cogitationes
1779 3102 1956 3156 cordis
1985 3101 2119 3171 ejus,
2153 3101 2207 3155 in

2308 1907 2707 1978 confundentur.
2741 1905 2853 1961 Iste
2869 1923 3068 1978 pauper
3087 1907 3345 1973 clamavit,
3379 1914 3430 1960 et
3449 1905 3712 1961 Dominus
3733 1923 3890 1961 exau-

2307 1997 2433 2051 divit
2469 2015 2606 2063 eum,
2646 2008 2694 2052 et
2721 2015 2787 2053 ex
2814 1997 3046 2053 omnibus
3069 1996 3488 2053 tribulationibus
3531 1999 3642 2069 ejus
3671 1998 3890 2052 saluauit

2307 2104 2440 2142 eum.
2485 2087 2724 2144 Immittit
2770 2089 2983 2162 angelus
3013 2087 3222 2144 Domini
3249 2091 3305 2143 in
3335 2089 3550 2164 circuitu
3601 2091 3888 2145 timentium

2307 2198 2445 2248 eum,
2485 2190 2534 2236 et
2557 2183 2739 2250 eripiet
2783 2199 2888 2238 eos.
2919 2179 3132 2236 Gustata
3159 2191 3207 2236 et
3233 2181 3416 2247 videte,
3446 2183 3688 2254 quoniam
3718 2184 3887 2237 suavis

2306 2281 2383 2328 est
2412 2272 2683 2328 Dominus.
2717 2273 2905 2328 Beatus
2936 2274 3014 2328 vir
3039 2275 3124 2345 qui
3150 2283 3323 2344 sperat
3350 2273 3405 2326 in
3427 2291 3506 2327 eo.
3555 2272 3751 2328 Timete
3775 2273 3886 2329 Do-

2307 2370 2521 2434 minum,
2554 2384 2729 2422 omnes
2758 2368 2926 2422 sancti
2954 2369 3084 2438 ejus,
3115 2368 3357 2439 quoniam
3384 2384 3488 2420 non
3517 2376 3592 2420 est
3616 2368 3792 2437 inopia
3819 2370 3885 2420 ti-

2307 2459 2560 2515 mentibus
2613 2478 2748 2514 cum.
2791 2459 2988 2514 Dirites
3016 2470 3258 2530 eguerunt
3304 2469 3350 2514 et
3378 2460 3677 2522 esurierunt,
3702 2461 3848 2529 inqui
3863 2487 3882 2502 -

2308 2562 2475 2606 rentes
2505 2561 2673 2606 autem
2702 2550 2981 2607 Dominum
3001 2569 3103 2607 non
3131 2556 3425 2608 minuentur
3451 2559 3592 2612 omni
3615 2557 3763 2614 bono.
3797 2560 3881 2614 Ve-

2309 2645 2434 2708 nite,
2459 2645 2578 2714 ﬁlii,
2602 2645 2776 2699 audite
2802 2663 2900 2710 me,
2927 2647 3159 2700 timorem
3187 2644 3399 2700 Domini
3424 2648 3613 2704 docebo
3632 2668 3737 2706 vos.
3765 2650 3881 2716 Quis

2307 2743 2386 2788 est
2412 2735 2559 2790 homo
2581 2738 2666 2808 qui
2691 2736 2795 2791 vult
2821 2737 2998 2800 vitam,
3025 2737 3193 2809 diligit
3217 2737 3324 2792 dies
3346 2739 3516 2794 videre
3540 2740 3738 2797 bonos?
3757 2743 3881 2800 Pro-

2307 2827 2422 2909 hibe
2450 2829 2677 2900 linguam
2707 2838 2847 2885 tuam
2873 2847 2906 2884 a
2934 2831 3092 2897 malo,
3141 2840 3190 2886 et
3215 2831 3354 2886 labia
3385 2842 3473 2887 tua
3507 2852 3574 2888 ne
3617 2836 3880 2909 loquantur

2309 2908 2504 2977 dolum.
2528 2922 2735 2978 Direrte
2757 2943 2788 2977 a
2815 2925 2974 2991 malo,
3021 2934 3071 2978 et
3099 2925 3182 2994 fac
3228 2923 3433 2992 bonum,
3464 2929 3668 2997 inquire
3685 2908 3876 2998 pacem,

2309 3023 2356 3069 et
2377 3033 2678 3088 persequere
2698 3034 2830 3071 eam.
2867 3015 3018 3071 Oculi
3046 3015 3254 3072 Domini
3283 3034 3436 3088 super
3466 3020 3640 3090 justos
3665 3030 3714 3074 et
3741 3038 3881 3075 aures

2307 3107 2419 3178 ejus
2440 3109 2492 3161 in
2516 3125 2688 3178 preces
2716 3125 2909 3163 eorum.
2954 3108 3136 3163 Vultus
3160 3119 3328 3162 autem
3357 3108 3572 3164 Domini
3615 3108 3765 3184 super
3803 3116 3878 3183 fa-

618 3185 875 3242 saaculum
917 3187 1114 3243 saeculi.
1147 3188 1299 3243 Nona
1340 3189 1539 3244 chorda
1591 3190 1791 3246 indicat
1832 3192 2045 3247 beatam
2087 3208 2205 3248 esse
2232 3202 2279 3266 ο
2309 3203 2498 3257 cientes
2543 3203 2705 3268 mata,
2752 3212 2810 3256 ut
2852 3202 3036 3273 perdat
3064 3202 3128 3255 de
3155 3211 3295 3256 terra
3343 3205 3644 3259 memoriam
3695 3222 3876 3259 eorum.

617 3288 835 3348 gentem
844 3294 963 3349 quae
974 3281 1732 3350 cognoscitDominumJesum
1744 3284 2208 3351 Christum,Deum

617 3386 797 3439 suum,
824 3381 879 3427 et
902 3373 1046 3429 hunc
1074 3388 1194 3429 esse
1220 3373 1476 3444 populum
1524 3390 1684 3446 quem
1713 3377 1874 3445 elegit
1903 3377 1957 3431 in
1986 3377 2209 3432 haeredi-

617 3473 785 3521 tatem
813 3466 932 3521 sibi.
967 3464 1185 3522 Decima
1240 3467 1462 3544 chorda.
1491 3468 1689 3524 indicat
1715 3469 1840 3540 quia
1867 3468 1934 3524 de
1959 3470 2096 3525 coelo
2125 3486 2210 3526 re-

618 3559 798 3628 spexit
825 3558 1082 3616 Dominus
1109 3576 1272 3631 super
1293 3576 1411 3626 nos,
1442 3577 1548 3617 non
1579 3562 1658 3617 sic
1695 3562 1762 3617 de
1797 3561 1935 3618 coelo
1962 3563 2114 3632 quasi
2143 3564 2210 3618 de

621 3648 876 3716 fenestra,
902 3650 998 3705 sed
1025 3650 1090 3705 de
1115 3661 1416 3722 praeparato
1444 3652 1752 3709 habitaculo
1779 3669 1897 3720 suo,
1930 3654 1982 3708 id
2011 3661 2110 3720 est,
2142 3653 2209 3710 de

618 3736 839 3795 homine
861 3740 1120 3810 perfecto,
1145 3758 1308 3812 quem
1333 3746 1640 3816 assumpsit.
1666 3745 1742 3800 De
1763 3746 1880 3824 ipso
1901 3761 2028 3817 ergo
2048 3763 2209 3817 quem

610 3829 784 3902 Virgo
807 3834 1037 3904 peperit,
1067 3836 1305 3906 respexit
1346 3852 1509 3907 super
1536 3853 1724 3894 omnes
1752 3839 1868 3894 sine
1896 3827 2228 3910 acceptione.

615 3921 882 3996 persoan
928 3925 1032 3982 Pro
1061 3928 1308 3983 omnibus
1337 3929 1481 3984 enim
1510 3939 1565 3986 et
1611 3939 1766 3987 natus
1791 3940 1846 3987 et
1887 3948 2076 4003 passus
2105 3941 2204 4000 cst,

616 4015 736 4085 ipse
780 4017 964 4087 utique
1007 4019 1098 4089 qui
1144 4019 1297 4074 ﬁnxit
1325 4021 1594 4090 sigillatim
1641 4024 1802 4079 corda
1851 4040 2065 4089 eorum;
2099 4042 2206 4080 non

616 4108 765 4161 enim
794 4125 930 4177 opus
967 4117 1084 4164 erat
1113 4111 1161 4164 ei
1191 4118 1249 4165 ut
1278 4114 1644 4168 testimonium
1675 4115 1724 4170 ei
1752 4117 1870 4184 quis
1899 4117 2208 4186 perhiberet

616 4197 691 4252 de
731 4198 967 4262 homine.
1024 4201 1143 4269 Ipse
1171 4203 1314 4256 enim
1355 4204 1428 4257 ita
1466 4205 1682 4260 videbat
1709 4207 1837 4276 quid
1864 4216 2112 4276 ageretur
2152 4209 2205 4262 in

617 4286 858 4354 homine,
912 4299 971 4344 ut
1013 4292 1142 4359 quid
1171 4296 1534 4365 unusquisque
1564 4299 1825 4365 cogitaret
1852 4300 2114 4367 proferret
2153 4302 2206 4356 in

615 4381 874 4440 medium.
922 4382 1054 4436 Nam
1108 4386 1250 4453 quod
1297 4386 1518 4452 dicitur,
1564 4405 1671 4442 non
1729 4389 1787 4442 ﬁt
1813 4391 1990 4446 salvus
2028 4408 2124 4447 rex
2153 4394 2205 4448 in

616 4471 793 4527 multa
819 4473 1018 4528 virtute
1045 4489 1162 4539 sua,
1191 4477 1295 4531 tale
1338 4485 1437 4551 est,
1469 4479 1627 4548 quale
1656 4481 1700 4535 si
1739 4482 1943 4537 dicatur
1966 4483 2163 4541 llerodi
2189 4506 2200 4540 :

2314 3291 2674 3347 Clamarerunt
2709 3294 2860 3366 justi,
2909 3303 2959 3348 et
3004 3293 3257 3348 Dominus
3283 3296 3546 3350 exaudivit
3597 3314 3703 3361 eos,
3729 3307 3778 3350 et
3822 3315 3882 3351 ex-

2310 3383 2544 3436 omnibus
2573 3382 2988 3438 tribulationibus
3012 3399 3188 3438 eorum
3217 3385 3448 3448 liberavit
3476 3404 3582 3441 eos.
3624 3387 3783 3441 Juxta
3811 3398 3884 3441 est

2310 3472 2562 3528 Dominus
2591 3475 2668 3528 liis
2699 3476 2783 3547 qui
2811 3474 3054 3530 tribulato
3083 3485 3202 3530 sunt
3227 3477 3383 3531 corde
3403 3488 3453 3532 et
3472 3479 3684 3533 humiles
3703 3481 3882 3550 spiritu

2310 3563 2551 3620 salvabit.
2584 3564 2764 3620 Multa:
2795 3566 3151 3621 tribulationes
3171 3569 3450 3638 justorum,
3489 3579 3538 3622 et
3561 3570 3623 3622 de
3645 3570 3883 3624 omnibus

2309 3657 2390 3710 his
2421 3655 2653 3711 liberavit
2695 3675 2780 3712 eos
2829 3657 3103 3713 Dominus.
3152 3657 3386 3714 Custodit
3423 3659 3661 3716 Dominus
3696 3662 3876 3714 omnia

2309 3764 2429 3802 ossa
2453 3766 2648 3814 eorum,
2674 3767 2829 3803 unum
2859 3768 2923 3804 ea:
2947 3751 3027 3804 Itis
3065 3768 3168 3805 non
3198 3762 3500 3807 conteretur.
3528 3750 3580 3804 Μ
3586 3769 3670 3806 ors
3693 3769 3883 3822 pecca-

2310 3848 2474 3894 torum
2506 3842 2748 3910 pessima,
2778 3853 2826 3895 et
2851 3843 2936 3914 qui
2964 3843 3180 3896 oderunt
3213 3845 3410 3915 justum
3436 3843 3739 3916 delinquent.
3780 3842 3885 3896 Re-

2309 3929 2464 3984 dimet
2485 3929 2739 3986 Dominus
2764 3935 2965 3986 animas
2987 3951 3248 3988 servorum
3275 3951 3504 4003 suorum,
3527 3945 3577 3989 et
3597 3951 3695 3991 non
3720 3935 3887 3989 delin-

2308 4035 2460 4096 quent
2489 4042 2664 4079 omnes
2691 4028 2776 4097 qui
2802 4037 3012 4097 sperant
3039 4028 3093 4080 in
3132 4044 3210 4081 eo.

2883 4178 3316 4219 COMMENTARIUI.

2379 4301 2486 4356 Nisi
2511 4303 2799 4358 mutaveris
2825 4303 3031 4358 vultum
3059 4313 3210 4358 tuum
3250 4318 3434 4359 coram
3464 4303 3709 4374 principe
3740 4305 3889 4360 vitio-

2306 4409 2444 4458 rum,
2491 4403 2544 4448 et
2591 4394 2853 4450 dimiseris
2881 4410 3024 4462 eum,
3056 4383 3119 4450 ac
3165 4396 3419 4450 virtutum
3475 4395 3707 4451 Domino
3737 4411 3890 4451 omne

2307 4485 2448 4554 quod
2495 4485 2587 4539 tibi
2633 4494 2880 4555 superest
2922 4487 3044 4541 vitae
3091 4487 3478 4557 maneipaveris
3507 4495 3744 4556 tempus,
3791 4503 3892 4542 non

613 4559 795 4655 Quid?
825 4563 950 4632 quia
978 4576 1171 4634 potens
1209 4582 1266 4622 es
1289 4566 1560 4623 Christum
1589 4571 1661 4624 ita
1691 4575 1959 4643 persequi,
1991 4583 2047 4630 ut
2075 4593 2201 4655 pos-
2228 4580 2284 4642 D
2307 4592 2432 4632 vere
2460 4577 2590 4633 dicis
2620 4596 2631 4630 :
2663 4577 2981 4652 Benedieam
3027 4577 3311 4634 Dominum
3356 4581 3410 4634 in
3447 4579 3594 4635 omni
3624 4590 3892 4651 tempore,

613 4651 698 4709 sis
725 4655 1047 4721 perscrutari
1082 4657 1301 4723 scribas,
1335 4657 1602 4715 discutere
1627 4676 1829 4731 magos,
1857 4652 2206 4724 infantesoc-

613 4744 818 4813 cidere,
854 4747 908 4802 in
952 4748 1276 4804 abundantia
1309 4751 1519 4807 virtutis
1546 4761 1684 4820 tuae;
1731 4755 1800 4809 ita
1833 4772 1939 4812 non
1966 4759 2072 4814 eris
2100 4761 2206 4815 sal-

615 4846 736 4904 vus,
769 4837 907 4893 sicut
935 4839 1024 4895 ille
1051 4841 1142 4910 qui
1172 4841 1477 4898 conﬁdebat
1502 4845 1556 4898 in
1598 4860 1737 4915 equo
1771 4862 1886 4913 suo,
1918 4856 1973 4904 et
1996 4852 2205 4906 canitur

613 4929 687 4986 de
715 4945 781 4985 eo
816 4951 828 4984 :
858 4932 1064 5006 Equum
1088 4945 1138 4989 et
1165 4954 1490 4994 ascensorem
1512 4943 1730 5013 projecit
1757 4945 1812 4997 in
1833 4962 1979 5001 mare
2000 4945 2195 5018 (Exod.

617 5021 734 5092 xv).
768 5021 844 5077 Et.
882 5023 1068 5080 fefellit
1113 5043 1236 5083 eum
1287 5045 1458 5100 equus
1509 5033 1577 5087 ad
1625 5034 1880 5103 salutem;
1917 5039 1991 5093 ita
2042 5049 2096 5094 et
2143 5050 2201 5097 tu

611 5113 832 5170 etiamsi
860 5117 1110 5186 gigassis
1131 5120 1184 5174 in
1204 5121 1400 5178 virtute
1430 5133 1540 5192 tua,
1565 5143 1672 5182 non
1695 5129 1799 5184 eris
1827 5131 2023 5186 salvus.
2049 5132 2200 5190 Oculi

610 5205 763 5260 enim
818 5206 1030 5263 Domini
1056 5226 1165 5265 non
1216 5215 1507 5284 respiciunt
1547 5217 1876 5278 conﬁdentes
1921 5224 1975 5278 in
2007 5224 2201 5282 virtute

609 5311 736 5363 sua.
775 5297 869 5353 sed
920 5309 1199 5370 sperantes
1255 5303 1307 5358 in
1359 5306 1725 5364 misericordia
1771 5311 1906 5380 ejus.
1961 5313 2200 5383 Ipsorum

608 5389 759 5444 enim
782 5390 942 5460 eripit
970 5393 1175 5448 animas
1199 5393 1268 5449 de
1295 5405 1488 5462 morte,
1521 5408 1575 5454 et
1603 5401 1697 5455 alit
1720 5416 1815 5458 eos
1841 5404 1893 5458 in
1915 5404 2074 5460 fame.
2101 5405 2201 5461 Fa—

609 5491 757 5534 mem
797 5481 1015 5550 quidem
1055 5484 1107 5538 in
1137 5485 1240 5540 isto
1269 5488 1464 5544 saeculo
1494 5491 1537 5544 si
1569 5493 1708 5560 passi
1754 5492 1970 5562 fuerint,
1998 5505 2052 5552 et
2077 5514 2200 5554 cum

611 5566 873 5638 Apostolo
902 5574 1154 5643 dixerint,
1192 5576 1362 5650 Usque
1387 5581 1442 5633 in
1474 5582 1606 5635 hanc
1634 5584 1816 5638 horam
1857 5596 1907 5640 et
1944 5584 2196 5645 esurimus

613 5664 667 5746 et
686 5660 904 5729 sitimus,
934 5674 984 5718 et
1005 5667 1133 5721 nudi
1159 5685 1330 5723 sumus
1355 5671 1398 5738 (Ι
1425 5670 1544 5727 Cor.
1575 5673 1672 5744 Iv),
1697 5674 1991 5746 adjungunt
2018 5687 2196 5736 tamen

613 5742 857 5812 dicentes
889 5757 1115 5812 :Anima
1141 5759 1321 5816 nostra
1354 5742 1773 5836 patienter-agit,—
1795 5742 1900 5824 non
1933 5769 2196 5840 turbatur.

2309 4685 2409 4724 nec
2437 4686 2650 4740 semper
2693 4671 2809 4725 laus
2849 4669 2946 4725 Dei
2972 4672 3075 4725 erit
3109 4672 3162 4726 in
3191 4687 3286 4727 ore
3315 4681 3428 4735 tuo,
3477 4672 3522 4726 si
3575 4673 3672 4726 tibi
3705 4675 3894 4728 vitium

2306 4763 2698 4820 maledictionis
2727 4773 2780 4818 et
2807 4763 3173 4819 amaritudinis
3199 4765 3346 4819 vivit.
3379 4765 3459 4819 Sit
3487 4779 3616 4833 ergo
3639 4765 3767 4822 laus
3805 4767 3898 4822 Dei

2307 4852 2362 4907 in
2390 4869 2485 4909 ore
2514 4863 2628 4934 tuo,
2661 4869 2768 4908 non
2797 4855 2850 4909 in
2881 4854 3186 4910 adulatione
3212 4856 3457 4911 laudibus
3496 4857 3787 4913 hominum
3817 4875 3899 4917 as-

2305 4959 2576 5009 suescens,
2617 4941 2718 5000 nec
2757 4945 2945 4999 timeas
2983 4962 3051 5000 ne
3097 4955 3149 5000 te
3178 4946 3480 5016 vituperent
3507 4947 3730 5017 injuste,
3765 4966 3902 5020 quos

2298 5037 2442 5107 juste
2465 5039 2752 5108 vituperas.
2773 5038 2830 5093 Si
2852 5039 2994 5093 enim
3015 5040 3082 5095 ab
3103 5040 3319 5095 homine
3347 5039 3684 5111 vituperatus
3710 5043 3902 5110 fueris,

2301 5126 2354 5181 in
2371 5126 2482 5183 Deo
2503 5128 2830 5195 laudaberis;
2853 5136 2909 5184 et
2935 5129 3196 5199 superbos
3223 5132 3640 5194 contristaveris,
3669 5135 3905 5190 audiant

2303 5220 2587 5287 mansueti,
2614 5229 2668 5275 et
2695 5221 2959 5288 laetentur,
2992 5222 3047 5276 hi
3089 5224 3180 5293 qui
3209 5222 3550 5292 magniﬁcant
3596 5225 3904 5293 Dominum

2301 5318 2500 5377 tecum,
2531 5318 2584 5366 et
2609 5312 2846 5366 exaltant
2872 5328 3068 5368 nomen
3111 5312 3226 5382 ejus
3262 5315 3317 5368 in
3363 5330 3548 5370 unum.
3596 5314 3909 5373 Videamus

2303 5421 2443 5460 nunc
2471 5421 2658 5462 causas
2678 5406 2848 5463 laudis
2873 5407 3008 5477 ejus.
3033 5407 3283 5477 lnquisivi
3307 5407 3611 5476 Dominum,
3637 5420 3700 5466 et
3732 5429 3906 5468 exau-

2301 5496 2432 5552 divit
2459 5514 2565 5564 me,
2590 5507 2645 5553 et
2671 5515 2739 5554 ex
2759 5499 3006 5555 omnibus
3034 5500 3290 5568 angustiis
3312 5500 3508 5570 eripuit
3530 5517 3638 5557 me.
3670 5501 3750 5557 Et
3783 5521 3905 5570 vos,

2300 5589 2394 5656 ait,
2424 5590 2660 5646 accedite
2689 5591 2754 5645 ad
2803 5606 2947 5656 eum,
3002 5593 3094 5660 qui
3143 5592 3196 5646 in
3243 5591 3483 5647 caecitate
3522 5593 3900 5662 cordis'estis,

2299 5682 2554 5746 accedite,
2586 5689 2640 5736 et
2669 5681 3058 5755 illuminamini,
3106 5690 3160 5737 et
3189 5684 3368 5738 vultus
3396 5684 3561 5739 vestri
3589 5701 3704 5739 non
3767 5703 3908 5743 con-
3963 5695 3967 5700 “

2298 5769 2601 5828 fundentur.
2626 5772 2742 5848 Non
2772 5774 3165 5834 confundentur
3191 5775 3244 5832 in
3271 5783 3589 5850 paupertate
3615 5773 3802 5840 facies
3825 5795 3915 5841 vo-
