4108 6348
312 355 425 412 369

311 488 464 540 stne,
495 475 542 530 si
571 474 921 531 consideretis
947 474 1186 529 omnium
1231 491 1411 530 rerum
1442 476 1726 532 Dominum
1758 476 1906 530 illum
1935 479 1988 538 Α

310 568 443 630 caeli
468 575 732 637 terraeque
756 566 994 631 divitem,
1021 582 1120 636 pro
1151 575 1333 641 nostra
1362 576 1679 638 paupertate
1708 584 1911 638 paupe-

313 675 436 715 rem
466 660 690 726 factum;
717 674 816 728 pro
846 666 1028 714 nostra
1059 660 1403 716 tribulatione
1448 660 1775 727 tribulatum,
1809 663 1911 734 ipsi

311 769 425 809 nec
446 753 498 806 in
529 761 842 824 paupertate
869 751 1219 815 erubescetis,
1244 768 1344 807 nec
1372 753 1423 806 in
1445 752 1788 808 tribulatione
1816 753 1912 810 de-

311 844 534 908 ﬁcielis.
583 843 716 897 Nam
758 843 857 898 iste
903 858 1111 914 pauper
1152 845 1399 899 clamavit
1449 845 1502 898 in
1533 860 1734 900 cruce:
1781 844 1912 911 Quis

315 936 563 1006 pauper?
593 934 712 1002 Qui,
739 943 797 990 ut
819 945 870 990 te
898 935 1118 991 divitem
1149 936 1368 1002 laceret,
1390 953 1594 1008 pauper
1613 937 1782 993 factus
1803 947 1906 994 est.

319 1025 522 1080 Factus
569 1025 810 1080 obediens
853 1044 1014 1099 usque
1053 1027 1122 1080 ad
1161 1044 1361 1082 crucem
1392 1027 1556 1096 (Phil.
1608 1028 1689 1100 ιι),
1712 1038 1770 1084 ιιι
1795 1038 1847 1086 te
1877 1047 1908 1086 a

319 1119 648 1174 cruciatibus
691 1119 964 1174 liberaret.
991 1117 1273 1186 Clamavit,
1319 1107 1374 1176 et
1400 1121 1658 1177 Dominus
1685 1123 1908 1178 exaudi-

319 1213 402 1267 vit
428 1227 570 1278 eum,
601 1211 747 1266 misit
771 1212 1016 1281 angelum
1067 1229 1222 1266 suum
1253 1213 1306 1267 in
1354 1214 1578 1269 circuitu
1607 1215 1910 1270 timentium

318 1321 520 1376 corpus
544 1304 678 1374 ejus,
707 1311 763 1359 et
783 1305 989 1358 revolvit
1008 1304 1232 1376 lapidem
1254 1321 1282 1359 a
1315 1315 1666 1362 monumento
1689 1305 1920 1379 (Hatth.'

295 1398 437 1468 ’28),
469 1405 524 1453 et
550 1399 748 1468 eripuit
783 1413 926 1452 eum.
970 1395 1194 1454 Gustate
1220 1415 1416 1470 corpus
1454 1401 1594 1465 vitae,
1640 1410 1695 1455 et
1734 1402 1911 1458 videte

315 1509 485 1564 quam
529 1493 708 1548 suavis
737 1501 819 1548 est
859 1493 1116 1548 Dominus
1141 1512 1154 1547 :
1195 1493 1369 1548 Vitam
1397 1495 1540 1549 enim
1569 1496 1720 1549 habet
1746 1498 1800 1550 in
1830 1514 1911 1550 se-

317 1590 560 1659 metipso,
590 1589 676 1659 qui
697 1585 1083 1642 manducauerit
1110 1604 1319 1642 carnem
1340 1588 1475 1658 ejus,
1500 1597 1549 1641 et
1578 1586 1761 1642 biberit
1787 1606 1912 1642 san-

315 1680 533 1750 guinem
579 1677 691 1748 ejus
737 1676 912 1746 (Joan.
946 1678 1043 1746 vi),
1075 1685 1131 1732 et
1159 1685 1286 1732 tunc
1332 1679 1523 1733 beatus
1567 1679 1670 1733 erit
1697 1680 1779 1733 vir
1819 1680 1911 1749 qui

314 1778 508 1842 sperat
537 1771 588 1824 in
619 1785 704 1825 eo.
752 1769 957 1824 Timete
987 1769 1294 1836 Dominum,
1343 1786 1533 1826 omnes
1559 1772 1731 1827 sancti
1773 1772 1908 1842 ejus,

451 403 488 431 δ
1255 353 1726 413 COMMENTARII
1763 356 1830 414 IN
1867 354 2196 417 PSALMOS.
2242 359 2433 418 PSAL.
2480 362 2711 419 XXXIV.

3489 367 3595 422 570

2504 479 2823 535 PSALMUS
2862 478 3098 537 XXXIV.

2436 614 2493 668 In
2526 613 2684 668 linem
2713 617 2956 686 psalmus
2988 616 3174 672 David.
3273 629 3280 636 ‘

2083 750 2295 815 Indica,
2323 749 2557 814 Domine,
2592 761 2832 804 nocentes
2858 769 2958 817 me,
2981 770 3220 825 expugna
3238 754 3596 824 impugnantes

2013 857 2112 893 me.
2144 841 2482 912 Apprehende
2503 859 2651 895 arma
2672 851 2722 894 et
2751 852 2968 907 scutum,
2998 853 3047 897 et
3068 853 3283 916 exsurge
3310 847 3362 898 in
3386 845 3595 915 adjuto-

2015 935 2149 986 rium
2172 933 2315 986 milii.
2347 932 2573 1001 E/j‘unde
2599 935 2870 1004 frameam,
2903 944 2954 987 et
2978 935 3225 989 conclude
3249 936 3491 990 adversus
3512 953 3598 990 eos

2013 1025 2097 1095 qui
2120 1034 2623 1095 mepersequuntur;
2656 1025 2738 1078 dic
2781 1026 2969 1080 anima:
3002 1042 3131 1079 mete
3160 1043 3177 1079 :
3219 1025 3376 1081 Salus
3400 1035 3484 1079 tua
3504 1044 3598 1098 ego

2011 1132 2144 1169 sum.
2185 1112 2582 1186 Confundantur
2609 1126 2657 1169 et
2686 1126 3012 1170 revereantur
3043 1127 3324 1188 qutrrentes
3370 1121 3599 1171 animam

2011 1226 2197 1265 meam.
2249 1209 2561 1263 Avertantur
2607 1218 2884 1264 retrorsum
2937 1217 2987 1262 et
3027 1207 3413 1280 confundantur
3457 1211 3598 1280 cogi-

2015 1309 2180 1354 tantes
2222 1300 2348 1353 mihi
2396 1301 2552 1354 mala.
2597 1298 2758 1354 Fiant
2807 1310 3047 1372 tanquam
3076 1300 3239 1371 pulvis
3264 1310 3383 1353 ante
3413 1301 3598 1371 faciem

2014 1395 2166 1457 venti,
2197 1401 2248 1446 et
2270 1392 2482 1463 angelus
2514 1390 2722 1447 Domini
2764 1402 3035 1447 coarctans
3080 1410 3184 1446 eos.
3215 1390 3340 1445 Fiat
3373 1393 3452 1445 ria
3480 1392 3598 1445 illo-
3646 1428 3656 1436 .

2015 1500 2127 1536 rum
2158 1482 2376 1538 tenebrat
2403 1493 2452 1536 et
2473 1483 2741 1548 lubricum,
2765 1493 2814 1538 et
2828 1485 3040 1555 angelus
3061 1483 3269 1537 Domini
3292 1497 3598 1554 persequens

2013 1595 2120 1632 eos.
2156 1576 2412 1641 Quoniam
2441 1579 2601 1649 gratis
2631 1577 3009 1630 absconderant
3063 1577 3184 1630 milii
3231 1577 3490 1629 interitum
3520 1574 3599 1626 la-

2013 1672 2129 1741 quei
2158 1672 2257 1734 sui,
2305 1687 2616 1740 supervacue
2663 1671 3098 1740 exprobravenmt
3145 1671 3368 1722 animam
3411 1684 3596 1721 meam.

2025 1761 2212 1816 Veniat
2239 1761 2315 1814 illi
2344 1761 2555 1832 laqueus
2595 1778 2742 1832 quem
2772 1763 2998 1832 ignorat,
3031 1772 3079 1814 et
3105 1762 3271 1831 captio
3294 1778 3444 1832 quam
3485 1758 3601 1812 σόει

315 1857 581 1932 quoniam
611 1859 742 1914 nihil
770 1859 922 1914 deest
951 1859 1263 1928 timentibus
1309 1875 1452 1914 eum.
1497 1859 1637 1914 Nihil
1665 1860 1817 1916 deest
1859 1862 1915 1917 in
1945 1859 1993 1920 B
2017 1855 2191 1908 condit
2214 1853 2566 1925 apprehendat
2592 1871 2728 1918 eum.
2770 1863 2818 1906 et
2849 1854 3162 1923 inlaqueant
3194 1852 3345 1904 radat
3382 1854 3435 1904 in
3467 1853 3600 1919 ipso.

317 1951 575 2022 praesenti
623 1949 692 2004 de
740 1949 1045 2015 virtutibus,
1076 1950 1209 2003 nihil
1251 1949 1403 2005 deest
1448 1950 1798 2020 perfectioni,
1857 1960 1917 2005 ut

317 2042 457 2096 nihil
487 2043 539 2096 in
570 2041 804 2096 futurum
829 2041 1035 2109 gaudiis
1054 2041 1212 2095 desit.
1236 2041 1368 2094 Nam
1398 2043 1680 2110 przcsentis
1711 2051 1919 2114 tempo-

320 2133 404 2187 ris
451 2119 670 2197 divitiae,
725 2140 997 2186 amatores
1044 2147 1172 2188 suos
1221 2132 1295 2185 ita
1321 2131 1574 2186 deserere
1618 2133 1811 2196 solent,
1861 2141 1923 2188 ut

318 2232 550 2294 egentes
578 2231 635 2283 et
664 2223 964 2278 esurientes
1013 2222 1197 2276 videas
1226 2236 1320 2276 eos
1351 2238 1581 2291 quorum
1620 2222 1675 2276 in
1722 2222 1922 2279 divitiis

322 2317 508 2372 nullus
532 2323 746 2386 poterat
774 2314 915 2369 ferre
958 2314 1282 2384 superbiam.
1312 2312 1454 2382 Ergo
1485 2315 1536 2368 in
1565 2315 1771 2369 incerto
1797 2323 1921 2369 sunt

323 2407 524 2477 positae
555 2395 763 2460 'divitize
787 2420 923 2474 quas
959 2404 1168 2459 confert
1196 2404 1443 2458 mundus.
1493 2404 1698 2460 Divitiae
1738 2413 1919 2461 autem

325 2513 472 2566 quas
512 2497 802 2552 contulerit
828 2486 1085 2552 Dominus
1114 2513 1221 2552 non
1267 2496 1535 2562 deﬁcient,
1565 2499 1659 2554 sed
1701 2515 1916 2569 perma-

332 2598 468 2644 nent
496 2591 550 2644 in
581 2591 725 2645 omni
754 2591 914 2655 bono,
947 2598 1000 2645 et
1019 2591 1141 2659 quia
1169 2591 1282 2645 ista:
1303 2591 1502 2646 divitiae
1518 2591 1584 2646 de
1606 2593 1799 2648 timore
1822 2593 1916 2648 Dei

331 2689 651 2738 nascuntur.
700 2679 789 2736 Sic
815 2682 956 2736 enim
1009 2682 1102 2747 ait,
1136 2681 1342 2737 Timete
1392 2682 1697 2750 Dominum,
1745 2685 1918 2740 sancti

324 2772 471 2842 ejus,
501 2773 628 2841 quia
660 2772 788 2826 nihil
811 2771 964 2827 deest
991 2773 1299 2828 timentibus
1326 2789 1470 2828 eum.
1503 2773 1605 2841 Qui
1625 2776 1811 2830 interni
1839 2776 1920 2830 di-

325 2863 470 2918 vites
495 2879 615 2919 esse
642 2863 974 2929 desideratis,
1010 2865 1185 2919 venite
1214 2863 1281 2919 ad
1308 2880 1396 2920 me
1425 2866 1577 2934 quasi
1605 2865 1694 2920 lilii
1726 2867 1793 2920 ad
1818 2881 1919 2935 pa-

320 2962 487 3010 trem.
517 2952 725 3010 Clamat
751 2954 981 3024 Spiritus
1007 2963 1253 3021 sanctus,
1293 2955 1485 3011 Venite
1522 2964 1578 3010 et
1607 2956 1786 3011 audite
1809 2972 1917 3020 me,

319 3048 580 3102 timorem
610 3048 821 3102 Domini
841 3047 1049 3103 docebo
1076 3064 1194 3103 vos.
1227 3047 1500 3103 Timorem
1529 3050 1673 3103 enim
1701 3048 1918 3104 Domini

2016 1948 2208 2000 Anima
2233 1955 2403 1999 autem
2426 1962 2539 1999 mea
2588 1945 2864 2000 exsultabit
2893 1947 2945 1998 in
2975 1943 3217 2008 Domino,
3247 1953 3296 1996 et
3334 1941 3607 1995 delectabis

2022 2049 2103 2091 tur
2125 2053 2280 2110 super
2307 2036 2524 2090 salutari
2546 2053 2660 2090 suo.
2701 2035 2892 2089 Omnia
2920 2053 3036 2090 ossa
3060 2054 3172 2089 mea
3202 2036 3390 2100 dicent,
3429 2031 3608 2086 Domi-

2021 2144 2102 2194 ne,
2135 2129 2248 2199 quis
2278 2127 2463 2181 similis
2496 2128 2606 2180 tui?
2654 2125 2860 2197 Eripies
2905 2130 3108 2197 inopem
3149 2127 3212 2179 de
3240 2143 3393 2179 manu
3424 2126 3611 2196 {ortio-

2021 2238 2134 2274 rum
2172 2223 2304 2293 ejus,
2331 2237 2542 2292 egenum
2589 2229 2639 2273 et
2683 2237 2956 2290 pauperem
2989 2237 3020 2272 u
3067 2219 3425 2289 diripientibus
3473 2232 3607 2270 eum.

2022 2310 2301 2384 Surgentes
2350 2300 2499 2367 t'estes
2538 2297 2722 2382 iniqui,
2755 2327 2869 2382 qua:
2896 2311 3197 2382 ignorabam
3227 2306 3612 2379 interrogabant

2019 2423 2117 2461 me.
2172 2404 2540 2460 Retribuebant
2567 2405 2692 2458 milii
2739 2404 2879 2457 mala
2928 2421 3022 2473 pro
3061 2403 3224 2467 bonis,
3280 2403 3608 2456 sterilitatem

2019 2501 2206 2552 anima:
2251 2514 2396 2552 metu.
2431 2496 2542 2566 Ego
2582 2505 2751 2550 autem
2780 2513 2893 2549 cum
2914 2497 3039 2549 ini/ii
3079 2496 3277 2550 molesti
3303 2502 3493 2555 essent,
3525 2493 3610 2545 in-

2019 2589 2211 2644 duebar
2240 2590 2432 2652 cilicio,
2466 2585 2802 2641 humiliabam
2846 2588 2900 2640 in
2922 2588 3124 2658 jejunio
3164 2588 3389 2639 animam
3420 2599 3608 2644 meum,

2017 2691 2067 2736 et
2086 2683 2255 2736 oratio
2283 2682 2337 2734 in
2367 2681 2487 2733 sinu
2513 2695 2624 2732 meo
2664 2686 2999 2731 conrertetur.
3027 2676 3188 2739 Quasi
3219 2676 3532 2745 proximum,
3562 2677 3615 2723 et

2019 2776 2168 2845 quasi
2199 2775 2417 2843 fratrem
2457 2779 2691 2824 nostrum
2718 2770 2793 2822 sic
2822 2765 3218 2838 comptaccbam,
3249 2766 3394 2835 quasi
3435 2764 3613 2832 lugens

2022 2874 2071 2918 et
2101 2865 2436 2918 contristatus
2474 2864 2548 2916 sic
2578 2859 2916 2914 Itumiliabar.
2950 2859 3017 2912 Et
3046 2858 3313 2912 adversum
3342 2874 3421 2910 me
3449 2856 3615 2910 laetati

2023 2967 2145 3011 sunt
2172 2965 2222 3010 et
2242 2964 2618 3020 convenerunt;
2642 2964 2950 3026 congregata
2973 2961 3090 3006 sunt
3114 2969 3265 3023 super
3280 2969 3360 3006 me
3378 2950 3613 3022 ﬂagella,

2024 3060 2074 3105 et
2100 3051 2351 3123 ignorari.
2384 3048 2640 3120 Dissipati
2667 3056 2805 3113 sunt,
2837 3063 2929 3101 nec
2955 3047 3260 3116 compuncti,
3293 3049 3615 3098 tentaverunt

317 3139 418 3194 ille
445 3139 624 3194 doceri
655 3139 789 3204 vult,
812 3139 903 3208 qui
931 3139 1046 3192 vult
1067 3139 1233 3194 vitam
1259 3149 1538 3205 :cternam,
1567 3149 1622 3194 et
1649 3141 1925 3197 desiderat
2025 3159 2124 3210 me,
2171 3143 2614 3197 subsannaverunt
2666 3157 2748 3194 me
2795 3139 3214 3201 subsannatione,
3272 3134 3614 3207 frcnduerunt

318 3231 510 3288 videre
549 3231 662 3285 dies
701 3231 892 3285 bonos.
935 3229 1116 3286 Times
1170 3244 1300 3299 ergo
1344 3228 1665 3297 Dominum,
1720 3249 1826 3288 non
1874 3233 1920 3289 si
1949 3223 1994 3286 C
2023 3252 2178 3306 super
2229 3250 2311 3288 me
2340 3232 2572 3286 dentibus
2619 3233 2742 3285 suis.
2782 3229 3022 3294 Domine,
3075 3229 3281 3301 quando
3333 3223 3614 3296 respicies!

321 3331 634 3387 sonantem,
664 3329 758 3376 aut
786 3321 1161 3389 lulgurantem,
1194 3330 1288 3376 aut
1335 3330 1693 3379 ternemotum
1719 3325 1918 3381 facien-

316 3423 437 3468 tem
459 3414 668 3478 timeas,
696 3413 791 3468 sed
813 3413 856 3467 si
878 3413 1056 3481 ignem
1082 3423 1340 3468 aeternum
1361 3416 1777 3471 comminantem
1803 3417 1916 3473 for-

315 3504 516 3560 mides.
542 3502 679 3571 Quia
708 3503 847 3559 sicut
883 3503 1046 3558 habet
1091 3504 1276 3569 vitam,
1308 3506 1399 3575 qui
1441 3506 1658 3561 cohibet
1680 3507 1918 3578 linguam

312 3610 479 3650 suam
508 3610 540 3649 a
587 3594 750 3658 malo,
800 3601 855 3648 et
898 3594 1037 3648 sicut
1065 3609 1222 3650 aures
1249 3593 1463 3650 Domini
1491 3596 1546 3651 in
1583 3612 1773 3666 preces
1801 3597 1918 3666 ejus

311 3693 471 3749 sunt,
502 3684 594 3755 qui
645 3683 718 3738 ita
743 3685 1030 3742 ,avertitur
1057 3701 1089 3740 a
1117 3685 1259 3740 malo
1288 3696 1348 3740 ut
1376 3686 1537 3742 faciat
1579 3687 1801 3752 bonum,
1845 3688 1918 3743 ita

314 3779 509 3834 vultus
536 3777 747 3832 Domini
791 3793 951 3847 super
1003 3777 1262 3833 facientes
1311 3779 1473 3843 mala,
1528 3787 1588 3832 ut
1634 3779 1823 3849 perdat
1850 3779 1918 3833 de

315 3879 473 3924 terra
525 3869 846 3923 memoriam
896 3883 1104 3922 eorum.
1135 3867 1441 3922 Notandum
1469 3883 1599 3923 sane
1626 3871 1750 3940 quia
1781 3871 1920 3924 inter

315 3968 525 4014 extera
551 3959 806 4012 virtutum
835 3959 1060 4024 insignia
1086 3975 1195 4028 pax
1221 3973 1436 4028 quoque
1465 3960 1750 4028 quaerenda
1777 3976 1919 4029 pra:-

318 4050 527 4120 cipitur
559 4066 572 4100 :
598 4049 830 4118 luquire,
863 4050 1054 4117 inquit,
1077 4065 1286 4119 pacem,
1315 4057 1369 4102 et
1397 4063 1622 4116 sequere
1644 4064 1781 4103 eam.
1809 4048 1920 4105 Pax

313 4141 474 4196 enim
517 4147 571 4195 et
601 4141 654 4194 in
684 4141 933 4211 praesenti
962 4140 1076 4196 dies
1127 4141 1300 4196 bonos
1348 4140 1473 4196 iacit
1500 4141 1824 4208 hominibus,
1865 4151 1920 4199 et

309 4231 382 4287 in
403 4229 587 4285 futuro
606 4229 704 4284 Dei
729 4227 958 4284 ﬁliorum
987 4231 1298 4300 dignitatem
1340 4232 1594 4302 impertit,
1626 4234 1916 4288 secundum

308 4321 382 4379 id
407 4320 552 4390 quod
593 4321 708 4392 ipse
736 4319 995 4400 Dominus
1023 4322 1152 4375 dicit
1184 4339 1197 4374 ε
1229 4321 1373 4375 Beati
1400 4324 1626 4392 paciﬁci,
1668 4326 1786 4394 quia
1814 4325 1914 4395 ﬁlii

306 4411 424 4468 Dei
451 4410 764 4466 vocabuntur
786 4410 1000 4483 (Matth.
1032 4413 1107 4482 v).
1140 4411 1248 4468 Nec
1273 4413 1376 4468 hoc
1398 4427 1497 4469 nos
1527 4421 1745 4482 terreat,
1770 4418 1914 4486 quod

307 4504 567 4559 videmus
617 4504 672 4558 in
700 4504 805 4559 isto
834 4505 1053 4570 saeculo,
1095 4505 1292 4560 multas
1318 4507 1690 4563 tribulationes
1731 4509 1911 4577 justo-

2020 3330 2229 3383 restitue
2249 3329 2479 3381 animam
2508 3343 2675 3380 meam
2697 3343 2728 3376 a
2749 3325 3073 3395 malignitate
3093 3339 3289 3385 eorum,
3320 3339 3352 3374 a
3380 3320 3615 3375 leonibus

2017 3423 2227 3475 unicam
2278 3437 2466 3474 meam.
2500 3417 2793 3487 Conﬁtebor
2837 3417 2925 3469 tibi
2972 3417 3024 3468 in
3055 3414 3290 3467 Ecclesia
3319 3429 3528 3484 magna,
3554 3413 3614 3466 in

2019 3513 2210 3583 papula
2240 3511 2383 3582 gravi
2413 3507 2636 3562 laudabo
2668 3516 2732 3559 te.
2770 3504 2890 3560 Non
2927 3504 3340 3575 supergaudeant
3366 3503 3492 3558 mihi
3524 3505 3614 3575 qui

2025 3602 2365 3655 adversantur
2391 3599 2518 3652 milii
2557 3599 2745 3668 inique,
2777 3598 2862 3668 qui
2892 3595 3108 3648 oderunt
3132 3611 3218 3670 me
3240 3597 3403 3665 gratis
3433 3603 3484 3648 et
3520 3610 3613 3647 an-

2020 3704 2184 3748 nuunt
2218 3693 2401 3748 oculis.
2427 3689 2685 3755 Quoniam
2712 3689 2837 3742 mihi
2865 3687 3067 3759 quidem
3096 3687 3312 3758 paciﬁca
3333 3683 3611 3754 loqueban-

2023 3795 2123 3850 tur,
2155 3795 2202 3840 et
2230 3786 2286 3837 in
2315 3783 2590 3837 iracundia
2622 3791 2769 3835 terra:
2799 3782 3076 3848 loquentes,
3104 3777 3248 3829 dolos
3294 3775 3611 3846 cogitabant.

2022 3874 2089 3925 Et
2121 3874 2466 3926 dilataverunt
2495 3887 2646 3940 super
2674 3887 2755 3922 me
2783 3887 2838 3923 os
2881 3884 3050 3929 suum,
3095 3867 3338 3919 dixerunt
3385 3883 3402 3918 :
3443 3865 3613 3937 Euge,

2022 3981 2166 4034 euge,
2190 3962 2424 4015 viderunt
2449 3961 2583 4014 oculi
2606 3961 2786 4012 nostri.
2829 3957 3042 4022 Vidisti,
3075 3956 3317 4021 Domine,
3349 3974 3413 4010 ne
3431 3957 3610 4020 sileas,

2024 4054 2261 4119 Domine,
2293 4070 2359 4107 ne
2386 4052 2619 4106 discedas
2651 4069 2682 4104 a
2710 4069 2808 4105 me.
2833 4049 3071 4122 Exsurge
3095 4059 3147 4105 et
3174 4051 3381 4104 intende
3408 4052 3612 4123 judicio

2022 4163 2156 4210 meo,
2184 4143 2325 4198 Deus
2354 4161 2514 4208 meus,
2537 4153 2585 4196 et
2611 4142 2867 4198 Dominus
2909 4159 3049 4196 meus
3083 4144 3136 4196 in
3164 4159 3373 4196 causam
3416 4160 3605 4198 meam.

2019 4235 2210 4289 Judica
2257 4252 2339 4289 me
2384 4235 2661 4288 secundum
2702 4235 2962 4303 justitiam
3013 4243 3172 4299 tuam,
3205 4233 3424 4289 Domine
3464 4234 3607 4291 Deus

2020 4345 2181 4393 meus,
2211 4336 2260 4380 et
2289 4344 2392 4380 non
2419 4326 2832 4398 supergaudeant
2875 4325 3018 4379 mihi.
3052 4325 3175 4381 Non
3212 4327 3388 4380 dicant
3410 4329 3462 4382 in
3491 4343 3607 4383 cor-

2020 4420 2166 4474 dibus
2190 4422 2338 4475 suis:
2370 4418 2536 4492 Euge,
2579 4437 2723 4491 euge,
2765 4421 2956 4473 anima:
2989 4427 3210 4484 nostris;
3251 4436 3343 4473 nec
3386 4421 3605 4476 dicant:

2019 4513 2387 4568 Devoravimus
2403 4530 2535 4567 eum.
2562 4512 2609 4566 E
2613 4512 2885 4567 rubescunt
2903 4520 2953 4566 et
2975 4524 3300 4578 ret-creantur
3325 4514 3496 4579 simul,
3517 4517 3606 4585 qui

309 4610 461 4652 rum.
494 4593 794 4649 Transeunt
820 4595 962 4648 enim
1018 4595 1144 4664 ipsa:
1174 4596 1564 4662 tribulationes,
1614 4597 1670 4654 e't
1707 4615 1776 4654 ex
1824 4601 1908 4657 bis
1935 4591 1991 4653 D
2014 4609 2345 4680 gratulantur
2371 4607 2524 4661 malis
2553 4608 2696 4660 meis.
2727 4604 3020 4659 Induantur
3049 4594 3349 4677 confusione
3376 4613 3425 4657 et
3459 4621 3602 4658 reve—

313 4688 571 4744 omnibus
600 4686 792 4741 liberat
819 4701 914 4742 eos
942 4685 1220 4742 Dominus.
1252 4687 1369 4758 Ipse
1389 4690 1550 4744 etiam
1579 4691 1632 4744 in
1659 4692 1908 4761 sepulcro

211 4842 214 4843 ν
312 4779 555 4836 custodit
597 4780 776 4834 omnia
807 4794 928 4834 ossa
975 4795 1182 4845 eorum,
1216 4788 1271 4834 et
1315 4781 1386 4835 ita
1417 4796 1481 4835 ea
1524 4790 1702 4837 servat
1729 4798 1946 4862 resur-’

313 4870 572 4934 rectioni,
603 4876 662 4923 ut
703 4877 871 4924 unum
897 4885 964 4924 ex
991 4870 1074 4924 his
1118 4887 1224 4925 non
1252 4865 1708 4943 patiatur'perire
1737 4874 1789 4927 in
1821 4889 1909 4929 re-

312 4963 672 5022 surrectionis
705 4963 808 5017 die.
863 4962 1008 5018 Mors
1054 4973 1234 5018 autem
1279 4974 1625 5034 peccatorum
1674 4967 1904 5036 pessima

310 5057 602 5128 apparebit
630 5065 870 5126 tempore
896 5071 1006 5126 quo
1035 5058 1315 5112 resuscitat
1361 5058 1412 5112 in
1441 5059 1756 5129 corporibus
1785 5061 1904 5114 ani-

310 5164 438 5206 mas
463 5164 702 5204 suorum.
736 5148 852 5203 Hoc
880 5164 1009 5205 sane
1037 5149 1240 5212 sciatis,
1275 5151 1465 5220 inquit,
1490 5151 1616 5219 quia
1639 5167 1746 5206 non
1776 5168 1904 5222 pec-

313 5246 412 5296 cat
430 5239 605 5294 omnis
632 5239 722 5308 qui
751 5249 931 5309 sperat
951 5241 1004 5294 in
1033 5255 1117 5296 eo.
1144 5240 1533 5296 Abstinentiam
1562 5250 1904 5312 peccatorum

311 5330 375 5384 in
407 5329 510 5386 ﬁne
557 5331 745 5402 psalmi
774 5333 1115 5387 commendat
1153 5334 1231 5388 eis
1258 5334 1350 5402 qui
1379 5343 1598 5404 sperant
1626 5335 1679 5388 in
1723 5333 1905 5390 Domi-

313 5439 472 5488 num,
502 5431 562 5478 ut
589 5423 656 5477 ad
693 5424 806 5494 spei
857 5440 966 5479 suze
995 5424 1223 5480 fructum
1277 5427 1539 5495 attingant
1569 5445 1580 5480 :
1614 5428 1730 5482 Non
1760 5429 1901 5483 enim

312 5523 568 5594 peccant,
596 5516 786 5584 inquit,
811 5531 999 5570 omnes
1019 5516 1110 5584 qui
1140 5514 1358 5586 sperant
1381 5518 1434 5570 in
1456 5532 1596 5571 eum.
1628 5521 1695 5571 Ut
1723 5527 1901 5572 autem

314 5622 430 5663 non
459 5621 765 5677 peccemus,
797 5605 913 5676 ejus
934 5614 1016 5661 est
1045 5606 1305 5661 instanter
1329 5608 1693 5663 misericordia
1721 5618 1903 5678 postu-

312 5699 499 5766 landa,
524 5700 617 5771 qui
645 5707 834 5769 regnat
854 5699 908 5754 in
938 5698 1132 5766 saecula
1161 5699 1494 5761 saeculorum.
1533 5698 1724 5759 Amen.

1009 5887 1034 5898 α

2016 4703 2201 4764 rentia,
2234 4701 2321 4770 qui
2349 4699 2581 4768 maligna
2610 4699 2886 4767 loquuntur
2915 4712 3068 4765 super
3094 4712 3192 4748 me.
3242 4694 3515 4748 Exsultent
3551 4703 3605 4750 et

2017 4792 2274 4854 laatentur,
2307 4791 2393 4861 qui
2421 4789 2595 4842 volunt
2609 4788 2868 4858 justitiam
2897 4802 3084 4850 meam,
3113 4793 3164 4839 et
3183 4785 3356 4840 dicant
3378 4803 3602 4859 semper:

2017 4879 2384 4950 Magnificetur
2413 4877 2688 4940 Dominus,
2719 4876 2806 4948 qui
2849 4875 3023 4929 volunt
3069 4892 3246 4947 pacem
3287 4880 3416 4933 serui
3465 4881 3596 4952 ejus.

2014 4969 2084 5022 Et
2109 4973 2286 5041 lingua
2307 4985 2418 5022 mea
2433 4965 2765 5022 meditabitur
2777 4966 3034 5039 justitiam
3057 4977 3215 5033 tuam,
3241 4978 3346 5026 tota
3376 4971 3459 5025 die
3485 4971 3608 5024 lau~

2014 5061 2128 5116 dem
2159 5071 2316 5114 tuam.

2583 5145 3020 5187 COMIENTARIUI.

2084 5244 2344 5300 Dominus
2370 5244 2525 5301 Jesus
2546 5245 2807 5315 Christus,
2841 5250 2884 5304 si
2912 5251 3191 5319 praeceptis
3219 5249 3328 5302 suis
3354 5244 3604 5312 Scriptu-

2012 5337 2101 5392 ras
2128 5339 2327 5394 veteris
2356 5337 2684 5396 Testamenti
2705 5341 2925 5396 vidisset
2953 5355 3072 5394 esse
3099 5325 3417 5396 contrarias,
3446 5349 3477 5389 a
3498 5348 3603 5390 sua

2011 5427 2248 5484 Ecclesia
2293 5431 2626 5487 exclusisset.
2658 5431 2810 5486 Nunc
2836 5445 2966 5485 vero
2995 5444 3116 5484 cum
3146 5442 3253 5480 non
3282 5424 3454 5479 solum
3483 5441 3598 5483 non

2010 5522 2274 5586 exclusit,
2327 5523 2419 5577 sed
2457 5526 2620 5579 etiam
2665 5539 2695 5577 a
2745 5522 2903 5575 Patre
2943 5518 3300 5573 sanctiﬁcatas
3341 5521 3591 5578 asseruit.

2005 5611 2247 5683 Namque
2277 5629 2399 5668 cum
2427 5613 2792 5668 testimonium
2821 5611 2888 5662 de
2919 5607 3038 5662 tiliis
3063 5605 3159 5660 Dei
3186 5605 3340 5664 daret
3366 5618 3421 5666 et
3446 5611 3593 5670 dice-

2005 5713 2092 5759 ret
2111 5707 2434 5776 versiculpm
2457 5703 2648 5774 psalmi
2677 5700 2988 5768 octogesimi
3012 5699 3170 5772 primi
3203 5717 3214 5752 :
3253 5701 3376 5759 Non
3401 5714 3590 5778 potest,

2005 5796 2197 5868 inquit,
2228 5799 2489 5851 immutari
2512 5795 2785 5863 Scriptura
2816 5809 2832 5848 :
2864 5810 3011 5860 quem
3038 5793 3202 5850 Pater
3221 5798 3594 5867 sanctiﬁeavil.
3663 5851 3665 5858 .
