4108 6348
571 386 671 446 571

1880 379 2154 439 ΑιιΝοΒιι
2190 378 2492 437 JUNIORIS

3725 377 3844 438 37!

569 515 622 562 et
648 505 788 561 misit
813 504 869 559 in
898 503 1030 558 hunc
1059 498 1306 557 mundum
1340 499 1522 572 (Joan.
1547 498 1627 572 x).
1655 497 1794 567 Quid
1821 511 1950 566 ergo
1980 496 2148 551 facie-
2177 495 2230 556 Α
2253 494 2409 550 nobis
2437 502 2519 552 est
2565 494 2742 551 anima
2773 502 2955 551 nostra
2980 536 2994 563 ,
3027 503 3084 552 et
3111 509 3335 553 numero
3363 501 3421 551 et
3457 494 3671 552 affectu.
3701 477 3841 554 Cum

573 613 692 653 mus
725 614 736 650 :
769 595 824 651 Si
865 595 1242 649 maledicamus
1271 591 1517 648 inimicos
1557 598 1772 647 nostros
1793 630 1808 655 ,
1841 589 2148 659 evangelica

571 696 837 762 praecepta
860 686 1270 751 contemnimus,
1301 684 1495 754 quibus
1516 699 1624 739 non
1643 683 1817 739 solum
1846 698 1953 736 non
1979 682 2147 736 male-

571 780 766 842 dicere,
798 775 1145 832 verumetiam
1173 791 1273 846 pro
1303 776 1386 830 his
1407 791 1564 830 orare
1587 774 1853 844 jubemur.
1883 773 1940 827 Si
1969 780 2149 828 custo-

570 870 684 924 dire
712 868 956 924 volumus
983 866 1257 936 Evangelii
1290 867 1580 936 jussiones,
1615 865 1857 922 Psalmos
1878 866 2146 936 relinqui-

569 975 716 1023 mus,
749 959 942 1029 quibus
971 957 1279 1030 frequenter
1317 959 1516 1012 inimici
1554 957 1976 1022 maledicuntur,
2007 963 2065 1012 ut
2093 957 2148 1011 in

568 1051 672 1107 isto
701 1050 894 1122 psalmi
922 1050 1042 1105 loco
1067 1092 1081 1115 ,
1114 1049 1167 1103 in
1196 1049 1372 1120 capite
1398 1067 1410 1098 :
1441 1046 1646 1114 Judica,
1671 1048 1862 1118 inquit,
1892 1056 2150 1103 nocentes

566 1159 653 1199 me
679 1184 695 1210 ,
738 1150 792 1198 et
831 1150 1022 1211 cetera
1063 1157 1180 1212 qua:
1209 1148 1519 1210 sequuntur.
1565 1137 1717 1195 Unde
1747 1139 1952 1194 cautius
1998 1137 2149 1193 Psal-

567 1235 727 1290 mista
763 1252 775 1288 :
808 1233 974 1300 Cave,
1006 1249 1072 1288 ne
1103 1234 1168 1288 ad
1197 1233 1441 1287 homines
1482 1230 1827 1285 adversantes
1854 1231 1947 1284 tibi
1993 1236 2149 1301 putes

568 1325 672 1381 ista
699 1333 1032 1396 competere,
1072 1324 1166 1380 sed
1206 1323 1309 1378 fide
1350 1323 1484 1378 lixus
1513 1338 1611 1394 pro
1641 1322 1869 1377 inimicis
1897 1322 2001 1376 tuis‘
2028 1337 2144 1388 ora,

567 1417 707 1474 sicut
743 1417 953 1488 jussum
982 1423 1082 1482 est,
1116 1424 1169 1470 et
1192 1418 1330 1471 hanc
1369 1417 1668 1472 orationem
1689 1415 1885 1486 .psalmi
1914 1429 2146 1485 prasen-

519 1503 529 1512 ’
568 1510 656 1576 tis,
690 1523 799 1564 non
825 1516 1013 1564 contra
1036 1522 1252 1562 carnem
1273 1518 1327 1561 et
1349 1507 1682 1576 sanguinem,
1705 1505 1800 1559 sed
1822 1514 2010 1559 contra
2039 1504 2148 1574 spi-

567 1604 704 1661 ritus
733 1603 874 1659 aeris
902 1601 1077 1671 hujus,
1107 1601 1199 1670 qui
1227 1599 1467 1670 quotidie
1497 1606 1712 1663 nocent,
1745 1597 1983 1668 quotidie
2006 1597 2147 1652 bella

568 1695 931 1752 committunt.
961 1692 1189 1749 Induere
1217 1708 1374 1749 sacco
1398 1693 1509 1747 sive
1531 1691 1726 1755 cilicio,
1757 1699 1812 1746 et
1838 1691 2058 1744 humilia
2092 1691 2148 1744 in

2256 603 2385 659 ergo
2411 604 2529 643 eam
2558 588 2857 645 restitueris
2882 589 2934 644 in
2955 589 3099 645 bono
3120 589 3419 661 proposito,
3450 597 3505 645 et
3522 589 3844 647 liberaveris

2255 700 2286 740 a
2311 683 2468 739 malis
2495 681 2648 740 factis
2677 698 2882 750 eorum,
2913 691 3042 740 tunc
3065 680 3363 740 conﬁtebor
3391 683 3568 760 tibi‘iu
3596 681 3843 740 Ecclesia

2255 792 2468 847 magna,
2499 784 2554 832 et
2574 778 2627 832 in
2658 777 2855 848 populo
2878 792 2985 832 non
3012 777 3135 844 levi,
3168 793 3276 832 non
3302 775 3561 845 ﬂagitanti
3589 793 3841 848 pompas,

2253 875 2308 924 et
2336 868 2620 940 accipienti
2647 883 2921 938 personas
2943 909 2957 934 ,
2998 868 3091 924 sed
3119 869 3171 922 in
3213 867 3412 939 populo
3451 868 3600 937 gravi
3630 869 3845 924 timoris

2255 960 2332 1014 tui
2361 959 2666 1015 custodient
2709 977 2721 1012 :
2755 959 2808 1013 in
2837 974 2904 1013 eo
2935 958 3063 1014 mihi
3094 959 3196 1014 erit
3238 958 3543 1023 assiduitas,
3571 967 3628 1012 et
3653 959 3706 1012 in
3749 974 3844 1013 eo-

2252 1050 2375 1106 dem
2409 1051 2606 1121 populo
2642 1049 2870 1105 laudabo
2907 1059 2990 1116 te;
3031 1066 3138 1104 non
3168 1063 3296 1118 ergo
3325 1049 3580 1103 insultent
3619 1049 3709 1118 qui
3739 1049 3842 1103 ad-

2254 1150 2534 1197 versantur
2555 1142 2682 1196 mihi
2723 1141 2906 1211 iniqui,
2945 1141 3036 1212 qui
3065 1140 3293 1196 oderunt
3322 1156 3408 1195 me
3431 1141 3617 1208 gratis,
3648 1147 3705 1194 et
3737 1155 3841 1195 an-

2253 1241 2426 1289 nuunt
2448 1233 2635 1288 oculis.
2662 1231 2806 1298 Hinc,
2831 1240 2887 1286 ut
2905 1231 3034 1297 dixi,
3067 1233 3138 1286 ita
3167 1232 3402 1303 passioni
3423 1231 3719 1287 Dominicze
3737 1247 3841 1302 ap-

2253 1325 2425 1396 plica,
2469 1333 2526 1379 ut
2552 1323 2922 1380 aadificationis
2966 1333 3067 1380 tua:
3095 1325 3441 1396 interpretem
3485 1324 3701 1395 penitus
3730 1339 3842 1383 non

2253 1419 2510 1484 omittas;
2551 1417 2812 1472 daemonia
2855 1418 2997 1472 enim
3029 1418 3184 1473 nobis
3222 1417 3463 1486 quotidie
3490 1415 3715 1488 paciﬂce
3751 1416 3841 1472 lo-

2251 1519 2507 1580 quuntur.
2562 1508 2789 1567 Paciﬁca
2836 1527 2923 1567 res
2969 1520 3052 1567 est
3095 1510 3542 1582 concupiscentia:
3584 1509 3788 1566 fructus
3823 1530 3838 1564 :

2253 1601 2348 1656 sed
2368 1616 2529 1671 super
2552 1601 2685 1654 iram
2713 1599 2956 1656 dolosam
2980 1602 3239 1671 cogitant,
3265 1601 3404 1656 sicut
3427 1601 3479 1654 in
3503 1601 3667 1656 hamo
3691 1615 3838 1668 esca,

2253 1691 2423 1746 dulcis
2451 1693 2505 1747 in
2535 1700 2778 1763 aspectu,
2809 1692 3018 1748 lethalis
3049 1693 3100 1747 in
3139 1700 3297 1762 gustu
3326 1700 3426 1747 est.
3471 1691 3839 1750 Dilataverunt

565 1785 772 1856 jejunio
801 1787 1032 1841 animam
1058 1792 1201 1838 tuam
1227 1825 1241 1850 ,
1273 1784 1398 1854 quia
1440 1799 1550 1837 non
1575 1783 1882 1847 vincuntur,
1923 1781 2023 1836 nisi
2052 1797 2151 1852 per
2178 1799 2226 1856 Β
2255 1784 2309 1838 in
2337 1800 2423 1839 me
2463 1800 2524 1839 os
2567 1801 2722 1839 suum
2747 1824 2762 1848 ,
2793 1784 3034 1854 quotidie
3079 1785 3257 1839 smculi
3300 1791 3571 1839 amatores
3611 1784 3840 1840 crimina

568 1880 868 1936 orationem
896 1885 952 1934 et
982 1877 1265 1948 jejunium.
1297 1875 1433 1943 Quid
1463 1890 1591 1945 ergo
1621 1891 1745 1930 oras
1774 1873 1988 1929 indutus
2025 1874 2144 1928 cili-

565 1969 688 2026 cio?
720 1968 789 2024 Ut
814 1976 1080 2039 expugnet
1107 1967 1366 2023 Dominus
1387 1972 1756 2036 expugnantes
1776 1973 1850 2030 te,
1875 1971 1936 2020 ut
1956 1980 2146 2036 appre-

563 2061 768 2117 hendat
813 2077 960 2116 arma
991 2061 1176 2116 auxilii
1221 2061 1341 2128 sui,
1385 2075 1534 2114 arma
1581 2058 1865 2114 invisibilia
1894 2058 2148 2113 adversus

564 2153 750 2208 hostes
789 2151 1102 2207 invisibiles.
1133 2151 1238 2221 Ipsi
1267 2151 1409 2205 enim
1437 2156 1684 2220 quaarunt
1712 2149 1943 2204 animam
1974 2156 2141 2203 tuam.

563 2237 668 2296 Ora
697 2247 758 2298 ut
784 2241 878 2297 fiat
905 2242 993 2296 via
1021 2257 1206 2297 eorum
1233 2241 1467 2296 tenebrae
1493 2248 1546 2296 et
1577 2240 1858 2304 lubricum,
1889 2248 1942 2294 et
1979 2253 2144 2308 ange-

561 2331 646 2388 lus
687 2330 901 2388 Domini
949 2339 1301 2402 persequatur
1343 2346 1438 2386 eos
1480 2332 1572 2400 qui
1612 2331 1712 2402 ipsi
1752 2329 2148 2386 absconderunt

561 2424 663 2478 tibi
691 2424 966 2479 interitum
1016 2424 1196 2491 laquei
1233 2424 1335 2488 sui,
1365 2439 1559 2478 vanam
1598 2425 1986 2494 exprobrantes
2032 2425 2147 2479 ani-

564 2529 708 2568 mam
739 2525 902 2579 tuam,
934 2513 1174 2568 dicentes
1194 2515 1245 2568 ei
1270 2532 1282 2566 :
1311 2513 1519 2568 Vanum
1548 2522 1630 2569 est
1654 2515 1798 2583 quod
1829 2531 1970 2580 oras,
2002 2513 2148 2583 quod

563 2604 796 2675 jejunas,
819 2606 963 2674 quod
989 2605 1246 2661 mundum
1276 2607 1594 2661 contemnis.
1622 2605 1773 2661 Unde
1802 2615 1857 2660 et
1886 2594 2146 2678 prOpheta

565 2698 674 2754 hoc
699 2698 872 2770 ipsum
913 2699 1157 2769 increpat
1198 2699 1381 2754 dicens
1411 2718 1421 2752 :
1465 2699 1590 2754 ideo
1615 2738 1630 2765 ,
1670 2699 1773 2764 ait,
1805 2699 1958 2768 plaga
1988 2715 2148 2769 super

565 2789 729 2847 Israel
759 2791 1111 2862 multiplicata
1141 2799 1244 2855 est,
1276 2791 1403 2861 quia
1425 2789 1676 2845 dixerunt
1705 2808 1717 2842 :
1749 2788 1931 2844 Vanus
1955 2791 2148 2859 estqui

564 2883 719 2941 timet
749 2883 935 2938 Deum.
987 2883 1128 2954 Ergo
1156 2885 1282 2956 quia
1328 2884 1382 2938 hi
1425 2883 1644 2954 Spiritus
1671 2882 1929 2938 immundi
1957 2896 2147 2952 sugge-

563 2975 828 3030 stionibus
866 2976 977 3030 suis
1006 2992 1196 3030 vanam
1225 2977 1556 3046 exprobrant
1584 2977 1816 3030 animam
1846 2991 2042 3040 meam,
2087 2984 2146 3031 ut

562 3065 724 3120 vilem
751 3081 810 3120 se
837 3067 1130 3133 :estimans,
1161 3083 1190 3120 a
1221 3069 1461 3137 pretioso
1486 3067 1587 3122 Dei
1617 3069 1810 3124 timore
1839 3069 2093 3124 abscedat
2125 3086 2138 3122 :

2255 1877 2491 1932 inaudita
2519 1877 2900 1942 committunt,
2941 1884 2995 1930 et
3043 1876 3218 1931 nullus
3245 1877 3458 1948 penitus
3496 1892 3527 1930 a
3575 1876 3724 1931 nullo
3752 1891 3840 1929 ar-

2257 1971 2453 2040 guitur.
2488 1968 2556 2022 At
2577 1969 2646 2024 ibi
2677 1970 2796 2040 quis
2824 1969 2949 2024 boni
2978 1969 3239 2039 propositi
3270 1969 3320 2022 in
3349 1968 3452 2024 levi
3477 1968 3840 2038 qualicunque

2254 2063 2414 2134 culpa
2451 2061 2767 2127 incurrerit,
2799 2060 3027 2115 dilatant
3065 2061 3284 2131 spiritus
3314 2059 3573 2115 immundi
3603 2075 3698 2114 ora
3739 2075 3838 2116 eo-

2254 2169 2391 2219 rum,
2423 2154 2545 2223 qui,
2573 2160 2631 2206 ut
2660 2153 2800 2216 dixi,
2833 2152 3147 2206 criminibus
3186 2161 3410 2216 vacant,
3445 2161 3502 2206 ut
3529 2151 3715 2207 videas
3743 2166 3836 2207 eos

2254 2247 2360 2303 tale
2399 2247 2538 2302 ferre
2561 2245 2818 2316 judicium
2861 2246 2913 2300 in
2946 2261 3054 2300 uno
3098 2245 3458 2316 qualicunque
3487 2231 3744 2316 peccato,
3777 2252 3834 2298 ut

2253 2339 2433 2394 dicant
2467 2357 2480 2394 :
2505 2337 2612 2392 Cur
2637 2355 2742 2394 non
2776 2339 2909 2394 urbe
2937 2337 3240 2409 pelluntur?
3269 2345 3326 2391 ut
3353 2337 3481 2406 quid
3510 2338 3686 2392 vivere
3704 2351 3832 2407 per-

2253 2427 2572 2484 mittuntur?
2601 2429 2692 2484 isti
2720 2437 2844 2484 sunt
2872 2445 2969 2500 per
2994 2444 3129 2498 quos
3150 2428 3378 2484 mundus
3402 2429 3578 2499 periit.
3607 2427 3698 2483 Hic
3720 2427 3824 2483 cla.

2253 2529 2364 2574 mat
2395 2520 2463 2574 ad
2491 2520 2773 2575 Dominum
2817 2538 2829 2574 :
2863 2518 3120 2589 Exsurge,
3158 2517 3400 2585 Domine,
3433 2528 3488 2574 et
3515 2519 3724 2574 intende
3749 2519 3827 2589 ju-

2253 2612 2449 2668 dicium
2497 2628 2674 2667 meum
2699 2654 2712 2678 ,
2755 2620 2810 2667 et
2837 2626 3052 2668 causam
3101 2627 3276 2666 meam
3319 2611 3496 2680 judica
3539 2610 3832 2666 secundum

2253 2707 2676 2762 misericordiam
2727 2715 2890 2762 tuam.
2923 2706 2979 2762 Si
3019 2707 3161 2762 enim
3191 2706 3483 2762 secundum
3528 2707 3832 2762 misericor-

2252 2800 2394 2854 diam
2420 2799 2775 2870 judicaveris,
2809 2816 2915 2855 non
2957 2798 3288 2854 insultabuut
3329 2798 3383 2852 in
3421 2812 3508 2852 me
3538 2797 3828 2862 daemones,

2252 2907 2352 2946 nec
2379 2890 2560 2945 dicent
2592 2910 2602 2944 :
2636 2889 2782 2960 Euge
2804 2931 2820 2958 ,
2867 2905 3018 2960 euge,
3052 2890 3242 2944 anima:
3270 2903 3434 2954 meae,
3468 2903 3570 2944 nec
3606 2889 3786 2944 dicent
3815 2908 3827 2942 :

2249 2982 2635 3038 Devoravimus
2663 2999 2804 3036 eum.
2839 2980 3008 3050 Euge,
3052 2995 3205 3050 euge,
3239 2987 3293 3034 et
3322 2980 3372 3033 in
3402 2981 3550 3035 bono
3575 2980 3829 3050 accipitur

2251 3084 2305 3132 et
2340 3077 2392 3131 in
2422 3077 2584 3132 malo.
2617 3076 2748 3130 Nam
2779 3076 2992 3142 dicitur,
3023 3073 3165 3147 Euge
3187 3116 3202 3140 ,
3244 3091 3385 3129 serve
3427 3074 3558 3129 bone
3585 3084 3635 3128 et
3664 3074 3829 3146 ﬁdelis
3924 3093 3938 3102 δ

562 3151 755 3210 Veniat
783 3156 888 3210 illis
916 3156 1137 3226 laqueus
1158 3159 1600 3239 quem’ignorant
1631 3177 1642 3211 :
1676 3159 1816 3214 sicut
1843 3159 1974 3214 mihi
2003 3160 2131 3214 invi-
2164 3160 2209 3223 C
2246 3166 2458 3239 (Manli.
2484 3184 2608 3234 xxv,
2635 3166 2761 3221 Luc.
2787 3166 2929 3238 xix);
2952 3164 3248 3232 dicitur,Et
3271 3180 3404 3236 euge
3419 3166 3673 3221 viderunt
3693 3165 3830 3222 oculi

562 3244 743 3302 sibiles
771 3246 954 3301 hostes
983 3255 1108 3300 sunt
1137 3247 1203 3301 ad
1241 3235 1441 3304 bonum
1475 3250 1738 3319 pergenti,
1771 3250 1848 3305 sic
1881 3251 1982 3305 illis
2010 3252 2147 3305 invi-

561 3336 730 3392 sibilis
759 3348 1008 3393 occurrat
1035 3339 1257 3408 laqueus
1287 3341 1353 3394 ad
1375 3356 1554 3395 meum
1585 3341 1861 3397 interitum
1887 3342 2146 3398 festinan-

558 3429 720 3497 tibus,
754 3437 813 3485 ut
833 3433 1012 3502 captio
1038 3447 1199 3502 quam
1231 3434 1633 3489 occultaverant
1653 3436 1807 3503 mihi,
1841 3431 2143 3507 apprehen-

558 3517 652 3574 dat
679 3536 792 3587 eos,
826 3531 880 3576 et
909 3523 960 3577 in
990 3524 1179 3579 eodem
1211 3525 1404 3596 laqneo
1433 3525 1687 3592 incidant,
1733 3534 1792 3581 ut
1819 3527 1996 3582 anima
2025 3544 2145 3584 mea

559 3613 793 3668 exsultet
838 3616 892 3669 in
919 3615 1034 3671 Deo
1073 3617 1295 3672 salutari
1329 3634 1454 3684 suo,
1506 3619 1598 3688 qui
1647 3621 1806 3691 eripit
1835 3621 2048 3692 inopem
2077 3622 2146 3677 de

558 3719 722 3760 manu
748 3705 1003 3762 fortioris.
1050 3708 1106 3762 lu
1148 3725 1255 3778 quo
1285 3718 1578 3779 exsurgunt
1609 3719 1771 3767 testes
1817 3713 2018 3782 iniqui,
2049 3729 2140 3768 os-

556 3796 840 3854 tendentes
865 3799 1008 3868 quod
1038 3808 1121 3855 est
1142 3801 1422 3871 pulchrum
1444 3801 1662 3869 foedum,
1687 3811 1740 3858 et
1761 3805 1913 3872 quasi
1938 3804 2138 3859 bonum

555 3891 700 3960 quod
744 3901 827 3949 est
855 3893 1145 3961 inimicum,
1175 3911 1294 3966 quae
1322 3896 1655 3964 ignorabam,
1687 3913 1806 3968 qua:
1834 3897 2043 3968 penitus
2073 3898 2140 3953 ad

554 3984 785 4040 animam
816 4002 924 4042 non
950 3977 1234 4051 habebam,
1260 3987 1373 4043 haec
1405 3987 1807 4058 interrogabant
1835 4004 1951 4054 me;
1984 3989 2142 4044 retri-

553 4075 789 4132 buebant
817 4079 948 4134 mihi
994 4081 1133 4134 mala
1174 4096 1272 4152 pro
1319 4081 1492 4137 bonis.
1541 4081 1640 4137 Hic
1685 4082 1969 4138 retributio
2000 4083 2141 4138 mala

555 4183 656 4237 pro
681 4169 839 4224 bonis
863 4168 1167 4227 daemonum
1205 4173 1329 4226 talis
1357 4181 1466 4238 est,
1509 4181 1588 4228 ut'
1612 4164 1848 4228 dicerem
1867 4214 1881 4239 ,
1921 4173 2143 4241 Quoties

555 4272 656 4313 oro
679 4299 693 4324 ,
734 4261 948 4328 quoties
987 4276 1018 4314 a
1064 4263 1302 4332 peccatis
1340 4264 1585 4318 abstineo
1608 4303 1624 4330 ,
1674 4264 1813 4318 mala
1857 4265 1986 4317 mihi
2027 4280 2145 4320 eve-

556 4349 745 4416 niunt,
778 4358 832 4404 et
877 4351 1132 4406 sterilitas
1173 4367 1347 4406 meam
1391 4353 1622 4406 animam
1652 4354 1955 4408 comitatur.
2006 4352 2144 4420 Quid

557 4456 686 4513 ergo
715 4443 871 4512 egisti
910 4442 1037 4498 dum
1071 4444 1167 4499 tibi
1196 4445 1408 4500 molesti
1439 4447 1657 4501 essent?
1685 4446 1771 4500 dic
1794 4447 1970 4512 nobis,
2002 4455 2058 4501 ut
2089 4458 2143 4504 et

2248 3261 2437 3316 nostri.
2472 3256 2618 3329 Euge
2647 3275 2775 3329 ergo
2804 3276 2910 3314 vox
2951 3259 3067 3331 ejus
3092 3267 3174 3315 est
3202 3259 3352 3328 cujus
3388 3260 3714 3315 desiderium
3750 3261 3827 3315 vi-

2249 3351 2406 3405 detur
2435 3350 2728 3420 impletum,
2762 3351 2873 3405 sive
2904 3351 2955 3405 iu
3001 3351 3144 3406 bono
3170 3392 3198 3417 ,.
3229 3352 3342 3405 sive
3388 3351 3444 3406 in
3491 3352 3655 3407 malo.
3705 3351 3827 3409 Mox
3858 3337 3868 3344 ’

2250 3442 2429 3511 itaque
2458 3448 2516 3495 ut
2556 3442 2610 3495 hi
2640 3442 2731 3510 qui
2769 3443 2822 3496 in
2863 3442 3003 3497 malo
3050 3451 3139 3497 tuo
3167 3442 3417 3498 L'etantur
3439 3485 3454 3508 ,
3485 3459 3594 3498 non
3623 3444 3822 3512 dicant,

2248 3533 2632 3587 Devoravimus
2669 3547 2790 3587 eum
2815 3576 2829 3601 ,
2879 3533 2973 3588 sed
3001 3533 3398 3588 confundantur
3434 3534 3523 3602 qui
3548 3535 3822 3603 gratulan-

2253 3633 2339 3679 tur
2367 3625 2419 3679 in
2460 3625 2614 3680 malis
2644 3625 2764 3680 tuis.
2810 3624 2876 3680 Et
2918 3625 3163 3680 laetentur
3197 3625 3291 3694 qui
3338 3626 3513 3680 volunt
3549 3622 3808 3691 justitiam

2255 3725 2418 3784 tuam,
2452 3724 2507 3771 et
2537 3716 2844 3772 desiderant
2877 3731 3063 3787 pacem
3093 3725 3257 3778 tuam,
3291 3723 3349 3770 ut
3376 3716 3543 3783 lingua
3572 3719 3659 3766 tua
3696 3727 3811 3766 me-

2250 3807 2448 3863 ditetur
2490 3808 2751 3878 justitiam
2798 3807 2930 3872 Dei,
2978 3815 3031 3862 et
3079 3807 3225 3862 omni
3264 3806 3356 3888 die
3404 3807 3455 3859 in
3504 3803 3658 3858 laude
3703 3802 3820 3872 ejus

2249 3915 2582 3971 permaneas,
2615 3901 2706 3970 qui
2741 3907 2930 3968 regnat
2958 3899 3011 3954 in
3040 3899 3231 3954 sazcula
3261 3897 3598 3954 seculorum.
3627 3895 3818 3950 Amen.

2757 4077 2973 4132 PSALM
2983 4076 3067 4132 US
3102 4075 3314 4132 XXXV.

2569 4214 2628 4268 ln
2657 4170 2815 4269 tinem
2842 4228 3020 4268 sermo
3052 4212 3263 4268 Domini
3290 4211 3476 4265 David.

2317 4350 2464 4404 Dixit
2485 4351 2708 4422 injustas
2736 4360 2790 4403 ut
2818 4349 3082 4420 delinquat
3105 4351 3155 4402 in
3185 4351 3490 4420 semetipso;
3524 4366 3625 4402 non
3657 4360 3738 4403 est
3767 4353 3827 4404 ti-

2245 4461 2358 4498 mor
2403 4443 2500 4497 Dei
2543 4453 2662 4498 ante
2697 4444 2869 4497 oculos
2916 4445 3046 4514 ejus.
3097 4441 3353 4506 Quoniam
3401 4442 3577 4496 dolose
3619 4444 3729 4514 egit
3776 4446 3826 4496 in

553 4531 662 4590 hoc
682 4549 807 4588 mox
829 4532 1102 4590 faciamus.
1128 4535 1264 4590 Cum
1287 4537 1460 4601 multi,
1485 4538 1674 4606 inquit,
1703 4538 1912 4593 molesti
1935 4549 2134 4608 essent,
2164 4524 2218 4584 D
2243 4546 2513 4608 conspectu
2541 4538 2682 4608 ejus,
2714 4547 2769 4590 ut
2795 4537 3082 4591 inveniatur
3119 4537 3359 4608 iniquitas
3391 4537 3502 4607 ejus
3525 4536 3596 4588 ad
3623 4537 3825 4591 odium.

554 4622 815 4678 induebar
843 4624 1017 4680 cilicio
1040 4667 1054 4692 ,
1101 4634 1156 4680 et
1196 4627 1540 4683 humiliabam
1575 4629 1627 4682 in
1669 4627 1874 4698 jejunio
1904 4629 2133 4685 animam

554 4730 769 4783 meam,
821 4724 876 4773 et
904 4719 1077 4774 oratio
1117 4734 1239 4775 mea
1287 4721 1341 4774 in
1387 4720 1509 4775 sinu
1554 4737 1678 4776 meo
1726 4735 1984 4777 conversa
2033 4729 2130 4777 est.

556 4808 936 4880 Quemcunque
997 4813 1150 4881 quasi
1207 4813 1512 4885 proximum
1539 4853 1554 4878 ,
1605 4822 1660 4869 et
1713 4815 1864 4884 quasi
1917 4814 2136 4871 fratrem

552 4917 733 4958 meum
759 4906 1012 4975 putabam
1044 4907 1274 4974 fidelem,
1305 4913 1359 4963 et
1386 4908 1667 4979 placebam
1693 4908 1822 4963 mihi
1862 4907 1916 4963 in
1943 4925 2028 4975 eo,
2063 4911 2135 4966 ita

555 4993 666 5063 egit
691 5001 750 5049 ut
775 4993 937 5052 Judas
965 4997 1018 5052 in
1046 4997 1294 5066 Domino,
1327 5008 1387 5055 ut
1413 5000 1683 5070 lugentem
1729 5017 1814 5056 me
1853 5011 1907 5057 et
1936 5004 2136 5058 contri-

556 5091 754 5140 statum
778 5085 996 5153 faceret,
1017 5088 1273 5146 humilem
1301 5091 1548 5148 inimicis.
1581 5093 1671 5148 Sic
1699 5094 1932 5163 passioni
1960 5093 2137 5150 Domi-

553 5177 688 5233 niea:
711 5178 816 5234 hoc
840 5179 1152 5249 applicabis,
1186 5191 1244 5237 ut
1273 5190 1452 5238 tamen
1482 5185 1721 5240 ordinem
1749 5194 1938 5257 coepue
1959 5188 2137 5258 expla-

551 5269 787 5326 nationis
809 5270 1092 5340 astringas,
1123 5275 1247 5345 quia
1271 5276 1385 5346 ipsa
1423 5278 1603 5346 passio
1633 5277 1844 5333 Domini
1873 5279 1976 5334 hoc
2004 5280 2130 5347 agit,

551 5367 612 5416 ut
638 5378 737 5419 nos
763 5363 1106 5446 aediﬁcentur.
1132 5365 1346 5446 Quanto
1376 5368 1516 5423 enim
1539 5370 1657 5440 plus
1683 5370 1792 5424 Deo
1823 5370 2129 5434 adhtcseris,

551 5459 704 5510 tanto
728 5455 881 5525 plura
911 5442 1212 5510 daemonum
1231 5442 1384 5512 circa
1414 5467 1467 5513 te
1502 5458 1707 5529 ﬂagella
1739 5477 1844 5515 non
1873 5460 2130 5525 deerunt,

553 5543 654 5613 ipsi
687 5554 896 5601 tentant
923 5556 994 5613 te,
1029 5556 1083 5604 et
1121 5549 1187 5604 de
1217 5551 1326 5605 risu
1356 5568 1453 5606 suo
1495 5553 1788 5622 exagitant,
1819 5560 1874 5606 et
1901 5552 2135 5608 fremunt

554 5647 715 5702 super
751 5642 804 5690 te
849 5637 1097 5694 dentibus
1125 5641 1253 5696 suis.
1301 5641 1380 5695 Tu
1423 5643 1566 5710 quod
1597 5650 1746 5695 tuum
1775 5649 1856 5696 est
1902 5642 2072 5696 clama
2118 5662 2128 5694 :

2248 4629 2416 4685 Verba
2443 4632 2549 4685 oris
2577 4633 2689 4702 ejus
2716 4631 2962 4701 iniquitas
2989 4637 3039 4683 et
3069 4629 3213 4682 dolus
3240 4669 3253 4693 ,
3296 4628 3461 4682 noluit
3497 4627 3796 4698 intelligere
3813 4669 3830 4694 ,

2237 4733 2292 4777 ut
2322 4722 2446 4777 bene
2469 4732 2661 4794 ageret.
2698 4721 3025 4793 Iniquitatem
3053 4721 3325 4774 meditatus
3354 4729 3429 4773 est
3451 4720 3502 4772 in
3525 4717 3686 4772 cubili
3712 4736 3826 4786 suo,

2237 4814 2402 4869 astitit
2435 4814 2573 4867 omni
2622 4814 2715 4866 via:
2742 4829 2844 4865 non
2889 4810 3061 4878 bonw,
3094 4811 3347 4864 malitiam
3377 4818 3545 4863 autem
3575 4825 3687 4864 non
3716 4810 3834 4864 odi-

2235 4911 2321 4964 vit.
2355 4907 2605 4974 Domine,
2636 4909 2688 4961 in
2727 4906 2851 4962 ccelo
2887 4906 3245 4960 misericordia
3270 4915 3385 4970 tua,
3428 4914 3478 4958 et
3509 4906 3711 4960 veritas
3744 4916 3833 4960 tua

2234 5019 2391 5075 usque
2417 5002 2488 5055 ad
2509 4999 2686 5054 nubes.
2716 4999 2943 5054 Justitiaz
2973 5009 3074 5054 tua:
3094 5000 3225 5053 sicut
3256 5008 3449 5052 montes
3471 4996 3589 5062 Dei,
3611 4999 3835 5069 judicia

2237 5104 2322 5148 tua
2357 5093 2568 5165 abyssus
2597 5093 2778 5146 multa.
2809 5090 3058 5145 Homines
3085 5100 3134 5145 et
3153 5092 3390 5161 jumenta
3417 5087 3672 5155 salvabis,
3717 5089 3837 5146 Do-

2233 5189 2370 5241 mine
2401 5227 2414 5250 ,
2481 5183 2904 5257 quemadmodum
2978 5181 3333 5252 multiplicasti
3406 5181 3834 5238 misericordiam

2234 5287 2396 5343 tuam,
2425 5275 2581 5330 Deus.
2627 5273 2753 5329 Filii
2784 5284 2950 5328 autem
2979 5274 3241 5328 hominum
3279 5273 3332 5326 in
3363 5273 3584 5343 tegmine
3612 5273 3834 5328 alarum

2237 5375 2435 5420 tuarum
2474 5367 2769 5436 sperabunt.
2815 5363 3212 5418 lnebriabuntur
3253 5361 3316 5416 ab
3357 5360 3589 5416 ubertate
3633 5363 3832 5419 domus

2235 5468 2352 5523 tuae,
2392 5467 2441 5511 et
2469 5465 2694 5511 torrente
2721 5457 2994 5528 voluptatis
3034 5466 3134 5510 tua:
3172 5453 3372 5526 potabis
3410 5471 3514 5508 eos.
3555 5451 3835 5518 Quoniam

2234 5550 2372 5620 apud
2413 5559 2458 5603 te
2486 5558 2560 5603 est
2590 5551 2706 5620 fons
2747 5550 2862 5603 vita:
2899 5556 2947 5601 et
2990 5550 3042 5601 in
3083 5547 3272 5601 lumine
3315 5555 3397 5601 tuo
3427 5543 3717 5602 videbimus
3749 5549 3837 5602 lu-

2234 5657 2366 5694 men.
2413 5640 2684 5694 Praztende
2709 5639 3114 5693 misericordiam
3156 5649 3291 5692 tuam
3335 5637 3625 5692 sitientibus
3660 5647 3751 5707 te,
3785 5650 3838 5696 et

557 5721 818 5791 Domine,
846 5729 1058 5795 quando
1089 5731 1362 5800 respicies,
1396 5731 1618 5786 restitue
1661 5730 1893 5784 animam
1935 5745 2130 5798 meam,
2227 5733 2485 5803 justitiam
2527 5742 2665 5785 tuam
2707 5731 2784 5783 his
2815 5732 2900 5802 qui
2941 5739 3078 5784 recto
3116 5738 3231 5783 sunt
3271 5729 3439 5783 corde.
3485 5725 3609 5785 Non
3643 5735 3838 5788 veniat
3881 5729 3908 5780 ’.

553 5829 589 5872 a
614 5814 772 5872 malis
797 5817 950 5878 factis
977 5836 1182 5889 eorum,
1212 5839 1241 5878 a
1270 5824 1514 5879 leonibus
1543 5823 1754 5879 unicam
1784 5837 1980 5880 meam.
2014 5822 2130 5881 Una
2165 5892 2174 5900 κ

2234 5827 2356 5880 milii
2383 5843 2473 5893 pes
2499 5823 2748 5890 superbia:
2775 5831 2823 5878 et
2848 5840 3030 5878 manus
3050 5823 3331 5892 peccatoris
3358 5838 3459 5876 non
3489 5831 3698 5875 moveat
3721 5841 3830 5879 me.
3879 5823 3893 5833 ‘
