4108 6348
361 347 474 404 373

1250 344 1719 406 COMMENTARII
1755 343 1823 398 1N
1861 342 2188 398 PSALMOS.
2237 345 2426 402 PSAL.
2471 349 2706 407 XXXVI.

3536 363 3646 423 57d

361 465 451 525 Ibi
479 465 770 526 ceciderunt
795 469 881 540 qui
907 474 1185 540 operantur
1203 467 1549 539 iniquitatem,
1575 465 1779 537 expulsi
1806 470 1946 526 sunt,
1979 461 2030 524 Α
2055 479 2208 534 quam
2251 468 2536 532 meridiem,
2581 470 2815 528 subditus
2859 482 2966 531 esto
2995 474 3218 535 Domino
3236 518 3251 545 ,
3295 490 3344 535 et
3382 501 3472 537 ora
3501 503 3638 543 eum.

359 581 458 620 nec
488 569 762 634 potuerunt
787 571 945 620 stare.

934 690 1375 732 ΩΟΙΙΕΙἸΑΙΙΙῙΙ.

431 809 854 869 Discernendum
886 819 967 867 est
995 812 1137 866 inter
1165 827 1286 866 eum
1315 810 1406 880 qui
1447 809 1708 879 delinquit
1737 811 1789 865 iu
1821 808 1946 876 alio,

356 911 418 961 et
447 903 589 960 inter
612 921 735 959 eum
762 905 852 974 qui
879 903 1142 974 delinquit
1168 904 1220 957 in
1250 902 1562 973 semetipso.
1593 899 1864 970 Delinquit
1895 902 1946 954 in

357 997 489 1064 alio,
526 997 618 1068 qui
640 1012 761 1052 cum
790 996 960 1068 possit
981 997 1251 1064 corrigere
1281 1012 1308 1050 a
1340 995 1482 1050 malo
1503 1001 1835 1064 peccantem,
1875 993 1949 1047 in-

357 1105 525 1161 super
563 1097 618 1144 et
658 1089 925 1144 adulatur.
969 1087 1239 1158 Delinquit
1269 1089 1321 1142 in
1362 1089 1560 1159 seipse,
1591 1085 1682 1156 qui
1713 1085 1812 1139 sibi
1847 1084 1946 1155 ipsi

359 1197 471 1237 non
489 1181 604 1236 vult
631 1180 858 1240 suadere
878 1178 1159 1251 justitiam,
1187 1180 1312 1250 quia
1342 1196 1449 1235 non
1472 1187 1554 1234 est
1575 1178 1736 1231 timor
1764 1176 1861 1231 Dei
1892 1176 1943 1231 in

358 1284 654 1346 conspectu
676 1273 812 1344 ejus,
835 1281 895 1328 ut
925 1273 1224 1329 inveniatur
1247 1273 1497 1348 iniquitas
1517 1287 1612 1326 sua
1636 1271 1703 1326 ad
1727 1271 1941 1338 odium;

357 1367 542 1424 laudat
573 1368 861 1438 injustum,
903 1375 963 1422 ut
990 1367 1239 1421 laudetur
1274 1365 1521 1435 injustus.
1556 1364 1671 1418 Non
1713 1364 1941 1418 vultiu-

358 1459 603 1529 telligere
633 1459 871 1522 actiones
913 1459 1084 1513 bonas
1123 1458 1313 1529 quibus
1356 1457 1767 1529 promerebitur.
1804 1456 1945 1512 Deus

357 1550 536 1607 cubile
584 1551 762 1608 cordis
800 1552 900 1607 sui.
947 1551 1284 1621 lniquitatem
1333 1549 1657 1616 meditatur,
1701 1557 1759 1604 ut
1805 1549 1945 1605 adsit

358 1643 507 1698 omni
535 1641 634 1698 viae
663 1659 770 1698 non
797 1643 971 1708 bonar,
1006 1650 1060 1698 et
1089 1660 1200 1722 nou
1230 1651 1539 1698 exsecretur
1565 1642 1841 1697 malitiam.
1877 1640 1944 1696 Et

356 1733 485 1791 licet
512 1737 566 1791 in
595 1743 738 1791 terra
767 1745 822 1791 et
852 1737 902 1791 in
933 1736 1066 1791 mari
1095 1737 1163 1792 sit
1192 1736 1556 1792 misericordia
1585 1734 1816 1801 Domini,
1850 1736 1943 1791 sed

356 1828 576 1900 proprie
614 1827 667 1882 in
695 1829 833 1884 ccelo
862 1837 942 1884 est
979 1829 1345 1884 misericordia
1377 1829 1493 1900 ejus
1517 1869 1533 1895 ,
1586 1827 1726 1883 unde
1757 1829 1902 1883 venit

357 1920 482 1977 inde
509 1929 867 1994 exspectatur.
897 1921 1109 1977 Veritas
1144 1931 1321 1978 autem
1359 1922 1477 1993 ejus
1505 1938 1672 1994 usque
1710 1922 1776 1976 ad
1806 1939 1940 1993 apo--

356 2013 546 2080 stolos,
580 2013 669 2086 qui
709 2014 878 2068 nubes
911 2013 1113 2069 idcirco
1153 2015 1512 2085 appellantur,
1543 2015 1668 2086 quia
1711 2013 1940 2068 inunda—

356 2104 507 2160 tione
535 2105 799 2173 sermonis
838 2105 918 2160 sui
950 2113 1149 2160 terram
1179 2106 1415 2173 rigantes
1457 2105 1577 2159 iidei
1601 2148 1615 2170 ,
1668 2121 1786 2160 eam
1831 2104 1942 2158 fru-

357 2204 504 2253 ctum
534 2197 645 2252 Deo
668 2196 845 2251 facere
874 2197 1190 2252 docuerunt.
1226 2195 1380 2251 Unde
1407 2205 1460 2250 ct
1500 2196 1565 2250 de
1607 2197 1734 2266 ipsis
1761 2196 1944 2250 Domi-

356 2302 460 2343 nus
486 2288 618 2344 dicit
649 2306 661 2340 :
695 2285 962 2344 Mandabo
993 2285 1206 2342 nubibus
1236 2297 1292 2340 ut
1323 2305 1424 2341 non
1453 2287 1633 2358 pluant
1661 2305 1816 2358 super
1846 2286 1944 2340 Ju-

358 2379 529 2435 dteam
574 2379 786 2433 imbrem
816 2378 952 2450 (Isa.
1003 2396 1055 2446 ν,
1098 2379 1173 2450 6).
1209 2377 1386 2449 Usque
1432 2379 1496 2434 ad
1528 2381 1672 2450 ipsos
1711 2381 1944 2446 veritas,

358 2487 480 2540 qua:
509 2480 592 2526 est
611 2471 854 2526 Christus
881 2489 892 2523 :
917 2471 1068 2542 cujus
1089 2471 1297 2542 justitia
1317 2480 1398 2527 est
1425 2474 1560 2528 sicut
1590 2482 1801 2528 ιιίοηιοε
1827 2473 1940 2539 Dei,

361 2565 517 2632 cujus
542 2564 741 2633 judicia
773 2565 998 2636 abyssus
1025 2566 1190 2622 multa
1216 2575 1361 2632 sunt,
1389 2567 1478 2638 qui
1509 2576 1561 2621 et
1591 2561 1854 2630 homines,
1887 2576 1943 2622 et

365 2654 601 2726 iumenta
626 2671 723 2711 suo
749 2657 975 2711 'salvahit
1002 2657 1252 2723 adventu,
1284 2658 1335 2713 id
1361 2667 1458 2726 est,
1491 2658 1701 2713 Iudaeos
1729 2669 1783 2713 et
1811 2673 1940 2728 gen-

363 2757 462 2802 tes.
499 2747 628 2802 Natn
660 2755 715 2804 et
753 2747 844 2802 lilii
871 2750 1170 2814 hominum,
1203 2752 1292 2822 qui
1338 2751 1389 2805 in
1423 2760 1645 2822 peccato
1675 2751 1802 2806 Δίκη
1840 2752 1936 2806 de-

355 2849 634 2909 sperantes
662 2842 994 2908 exstiteraut,
1020 2843 1071 2897 in
1097 2845 1435 2914 protectioue
1464 2846 1666 2900 alarum
1684 2845 1802 2915 ejus
1817 2862 1938 2918 spe-

351 2938 493 2998 rant,
519 2931 570 2986 id
591 2942 670 2988 est
700 2933 753 2988 in
781 2936 1109 3006 expansione
1135 2952 1389 2990 manuum
1414 2937 1464 2991 in
1488 2954 1644 2992 cruce
1669 2937 1894 2992 lixarum
1924 2958 1934 2990 :

350 3034 571 3097 sperant
613 3036 789 3084 autem
815 3068 829 3093 ,
874 3029 966 3098 qui
1005 3031 1339 3086 inebriantur
1369 3031 1436 3084 ab
1479 3033 1725 3087 ubertate
1752 3031 1942 3086 domus

351 3117 488 3188 ejus.
532 3118 732 3176 Domus
757 3121 871 3190 ejus
899 3129 1000 3187 est,
1033 3138 1151 3192 quze
1181 3139 1246 3178 ex
1276 3124 1445 3179 latere
1487 3141 1584 3179 suo
1616 3124 1767 3190 fudit,
1803 3124 1943 3180 unde

349 3211 683 3268 inebriantur
708 3215 800 3285 qui
830 3214 1082 3281 credunt,
1118 3225 1172 3271 et
1202 3225 1441 3272 torrente
1470 3217 1782 3274 deliciarum
1814 3235 1940 3274 sua-
1968 3223 2014 3288 C

349 3311 472 3360 ruui
517 3306 726 3376 potabit
767 3322 898 3373 eos,
945 3309 1036 3378 qui
1065 3309 1312 3364 inebriati
1354 3309 1550 3365 fuerint
1579 3311 1646 3366 ab
1694 3313 1938 3367 ubertate

349 3397 544 3453 domus
573 3399 709 3466 ejus.
755 3398 1017 3464 Quoniam
1047 3401 1187 3470 apud
1216 3401 1387 3472 ipsqu
1418 3411 1500 3458 est
1544 3402 1661 3459 fons
1687 3406 1839 3471 vitae,
1883 3412 1939 3462 et

313 3503 322 3514 '
348 3491 475 3560 quia
508 3490 598 3546 lux
627 3491 694 3546 de
733 3492 933 3549 lumine
961 3503 1043 3549 est
1063 3533 1082 3560 ,
1125 3495 1177 3550 in
1209 3496 1373 3566 ipsius
1404 3497 1601 3552 lumine
1639 3500 1937 3556 videbimus

348 3583 554 3648 lumen,
583 3585 675 3654 qui
706 3586 986 3654 praetendit
1014 3587 1434 3643 misericordiam
1465 3606 1613 3646 suam
1643 3593 1936 3648 scientibus

348 3689 427 3730 se.
473 3672 740 3730 Justitiam
785 3693 913 3732 vero
943 3694 1093 3733 suam
1135 3679 1217 3735 his
1262 3683 1353 3750 qui
1397 3693 1546 3738 recto
1588 3692 1711 3739 sunt
1751 3684 1932 3741 corde.

348 3766 468 3839 Ipse
501 3768 648 3823 enim
679 3777 734 3824 et
772 3770 1155 3840 indulgentiam
1197 3776 1480 3844 praetendit
1507 3779 1796 3846 corrigenti
1821 3820 1834 3842 ,
1882 3787 1937 3834 et

349 3866 530 3914 servat
558 3859 822 3928 justitiam
851 3864 1208 3932 permanenti.
1249 3863 1401 3919 Unde
1430 3867 1688 3921 orandum
1719 3876 1799 3922 est
1821 3908 1836 3931 ,
1879 3877 1937 3922 ut

354 3963 462 4003 non
490 3950 671 4004 veniat
711 3953 863 4008 nobis
905 3968 999 4022 pes
1026 3943 1308 4024 superbiai,
1341 3964 1393 4008 et
1425 3971 1611 4010 manus
1639 3961 1938 4026 peccatoris

357 4053 466 4092 non
508 4047 720 4094 moveat
748 4058 868 4097 nos.
910 4043 969 4099 In
1001 4060 1162 4098 manu
1197 4047 1342 4099 enim
1371 4046 1569 4101 diaboli
1597 4056 1723 4102 sunt
1751 4064 1938 4106 omnes

357 4129 448 4200 qui
479 4141 769 4200 operantur
796 4135 1151 4204 iniquitatem,
1184 4145 1239 4192 et
1266 4137 1612 4209 desperantes
1639 4141 1706 4196 de
1733 4142 1940 4198 miseri-

352 4221 538 4277 cordia
567 4221 662 4278 Dei
699 4225 908 4295 expulsi
937 4235 1063 4281 sunt
1105 4235 1160 4283 et
1186 4243 1293 4283 non
1325 4237 1613 4300 potuerunt
1639 4243 1801 4288 stare.
1833 4232 1937 4290 Sed

349 4312 644 4383 Apostolus
671 4315 803 4371 dicit
836 4335 847 4369 :
881 4317 1056 4372 Stabit
1085 4335 1103 4373 :
1133 4329 1315 4390 potens
1341 4329 1418 4376 est
1444 4321 1584 4378 Deus
1613 4333 1838 4379 statuere
1865 4328 1932 4382 it-

346 4415 453 4469 lum
495 4414 674 4486 (Rom.
720 4418 849 4487 xiv).
884 4418 1178 4486 Rogandus
1218 4431 1301 4476 est
1338 4437 1468 4491 ergo
1494 4423 1753 4481 Dominus
1779 4425 1933 4484 Jesus

345 4503 592 4562 Christus
614 4547 630 4572 ,
664 4515 721 4562 ut
767 4508 880 4578 ipse
910 4526 1007 4564 nos
1047 4510 1328 4568 conﬁrmet
1350 4554 1365 4579 ,
1415 4522 1472 4569 ut
1511 4515 1564 4571 in
1597 4518 1786 4572 timore
1815 4519 1930 4588 ejus

345 4604 492 4654 stare
521 4599 805 4668 possimus,
838 4618 934 4672 per
963 4604 1141 4672 ipsum
1168 4605 1453 4663 Dominum
1478 4620 1717 4665 nostrum
1747 4610 1927 4667 Jesum
1954 4604 2008 4665 Ι)

345 4691 657 4757 Christum,
698 4695 790 4763 qui
837 4705 1026 4764 regnat
1052 4699 1107 4752 in
1149 4702 1354 4756 unitate
1383 4699 1556 4760 Patris
1600 4713 1655 4760 et
1701 4705 1930 4776 Spiritus

344 4786 517 4842 sancti
545 4787 597 4844 in
625 4789 816 4844 saecula
844 4791 1182 4847 saeculorum.
1215 4793 1406 4850 Amen.

848 4925 1164 4985 PSALMUS
1196 4927 1432 4987 XXXVI.

828 5038 1070 5098 Psalmus
1118 5043 1218 5115 ipsi
1266 5023 1455 5130 David.

416 5169 546 5226 Noli
583 5173 818 5230 cumulari
845 5176 901 5228 in
927 5176 1548 5252 malignantibus,‘neque
1573 5183 1816 5239 celaueris
1849 5189 1930 5257 fa-

267 5315 270 5317 .
338 5265 532 5318 cientes
558 5266 900 5338 iniquitatem.
939 5267 1197 5332 Quoniam
1221 5278 1468 5341 tanquam
1490 5276 1666 5345 fenum
1693 5278 1929 5331 velociter

341 5367 601 5423 arescent,
643 5368 693 5412 et
725 5360 1152 5430 quemadmodum
1178 5365 1318 5418 olera
1349 5364 1623 5420 herbarum
1661 5370 1762 5422 cito
1790 5369 1928 5422 deci-

340 5449 482 5504 dent.
517 5451 684 5520 Spera
709 5455 764 5506 in
792 5454 1048 5522 Domino,
1083 5466 1133 5511 et
1160 5461 1244 5531 {ac
1273 5459 1579 5529 bonitatem,
1619 5473 1669 5517 et
1694 5464 1926 5519 inhabita

339 5551 563 5608 terram,
604 5552 656 5598 et
693 5548 919 5616 pasceris
957 5550 1011 5601 in
1041 5549 1233 5604 diuitiis
1262 5553 1392 5622 ejus.
1426 5553 1695 5608 Delectare
1721 5557 1775 5609 in
1808 5555 1922 5610 Do-

338 5637 498 5703 mino,
522 5649 570 5692 et
591 5640 735 5713 dabit
757 5639 846 5694 tibi
869 5643 1139 5710 petitiones
1165 5629 1336 5701 cordis
1361 5649 1451 5701 tui.
1479 5647 1666 5709 Revela
1695 5648 1920 5706 Domino

337 5731 474 5785 tiam
517 5741 686 5798 tuam,
719 5742 768 5786 et
808 5751 960 5804 spera
988 5737 1042 5788 in
1073 5754 1132 5791 eo
1156 5780 1169 5803 ,
1214 5747 1262 5790 et
1288 5741 1400 5809 ipse
1443 5743 1615 5812 faciet.
1652 5741 1717 5795 Et
1743 5743 1921 5798 educet

335 5826 483 5894 quasi
510 5826 681 5881 lumen
717 5829 977 5892 justitiam
1026 5838 1202 5894 tuam,
1248 5840 1297 5885 et
1327 5835 1574 5889 iudicium
1619 5845 1759 5891 tuum
1802 5846 1918 5890 tan-

2056 556 2188 613 Noli
2216 561 2453 615 tumulari
2483 564 2535 617 iu
2565 582 2624 619 eo
2653 569 2739 636 qui
2761 582 3094 640 prosperatur
3120 577 3174 629 in
3201 577 3282 630 via
3309 594 3421 646 sua,
3459 581 3513 633 in
3548 582 3643 638 ho-

2053 655 2192 708 mine
2218 655 2438 726 faciente
2463 657 2765 728 injustitias.
2801 661 2996 718 Desine
3023 665 3088 719 ab
3107 668 3208 733 ira,
3237 679 3287 724 et
3309 670 3545 745 delinque
3566 676 3643 746 [u-

2053 764 2252 815 rorem,
2290 749 2397 804 noli
2426 752 2665 806 temulari
2691 762 2748 807 ut
2781 757 3102 828 maligneris.
3135 760 3392 826 Quoniam
3419 767 3505 837 qui
3534 785 3641 822 ma-

2052 841 2348 912 lignantur,
2382 846 2877 916 cxterminabuntur,
2913 855 3223 912 sustinentes
3248 869 3417 913 autem
3457 859 3640 916 Domi-

2053 952 2193 1002 num,
2226 937 2326 1007 ipsi
2354 935 2734 994 Istereditabunt
2764 951 2970 998 terram.
3005 945 3074 999 Et
3102 950 3271 1004 adhuc
3297 953 3562 1022 pusillum,
3590 965 3640 1010 et

2051 1043 2154 1082 non
2183 1030 2282 1082 erit
2312 1041 2572 1098 peccator,
2601 1040 2650 1084 et
2677 1049 2872 1104 quaeres
2912 1036 3080 1091 locum
3108 1043 3241 1111 ejus,
3280 1054 3329 1097 et
3358 1061 3458 1099 non
3493 1047 3634 1102 inue-

2049 1125 2178 1178 nies.
2214 1122 2476 1179 Mansueti
2519 1134 2689 1180 autem
2736 1128 3113 1185 hwreditabunt
3143 1143 3369 1202 terram,
3408 1150 3459 1193 et
3497 1137 3636 1196 dele:

2048 1215 2325 1271 elabuntur
2361 1219 2415 1271 iu
2464 1219 2791 1274 multitudine
2836 1224 2999 1292 pacis.
3045 1225 3347 1283 Obseruabit
3399 1246 3638 1302 peccator

2041 1309 2263 1378 justum,
2300 1320 2350 1364 et
2374 1309 2611 1366 stridebit
2637 1328 2790 1384 super
2817 1329 2934 1368 eum
2959 1315 3194 1375 dentibus
3216 1323 3342 1375 suis.
3360 1339 3362 1342 ·
3380 1322 3635 1382 Dominus

2049 1413 2221 1458 autem
2259 1403 2492 1459 irridebit
2528 1422 2674 1470 eum,
2718 1410 2961 1479 quoniam
3000 1414 3249 1481 prospicit
3289 1417 3426 1484 quod
3472 1422 3635 1476 veniet

2048 1496 2156 1551 dies
2185 1497 2317 1568 ejus.
2346 1497 2590 1553 Gladium
2618 1504 3013 1572 euaginarerunt
3039 1518 3362 1576 peccatores;
3393 1513 3633 1567 intende-

2048 1599 2169 1642 runt
2203 1605 2381 1643 arcum
2416 1606 2583 1646 suum.
2629 1591 2698 1646 Ut
2727 1594 2987 1665 decipiant
3013 1615 3290 1669 pauperem
3328 1613 3376 1655 et
3407 1605 3630 1674 inopem.

2046 1689 2103 1733 ut
2124 1681 2380 1736 trucident
2401 1691 2564 1738 rectos
2587 1685 2759 1739 corde.
2786 1685 3004 1742 Gladius
3023 1707 3197 1744 eorum
3219 1695 3375 1748 intret
3395 1695 3448 1748 in
3476 1697 3636 1751 corda

2047 1773 2299 1842 ipsorum,
2331 1784 2380 1827 et
2409 1792 2562 1829 arcus
2581 1793 2760 1831 eorum
2793 1781 3177 1851 confringatur.
3211 1783 3397 1841 Helius
3417 1798 3495 1841 est
3523 1805 3635 1843 mo-

1924 1868 1941 1895 '
1969 1852 2022 1914 Ι
2049 1866 2218 1921 dicum
2253 1868 2419 1938 justo,
2463 1885 2616 1937 super
2649 1870 2856 1924 divitias
2885 1881 3210 1941 peccatorum
3251 1879 3456 1932 multas.
3502 1878 3638 1943 Quo-

2047 1962 2187 2015 niam
2232 1962 2444 2016 brachia
2484 1973 2811 2033 peccatorum
2844 1975 3201 2034 conterentur,
3241 1971 3512 2040 conﬁrmat
3541 1990 3634 2028 au-

2049 2060 2153 2106 tem
2174 2053 2348 2121 justas
2369 2052 2646 2109 Dominus.
2683 2053 2842 2110 Nouit
2869 2056 3124 2114 Dominus
3151 2061 3259 2115 dies
3281 2064 3636 2120 immaculato-

2049 2159 2185 2207 rum,
2208 2152 2258 2197 et
2278 2144 2554 2200 hereditas
2573 2161 2749 2202 eorum
2775 2149 2830 2202 in
2853 2159 3102 2206 cternum
3130 2155 3243 2206 erit.
3273 2152 3395 2210 Non
3416 2159 3635 2226 confun-

2051 2234 2237 2289 dentur
2269 2238 2322 2290 in
2348 2246 2571 2307 tempore
2601 2240 2759 2306 malo,
2789 2248 2838 2296 et
2866 2242 2922 2296 in
2951 2244 3128 2299 diebus
3159 2248 3312 2316 [ansis
3332 2250 3635 2305 saturabitu-

2052 2337 2153 2392 tur,
2204 2330 2325 2398 quia
2364 2340 2658 2400 peccatores
2703 2334 2959 2404 peribunt.
3005 2337 3217 2394 Inimici
3257 2357 3374 2396 vero
3422 2342 3636 2398 Domini

2049 2437 2171 2475 mox
2209 2429 2266 2474 ut
2303 2422 2634 2494 honori/irati
2677 2429 2910 2496 fuerint,
2960 2438 3009 2483 et
3037 2435 3255 2503 exaltats'
3277 2475 3292 2498 ,
3337 2436 3633 2504 deﬁcientes

2044 2513 2471 2581 quemadmodum
2502 2519 2671 2587 fumus
2711 2519 2969 2589 deﬁcient.
3005 2521 3330 2579 Hutuabitur
3367 2537 3628 2597 peccator,

2041 2614 2090 2658 et
2118 2621 2220 2659 non
2251 2606 2426 2672 solvet,
2445 2610 2617 2678 justus
2638 2620 2808 2666 autem
2836 2614 3106 2670 miseretur
3125 2627 3173 2671 et
3202 2620 3461 2674 retribuet.
3496 2619 3633 2685 Quid

2041 2696 2391 2767 benedicentes
2418 2701 2466 2754 ei
2496 2702 2877 2759 hwreditabunt
2907 2716 3116 2770 terram,
3148 2711 3514 2765 maledicentes
3539 2730 3631 2766 au-

2041 2798 2142 2844 tem
2183 2792 2228 2844 ei
2273 2793 2611 2862 disperibunt.
2647 2798 2798 2865 Apud
2837 2797 3118 2854 Dominum
3159 2819 3365 2870 gressus
3411 2805 3632 2860 hominis

2041 2883 2355 2952 dirigentur,
2388 2895 2438 2938 et
2467 2887 2600 2940 uiam
2639 2888 2752 2957 ejus
2777 2889 2930 2943 volet.
2963 2890 3090 2944 Cum
3120 2894 3362 2946 ceciderit
3391 2911 3493 2947 non
3522 2896 3631 2949 col-

2044 2975 2252 3040 lidetur,
2283 2979 2404 3046 quia
2441 2977 2698 3033 Dominus
2726 2983 2970 3051 supponit
3005 2999 3216 3038 manum
3249 3002 3415 3038 suam.
3443 2984 3632 3041 Iunior

2047 3068 2143 3137 fui,
2174 3070 2364 3123 etenim
2393 3073 2568 3135 senui,
2605 3080 2654 3125 et
2688 3089 2792 3126 non
2825 3074 2926 3128 ridi
2958 3077 3160 3147 justum
3189 3078 3504 3142 derelictum,
3537 3097 3631 3135 nec

2046 3178 2217 3216 semen
2259 3162 2369 3234 ejui
2407 3181 2639 3234 qua'rens
2686 3183 2890 3236 panem.
2938 3167 3069 3224 Tota
3110 3171 3194 3224 die
3239 3173 3529 3236 miseretur,
3581 3185 3630 3228 et

2045 3255 2356 3318 commodat,
2389 3267 2438 3310 et
2456 3274 2626 3312 semen
2657 3259 2770 3329 ejus
2798 3261 2851 3314 in
2883 3261 3234 3318 benedictione
3260 3268 3375 3318 erit.
3411 3265 3629 3322 Declina

2043 3365 2076 3402 a
2113 3349 2251 3403 malo
2295 3360 2343 3403 et
2384 3354 2469 3420 fac
2517 3353 2702 3407 bonum
2727 3394 2741 3417 ,
2784 3355 3019 3410 inhabita
3061 3358 3113 3410 in
3143 3358 3387 3412 saeculum
3428 3362 3622 3414 stetuli.

2044 3438 2179 3505 Quia
2200 3440 2455 3498 Dominus
2497 3452 2638 3499 amat
2660 3446 2933 3514 judicium,
2964 3458 3014 3501 et
3033 3466 3135 3502 nou
3159 3450 3474 3521 derelinquet
3499 3469 3627 3505 san-

2041 3543 2148 3590 ctos
2180 3553 2318 3602 suos,
2349 3539 2402 3590 in
2426 3548 2678 3593 tetes-num
2705 3540 3163 3595 conseruabuntur.
3191 3540 3383 3613 Injusti
3411 3546 3629 3614 punien-

2043 3636 2142 3691 tur,
2169 3637 2218 3682 et
2239 3644 2410 3682 semen
2439 3632 2715 3700 impiorum
2745 3632 2950 3701 peribit.
2982 3631 3120 3687 Justi
3144 3644 3315 3689 autem
3349 3636 3627 3690 haeredita-

2042 3717 2169 3772 bunt
2197 3728 2416 3782 terram,
2441 3732 2491 3775 et
2517 3721 2883 3780 inhabitabant
2908 3727 2963 3779 in
2998 3729 3242 3781 secutum
3272 3730 3448 3783 steeuli
3477 3745 3628 3798 super

2039 3827 2177 3866 eam.
2219 3811 2291 3866 0s
2311 3815 2445 3884 justi
2473 3816 2808 3870 meditabitur
2853 3821 3186 3888 sapientiam,
3226 3826 3274 3871 et
3301 3821 3479 3887 lingua
3516 3820 3627 3889 ejus
3691 3851 3694 3858 -

2041 3900 2275 3970 loquetur
2296 3905 2568 3973 judicium.
2604 3905 2714 3959 Lex
2739 3908 2841 3960 diei
2862 3909 2973 3976 ejus
2991 3910 3046 3961 in
3068 3908 3222 3962 corde
3250 3910 3431 3977 ipsius,
3453 3917 3502 3961 et
3524 3925 3628 3964 non

2044 3994 2513 4063 supplantabuntur
2538 4013 2745 4066 gressus
2784 3999 2916 4068 ejus.
2950 3999 3258 4053 Considerat
3284 4010 3523 4068 peccator
3539 4003 3628 4072 ju-

2044 4092 2198 4147 stum,
2232 4096 2282 4137 et
2309 4088 2498 4155 quierit
2515 4088 2832 4158 morti/icore
2859 4107 2992 4144 eum.
3026 4089 3282 4145 Dominus
3322 4099 3494 4146 autem
3521 4109 3625 4148 non

2045 4176 2360 4248 derelinquet
2381 4194 2495 4232 eum
2520 4181 2575 4233 in
2600 4196 2783 4234 manus
2805 4182 2934 4252 ejus,
2967 4199 3058 4236 nec
3079 4182 3347 4237 damnabit
3373 4201 3486 4239 cum
3510 4201 3624 4240 cum

2035 4269 2354 4340 judicabitur
2383 4270 2480 4325 illi.
2515 4271 2779 4343 Exspecta
2823 4272 3132 4340 Dominum,
3172 4284 3221 4330 et
3249 4277 3448 4332 custodi
3487 4281 3623 4334 uiam

2037 4363 2170 4432 ejus,
2203 4370 2252 4415 et
2279 4361 2528 4417 exaltabit
2554 4371 2607 4417 te
2629 4372 2683 4416 ut
2711 4365 3014 4420 hereditate
3041 4369 3218 4438 capias
3245 4376 3438 4422 terram
3456 4409 3470 4432 ,
3508 4387 3622 4424 cum

2036 4454 2284 4523 perierint
2310 4466 2622 4524 peccatores,
2647 4454 2855 4511 uidebis.
2889 4456 3009 4512 Vidi
3029 4459 3244 4530 impium
3264 4463 3623 4527 superestque-

2037 4554 2160 4602 tum.
2177 4555 2226 4598 et
2237 4545 2483 4600 eleuatum
2495 4549 2628 4602 sicut
2649 4549 2831 4603 cedros
2851 4547 3057 4604 Libani.
3088 4549 3157 4603 Et
3176 4553 3408 4616 transivi,
3431 4560 3480 4606 et
3507 4570 3622 4607 ecce

2036 4653 2136 4690 non
2167 4646 2309 4701 erat;
2341 4639 2548 4706 (μιωεὶιά
2577 4655 2712 4703 eum,
2744 4648 2796 4692 et
2822 4655 2926 4693 non
2955 4650 3030 4694 est
3057 4642 3290 4695 inventus
3318 4642 3458 4696 locus
3487 4643 3617 4712 ejus.

2035 4727 2246 4783 Custodi
2274 4731 2646 4793 innocentiam,
2677 4740 2727 4784 et
2748 4731 2860 4784 vide
2888 4733 3197 4802 (equitatem,
3230 4734 3474 4801 quoniam
3502 4743 3624 4788 sunt

2034 4822 2266 4890 reliquiae
2293 4822 2486 4876 homini
2514 4822 2756 4891 paciﬁco.
2783 4820 2977 4892 Injusti
2998 4831 3168 4875 autem
3188 4820 3526 4892 disperibunt,
3547 4825 3622 4880 si-

2032 4915 2140 4968 mul
2176 4917 2406 4986 reliquiae
2433 4917 2709 4985 impiorum
2735 4915 3034 4968 interibunt.
3069 4913 3227 4969 Salus
3255 4925 3428 4971 autem
3448 4917 3621 4988 justo-

2037 5022 2150 5059 rum
2181 5023 2213 5059 a
2243 5005 2468 5060 Domino
2487 5046 2500 5070 ,
2533 5014 2581 5060 et
2608 5012 2868 5074 protector
2900 5020 3079 5060 eorum
3119 5007 3173 5060 in
3205 5017 3428 5080 tempore
3459 5009 3619 5061 tribu-

2035 5097 2265 5152 lationis.
2297 5095 2366 5150 Et
2385 5095 2651 5167 adjuvabit
2669 5113 2757 5152 eos
2776 5095 3051 5165 Dominus,
3083 5108 3132 5153 et
3159 5098 3401 5154 liberabit
3429 5113 3537 5159 eos,
3569 5104 3621 5149 et

2033 5201 2174 5246 emet
2199 5208 2284 5245 eos
2314 5208 2344 5244 a
2373 5191 2745 5259 peccatoribus,
2773 5200 2824 5246 et
2849 5193 3070 5248 saluabit
3097 5209 3201 5257 eos,
3232 5193 3353 5262 quia
3379 5201 3618 5255 sperast-

2036 5295 2153 5337 runt
2172 5286 2223 5338 in
2247 5301 2322 5338 eo.

2604 5431 3040 5474 COIIENTABIUI.

2103 5552 2159 5606 Si
2187 5553 2299 5608 lucc
2324 5569 2447 5624 spes
2473 5568 2592 5623 qua
2617 5553 2831 5607 videtur
2853 5544 3141 5614 expetitur,
3175 5539 3466 5596 zelabimur
3491 5557 3610 5602 mg-

2031 5646 2312 5714 lignantes,
2345 5655 2398 5700 et
2427 5645 2686 5700 facientes
2715 5639 3071 5706 iniquitatem.
3103 5631 3292 5686 Dicere
3320 5634 3460 5690 enim
3488 5653 3616 5708 pos-

2029 5755 2212 5794 sumus
2246 5757 2256 5791 :
2287 5739 2424 5792 Ecce
2455 5737 2544 5789 ille.
2573 5743 2626 5788 et
2656 5733 2745 5785 ille
2775 5731 2888 5782 haec
2924 5723 3127 5780 scelera
3157 5731 3535 5795 perpetrarant
3559 5739 3617 5788 et

2029 5835 2238 5888 ﬂorent.
2273 5832 2412 5894 Noli,
2438 5828 2627 5895 inquit,
2660 5826 2758 5878 ista
2789 5818 3151 5882 considerare,
3183 5820 3279 5876 sed
3307 5825 3613 5890 considers.
