4108 6348
563 364 670 421 375

1876 358 2147 415 ARNOBII
2185 357 2491 416 JUNIORIS

3725 365 3824 423 576

565 467 821 550 quoniam
851 483 1104 547 tanquam
1144 474 1324 530 fenum
1353 473 1613 530 velociter
1635 461 1899 529 arescent.
1933 465 2015 528 Tu
2057 490 2150 528 au-
2181 478 2232 536 Α
2256 473 2488 539 vabitur,
2506 472 2631 542 quia
2644 486 2706 528 os
2727 473 3196 542 ejusmeditabitur
3208 475 3544 547 sapientiam.
3564 475 3672 532 Lex
3688 482 3824 540 enim

566 581 675 628 tem
711 563 868 646 spera
897 571 949 624 in
985 566 1150 624 Deum
1173 610 1187 634 ,
1231 576 1284 622 et
1313 567 1397 622 fac
1430 569 1727 623 bonitatem
1750 609 1764 632 ,
1810 582 1987 638 spera,
2019 568 2145 636 quia

563 683 654 735 spe
680 664 811 718 salvi
838 655 965 734 facti
993 656 1169 738 sumus
1197 651 1379 733 (Rom.
1413 658 1557 731 vin);
1580 654 1820 714 Inhabita
1850 667 2069 725 terram,
2092 669 2147 714 et

559 749 784 826 pascere
815 755 868 807 in
896 753 1096 808 divitiis
1125 752 1260 822 ejus.
1289 752 1532 807 lnhabita
1561 759 1782 817 terram,
1816 742 1995 816 idest,
2020 765 2140 805 cor-

557 861 660 916 pus
702 855 850 901 tuum
874 887 888 911 ,
929 853 984 901 et
1029 841 1268 915 paSceris
1298 845 1351 898 in
1391 845 1587 900 divitiis
1617 839 1761 914 ejus.
1795 841 1851 898 Si
1891 849 2145 913 cperatus

557 935 722 991 fueris
773 944 972 990 terram
1023 943 1202 1000 tuam,
1247 935 1576 990 saturaberis
1621 935 1868 1005 panibus.
1907 931 2144 987 Oﬂ'erant

558 1012 698 1084 oculi
741 1026 973 1083 fructum
1003 1044 1070 1082 ex
1112 1027 1547 1097 concupiscentia
1589 1027 1793 1082 caelesti
1819 1067 1834 1091 ,
1879 1041 2035 1080 aures
2064 1025 2142 1079 in-

555 1121 856 1176 tentionem
884 1113 1133 1174 audiendi
1162 1116 1389 1174 verbum
1414 1120 1508 1177 Dei
1533 1159 1546 1184 ,
1576 1135 1638 1174 os
1674 1119 1866 1173 divinis
1899 1118 2144 1173 laudibus

557 1203 887 1285 occupetur,
937 1230 1128 1268 manus
1175 1214 1561 1289 eleemosynis,
1607 1199 1794 1267 venter
1818 1211 2055 1280 jejuniis,
2089 1219 2142 1265 et

555 1316 729 1364 totum
757 1298 954 1377 corpus
993 1307 1258 1382 castitatis
1289 1307 1570 1361 virtutibus
1599 1311 1910 1374 occupetur.
1939 1302 2028 1357 Sic
2068 1303 2143 1356 in-

497 1439 505 1445 .
551 1397 808 1454 habitans
838 1385 1039 1452 terram
1069 1405 1124 1451 et
1148 1396 1386 1466 pasceris
1417 1397 1470 1451 in
1499 1395 1696 1448 divitiis
1725 1393 1859 1460 ejus,
1891 1401 2017 1446 tunc
2043 1393 2139 1446 de-

554 1489 842 1545 lectaberis
871 1490 926 1543 in
962 1489 1210 1553 Domino,
1241 1497 1296 1542 et
1323 1476 1472 1542 dabit
1495 1487 1591 1541 tibi
1618 1486 1934 1556 petitionem
1963 1483 2141 1538 cordis

554 1581 654 1636 tui.
685 1580 819 1635 Cum
863 1581 913 1636 ei
949 1581 1275 1636 revelaveris
1295 1581 1436 1634 viam
1481 1588 1646 1644 tuam,
1680 1588 1806 1633 tunc
1835 1578 2026 1633 educet
2049 1577 2138 1645 ju-

553 1673 756 1728 stitiam
787 1682 932 1729 tuam
972 1675 1124 1743 quasi
1154 1676 1352 1739 lumen,
1384 1681 1438 1728 et
1466 1672 1723 1742 judicium
1753 1681 1902 1725 tuum
1933 1671 2137 1725 clarum

552 1764 714 1818 faciet
741 1779 903 1834 super
931 1752 1225 1819 meridiem.
1259 1765 1402 1818 Nihil
1428 1765 1573 1818 enim
1601 1763 1796 1817 clarius
1840 1760 2138 1815 meridiano

2250 564 2348 619 Dei
2375 573 2458 619 est
2485 563 2538 618 in
2583 565 2746 620 corde
2773 564 2889 635 ejus
2910 606 2925 630 ,
2975 574 3033 621 et
3060 566 3180 622 ideo
3207 583 3318 622 non
3345 568 3823 638 supplantabuntur

2246 669 2460 725 gressus
2488 654 2622 725 ejus.
2655 655 2972 712 Considerat
2997 673 3123 714 eum
3149 659 3493 725 diabolusyet
3520 662 3666 731 cupit
3688 678 3822 719 mor-

2248 747 2451 808 titleare
2480 763 2622 815 eum,
2655 748 2748 804 sed
2774 747 2918 804 Deus
2939 765 3046 804 non
3069 749 3404 820 derelinquet
3424 767 3546 807 eum
3576 753 3630 807 in
3659 755 3822 810 mani-

2245 841 2347 897 bus
2373 841 2502 908 suis,
2527 857 2629 898 nec
2654 843 2930 897 damnabit
2958 859 3082 899 eum
3109 860 3230 900 cum
3255 845 3582 915 judicabitur
3604 849 3698 902 illi.
3723 848 3822 904 Ex-

2246 941 2428 1002 specta
2448 933 2733 989 Dominum
2755 942 2811 989 et
2838 935 3045 990 custodi
3075 937 3189 990 vias
3217 935 3352 1005 ejus,
3385 947 3439 991 et
3465 939 3724 994 exaltabit
3750 952 3815 1009 te,

2245 1033 2304 1080 ut
2331 1025 2614 1080 haeredites
2644 1033 2862 1092 terram,
2894 1034 3136 1096 tempore
3162 1042 3269 1096 quo
3298 1038 3528 1098 pereunt
3572 1041 3818 1100 peccato-

2243 1131 2348 1183 res,
2394 1118 2616 1175 videbis.
2669 1117 2783 1172 Hoc
2819 1119 2938 1174 loco
2966 1135 3084 1189 qua:
3111 1131 3426 1192 sequuntur,
3458 1123 3587 1179 licet
3635 1127 3818 1184 multos

2244 1209 2570 1265 conscientia
2609 1218 2791 1265 nostra
2823 1212 3052 1265 retineat
3090 1214 3267 1269 subito
3287 1214 3354 1270 de
3373 1225 3661 1285 potentatu
3704 1236 3816 1278 cor-

2244 1301 2435 1368 ruisse,
2460 1310 2515 1356 et
2546 1301 2619 1355 ita
2649 1302 2716 1355 ad
2747 1303 2968 1357 nihilum
2999 1304 3298 1370 devenisse,
3331 1315 3390 1361 ut
3418 1324 3519 1364 nec
3548 1310 3726 1366 locum
3744 1313 3815 1372 sui

2243 1392 2450 1447 itineris
2479 1389 2812 1462 reliquerint,
2847 1403 3026 1450 tamen
3055 1398 3359 1466 specialiter
3385 1399 3487 1456 hoc
3516 1401 3585 1456 de
3616 1403 3816 1461 diabolo

2243 1483 2335 1537 ait.
2383 1484 2501 1553 Ipse
2529 1493 2611 1538 est
2639 1485 2781 1539 enim
2819 1485 3012 1556 impius
3041 1489 3306 1544 exaltatus
3333 1506 3494 1561 super
3521 1493 3716 1550 cedros
3735 1495 3813 1551 Li-

2242 1576 2388 1630 bani.
2412 1574 2519 1630 Sed
2536 1576 2630 1630 ubi
2658 1577 2931 1632 transierit
2950 1581 3197 1646 mundus,
3223 1593 3490 1651 quazretur
3513 1585 3669 1642 locus
3692 1589 3813 1656 ejus,

2241 1674 2297 1721 et
2326 1682 2430 1722 non
2481 1668 2800 1722 invenietur.
2832 1667 3210 1726 Custodiamus
3239 1689 3338 1728 nos
3367 1676 3636 1731 unitatem
3686 1678 3812 1747 ﬁdei,

2244 1767 2303 1812 ut
2350 1759 2626 1813 videamus
2667 1760 2977 1828 aequitatem
3019 1760 3224 1830 judicii.
3257 1763 3359 1830 Qui
3386 1765 3547 1821 faciet
3574 1769 3812 1839 reliquias

554 1861 816 1924 tempore.
864 1855 1164 1910 Perfectum
1193 1855 1335 1909 enim
1375 1855 1480 1908 hoc
1508 1862 1752 1923 tempore
1800 1851 2138 1922 progreditur
2171 1860 2216 1919 Β
2241 1851 2446 1908 homini
2475 1849 2717 1921 paciﬁco,
2743 1853 2969 1922 injustos
2990 1866 3167 1912 autem
3189 1859 3342 1928 punit
3359 1859 3534 1915 simul.
3567 1863 3812 1934 Reliquis:

551 1945 754 2000 lumen.
787 1945 1042 2001 Subditus
1087 1953 1204 2000 esto
1244 1945 1473 2000 Domino
1498 1985 1512 2010 ,
1555 1952 1608 1998 et
1645 1959 1750 1998 'ora
1781 1958 1942 2008 eum;
1986 1942 2140 2012 quasi

553 2033 714 2102 dicat,
747 2037 804 2092 Si
826 2033 1150 2093 ei‘subditus
1182 2054 1287 2092 non
1317 2037 1500 2102 fueris,
1526 2044 1585 2091 ut
1614 2035 1778 2091 facias
1809 2037 2138 2090 voluntatem

551 2127 687 2198 ejus,
721 2130 838 2184 sine
867 2145 1028 2185 causa
1059 2131 1310 2185 obsecras
1356 2145 1499 2184 eum.
1543 2128 1662 2184 Noli
1692 2130 1851 2182 zelari
1891 2144 2012 2186 eum
2046 2128 2139 2197 qui

547 2221 825 2289 prosperis
853 2221 1191 2276 successibus
1212 2219 1399 2291 pollet,
1427 2217 1698 2274 heminem
1728 2219 2014 2273 facientem
2038 2217 2138 2270 ini-

546 2312 826 2380 quitatem.
889 2313 1082 2367 Desine
1131 2311 1197 2366 ab
1244 2313 1359 2377 ira,
1405 2320 1460 2366 et
1515 2311 1828 2379 derelinque
1875 2308 2132 2365 furorem.

548 2401 670 2456 Noli
700 2403 864 2458 zelari
893 2411 951 2468 u_t
990 2404 1322 2470 maligneris,
1355 2405 1607 2472 quoniam
1638 2403 1729 2471 qui
1758 2402 2134 2470 malig‘uantur,

551 2495 1073 2554 extermiuabuntur.
1120 2495 1274 2561 Quod
1303 2495 1546 2550 differtur
1583 2511 1693 2549 non
1723 2493 1987 2555 aufertur;
2033 2508 2135 2562 pu-

547 2585 750 2651 sillum,
781 2594 836 2640 et
864 2603 970 2641 non
994 2588 1098 2641 erit
1121 2595 1395 2658 peccator.
1421 2590 1640 2654 Qumres
1666 2587 1842 2640 locum
1871 2585 2006 2654 ejus,
2037 2600 2138 2640 nec

519 2663 808 2733 invenies.
850 2678 985 2734 Nam
1012 2681 1104 2749 qui
1139 2674 1410 2735 mansueti
1433 2687 1559 2734 sunt
1586 2679 1916 2750 possidebunt
1947 2686 2139 2731 terram

546 2767 761 2841 (Matth.
791 2771 867 2844 v).
901 2771 1018 2828 Non
1047 2773 1205 2826 istam
1235 2782 1463 2827 matrem
1499 2773 1794 2843 spinarum,
1827 2779 1882 2826 et
1908 2762 2135 2840 serpen-

545 2863 680 2918 tium
705 2905 718 2929 ,
763 2865 859 2936 sed
907 2865 1052 2919 illam
1100 2866 1154 2919 in
1202 2881 1306 2935 qua
1353 2867 1627 2921 :eternitas
1671 2873 1862 2933 regnat
1886 2909 1900 2932 ,
1933 2869 2133 2917 terram

543 2953 804 3010 ﬂuentem
833 2957 918 3012 lac
946 2966 1000 3011 et
1030 2959 1154 3011 mel.
1189 2957 1257 3012 Et
1285 2959 1358 3012 ibi
1377 2959 1786 3013 delectabuntur
1809 2957 1862 3011 in
1892 2955 2134 3010 multitu-

546 3046 724 3100 dinem
768 3049 934 3117 pacis.
971 3048 1094 3110 “me
1123 3049 1169 3103 si
1203 3049 1382 3117 justus
1419 3066 1510 3115 es,
1543 3050 1664 3104 vide
1696 3066 1761 3104 ne
1801 3051 1852 3103 in
1879 3048 2131 3119 praesenti

545 3137 744 3192 mundo
785 3139 1100 3208 perquiras;
1132 3157 1238 3194 non
1284 3142 1427 3194 enim
1473 3142 1665 3195 melior
1702 3140 1870 3197 Paulo
1899 3143 2006 3196 eris
2029 3184 2043 3208 ,
2076 3143 2129 3197 in

2242 1965 2370 2005 vero
2401 1951 2686 2022 impiorum
2733 1961 2861 2008 tunc
2902 1953 3172 2022 peribunt,
3203 1956 3416 2024 quando
3445 1957 3588 2012 salus
3621 1961 3809 2016 venerit

2236 2043 2504 2114 justorum
2534 2059 2565 2098 a
2595 2045 2844 2111 Domino,
2877 2053 2931 2099 et
2957 2054 3235 2116 protector
3261 2063 3447 2103 eorum
3475 2050 3578 2103 erit
3611 2050 3665 2104 in
3694 2059 3807 2106 tem-

2240 2151 2374 2206 pore
2424 2135 2786 2192 tribulationis
2819 2155 2830 2188 :
2860 2146 2918 2192 ut
2963 2146 3141 2192 autem
3168 2139 3416 2206 evadant,
3458 2139 3681 2210 adjuvat
3727 2158 3806 2198 eos

2239 2226 2517 2292 Dominus,
2549 2236 2604 2281 et
2653 2227 2846 2283 liberat
2896 2244 3010 2292 eos,
3053 2238 3108 2283 et
3135 2231 3294 2300 eripit
3322 2247 3415 2286 eos
3462 2248 3491 2285 a
3521 2235 3804 2302 peccatori-

2238 2320 2358 2386 bus,
2389 2327 2443 2374 et
2472 2321 2644 2374 salvat
2671 2335 2794 2384 eos,
2839 2321 3093 2390 quoniam
3123 2331 3340 2393 Speraui.
3367 2323 3419 2377 in
3449 2323 3676 2380 Domino
3707 2341 3798 2380 no-

2237 2422 2350 2469 stro
2387 2412 2515 2470 Jesu
2543 2414 2788 2480 Christo,
2820 2415 2910 2484 qui
2949 2423 3136 2484 regnat
3174 2411 3451 2472 in'saccula
3476 2417 3788 2473 saeculorum.

2237 2504 2427 2563 Amen.

2728 2595 3044 2656 PSALMUS
3079 2597 3343 2655 XXXVII.
3395 2603 3400 2606 ’

2403 2732 2645 2789 Psalmus
2673 2734 2839 2790 David
2867 2735 2919 2790 in
2940 2737 3389 2792 rememoratione
3409 2736 3639 2792 sabbati.

2235 2858 2238 2860 ⁷
2304 2867 2528 2922 Domine
2547 2885 2611 2922 ne
2636 2869 2691 2922 in
2718 2870 2892 2940 furore
2912 2877 2997 2923 tuo
3026 2885 3213 2939 arguas
3241 2886 3338 2934 me,
3364 2885 3526 2941 neque
3552 2870 3609 2922 in
3629 2871 3705 2923 ira
3723 2877 3799 2924 tua

2234 2963 2484 3033 compias
2512 2978 2610 3016 me.
2637 2958 2895 3024 Quoniam
2915 2962 3119 3031 sagitta:
3143 2969 3243 3015 tua:
3263 2962 3443 3032 inﬁxa:
3461 2971 3585 3016 sunt
3600 2962 3738 3026 mihi,
3757 2968 3800 3015 et

2233 3041 2554 3127 confirmasti
2581 3069 2733 3124 super
2750 3070 2831 3106 me
2854 3040 3063 3106 manum
3090 3061 3250 3106 tuam.
3277 3051 3401 3106 Non
3428 3063 3506 3107 est
3533 3056 3726 3108 sanitas
3749 3053 3797 3107 in

2234 3165 2389 3201 carne
2417 3156 2529 3200 mea
2558 3164 2590 3199 a
2612 3147 2746 3217 {acie
2767 3146 2862 3199 ira:
2900 3153 3019 3208 tute,
3053 3162 3156 3199 non
3176 3155 3250 3199 est
3277 3162 3382 3216 pax
3409 3146 3608 3200 ossibus
3629 3148 3745 3200 meis
3769 3162 3797 3198 a

545 3232 687 3287 fame
716 3242 770 3288 et
812 3233 900 3286 siti
931 3233 1141 3288 duranti
1166 3276 1180 3299 ,
1215 3235 1267 3288 in
1299 3235 1495 3302 frigore
1523 3245 1578 3290 et
1607 3238 1842 3292 nuditate
1872 3254 2126 3309 perseve-
2152 3240 2198 3304 C
2231 3240 2364 3310 [acie
2379 3245 2701 3309 peccatorum
2727 3252 2971 3291 meorum.
2998 3234 3252 3299 Quoniam
3276 3237 3793 3308 iniquitatesmetesu-

544 3327 704 3380 ranti.
738 3325 844 3381 Sed
891 3333 1009 3382 esto
1039 3328 1334 3393 sollicitus,
1367 3329 1490 3397 quia
1518 3331 1758 3398 quotidie
1801 3341 1854 3386 te
1883 3333 2128 3387 diabolus

543 3417 868 3484 considerat,
906 3427 962 3474 et
985 3420 1165 3474 fremit
1193 3435 1356 3490 super
1384 3429 1437 3475 te
1465 3421 1714 3478 dentibus
1743 3423 1872 3488 suis,
1901 3423 1996 3478 sed
2018 3425 2125 3480 Do-

541 3510 723 3564 minus
751 3510 936 3565 irridet
975 3526 1117 3575 eum,
1150 3513 1274 3580 quia
1308 3513 1411 3568 scit
1437 3513 1582 3582 quod
1609 3516 1821 3568 eveniat
1847 3516 1962 3570 dies
1989 3515 2123 3584 ejus.

541 3598 614 3655 Et
640 3610 1056 3672 quantacunque
1083 3613 1272 3658 contra
1314 3613 1368 3660 te
1395 3605 1659 3660 daemonia
1697 3607 1833 3661 bella
1881 3609 2127 3662 commit-

542 3699 702 3758 tant,
754 3693 863 3760 noli
893 3694 1083 3749 timere
1136 3713 1148 3747 :
1193 3687 1334 3764 quia'
1366 3696 1527 3764 gladii
1556 3712 1742 3752 eorum
1774 3698 2046 3753 intrabunt
2071 3700 2124 3753 in

542 3783 707 3839 corda
736 3800 924 3840 eorum
947 3823 963 3848 ,
1013 3793 1070 3840 et
1109 3801 1266 3842 arcus
1294 3801 1482 3842 eorum
1511 3789 1891 3856 confringetur.
1938 3789 2125 3844 Melius

543 3876 642 3932 tibi
670 3877 741 3932 sit
769 3878 1038 3934 modicum
1079 3878 1145 3935 de
1168 3878 1684 3951 justitia‘possidere
1707 3923 1720 3947 ,
1751 3897 1912 3950 quam
1941 3883 2006 3937 de
2045 3883 2124 3936 iu-

541 3969 686 4042 iusto
713 3971 924 4026 divitias
952 3980 1295 4042 peccatorum
1325 3973 1541 4028 multas.
1591 3972 1725 4027 Nam
1763 3973 1983 4028 brachia
2012 3974 2122 4028 dae-

541 4073 765 4115 monum
792 4062 839 4116 si
865 4063 1184 4131 pugnaveris
1211 4062 1512 4132 confringet
1538 4063 1815 4118 Dominus.
1868 4063 2125 4131 Dignatur

542 4151 688 4204 enim
713 4149 887 4218 justos
931 4167 1061 4206 suos
1106 4154 1158 4206 in
1205 4169 1300 4207 sua
1347 4154 1714 4208 misericordia
1761 4151 2119 4221 conﬁrmare,

541 4256 775 4310 quorum
820 4243 922 4296 scit
957 4244 1073 4296 vias
1109 4245 1594 4309 immaculatorum,
1626 4261 1856 4314 quorum
1900 4246 2124 4300 haeredi-

542 4342 629 4389 tas
657 4348 846 4388 eorum
873 4332 1116 4389 Christus
1143 4345 1245 4390 est.
1283 4336 1386 4402 Qui
1413 4337 1466 4390 in
1494 4346 1754 4392 aeternum
1796 4348 1995 4401 manet,
2028 4354 2126 4408 per

543 4425 722 4496 ipsum
767 4441 876 4480 non
922 4425 1278 4481 confundetur
1306 4428 1359 4481 in
1399 4434 1640 4498 tempore
1680 4430 1845 4483 malo.
1891 4429 2124 4500 Tempus

539 4517 746 4572 malum
773 4523 855 4571 est
899 4517 1222 4582 Christiano,
1251 4518 1466 4587 quando
1505 4520 1573 4574 ad
1599 4527 1880 4590 peccatum
1907 4522 2123 4590 aliquod

2227 3346 2512 3402 pergressa:
2539 3337 2659 3384 sunt
2697 3340 2849 3400 caput
2883 3347 3070 3394 meum,
3099 3337 3148 3383 et
3168 3330 3302 3383 sicut
3329 3347 3457 3383 onus
3504 3344 3654 3402 grave
3677 3347 3792 3402 gra-

2227 3429 2358 3474 vata:
2379 3429 2497 3474 sunt
2517 3436 2667 3488 super
2695 3436 2791 3473 me.
2826 3419 3143 3474 Patruerunt
3172 3430 3219 3473 et
3243 3431 3504 3492 corrupta:
3529 3427 3642 3476 sunt
3665 3423 3792 3474 cica-

2230 3515 2378 3568 trices
2401 3531 2545 3578 mere,
2572 3531 2604 3566 a
2632 3515 2764 3585 facie
2790 3513 3104 3583 insipientia:
3126 3529 3271 3566 mere.
3309 3512 3469 3566 Miser
3495 3516 3651 3584 factus
3676 3528 3784 3564 sum

2227 3615 2276 3660 et
2313 3614 2546 3660 curvatus
2575 3622 2686 3660 sum
2713 3623 2869 3676 usque
2916 3606 2970 3658 in
2998 3607 3154 3675 ﬁnem
3172 3647 3186 3671 ,
3217 3615 3324 3660 tota
3353 3607 3432 3660 die
3467 3605 3774 3658 contristatae

2226 3696 2570 3768 ingrediebar.
2599 3694 2857 3760 Quoniam
2886 3695 3042 3749 lumbi
3068 3698 3167 3750 mei
3195 3697 3393 3763 impleti
3411 3703 3516 3749 sunt
3533 3693 3779 3748 illusioui-

2228 3787 2338 3851 bus,
2364 3796 2414 3842 et
2453 3805 2556 3842 non
2583 3796 2660 3841 est
2682 3788 2882 3840 sanitas
2923 3788 2977 3840 in
3006 3803 3161 3840 carne
3188 3803 3320 3840 mea.
3349 3787 3571 3856 Aﬁlictus
3609 3800 3716 3839 sum
3740 3791 3788 3836 et

2227 3879 2523 3933 humiliatus
2553 3895 2665 3932 sum
2704 3879 2878 3943 nimis,
2912 3876 3174 3948 rugiebam
3205 3895 3237 3930 a
3265 3881 3454 3950 gemitu
3483 3878 3646 3932 cordis
3673 3878 3786 3931 mei.

2226 3971 2474 4034 Domine,
2508 3980 2627 4023 ante
2667 3979 2714 4024 te
2759 3987 2906 4023 omne
2942 3969 3253 4023 desiderium
3279 3987 3478 4035 meum,
3518 3978 3567 4023 et
3589 3971 3791 4041 gemitus

2225 4081 2366 4118 meus
2393 4081 2426 4116 α
2456 4073 2500 4117 ιε
2529 4080 2632 4118 non
2656 4070 2731 4116 est
2754 4061 3102 4118 absconditus.
3132 4058 3234 4116 Cor
3262 4079 3427 4115 meum
3449 4063 3794 4116 conturbatum

2224 4165 2319 4221 est,
2352 4155 2618 4225 dereliquit
2646 4171 2727 4208 me
2748 4155 2906 4209 virtus
2935 4170 3068 4219 mea,
3098 4161 3147 4208 et
3181 4153 3349 4207 lumen
3376 4154 3642 4208 oculorum
3667 4169 3795 4207 meo-

2225 4263 2364 4311 rum,
2407 4254 2454 4300 et
2483 4247 2650 4317 ipsum
2685 4263 2787 4300 non
2815 4255 2892 4299 est
2929 4262 3144 4299 meeum.
3190 4246 3357 4298 Amici
3381 4246 3480 4298 mei
3512 4253 3560 4299 et
3581 4243 3798 4316 proximi

2225 4338 2325 4390 mei
2352 4337 2616 4390 adversum
2658 4353 2740 4390 me
2767 4337 3302 4408 appropinquaverunt
3344 4345 3394 4389 et
3427 4343 3695 4389 stetemnt.
3734 4332 3798 4387 Et

2225 4427 2312 4498 qui
2331 4428 2485 4498 juxta
2514 4444 2594 4480 me
2613 4435 2763 4480 erant
2792 4427 2854 4480 de
2879 4427 3030 4497 longe
3052 4433 3318 4491 steterunt,
3342 4434 3393 4479 et
3419 4427 3521 4479 vim
3547 4425 3799 4497 faciebant

2224 4520 2312 4590 qui
2336 4518 2631 4592 quwrebant
2658 4521 2884 4573 animam
2906 4535 3093 4572 meam.
3118 4517 3187 4570 Et
3206 4520 3291 4590 qui
3313 4517 3645 4590 inquirebant
3671 4517 3802 4572 mala

540 4613 890 4677 provocatur.
920 4604 1029 4662 Sed
1075 4607 1120 4660 si
1148 4608 1432 4663 haereditas
1467 4609 1584 4678 ejus
1615 4610 1670 4665 in
1716 4618 1976 4666 aeternum
2004 4629 2120 4668 ma-
2147 4605 2200 4664 D
2223 4611 2366 4676 mihi,
2395 4611 2552 4664 locuti
2570 4619 2690 4664 sunt
2715 4611 2986 4675 vanitates,
3010 4617 3060 4664 et
3079 4603 3225 4665 dolos
3247 4617 3354 4664 tota
3379 4610 3463 4664 die
3489 4606 3805 4665 meditaban-

495 4707 504 4714 ‘
538 4708 674 4766 net,
708 4699 762 4755 id
791 4708 892 4765 est,
924 4700 970 4755 si
999 4708 1310 4770 perseverat
1338 4701 1392 4755 in
1421 4700 1655 4766 Christo,
1701 4718 1809 4758 non
1834 4703 2123 4762 confunde-

539 4799 631 4846 tur
658 4791 714 4846 in
742 4799 984 4862 tempore
1008 4792 1168 4857 malo,
1213 4799 1267 4847 et
1295 4793 1350 4847 in
1377 4791 1565 4848 diebus
1593 4793 1748 4848 famis
1775 4793 2120 4861 saturabitur,

539 4893 786 4954 tempore
811 4899 918 4952 quo
963 4893 1276 4955 peccatores
1322 4893 1585 4955 pereunt,
1635 4883 1798 4939 modo
1825 4893 2003 4940 autem
2043 4901 2123 4942 re-

541 4982 710 5044 gnant
734 4975 894 5028 etiam
924 4975 1024 5042 ipsi
1067 4974 1266 5030 inimici
1309 4957 1539 5039 Domini,
1568 4975 1660 5044 qui
1700 4975 1825 5030 licet
1850 4976 2120 5032 honoren-

538 5073 646 5132 tur,
678 5071 734 5120 et
761 5065 828 5118 ab
869 5065 1232 5120 adulatoribus
1273 5067 1596 5132 exalteutur,
1626 5066 1938 5143 deﬁcientes
1965 5069 2118 5137 quasi

537 5155 716 5212 fumus
734 5156 993 5212 continuo
1018 5155 1284 5211 deficient.
1308 5156 1450 5212 Justi
1476 5165 1655 5212 autem
1677 5158 2112 5223 exabundabunt,

537 5256 594 5303 et
620 5248 932 5317 largientur,
965 5256 1019 5303 et
1048 5248 1300 5302 tribuent.
1331 5247 1562 5317 lnjustus
1602 5258 1780 5304 autem
1809 5251 1969 5305 etiam
1998 5267 2116 5306 mu-

534 5344 792 5408 tuabitur,
825 5351 1015 5397 etnon
1055 5343 1246 5397 solvet.
1279 5342 1504 5411 Semper
1530 5359 1723 5397 avarus
1763 5352 1901 5411 eget.
1933 5342 2116 5398 Justus

537 5441 717 5489 autem
743 5435 868 5503 quia
898 5449 928 5487 a
957 5433 1186 5489 Domino
1215 5448 1430 5502 gressus
1458 5434 1575 5502 ejus
1603 5434 1917 5503 dirigentur,
1951 5434 2110 5488 etiam

535 5524 582 5577 si
597 5526 867 5591 ceciderit,
887 5514 995 5581 non
1010 5525 1310 5590 collidetur,
1329 5527 1454 5595 quia
1467 5526 1723 5581 Dominus
1738 5526 1992 5595 supponit
2007 5541 2114 5579 ma-

536 5631 663 5669 num
685 5632 854 5671 suam.
879 5618 1184 5675 Recordare
1205 5620 1272 5674 ab
1292 5620 1465 5685 initio,
1488 5628 1542 5674 et
1557 5620 1758 5674 videbis
1770 5618 1972 5687 justum
1993 5635 2112 5690 pro-

535 5706 716 5762 batum
738 5711 916 5778 potius
936 5726 1094 5779 quam
1115 5713 1418 5782 deceptum,
1443 5729 1550 5767 non
1579 5711 1982 5779 derelinquitur.
2009 5711 2109 5778 Qui

534 5798 766 5858 declinat
795 5818 824 5856 a
851 5803 994 5857 malo
1015 5812 1073 5858 ut
1101 5802 1261 5860 faciat
1279 5806 1498 5870 bonum,
1524 5804 1578 5860 in
1603 5811 1864 5860 aeternum
1891 5819 2108 5861 conser-

2226 4710 2324 4755 tur.
2359 4701 2471 4772 Ego
2501 4711 2670 4754 autem
2695 4709 2940 4771 tanquam
2966 4700 3152 4755 surdus
3190 4718 3292 4756 non
3321 4698 3614 4765 audiebam,
3640 4710 3690 4754 et
3717 4700 3805 4754 sic-

2222 4802 2280 4847 ut
2303 4803 2470 4848 mutus
2496 4811 2600 4848 non
2647 4795 2884 4865 aperiens
2923 4812 2982 4849 os
3013 4811 3178 4849 suum.
3212 4793 3281 4848 Et
3310 4797 3480 4867 factus
3524 4811 3643 4849 sum
3680 4796 3805 4849 sicut

2222 4887 2372 4941 homo
2395 4903 2496 4940 non
2524 4888 2759 4953 audiens,
2800 4896 2849 4940 et
2872 4904 2974 4941 non
3003 4887 3194 4940 habens
3236 4887 3292 4940 in
3319 4903 3408 4940 ore
3432 4903 3524 4942 suo
3553 4887 3805 4958 redargu-

2223 4978 2405 5032 tiones.
2426 4977 2683 5042 Quoniam
2699 4979 2751 5031 in
2773 4985 2836 5042 te,
2863 4977 3102 5042 Domine,
3118 4979 3336 5048 speravi,
3361 4986 3413 5030 tu
3433 4978 3688 5032 exaudies
3707 4995 3801 5040 me,

2223 5070 2444 5125 Domine
2464 5069 2604 5124 Deus
2629 5087 2788 5124 meus.
2835 5068 2968 5134 Quia
2993 5071 3105 5124 dixi
3143 5086 3160 5123 :
3193 5067 3485 5142 Nequando
3514 5086 3804 5142 supergau-

2220 5163 2375 5216 deant
2395 5163 2520 5216 mihi
2537 5163 2733 5216 inimici
2752 5163 2870 5225 mei,
2887 5169 2936 5216 et
2957 5161 3077 5215 dum
3100 5171 3477 5216 commoventur
3496 5162 3655 5234 pedes
3683 5163 3805 5226 mei,

2219 5271 2370 5323 super
2397 5271 2477 5308 me
2498 5270 2688 5324 magna
2729 5253 2885 5306 locuti
2912 5263 3049 5306 sunt.
3095 5251 3352 5316 Quoniam
3384 5270 3478 5324 ego
3509 5255 3559 5306 in
3589 5253 3807 5326 ﬂagella

2220 5354 2434 5415 paratus
2463 5361 2595 5406 sum,
2628 5353 2677 5397 et
2700 5343 2847 5398 dolor
2868 5361 3009 5398 meus
3053 5345 3106 5396 in
3134 5352 3403 5412 conspectu
3431 5361 3540 5398 meo
3578 5362 3804 5414 semper.

2221 5436 2481 5500 Quoniam
2511 5437 2836 5505 iniquitatem
2874 5453 3040 5490 meam
3088 5435 3438 5500 anuuntiabo,
3469 5445 3516 5489 et
3561 5434 3806 5506 cogitabo

2217 5545 2310 5598 pro
2338 5536 2545 5599 peccato
2574 5544 2704 5582 meo.
2740 5526 2950 5581 Inimici
2985 5536 3155 5581 autem
3183 5527 3285 5580 mei
3312 5528 3500 5592 vivunt,
3527 5535 3576 5580 et
3603 5527 3807 5597 conﬁr-

2217 5620 2343 5674 mati
2361 5628 2479 5674 sunt
2508 5636 2661 5690 super
2679 5636 2776 5684 me,
2800 5626 2849 5672 et
2872 5618 3201 5690 multiplicati
3228 5625 3346 5672 sunt
3373 5619 3459 5691 qui
3479 5617 3704 5672 oderunt
3725 5634 3808 5672 me

2215 5714 2401 5778 inique.
2436 5710 2538 5776 Qui
2559 5711 2842 5765 retribuunt
2871 5710 3012 5764 mala
3041 5727 3134 5779 pro
3157 5709 3304 5764 bonis
3333 5703 3671 5763 detrahebant
3701 5710 3806 5762 mi-

2217 5805 2288 5871 hi,
2319 5805 2560 5874 quoniam
2599 5801 2844 5875 sequebar
2867 5803 3161 5859 bonitatem.
3191 5801 3314 5858 Non
3337 5803 3665 5872 derelinquas
3696 5820 3803 5871 me,
