  <div class='ocr_page' id='page_1' title='image "/cluster/home/n/w/nwhite01/storage/ocr_20150623/53/hvd.32044015471576/194.png"; bbox 0 0 4108 6348; ppageno 0'>
   <div class='ocr_carea' id='block_1_1' title="bbox 253 269 3524 332">
    <p class='ocr_par' dir='ltr' id='par_1_1' title="bbox 253 269 3524 332">
     <span class='ocr_line' id='line_1_1' title="bbox 253 269 3524 332; baseline -0.001 0"><span class='ocrx_word' id='word_1_1' title='bbox 253 273 364 332; x_wconf 73' lang='grc'><strong>577</strong></span> <span class='ocrx_word' id='word_1_2' title='bbox 1137 269 1603 328; x_wconf 69' lang='lat' dir='ltr'><strong>COMMENTARII</strong></span> <span class='ocrx_word' id='word_1_3' title='bbox 1643 271 1707 327; x_wconf 90' lang='lat' dir='ltr'><strong>lN</strong></span> <span class='ocrx_word' id='word_1_4' title='bbox 1748 270 2072 330; x_wconf 80' lang='lat' dir='ltr'><strong>PSALMOS.</strong></span> <span class='ocrx_word' id='word_1_5' title='bbox 2115 273 2305 330; x_wconf 75' lang='lat' dir='ltr'><strong>PSAL.</strong></span> <span class='ocrx_word' id='word_1_6' title='bbox 2347 273 2628 330; x_wconf 73' lang='lat' dir='ltr'><strong>XXXVIII.</strong></span> <span class='ocrx_word' id='word_1_7' title='bbox 3416 275 3524 331; x_wconf 74' lang='grc' dir='ltr'><strong>5Ἱῆ</strong></span> 
     </span>
    </p>
   </div>
   <div class='ocr_carea' id='block_1_2' title="bbox 259 381 3524 458">
    <p class='ocr_par' dir='ltr' id='par_1_2' title="bbox 259 381 3524 458">
     <span class='ocr_line' id='line_1_2' title="bbox 259 381 3524 458; baseline 0.001 -14"><span class='ocrx_word' id='word_1_8' title='bbox 259 387 487 444; x_wconf 83' lang='lat' dir='ltr'><strong>Domine</strong></span> <span class='ocrx_word' id='word_1_9' title='bbox 513 385 655 442; x_wconf 74' lang='lat' dir='ltr'><strong>Deut</strong></span> <span class='ocrx_word' id='word_1_10' title='bbox 692 403 851 451; x_wconf 78' lang='lat' dir='ltr'><strong>meus,</strong></span> <span class='ocrx_word' id='word_1_11' title='bbox 881 400 943 440; x_wconf 86' lang='lat' dir='ltr'><strong>ne</strong></span> <span class='ocrx_word' id='word_1_12' title='bbox 981 386 1278 442; x_wconf 72' lang='lat' dir='ltr'><strong>discesseris</strong></span> <span class='ocrx_word' id='word_1_13' title='bbox 1328 404 1361 441; x_wconf 90' lang='lat' dir='ltr'><strong>a</strong></span> <span class='ocrx_word' id='word_1_14' title='bbox 1388 403 1486 440; x_wconf 88' lang='lat' dir='ltr'><strong>me.</strong></span> <span class='ocrx_word' id='word_1_15' title='bbox 1522 385 1743 442; x_wconf 76' lang='lat' dir='ltr'><strong><em>Intende</em></strong></span> <span class='ocrx_word' id='word_1_16' title='bbox 1782 387 1836 440; x_wconf 82' lang='lat' dir='ltr'><strong>in</strong></span> <span class='ocrx_word' id='word_1_17' title='bbox 1865 394 1909 450; x_wconf 85' lang='grc' dir='ltr'><strong>Α</strong></span> <span class='ocrx_word' id='word_1_18' title='bbox 1939 391 2079 445; x_wconf 88' lang='lat' dir='ltr'><strong>enim</strong></span> <span class='ocrx_word' id='word_1_19' title='bbox 2109 381 2241 444; x_wconf 70' lang='lat' dir='ltr'><strong>salvi</strong></span> <span class='ocrx_word' id='word_1_20' title='bbox 2281 390 2544 447; x_wconf 84' lang='lat' dir='ltr'><strong>el&#39;ﬂcimur</strong></span> <span class='ocrx_word' id='word_1_21' title='bbox 2585 400 2640 446; x_wconf 89' lang='lat' dir='ltr'><strong>et</strong></span> <span class='ocrx_word' id='word_1_22' title='bbox 2667 391 2952 448; x_wconf 81' lang='lat' dir='ltr'><strong>credimus.</strong></span> <span class='ocrx_word' id='word_1_23' title='bbox 2981 389 3242 458; x_wconf 82' lang='lat' dir='ltr'><strong>Quoniam</strong></span> <span class='ocrx_word' id='word_1_24' title='bbox 3270 397 3327 445; x_wconf 92' lang='lat' dir='ltr'><strong>tu</strong></span> <span class='ocrx_word' id='word_1_25' title='bbox 3367 409 3524 448; x_wconf 62' lang='lat' dir='ltr'><strong>etiam</strong></span> 
     </span>
    </p>
   </div>
   <div class='ocr_carea' id='block_1_3' title="bbox 260 477 3524 552">
    <p class='ocr_par' dir='ltr' id='par_1_3' title="bbox 260 477 3524 552">
     <span class='ocr_line' id='line_1_3' title="bbox 260 477 3524 552; baseline 0.002 -18"><span class='ocrx_word' id='word_1_26' title='bbox 260 479 584 552; x_wconf 70' lang='lat' dir='ltr'><strong>adjutorium</strong></span> <span class='ocrx_word' id='word_1_27' title='bbox 605 491 791 544; x_wconf 79' lang='lat' dir='ltr'><strong>meum,</strong></span> <span class='ocrx_word' id='word_1_28' title='bbox 823 477 1043 532; x_wconf 78' lang='lat' dir='ltr'><strong><em>Domine</em></strong></span> <span class='ocrx_word' id='word_1_29' title='bbox 1064 477 1205 533; x_wconf 75' lang='lat' dir='ltr'><strong>Deus</strong></span> <span class='ocrx_word' id='word_1_30' title='bbox 1225 477 1410 532; x_wconf 78' lang='lat' dir='ltr'><strong>salutis</strong></span> <span class='ocrx_word' id='word_1_31' title='bbox 1435 494 1580 532; x_wconf 62' lang='lat' dir='ltr'><strong>mea.</strong></span> <span class='ocrx_word' id='word_1_32' title='bbox 1944 482 2045 546; x_wconf 89' lang='lat' dir='ltr'><strong>dis,</strong></span> <span class='ocrx_word' id='word_1_33' title='bbox 2076 481 2300 536; x_wconf 88' lang='lat' dir='ltr'><strong>Domine</strong></span> <span class='ocrx_word' id='word_1_34' title='bbox 2329 482 2489 546; x_wconf 85' lang='lat' dir='ltr'><strong>Deus,</strong></span> <span class='ocrx_word' id='word_1_35' title='bbox 2523 491 2582 537; x_wconf 90' lang='lat' dir='ltr'><strong>ut</strong></span> <span class='ocrx_word' id='word_1_36' title='bbox 2610 499 2715 538; x_wconf 92' lang='lat' dir='ltr'><strong>non</strong></span> <span class='ocrx_word' id='word_1_37' title='bbox 2747 484 2998 540; x_wconf 88' lang='lat' dir='ltr'><strong>insultent</strong></span> <span class='ocrx_word' id='word_1_38' title='bbox 3024 484 3177 540; x_wconf 85' lang='lat' dir='ltr'><strong>nobis</strong></span> <span class='ocrx_word' id='word_1_39' title='bbox 3204 483 3400 539; x_wconf 89' lang='lat' dir='ltr'><strong>inimici</strong></span> <span class='ocrx_word' id='word_1_40' title='bbox 3428 501 3524 540; x_wconf 83' lang='lat' dir='ltr'><strong>no-</strong></span> 
     </span>
    </p>
   </div>
   <div class='ocr_carea' id='block_1_4' title="bbox 1945 574 3526 648">
    <p class='ocr_par' dir='ltr' id='par_1_4' title="bbox 1945 574 3526 648">
     <span class='ocr_line' id='line_1_4' title="bbox 1945 574 3526 648; baseline 0.001 -17"><span class='ocrx_word' id='word_1_41' title='bbox 1945 577 2058 632; x_wconf 88' lang='lat' dir='ltr'><strong>stri.</strong></span> <span class='ocrx_word' id='word_1_42' title='bbox 2083 575 2185 642; x_wconf 85' lang='lat' dir='ltr'><strong>Qui</strong></span> <span class='ocrx_word' id='word_1_43' title='bbox 2213 574 2412 630; x_wconf 90' lang='lat' dir='ltr'><strong>inimici</strong></span> <span class='ocrx_word' id='word_1_44' title='bbox 2431 577 2454 627; x_wconf 87' lang='lat'><strong>?</strong></span> <span class='ocrx_word' id='word_1_45' title='bbox 2473 576 2548 630; x_wconf 87' lang='lat' dir='ltr'><strong>illi</strong></span> <span class='ocrx_word' id='word_1_46' title='bbox 2569 575 2661 644; x_wconf 89' lang='lat' dir='ltr'><strong>qui</strong></span> <span class='ocrx_word' id='word_1_47' title='bbox 2689 577 2906 648; x_wconf 82' lang='lat' dir='ltr'><strong>quando</strong></span> <span class='ocrx_word' id='word_1_48' title='bbox 2927 585 3332 633; x_wconf 70' lang='lat' dir='ltr'><strong>commoventur</strong></span> <span class='ocrx_word' id='word_1_49' title='bbox 3359 578 3526 648; x_wconf 86' lang='lat' dir='ltr'><strong>pedes</strong></span> 
     </span>
    </p>
   </div>
   <div class='ocr_carea' id='block_1_5' title="bbox 1946 667 3526 738">
    <p class='ocr_par' dir='ltr' id='par_1_5' title="bbox 1946 667 3526 738">
     <span class='ocr_line' id='line_1_5' title="bbox 1946 667 3526 738; baseline 0.001 -14"><span class='ocrx_word' id='word_1_50' title='bbox 1946 669 2116 726; x_wconf 85' lang='lat' dir='ltr'><strong>nostri</strong></span> <span class='ocrx_word' id='word_1_51' title='bbox 2153 667 2433 722; x_wconf 89' lang='lat' dir='ltr'><strong>adversum</strong></span> <span class='ocrx_word' id='word_1_52' title='bbox 2472 683 2572 723; x_wconf 89' lang='lat' dir='ltr'><strong>nos</strong></span> <span class='ocrx_word' id='word_1_53' title='bbox 2606 682 2798 737; x_wconf 88' lang='lat' dir='ltr'><strong>magna</strong></span> <span class='ocrx_word' id='word_1_54' title='bbox 2845 669 3151 738; x_wconf 90' lang='lat' dir='ltr'><strong>loquuntur.</strong></span> <span class='ocrx_word' id='word_1_55' title='bbox 3185 669 3310 724; x_wconf 57' lang='lat' dir='ltr'><strong>Haec</strong></span> <span class='ocrx_word' id='word_1_56' title='bbox 3348 677 3526 725; x_wconf 89' lang='lat' dir='ltr'><strong>autem</strong></span> 
     </span>
    </p>
   </div>
   <div class='ocr_carea' id='block_1_6' title="bbox 837 625 1268 668">
    <p class='ocr_par' dir='ltr' id='par_1_6' title="bbox 837 625 1268 668">
     <span class='ocr_line' id='line_1_6' title="bbox 837 625 1268 668; baseline -0.007 -2"><span class='ocrx_word' id='word_1_57' title='bbox 837 625 1268 668; x_wconf 71' lang='lat' dir='ltr'><strong>COIIENTAIIUI.</strong></span> 
     </span>
    </p>
   </div>
   <div class='ocr_carea' id='block_1_7' title="bbox 337 738 1846 817">
    <p class='ocr_par' dir='ltr' id='par_1_7' title="bbox 337 738 1846 817">
     <span class='ocr_line' id='line_1_7' title="bbox 337 738 1846 817; baseline -0.007 -14"><span class='ocrx_word' id='word_1_58' title='bbox 337 746 486 802; x_wconf 79' lang='lat' dir='ltr'><strong>Bene</strong></span> <span class='ocrx_word' id='word_1_59' title='bbox 510 743 726 817; x_wconf 86' lang='lat' dir='ltr'><strong>quidam</strong></span> <span class='ocrx_word' id='word_1_60' title='bbox 753 739 923 799; x_wconf 88' lang='lat' dir='ltr'><strong>voluit</strong></span> <span class='ocrx_word' id='word_1_61' title='bbox 949 744 1234 813; x_wconf 83' lang='lat' dir='ltr'><strong>adtropare</strong></span> <span class='ocrx_word' id='word_1_62' title='bbox 1262 742 1317 796; x_wconf 92' lang='lat' dir='ltr'><strong>in</strong></span> <span class='ocrx_word' id='word_1_63' title='bbox 1344 741 1487 797; x_wconf 88' lang='lat' dir='ltr'><strong>beati</strong></span> <span class='ocrx_word' id='word_1_64' title='bbox 1513 738 1614 796; x_wconf 82' lang='lat' dir='ltr'><strong>Job</strong></span> <span class='ocrx_word' id='word_1_65' title='bbox 1635 739 1846 810; x_wconf 83' lang='lat' dir='ltr'><strong>passio-</strong></span> 
     </span>
    </p>
   </div>
   <div class='ocr_carea' id='block_1_8' title="bbox 265 832 1848 907">
    <p class='ocr_par' dir='ltr' id='par_1_8' title="bbox 265 832 1848 907">
     <span class='ocr_line' id='line_1_8' title="bbox 265 832 1848 907; baseline -0.005 -13"><span class='ocrx_word' id='word_1_66' title='bbox 265 855 393 896; x_wconf 88' lang='lat' dir='ltr'><strong>nem</strong></span> <span class='ocrx_word' id='word_1_67' title='bbox 442 838 603 893; x_wconf 83' lang='lat' dir='ltr'><strong>istum</strong></span> <span class='ocrx_word' id='word_1_68' title='bbox 629 837 891 907; x_wconf 81' lang='lat' dir='ltr'><strong>psalmum</strong></span> <span class='ocrx_word' id='word_1_69' title='bbox 931 835 1271 905; x_wconf 80' lang='lat' dir='ltr'><strong>exponendo,</strong></span> <span class='ocrx_word' id='word_1_70' title='bbox 1303 833 1397 889; x_wconf 89' lang='lat' dir='ltr'><strong>sed</strong></span> <span class='ocrx_word' id='word_1_71' title='bbox 1423 833 1513 904; x_wconf 88' lang='lat' dir='ltr'><strong>qui</strong></span> <span class='ocrx_word' id='word_1_72' title='bbox 1542 832 1848 904; x_wconf 81' lang='lat' dir='ltr'><strong>passionem</strong></span> 
     </span>
    </p>
   </div>
   <div class='ocr_carea' id='block_1_9' title="bbox 265 923 1846 998">
    <p class='ocr_par' dir='ltr' id='par_1_9' title="bbox 265 923 1846 998">
     <span class='ocr_line' id='line_1_9' title="bbox 265 923 1846 998; baseline -0.006 -12"><span class='ocrx_word' id='word_1_73' title='bbox 265 930 373 986; x_wconf 79' lang='lat' dir='ltr'><strong>Job</strong></span> <span class='ocrx_word' id='word_1_74' title='bbox 399 929 577 998; x_wconf 91' lang='lat' dir='ltr'><strong>legere</strong></span> <span class='ocrx_word' id='word_1_75' title='bbox 605 936 659 983; x_wconf 88' lang='lat' dir='ltr'><strong>et</strong></span> <span class='ocrx_word' id='word_1_76' title='bbox 693 927 832 983; x_wconf 88' lang='lat' dir='ltr'><strong>scire</strong></span> <span class='ocrx_word' id='word_1_77' title='bbox 883 925 1168 990; x_wconf 82' lang='lat' dir='ltr'><strong>desiderat,</strong></span> <span class='ocrx_word' id='word_1_78' title='bbox 1198 925 1388 980; x_wconf 89' lang='lat' dir='ltr'><strong>melius</strong></span> <span class='ocrx_word' id='word_1_79' title='bbox 1435 923 1560 978; x_wconf 78' lang='lat' dir='ltr'><strong>facit</strong></span> <span class='ocrx_word' id='word_1_80' title='bbox 1602 923 1644 976; x_wconf 87' lang='lat' dir='ltr'><strong>si</strong></span> <span class='ocrx_word' id='word_1_81' title='bbox 1675 923 1846 994; x_wconf 89' lang='lat' dir='ltr'><strong>ipsum</strong></span> 
     </span>
    </p>
   </div>
   <div class='ocr_carea' id='block_1_10' title="bbox 267 1015 1850 1094">
    <p class='ocr_par' dir='ltr' id='par_1_10' title="bbox 267 1015 1850 1094">
     <span class='ocr_line' id='line_1_10' title="bbox 267 1015 1850 1094; baseline -0.006 -16"><span class='ocrx_word' id='word_1_82' title='bbox 267 1023 389 1094; x_wconf 85' lang='lat' dir='ltr'><strong>ejus</strong></span> <span class='ocrx_word' id='word_1_83' title='bbox 436 1022 628 1077; x_wconf 89' lang='lat' dir='ltr'><strong>librum</strong></span> <span class='ocrx_word' id='word_1_84' title='bbox 651 1020 920 1076; x_wconf 84' lang='lat' dir='ltr'><strong>discutiat.</strong></span> <span class='ocrx_word' id='word_1_85' title='bbox 963 1018 1061 1074; x_wconf 81' lang='lat' dir='ltr'><strong>Hic</strong></span> <span class='ocrx_word' id='word_1_86' title='bbox 1087 1027 1265 1073; x_wconf 90' lang='lat' dir='ltr'><strong>autem</strong></span> <span class='ocrx_word' id='word_1_87' title='bbox 1311 1017 1452 1072; x_wconf 87' lang='lat' dir='ltr'><strong>idem</strong></span> <span class='ocrx_word' id='word_1_88' title='bbox 1478 1015 1570 1085; x_wconf 89' lang='lat' dir='ltr'><strong>qui</strong></span> <span class='ocrx_word' id='word_1_89' title='bbox 1599 1015 1651 1069; x_wconf 92' lang='lat' dir='ltr'><strong>in</strong></span> <span class='ocrx_word' id='word_1_90' title='bbox 1693 1021 1850 1069; x_wconf 80' lang='lat' dir='ltr'><strong>sexto</strong></span> 
     </span>
    </p>
   </div>
   <div class='ocr_carea' id='block_1_11' title="bbox 267 1106 1852 1188">
    <p class='ocr_par' dir='ltr' id='par_1_11' title="bbox 267 1106 1852 1188">
     <span class='ocr_line' id='line_1_11' title="bbox 267 1106 1852 1188; baseline -0.008 -16"><span class='ocrx_word' id='word_1_91' title='bbox 267 1116 481 1188; x_wconf 79' lang='lat' dir='ltr'><strong>psalmo</strong></span> <span class='ocrx_word' id='word_1_92' title='bbox 520 1123 604 1170; x_wconf 87' lang='lat' dir='ltr'><strong>est</strong></span> <span class='ocrx_word' id='word_1_93' title='bbox 630 1113 913 1186; x_wconf 64' lang='lat' dir='ltr'><strong>pta-nitens,</strong></span> <span class='ocrx_word' id='word_1_94' title='bbox 934 1112 1128 1167; x_wconf 81' lang='lat' dir='ltr'><strong>clamat</strong></span> <span class='ocrx_word' id='word_1_95' title='bbox 1155 1110 1222 1165; x_wconf 89' lang='lat' dir='ltr'><strong>ad</strong></span> <span class='ocrx_word' id='word_1_96' title='bbox 1246 1109 1553 1172; x_wconf 87' lang='lat' dir='ltr'><strong>Dominum,</strong></span> <span class='ocrx_word' id='word_1_97' title='bbox 1580 1123 1648 1162; x_wconf 89' lang='lat' dir='ltr'><strong>ne</strong></span> <span class='ocrx_word' id='word_1_98' title='bbox 1677 1107 1730 1160; x_wconf 91' lang='lat' dir='ltr'><strong>in</strong></span> <span class='ocrx_word' id='word_1_99' title='bbox 1771 1106 1852 1159; x_wconf 89' lang='lat' dir='ltr'><strong>ira</strong></span> 
     </span>
    </p>
   </div>
   <div class='ocr_carea' id='block_1_12' title="bbox 271 1198 1854 1275">
    <p class='ocr_par' dir='ltr' id='par_1_12' title="bbox 271 1198 1854 1275">
     <span class='ocr_line' id='line_1_12' title="bbox 271 1198 1854 1275; baseline -0.008 -11"><span class='ocrx_word' id='word_1_100' title='bbox 271 1207 489 1264; x_wconf 89' lang='lat' dir='ltr'><strong>Domini</strong></span> <span class='ocrx_word' id='word_1_101' title='bbox 538 1214 810 1275; x_wconf 73' lang='lat' dir='ltr'><strong>arguatur,</strong></span> <span class='ocrx_word' id='word_1_102' title='bbox 842 1212 934 1260; x_wconf 90' lang='lat' dir='ltr'><strong>aut</strong></span> <span class='ocrx_word' id='word_1_103' title='bbox 962 1204 1016 1259; x_wconf 91' lang='lat' dir='ltr'><strong>in</strong></span> <span class='ocrx_word' id='word_1_104' title='bbox 1043 1204 1436 1272; x_wconf 89' lang='lat' dir='ltr'><strong>correptionem</strong></span> <span class='ocrx_word' id='word_1_105' title='bbox 1484 1200 1599 1268; x_wconf 86' lang='lat' dir='ltr'><strong>ejus</strong></span> <span class='ocrx_word' id='word_1_106' title='bbox 1642 1198 1854 1253; x_wconf 89' lang='lat' dir='ltr'><strong>divinus</strong></span> 
     </span>
    </p>
   </div>
   <div class='ocr_carea' id='block_1_13' title="bbox 271 1287 1856 1363">
    <p class='ocr_par' dir='ltr' id='par_1_13' title="bbox 271 1287 1856 1363">
     <span class='ocr_line' id='line_1_13' title="bbox 271 1287 1856 1363; baseline -0.008 -9"><span class='ocrx_word' id='word_1_107' title='bbox 271 1299 424 1354; x_wconf 76' lang='lat' dir='ltr'><strong>furor</strong></span> <span class='ocrx_word' id='word_1_108' title='bbox 450 1303 725 1353; x_wconf 66' lang='lat' dir='ltr'><strong>exmstuet.</strong></span> <span class='ocrx_word' id='word_1_109' title='bbox 779 1293 918 1349; x_wconf 87' lang='lat' dir='ltr'><strong>Sane</strong></span> <span class='ocrx_word' id='word_1_110' title='bbox 955 1294 1378 1363; x_wconf 85' lang='lat' dir='ltr'><strong>quotiescunque</strong></span> <span class='ocrx_word' id='word_1_111' title='bbox 1419 1300 1596 1345; x_wconf 87' lang='lat' dir='ltr'><strong>motus</strong></span> <span class='ocrx_word' id='word_1_112' title='bbox 1623 1289 1755 1344; x_wconf 88' lang='lat' dir='ltr'><strong>istos</strong></span> <span class='ocrx_word' id='word_1_113' title='bbox 1802 1287 1856 1342; x_wconf 89' lang='lat' dir='ltr'><strong>in</strong></span> 
     </span>
    </p>
   </div>
   <div class='ocr_carea' id='block_1_14' title="bbox 271 1380 1857 1458">
    <p class='ocr_par' dir='ltr' id='par_1_14' title="bbox 271 1380 1857 1458">
     <span class='ocr_line' id='line_1_14' title="bbox 271 1380 1857 1458; baseline -0.009 -13"><span class='ocrx_word' id='word_1_114' title='bbox 271 1389 392 1445; x_wconf 89' lang='lat' dir='ltr'><strong>Deo</strong></span> <span class='ocrx_word' id='word_1_115' title='bbox 417 1388 607 1458; x_wconf 87' lang='lat' dir='ltr'><strong>legeris</strong></span> <span class='ocrx_word' id='word_1_116' title='bbox 623 1427 638 1452; x_wconf 95' lang='lat'><strong>,</strong></span> <span class='ocrx_word' id='word_1_117' title='bbox 660 1401 769 1441; x_wconf 83' lang='lat' dir='ltr'><strong>non</strong></span> <span class='ocrx_word' id='word_1_118' title='bbox 797 1384 1089 1441; x_wconf 88' lang='lat' dir='ltr'><strong>secundum</strong></span> <span class='ocrx_word' id='word_1_119' title='bbox 1112 1382 1164 1437; x_wconf 90' lang='lat' dir='ltr'><strong>id</strong></span> <span class='ocrx_word' id='word_1_120' title='bbox 1190 1382 1334 1452; x_wconf 90' lang='lat' dir='ltr'><strong>quod</strong></span> <span class='ocrx_word' id='word_1_121' title='bbox 1375 1391 1430 1436; x_wconf 92' lang='lat' dir='ltr'><strong>tu</strong></span> <span class='ocrx_word' id='word_1_122' title='bbox 1456 1382 1673 1452; x_wconf 89' lang='lat' dir='ltr'><strong>pateris,</strong></span> <span class='ocrx_word' id='word_1_123' title='bbox 1722 1380 1857 1433; x_wconf 91' lang='lat' dir='ltr'><strong>iram</strong></span> 
     </span>
    </p>
   </div>
   <div class='ocr_carea' id='block_1_15' title="bbox 273 1474 1859 1548">
    <p class='ocr_par' dir='ltr' id='par_1_15' title="bbox 273 1474 1859 1548">
     <span class='ocr_line' id='line_1_15' title="bbox 273 1474 1859 1548; baseline -0.006 -15"><span class='ocrx_word' id='word_1_124' title='bbox 273 1479 462 1544; x_wconf 82' lang='lat' dir='ltr'><strong>sentit,</strong></span> <span class='ocrx_word' id='word_1_125' title='bbox 491 1477 616 1548; x_wconf 88' lang='lat' dir='ltr'><strong>quia</strong></span> <span class='ocrx_word' id='word_1_126' title='bbox 646 1476 786 1530; x_wconf 85' lang='lat' dir='ltr'><strong>Deus</strong></span> <span class='ocrx_word' id='word_1_127' title='bbox 805 1474 1144 1544; x_wconf 84' lang='lat' dir='ltr'><strong>lmpassibilis</strong></span> <span class='ocrx_word' id='word_1_128' title='bbox 1169 1481 1269 1539; x_wconf 90' lang='lat' dir='ltr'><strong>est,</strong></span> <span class='ocrx_word' id='word_1_129' title='bbox 1288 1482 1343 1526; x_wconf 88' lang='lat' dir='ltr'><strong>et</strong></span> <span class='ocrx_word' id='word_1_130' title='bbox 1369 1488 1476 1526; x_wconf 91' lang='lat' dir='ltr'><strong>non</strong></span> <span class='ocrx_word' id='word_1_131' title='bbox 1505 1487 1599 1526; x_wconf 90' lang='lat' dir='ltr'><strong>sua</strong></span> <span class='ocrx_word' id='word_1_132' title='bbox 1619 1485 1859 1525; x_wconf 78' lang='lat' dir='ltr'><strong>commo-</strong></span> 
     </span>
    </p>
   </div>
   <div class='ocr_carea' id='block_1_16' title="bbox 274 1565 1858 1638">
    <p class='ocr_par' dir='ltr' id='par_1_16' title="bbox 274 1565 1858 1638">
     <span class='ocr_line' id='line_1_16' title="bbox 274 1565 1858 1638; baseline -0.006 -11"><span class='ocrx_word' id='word_1_133' title='bbox 274 1573 448 1636; x_wconf 85' lang='lat' dir='ltr'><strong>tione,</strong></span> <span class='ocrx_word' id='word_1_134' title='bbox 473 1569 568 1626; x_wconf 89' lang='lat' dir='ltr'><strong>sed</strong></span> <span class='ocrx_word' id='word_1_135' title='bbox 596 1585 691 1626; x_wconf 88' lang='lat' dir='ltr'><strong>sua</strong></span> <span class='ocrx_word' id='word_1_136' title='bbox 709 1569 964 1638; x_wconf 62' lang='lat' dir='ltr'><strong>arquitate</strong></span> <span class='ocrx_word' id='word_1_137' title='bbox 991 1568 1233 1637; x_wconf 77' lang='lat' dir='ltr'><strong>castigat.</strong></span> <span class='ocrx_word' id='word_1_138' title='bbox 1253 1566 1362 1622; x_wconf 85' lang='lat' dir='ltr'><strong>Nos</strong></span> <span class='ocrx_word' id='word_1_139' title='bbox 1384 1575 1561 1622; x_wconf 89' lang='lat' dir='ltr'><strong>tamen</strong></span> <span class='ocrx_word' id='word_1_140' title='bbox 1581 1580 1704 1620; x_wconf 91' lang='lat' dir='ltr'><strong>cum</strong></span> <span class='ocrx_word' id='word_1_141' title='bbox 1724 1565 1858 1618; x_wconf 89' lang='lat' dir='ltr'><strong>iram</strong></span> 
     </span>
    </p>
   </div>
   <div class='ocr_carea' id='block_1_17' title="bbox 274 1661 1861 1731">
    <p class='ocr_par' dir='ltr' id='par_1_17' title="bbox 274 1661 1861 1731">
     <span class='ocr_line' id='line_1_17' title="bbox 274 1661 1861 1731; baseline -0.007 -8"><span class='ocrx_word' id='word_1_142' title='bbox 274 1665 559 1730; x_wconf 82' lang='lat' dir='ltr'><strong>sentimus,</strong></span> <span class='ocrx_word' id='word_1_143' title='bbox 601 1663 834 1719; x_wconf 77' lang='lat' dir='ltr'><strong>furorem</strong></span> <span class='ocrx_word' id='word_1_144' title='bbox 858 1663 1102 1728; x_wconf 89' lang='lat' dir='ltr'><strong>dicimus,</strong></span> <span class='ocrx_word' id='word_1_145' title='bbox 1128 1661 1253 1730; x_wconf 84' lang='lat' dir='ltr'><strong>quia</strong></span> <span class='ocrx_word' id='word_1_146' title='bbox 1283 1662 1519 1731; x_wconf 85' lang='lat' dir='ltr'><strong>inopiam</strong></span> <span class='ocrx_word' id='word_1_147' title='bbox 1547 1661 1780 1731; x_wconf 88' lang='lat' dir='ltr'><strong>patimur</strong></span> <span class='ocrx_word' id='word_1_148' title='bbox 1806 1665 1861 1713; x_wconf 91' lang='lat' dir='ltr'><strong>et</strong></span> 
     </span>
    </p>
   </div>
   <div class='ocr_carea' id='block_1_18' title="bbox 1947 751 3527 830">
    <p class='ocr_par' dir='ltr' id='par_1_18' title="bbox 1947 751 3527 830">
     <span class='ocr_line' id='line_1_18' title="bbox 1947 751 3527 830; baseline 0 -14"><span class='ocrx_word' id='word_1_149' title='bbox 1947 761 2191 826; x_wconf 88' lang='lat' dir='ltr'><strong>dicimus,</strong></span> <span class='ocrx_word' id='word_1_150' title='bbox 2220 761 2265 815; x_wconf 90' lang='lat' dir='ltr'><strong>si</strong></span> <span class='ocrx_word' id='word_1_151' title='bbox 2299 773 2649 828; x_wconf 85' lang='lat' dir='ltr'><strong>agnoscamus</strong></span> <span class='ocrx_word' id='word_1_152' title='bbox 2679 774 2779 813; x_wconf 89' lang='lat' dir='ltr'><strong>nos</strong></span> <span class='ocrx_word' id='word_1_153' title='bbox 2815 775 2914 829; x_wconf 92' lang='lat' dir='ltr'><strong>pro</strong></span> <span class='ocrx_word' id='word_1_154' title='bbox 2957 751 3191 830; x_wconf 78' lang='lat' dir='ltr'><strong>peccatis</strong></span> <span class='ocrx_word' id='word_1_155' title='bbox 3230 761 3426 818; x_wconf 81' lang='lat' dir='ltr'><strong>nostris</strong></span> <span class='ocrx_word' id='word_1_156' title='bbox 3473 762 3527 817; x_wconf 94' lang='lat' dir='ltr'><strong>in</strong></span> 
     </span>
    </p>
   </div>
   <div class='ocr_carea' id='block_1_19' title="bbox 1951 849 3526 922">
    <p class='ocr_par' dir='ltr' id='par_1_19' title="bbox 1951 849 3526 922">
     <span class='ocr_line' id='line_1_19' title="bbox 1951 849 3526 922; baseline 0 -14"><span class='ocrx_word' id='word_1_157' title='bbox 1951 853 2154 922; x_wconf 79' lang='lat' dir='ltr'><strong>ﬂagella</strong></span> <span class='ocrx_word' id='word_1_158' title='bbox 2169 859 2409 922; x_wconf 89' lang='lat' dir='ltr'><strong>paratos,</strong></span> <span class='ocrx_word' id='word_1_159' title='bbox 2426 858 2481 906; x_wconf 90' lang='lat' dir='ltr'><strong>et</strong></span> <span class='ocrx_word' id='word_1_160' title='bbox 2494 850 2651 904; x_wconf 90' lang='lat' dir='ltr'><strong>dolor</strong></span> <span class='ocrx_word' id='word_1_161' title='bbox 2665 849 2844 906; x_wconf 83' lang='lat' dir='ltr'><strong>cordis</strong></span> <span class='ocrx_word' id='word_1_162' title='bbox 2866 853 3038 907; x_wconf 83' lang='lat' dir='ltr'><strong>nostri</strong></span> <span class='ocrx_word' id='word_1_163' title='bbox 3059 860 3182 922; x_wconf 83' lang='lat' dir='ltr'><strong>agat</strong></span> <span class='ocrx_word' id='word_1_164' title='bbox 3195 861 3383 908; x_wconf 67' lang='lat' dir='ltr'><strong>contra</strong></span> <span class='ocrx_word' id='word_1_165' title='bbox 3400 868 3497 909; x_wconf 86' lang='lat' dir='ltr'><strong>nos</strong></span> <span class='ocrx_word' id='word_1_166' title='bbox 3509 894 3526 918; x_wconf 95' lang='lat'><strong>,</strong></span> 
     </span>
    </p>
   </div>
   <div class='ocr_carea' id='block_1_20' title="bbox 1951 943 3532 1017">
    <p class='ocr_par' dir='ltr' id='par_1_20' title="bbox 1951 943 3532 1017">
     <span class='ocr_line' id='line_1_20' title="bbox 1951 943 3532 1017; baseline -0.001 -16"><span class='ocrx_word' id='word_1_167' title='bbox 1951 955 2110 1017; x_wconf 88' lang='lat' dir='ltr'><strong>atque</strong></span> <span class='ocrx_word' id='word_1_168' title='bbox 2140 943 2472 1014; x_wconf 79' lang='lat' dir='ltr'><strong>iniquitatem</strong></span> <span class='ocrx_word' id='word_1_169' title='bbox 2492 949 2731 997; x_wconf 89' lang='lat' dir='ltr'><strong>nostram</strong></span> <span class='ocrx_word' id='word_1_170' title='bbox 2753 945 3125 1012; x_wconf 86' lang='lat' dir='ltr'><strong>pronuntians,</strong></span> <span class='ocrx_word' id='word_1_171' title='bbox 3143 944 3302 1000; x_wconf 80' lang='lat' dir='ltr'><strong>faciat</strong></span> <span class='ocrx_word' id='word_1_172' title='bbox 3321 961 3422 1000; x_wconf 87' lang='lat' dir='ltr'><strong>nos</strong></span> <span class='ocrx_word' id='word_1_173' title='bbox 3440 960 3532 1000; x_wconf 86' lang='lat' dir='ltr'><strong>co-</strong></span> 
     </span>
    </p>
   </div>
   <div class='ocr_carea' id='block_1_21' title="bbox 1951 1035 3532 1108">
    <p class='ocr_par' dir='ltr' id='par_1_21' title="bbox 1951 1035 3532 1108">
     <span class='ocr_line' id='line_1_21' title="bbox 1951 1035 3532 1108; baseline -0.001 -15"><span class='ocrx_word' id='word_1_174' title='bbox 1951 1039 2124 1108; x_wconf 85' lang='lat' dir='ltr'><strong>gitare</strong></span> <span class='ocrx_word' id='word_1_175' title='bbox 2142 1053 2242 1108; x_wconf 88' lang='lat' dir='ltr'><strong>pro</strong></span> <span class='ocrx_word' id='word_1_176' title='bbox 2273 1044 2494 1108; x_wconf 89' lang='lat' dir='ltr'><strong>peccato</strong></span> <span class='ocrx_word' id='word_1_177' title='bbox 2524 1044 2728 1091; x_wconf 91' lang='lat' dir='ltr'><strong>nostro.</strong></span> <span class='ocrx_word' id='word_1_178' title='bbox 2761 1035 2965 1090; x_wconf 91' lang='lat' dir='ltr'><strong>Inimici</strong></span> <span class='ocrx_word' id='word_1_179' title='bbox 2993 1037 3136 1090; x_wconf 85' lang='lat' dir='ltr'><strong>enim</strong></span> <span class='ocrx_word' id='word_1_180' title='bbox 3157 1037 3325 1092; x_wconf 82' lang='lat' dir='ltr'><strong>nostri</strong></span> <span class='ocrx_word' id='word_1_181' title='bbox 3350 1038 3532 1092; x_wconf 73' lang='lat' dir='ltr'><strong>vivimt</strong></span> 
     </span>
    </p>
   </div>
   <div class='ocr_carea' id='block_1_22' title="bbox 1952 1125 3532 1199">
    <p class='ocr_par' dir='ltr' id='par_1_22' title="bbox 1952 1125 3532 1199">
     <span class='ocr_line' id='line_1_22' title="bbox 1952 1125 3532 1199; baseline 0.001 -15"><span class='ocrx_word' id='word_1_182' title='bbox 1952 1139 2008 1184; x_wconf 89' lang='lat' dir='ltr'><strong>et</strong></span> <span class='ocrx_word' id='word_1_183' title='bbox 2037 1129 2318 1183; x_wconf 82' lang='lat' dir='ltr'><strong>ﬁrmantur</strong></span> <span class='ocrx_word' id='word_1_184' title='bbox 2342 1143 2504 1198; x_wconf 87' lang='lat' dir='ltr'><strong>super</strong></span> <span class='ocrx_word' id='word_1_185' title='bbox 2527 1143 2645 1193; x_wconf 87' lang='lat' dir='ltr'><strong>nos,</strong></span> <span class='ocrx_word' id='word_1_186' title='bbox 2670 1126 2883 1196; x_wconf 87' lang='lat' dir='ltr'><strong>quando</strong></span> <span class='ocrx_word' id='word_1_187' title='bbox 2907 1125 3296 1198; x_wconf 79' lang='lat' dir='ltr'><strong>delinquimus;</strong></span> <span class='ocrx_word' id='word_1_188' title='bbox 3320 1129 3532 1199; x_wconf 88' lang='lat' dir='ltr'><strong>quando</strong></span> 
     </span>
    </p>
   </div>
   <div class='ocr_carea' id='block_1_23' title="bbox 1954 1219 3534 1290">
    <p class='ocr_par' dir='ltr' id='par_1_23' title="bbox 1954 1219 3534 1290">
     <span class='ocr_line' id='line_1_23' title="bbox 1954 1219 3534 1290; baseline 0.002 -13"><span class='ocrx_word' id='word_1_189' title='bbox 1954 1231 2134 1277; x_wconf 89' lang='lat' dir='ltr'><strong>autem</strong></span> <span class='ocrx_word' id='word_1_190' title='bbox 2163 1237 2271 1276; x_wconf 84' lang='lat' dir='ltr'><strong>non</strong></span> <span class='ocrx_word' id='word_1_191' title='bbox 2300 1219 2677 1289; x_wconf 87' lang='lat' dir='ltr'><strong>delinquimus,</strong></span> <span class='ocrx_word' id='word_1_192' title='bbox 2701 1219 3123 1290; x_wconf 85' lang='lat' dir='ltr'><strong>multiplicantur</strong></span> <span class='ocrx_word' id='word_1_193' title='bbox 3147 1227 3207 1274; x_wconf 93' lang='lat' dir='ltr'><strong>ut</strong></span> <span class='ocrx_word' id='word_1_194' title='bbox 3225 1220 3410 1276; x_wconf 88' lang='lat' dir='ltr'><strong>odiant</strong></span> <span class='ocrx_word' id='word_1_195' title='bbox 3437 1238 3534 1280; x_wconf 75' lang='lat' dir='ltr'><strong>nos</strong></span> 
     </span>
    </p>
   </div>
   <div class='ocr_carea' id='block_1_24' title="bbox 1957 1311 3535 1382">
    <p class='ocr_par' dir='ltr' id='par_1_24' title="bbox 1957 1311 3535 1382">
     <span class='ocr_line' id='line_1_24' title="bbox 1957 1311 3535 1382; baseline 0 -14"><span class='ocrx_word' id='word_1_196' title='bbox 1957 1314 2155 1382; x_wconf 89' lang='lat' dir='ltr'><strong>inique,</strong></span> <span class='ocrx_word' id='word_1_197' title='bbox 2207 1320 2264 1366; x_wconf 90' lang='lat' dir='ltr'><strong>ut</strong></span> <span class='ocrx_word' id='word_1_198' title='bbox 2307 1311 2604 1366; x_wconf 87' lang='lat' dir='ltr'><strong>retribuant</strong></span> <span class='ocrx_word' id='word_1_199' title='bbox 2630 1311 2784 1366; x_wconf 88' lang='lat' dir='ltr'><strong>nobis</strong></span> <span class='ocrx_word' id='word_1_200' title='bbox 2813 1311 2951 1366; x_wconf 87' lang='lat' dir='ltr'><strong>mala</strong></span> <span class='ocrx_word' id='word_1_201' title='bbox 2995 1326 3096 1381; x_wconf 76' lang='lat' dir='ltr'><strong>pro</strong></span> <span class='ocrx_word' id='word_1_202' title='bbox 3143 1311 3326 1378; x_wconf 88' lang='lat' dir='ltr'><strong>bonis,</strong></span> <span class='ocrx_word' id='word_1_203' title='bbox 3359 1312 3432 1367; x_wconf 91' lang='lat' dir='ltr'><strong>ita</strong></span> <span class='ocrx_word' id='word_1_204' title='bbox 3478 1321 3535 1368; x_wconf 88' lang='lat' dir='ltr'><strong>ut</strong></span> 
     </span>
    </p>
   </div>
   <div class='ocr_carea' id='block_1_25' title="bbox 1958 1402 3536 1468">
    <p class='ocr_par' dir='ltr' id='par_1_25' title="bbox 1958 1402 3536 1468">
     <span class='ocr_line' id='line_1_25' title="bbox 1958 1402 3536 1468; baseline -0.002 -8"><span class='ocrx_word' id='word_1_205' title='bbox 1958 1405 2234 1460; x_wconf 87' lang='lat' dir='ltr'><strong>orantibus</strong></span> <span class='ocrx_word' id='word_1_206' title='bbox 2274 1412 2329 1458; x_wconf 88' lang='lat' dir='ltr'><strong>et</strong></span> <span class='ocrx_word' id='word_1_207' title='bbox 2373 1411 2520 1458; x_wconf 90' lang='lat' dir='ltr'><strong>caste</strong></span> <span class='ocrx_word' id='word_1_208' title='bbox 2564 1418 2665 1457; x_wconf 91' lang='lat' dir='ltr'><strong>nos</strong></span> <span class='ocrx_word' id='word_1_209' title='bbox 2711 1403 3080 1468; x_wconf 86' lang='lat' dir='ltr'><strong>tractantibus,</strong></span> <span class='ocrx_word' id='word_1_210' title='bbox 3113 1402 3188 1457; x_wconf 89' lang='lat' dir='ltr'><strong>illi</strong></span> <span class='ocrx_word' id='word_1_211' title='bbox 3216 1403 3333 1458; x_wconf 86' lang='lat' dir='ltr'><strong>zelo</strong></span> <span class='ocrx_word' id='word_1_212' title='bbox 3369 1402 3536 1468; x_wconf 89' lang='lat' dir='ltr'><strong>ducti,</strong></span> 
     </span>
    </p>
   </div>
   <div class='ocr_carea' id='block_1_26' title="bbox 1959 1493 3534 1569">
    <p class='ocr_par' dir='ltr' id='par_1_26' title="bbox 1959 1493 3534 1569">
     <span class='ocr_line' id='line_1_26' title="bbox 1959 1493 3534 1569; baseline -0.003 -17"><span class='ocrx_word' id='word_1_213' title='bbox 1959 1513 2059 1569; x_wconf 91' lang='lat' dir='ltr'><strong>pro</strong></span> <span class='ocrx_word' id='word_1_214' title='bbox 2073 1497 2156 1551; x_wconf 91' lang='lat' dir='ltr'><strong>his</strong></span> <span class='ocrx_word' id='word_1_215' title='bbox 2169 1495 2324 1550; x_wconf 89' lang='lat' dir='ltr'><strong>bonis</strong></span> <span class='ocrx_word' id='word_1_216' title='bbox 2344 1495 2484 1549; x_wconf 88' lang='lat' dir='ltr'><strong>mala</strong></span> <span class='ocrx_word' id='word_1_217' title='bbox 2499 1494 2816 1559; x_wconf 87' lang='lat' dir='ltr'><strong>retribuant,</strong></span> <span class='ocrx_word' id='word_1_218' title='bbox 2839 1503 2895 1550; x_wconf 89' lang='lat' dir='ltr'><strong>et</strong></span> <span class='ocrx_word' id='word_1_219' title='bbox 2913 1493 3110 1550; x_wconf 77' lang='lat' dir='ltr'><strong>faciant</strong></span> <span class='ocrx_word' id='word_1_220' title='bbox 3130 1493 3285 1549; x_wconf 89' lang='lat' dir='ltr'><strong>nobis</strong></span> <span class='ocrx_word' id='word_1_221' title='bbox 3302 1493 3534 1560; x_wconf 82' lang='lat' dir='ltr'><strong>detrahi,</strong></span> 
     </span>
    </p>
   </div>
   <div class='ocr_carea' id='block_1_27' title="bbox 1959 1582 3536 1659">
    <p class='ocr_par' dir='ltr' id='par_1_27' title="bbox 1959 1582 3536 1659">
     <span class='ocr_line' id='line_1_27' title="bbox 1959 1582 3536 1659; baseline -0.003 -17"><span class='ocrx_word' id='word_1_222' title='bbox 1959 1587 2172 1659; x_wconf 90' lang='lat' dir='ltr'><strong>quando</strong></span> <span class='ocrx_word' id='word_1_223' title='bbox 2214 1585 2488 1654; x_wconf 83' lang='lat' dir='ltr'><strong>sequimur</strong></span> <span class='ocrx_word' id='word_1_224' title='bbox 2508 1582 2789 1654; x_wconf 85' lang='lat' dir='ltr'><strong>justitiam.</strong></span> <span class='ocrx_word' id='word_1_225' title='bbox 2820 1582 2888 1637; x_wconf 85' lang='lat' dir='ltr'><strong>Et</strong></span> <span class='ocrx_word' id='word_1_226' title='bbox 2937 1583 3056 1639; x_wconf 90' lang='lat' dir='ltr'><strong>ideo</strong></span> <span class='ocrx_word' id='word_1_227' title='bbox 3084 1583 3417 1638; x_wconf 86' lang='lat' dir='ltr'><strong>clamandum</strong></span> <span class='ocrx_word' id='word_1_228' title='bbox 3457 1592 3536 1638; x_wconf 86' lang='lat' dir='ltr'><strong>est</strong></span> 
     </span>
    </p>
   </div>
   <div class='ocr_carea' id='block_1_28' title="bbox 1962 1674 3540 1745">
    <p class='ocr_par' dir='ltr' id='par_1_28' title="bbox 1962 1674 3540 1745">
     <span class='ocr_line' id='line_1_28' title="bbox 1962 1674 3540 1745; baseline -0.014 -7"><span class='ocrx_word' id='word_1_229' title='bbox 1962 1681 2029 1738; x_wconf 90' lang='lat' dir='ltr'><strong>ad</strong></span> <span class='ocrx_word' id='word_1_230' title='bbox 2058 1680 2362 1743; x_wconf 92' lang='lat' dir='ltr'><strong>Dominum,</strong></span> <span class='ocrx_word' id='word_1_231' title='bbox 2394 1693 2495 1733; x_wconf 90' lang='lat' dir='ltr'><strong>nec</strong></span> <span class='ocrx_word' id='word_1_232' title='bbox 2541 1676 2878 1745; x_wconf 88' lang='lat' dir='ltr'><strong>derelinquat</strong></span> <span class='ocrx_word' id='word_1_233' title='bbox 2903 1690 3002 1730; x_wconf 90' lang='lat' dir='ltr'><strong>nos</strong></span> <span class='ocrx_word' id='word_1_234' title='bbox 3029 1690 3126 1744; x_wconf 91' lang='lat' dir='ltr'><strong>pro</strong></span> <span class='ocrx_word' id='word_1_235' title='bbox 3154 1674 3388 1745; x_wconf 76' lang='lat' dir='ltr'><strong>peccatis</strong></span> <span class='ocrx_word' id='word_1_236' title='bbox 3435 1689 3540 1729; x_wconf 80' lang='grc' dir='ltr'><strong>ηο..</strong></span> 
     </span>
    </p>
   </div>
   <div class='ocr_carea' id='block_1_29' title="bbox 278 1750 3541 1841">
    <p class='ocr_par' dir='ltr' id='par_1_29' title="bbox 278 1750 3541 1841">
     <span class='ocr_line' id='line_1_29' title="bbox 278 1750 3541 1841; baseline -0.007 -25"><span class='ocrx_word' id='word_1_237' title='bbox 278 1757 546 1816; x_wconf 89' lang='lat' dir='ltr'><strong>sermonis</strong></span> <span class='ocrx_word' id='word_1_238' title='bbox 571 1763 627 1811; x_wconf 90' lang='lat' dir='ltr'><strong>et</strong></span> <span class='ocrx_word' id='word_1_239' title='bbox 654 1755 895 1820; x_wconf 88' lang='lat' dir='ltr'><strong>rationis,</strong></span> <span class='ocrx_word' id='word_1_240' title='bbox 927 1762 982 1810; x_wconf 90' lang='lat' dir='ltr'><strong>et</strong></span> <span class='ocrx_word' id='word_1_241' title='bbox 1025 1753 1093 1809; x_wconf 89' lang='lat' dir='ltr'><strong>de</strong></span> <span class='ocrx_word' id='word_1_242' title='bbox 1123 1753 1440 1823; x_wconf 89' lang='lat' dir='ltr'><strong>incorporeo</strong></span> <span class='ocrx_word' id='word_1_243' title='bbox 1482 1750 1767 1821; x_wconf 90' lang='lat' dir='ltr'><strong>corporei,</strong></span> <span class='ocrx_word' id='word_1_244' title='bbox 1799 1764 1862 1804; x_wconf 91' lang='lat' dir='ltr'><strong>ac</strong></span> <span class='ocrx_word' id='word_1_245' title='bbox 1890 1766 1937 1827; x_wconf 69' lang='grc' dir='ltr'><strong><em>Β</em></strong></span> <span class='ocrx_word' id='word_1_246' title='bbox 1965 1776 2106 1841; x_wconf 57' lang='lat' dir='ltr'><strong>suis,</strong></span> <span class='ocrx_word' id='word_1_247' title='bbox 2138 1772 2233 1830; x_wconf 68' lang='lat' dir='ltr'><strong>sed</strong></span> <span class='ocrx_word' id='word_1_248' title='bbox 2284 1769 2524 1826; x_wconf 47' lang='lat' dir='ltr'><strong>intendat</strong></span> <span class='ocrx_word' id='word_1_249' title='bbox 2554 1769 2606 1824; x_wconf 74' lang='lat' dir='ltr'><strong>in</strong></span> <span class='ocrx_word' id='word_1_250' title='bbox 2656 1767 2978 1836; x_wconf 50' lang='lat' dir='ltr'><strong>adiutorium</strong></span> <span class='ocrx_word' id='word_1_251' title='bbox 3021 1774 3257 1820; x_wconf 53' lang='lat' dir='ltr'><strong>nostrum</strong></span> <span class='ocrx_word' id='word_1_252' title='bbox 3277 1805 3291 1830; x_wconf 58' lang='lat'><strong>’</strong></span> <span class='ocrx_word' id='word_1_253' title='bbox 3341 1766 3394 1820; x_wconf 60' lang='lat' dir='ltr'><strong>in</strong></span> <span class='ocrx_word' id='word_1_254' title='bbox 3433 1779 3541 1835; x_wconf 67' lang='lat' dir='ltr'><strong>quo</strong></span> 
     </span>
    </p>
   </div>
   <div class='ocr_carea' id='block_1_30' title="bbox 281 1843 1861 1918">
    <p class='ocr_par' dir='ltr' id='par_1_30' title="bbox 281 1843 1861 1918">
     <span class='ocr_line' id='line_1_30' title="bbox 281 1843 1861 1918; baseline -0.007 -12"><span class='ocrx_word' id='word_1_255' title='bbox 281 1850 351 1906; x_wconf 88' lang='lat' dir='ltr'><strong>de</strong></span> <span class='ocrx_word' id='word_1_256' title='bbox 381 1847 690 1918; x_wconf 88' lang='lat' dir='ltr'><strong>Impassibili</strong></span> <span class='ocrx_word' id='word_1_257' title='bbox 722 1845 1018 1916; x_wconf 87' lang='lat' dir='ltr'><strong>passibiles,</strong></span> <span class='ocrx_word' id='word_1_258' title='bbox 1051 1844 1343 1900; x_wconf 87' lang='lat' dir='ltr'><strong>secundum</strong></span> <span class='ocrx_word' id='word_1_259' title='bbox 1371 1843 1514 1912; x_wconf 90' lang='lat' dir='ltr'><strong>quod</strong></span> <span class='ocrx_word' id='word_1_260' title='bbox 1544 1858 1643 1896; x_wconf 89' lang='lat' dir='ltr'><strong>nos</strong></span> <span class='ocrx_word' id='word_1_261' title='bbox 1669 1857 1861 1912; x_wconf 88' lang='lat' dir='ltr'><strong>possu-</strong></span> 
     </span>
    </p>
   </div>
   <div class='ocr_carea' id='block_1_31' title="bbox 279 1933 1863 2008">
    <p class='ocr_par' dir='ltr' id='par_1_31' title="bbox 279 1933 1863 2008">
     <span class='ocr_line' id='line_1_31' title="bbox 279 1933 1863 2008; baseline -0.006 -12"><span class='ocrx_word' id='word_1_262' title='bbox 279 1956 423 2006; x_wconf 88' lang='lat' dir='ltr'><strong>mus,</strong></span> <span class='ocrx_word' id='word_1_263' title='bbox 446 1956 552 1996; x_wconf 92' lang='lat' dir='ltr'><strong>non</strong></span> <span class='ocrx_word' id='word_1_264' title='bbox 580 1938 872 1995; x_wconf 88' lang='lat' dir='ltr'><strong>secundum</strong></span> <span class='ocrx_word' id='word_1_265' title='bbox 893 1936 1036 2007; x_wconf 88' lang='lat' dir='ltr'><strong>quod</strong></span> <span class='ocrx_word' id='word_1_266' title='bbox 1055 1937 1169 2008; x_wconf 88' lang='lat' dir='ltr'><strong>ipse</strong></span> <span class='ocrx_word' id='word_1_267' title='bbox 1197 1945 1279 1992; x_wconf 81' lang='lat' dir='ltr'><strong>est</strong></span> <span class='ocrx_word' id='word_1_268' title='bbox 1297 1944 1673 2006; x_wconf 88' lang='lat' dir='ltr'><strong>protestamur.</strong></span> <span class='ocrx_word' id='word_1_269' title='bbox 1700 1933 1863 1988; x_wconf 86' lang='lat' dir='ltr'><strong>Deni-</strong></span> 
     </span>
    </p>
   </div>
   <div class='ocr_carea' id='block_1_32' title="bbox 279 2025 1863 2103">
    <p class='ocr_par' dir='ltr' id='par_1_32' title="bbox 279 2025 1863 2103">
     <span class='ocr_line' id='line_1_32' title="bbox 279 2025 1863 2103; baseline -0.006 -15"><span class='ocrx_word' id='word_1_270' title='bbox 279 2048 388 2103; x_wconf 87' lang='lat' dir='ltr'><strong>que</strong></span> <span class='ocrx_word' id='word_1_271' title='bbox 415 2032 654 2101; x_wconf 83' lang='lat' dir='ltr'><strong>sequitur</strong></span> <span class='ocrx_word' id='word_1_272' title='bbox 686 2049 699 2084; x_wconf 91' lang='lat'>:</span> <span class='ocrx_word' id='word_1_273' title='bbox 727 2029 995 2096; x_wconf 83' lang='lat' dir='ltr'><strong>Quoniam</strong></span> <span class='ocrx_word' id='word_1_274' title='bbox 1020 2029 1226 2096; x_wconf 77' lang='lat' dir='ltr'><strong>sagitta:</strong></span> <span class='ocrx_word' id='word_1_275' title='bbox 1253 2037 1358 2082; x_wconf 76' lang='lat' dir='ltr'><strong>tuae</strong></span> <span class='ocrx_word' id='word_1_276' title='bbox 1406 2025 1582 2080; x_wconf 68' lang='lat' dir='ltr'><strong>inﬁxa:</strong></span> <span class='ocrx_word' id='word_1_277' title='bbox 1609 2031 1734 2078; x_wconf 90' lang='lat' dir='ltr'><strong>sunt</strong></span> <span class='ocrx_word' id='word_1_278' title='bbox 1762 2025 1863 2078; x_wconf 87' lang='lat' dir='ltr'><strong>mi-</strong></span> 
     </span>
    </p>
   </div>
   <div class='ocr_carea' id='block_1_33' title="bbox 283 2118 1868 2198">
    <p class='ocr_par' dir='ltr' id='par_1_33' title="bbox 283 2118 1868 2198">
     <span class='ocr_line' id='line_1_33' title="bbox 283 2118 1868 2198; baseline -0.009 -16"><span class='ocrx_word' id='word_1_279' title='bbox 283 2128 358 2182; x_wconf 87' lang='lat' dir='ltr'><strong>hi.</strong></span> <span class='ocrx_word' id='word_1_280' title='bbox 391 2126 636 2198; x_wconf 85' lang='lat' dir='ltr'><strong>Nunquid</strong></span> <span class='ocrx_word' id='word_1_281' title='bbox 655 2127 779 2197; x_wconf 89' lang='lat' dir='ltr'><strong>quia</strong></span> <span class='ocrx_word' id='word_1_282' title='bbox 801 2124 1022 2193; x_wconf 83' lang='lat' dir='ltr'><strong>sagittas</strong></span> <span class='ocrx_word' id='word_1_283' title='bbox 1045 2123 1305 2186; x_wconf 89' lang='lat' dir='ltr'><strong>nominat,</strong></span> <span class='ocrx_word' id='word_1_284' title='bbox 1328 2136 1466 2176; x_wconf 73' lang='lat' dir='ltr'><strong>vera:</strong></span> <span class='ocrx_word' id='word_1_285' title='bbox 1485 2119 1691 2186; x_wconf 68' lang='lat' dir='ltr'><strong>sagitta:</strong></span> <span class='ocrx_word' id='word_1_286' title='bbox 1710 2118 1868 2171; x_wconf 80' lang='lat' dir='ltr'><strong>sunt?</strong></span> 
     </span>
    </p>
   </div>
   <div class='ocr_carea' id='block_1_34' title="bbox 284 2205 1874 2290">
    <p class='ocr_par' dir='ltr' id='par_1_34' title="bbox 284 2205 1874 2290">
     <span class='ocr_line' id='line_1_34' title="bbox 284 2205 1874 2290; baseline -0.009 -14"><span class='ocrx_word' id='word_1_287' title='bbox 284 2221 455 2276; x_wconf 88' lang='lat' dir='ltr'><strong>Immo</strong></span> <span class='ocrx_word' id='word_1_288' title='bbox 498 2221 626 2290; x_wconf 67' lang='lat' dir='ltr'><strong>ipsae</strong></span> <span class='ocrx_word' id='word_1_289' title='bbox 654 2233 796 2274; x_wconf 62' lang='lat' dir='ltr'><strong>verae</strong></span> <span class='ocrx_word' id='word_1_290' title='bbox 833 2205 1039 2285; x_wconf 66' lang='lat' dir='ltr'><strong>sagittae</strong></span> <span class='ocrx_word' id='word_1_291' title='bbox 1065 2223 1208 2280; x_wconf 89' lang='lat' dir='ltr'><strong>sunt,</strong></span> <span class='ocrx_word' id='word_1_292' title='bbox 1238 2213 1306 2268; x_wconf 89' lang='lat' dir='ltr'><strong>de</strong></span> <span class='ocrx_word' id='word_1_293' title='bbox 1330 2212 1522 2281; x_wconf 87' lang='lat' dir='ltr'><strong>quibus</strong></span> <span class='ocrx_word' id='word_1_294' title='bbox 1562 2207 1874 2280; x_wconf 86' lang='lat' dir='ltr'><strong>spiritaliter</strong></span> 
     </span>
    </p>
   </div>
   <div class='ocr_carea' id='block_1_35' title="bbox 283 2300 1873 2384">
    <p class='ocr_par' dir='ltr' id='par_1_35' title="bbox 283 2300 1873 2384">
     <span class='ocr_line' id='line_1_35' title="bbox 283 2300 1873 2384; baseline -0.009 -16"><span class='ocrx_word' id='word_1_295' title='bbox 283 2313 591 2384; x_wconf 77' lang='lat' dir='ltr'><strong>pungimur,</strong></span> <span class='ocrx_word' id='word_1_296' title='bbox 623 2319 683 2365; x_wconf 91' lang='lat' dir='ltr'><strong>ut</strong></span> <span class='ocrx_word' id='word_1_297' title='bbox 726 2307 1126 2364; x_wconf 87' lang='lat' dir='ltr'><strong>consideremus</strong></span> <span class='ocrx_word' id='word_1_298' title='bbox 1153 2305 1275 2376; x_wconf 91' lang='lat' dir='ltr'><strong>quia</strong></span> <span class='ocrx_word' id='word_1_299' title='bbox 1317 2319 1425 2360; x_wconf 87' lang='lat' dir='ltr'><strong>non</strong></span> <span class='ocrx_word' id='word_1_300' title='bbox 1466 2311 1549 2358; x_wconf 90' lang='lat' dir='ltr'><strong>est</strong></span> <span class='ocrx_word' id='word_1_301' title='bbox 1593 2301 1794 2356; x_wconf 89' lang='lat' dir='ltr'><strong>sanitas</strong></span> <span class='ocrx_word' id='word_1_302' title='bbox 1820 2300 1873 2354; x_wconf 89' lang='lat' dir='ltr'><strong>in</strong></span> 
     </span>
    </p>
   </div>
   <div class='ocr_carea' id='block_1_36' title="bbox 287 2395 1870 2470">
    <p class='ocr_par' dir='ltr' id='par_1_36' title="bbox 287 2395 1870 2470">
     <span class='ocr_line' id='line_1_36' title="bbox 287 2395 1870 2470; baseline -0.011 -7"><span class='ocrx_word' id='word_1_303' title='bbox 287 2420 452 2463; x_wconf 83' lang='lat' dir='ltr'><strong>came</strong></span> <span class='ocrx_word' id='word_1_304' title='bbox 474 2411 679 2468; x_wconf 86' lang='lat' dir='ltr'><strong>nostra,</strong></span> <span class='ocrx_word' id='word_1_305' title='bbox 709 2398 928 2470; x_wconf 88' lang='lat' dir='ltr'><strong>quando</strong></span> <span class='ocrx_word' id='word_1_306' title='bbox 948 2398 1227 2453; x_wconf 88' lang='lat' dir='ltr'><strong>libidinum</strong></span> <span class='ocrx_word' id='word_1_307' title='bbox 1249 2396 1558 2453; x_wconf 79' lang='lat' dir='ltr'><strong>vulneribus</strong></span> <span class='ocrx_word' id='word_1_308' title='bbox 1579 2395 1870 2464; x_wconf 81' lang='lat' dir='ltr'><strong>agitamur;</strong></span> 
     </span>
    </p>
   </div>
   <div class='ocr_carea' id='block_1_37' title="bbox 289 2484 1872 2560">
    <p class='ocr_par' dir='ltr' id='par_1_37' title="bbox 289 2484 1872 2560">
     <span class='ocr_line' id='line_1_37' title="bbox 289 2484 1872 2560; baseline -0.008 -9"><span class='ocrx_word' id='word_1_309' title='bbox 289 2484 599 2553; x_wconf 74' lang='lat' dir='ltr'><strong>ibi&#39;vulnus</strong></span> <span class='ocrx_word' id='word_1_310' title='bbox 626 2494 718 2547; x_wconf 69' lang='lat' dir='ltr'><strong>ira:</strong></span> <span class='ocrx_word' id='word_1_311' title='bbox 746 2490 986 2557; x_wconf 81' lang='lat' dir='ltr'><strong>Domini,</strong></span> <span class='ocrx_word' id='word_1_312' title='bbox 1038 2489 1111 2544; x_wconf 92' lang='lat' dir='ltr'><strong>ibi</strong></span> <span class='ocrx_word' id='word_1_313' title='bbox 1160 2503 1348 2560; x_wconf 89' lang='lat' dir='ltr'><strong>pacem</strong></span> <span class='ocrx_word' id='word_1_314' title='bbox 1373 2503 1491 2544; x_wconf 88' lang='lat' dir='ltr'><strong>ossa</strong></span> <span class='ocrx_word' id='word_1_315' title='bbox 1535 2494 1719 2541; x_wconf 89' lang='lat' dir='ltr'><strong>nostra</strong></span> <span class='ocrx_word' id='word_1_316' title='bbox 1763 2498 1872 2537; x_wconf 88' lang='lat' dir='ltr'><strong>non</strong></span> 
     </span>
    </p>
   </div>
   <div class='ocr_carea' id='block_1_38' title="bbox 291 2576 1872 2656">
    <p class='ocr_par' dir='ltr' id='par_1_38' title="bbox 291 2576 1872 2656">
     <span class='ocr_line' id='line_1_38' title="bbox 291 2576 1872 2656; baseline -0.01 -10"><span class='ocrx_word' id='word_1_317' title='bbox 291 2590 547 2646; x_wconf 63' lang='lat' dir='ltr'><strong>habente</strong></span> <span class='ocrx_word' id='word_1_318' title='bbox 570 2587 705 2642; x_wconf 84' lang='lat' dir='ltr'><strong>facie</strong></span> <span class='ocrx_word' id='word_1_319' title='bbox 725 2592 1064 2656; x_wconf 83' lang='lat' dir='ltr'><strong>peccatorum</strong></span> <span class='ocrx_word' id='word_1_320' title='bbox 1091 2590 1413 2638; x_wconf 88' lang='lat' dir='ltr'><strong>nostrorum.</strong></span> <span class='ocrx_word' id='word_1_321' title='bbox 1431 2579 1656 2648; x_wconf 89' lang='lat' dir='ltr'><strong>Quando</strong></span> <span class='ocrx_word' id='word_1_322' title='bbox 1678 2576 1872 2647; x_wconf 86' lang='lat' dir='ltr'><strong>iniqui-</strong></span> 
     </span>
    </p>
   </div>
   <div class='ocr_carea' id='block_1_39' title="bbox 297 2667 1872 2746">
    <p class='ocr_par' dir='ltr' id='par_1_39' title="bbox 297 2667 1872 2746">
     <span class='ocr_line' id='line_1_39' title="bbox 297 2667 1872 2746; baseline -0.01 -10"><span class='ocrx_word' id='word_1_323' title='bbox 297 2688 438 2735; x_wconf 86' lang='lat' dir='ltr'><strong>tates</strong></span> <span class='ocrx_word' id='word_1_324' title='bbox 482 2687 676 2735; x_wconf 64' lang='lat' dir='ltr'><strong>nostra:</strong></span> <span class='ocrx_word' id='word_1_325' title='bbox 715 2674 1186 2746; x_wconf 76' lang='lat' dir='ltr'><strong>supergrediuntur</strong></span> <span class='ocrx_word' id='word_1_326' title='bbox 1210 2681 1370 2743; x_wconf 77' lang='lat' dir='ltr'><strong>caput</strong></span> <span class='ocrx_word' id='word_1_327' title='bbox 1395 2681 1656 2727; x_wconf 89' lang='lat' dir='ltr'><strong>nostrum.</strong></span> <span class='ocrx_word' id='word_1_328' title='bbox 1697 2667 1872 2738; x_wconf 86' lang='lat' dir='ltr'><strong>Caput</strong></span> 
     </span>
    </p>
   </div>
   <div class='ocr_carea' id='block_1_40' title="bbox 292 2769 1872 2844">
    <p class='ocr_par' dir='ltr' id='par_1_40' title="bbox 292 2769 1872 2844">
     <span class='ocr_line' id='line_1_40' title="bbox 292 2769 1872 2844; baseline -0.005 -15"><span class='ocrx_word' id='word_1_329' title='bbox 292 2782 539 2836; x_wconf 87' lang='lat' dir='ltr'><strong>nostrum</strong></span> <span class='ocrx_word' id='word_1_330' title='bbox 565 2772 807 2828; x_wconf 89' lang='lat' dir='ltr'><strong>Christus</strong></span> <span class='ocrx_word' id='word_1_331' title='bbox 835 2779 933 2826; x_wconf 89' lang='lat' dir='ltr'><strong>est.</strong></span> <span class='ocrx_word' id='word_1_332' title='bbox 973 2769 1200 2844; x_wconf 77' lang='lat' dir='ltr'><strong>Quando</strong></span> <span class='ocrx_word' id='word_1_333' title='bbox 1235 2777 1421 2826; x_wconf 89' lang='lat' dir='ltr'><strong>contra</strong></span> <span class='ocrx_word' id='word_1_334' title='bbox 1451 2769 1566 2839; x_wconf 90' lang='lat' dir='ltr'><strong>ejus</strong></span> <span class='ocrx_word' id='word_1_335' title='bbox 1604 2775 1872 2839; x_wconf 84' lang='lat' dir='ltr'><strong>praecepta</strong></span> 
     </span>
    </p>
   </div>
   <div class='ocr_carea' id='block_1_41' title="bbox 259 2863 1874 2938">
    <p class='ocr_par' dir='ltr' id='par_1_41' title="bbox 259 2863 1874 2938">
     <span class='ocr_line' id='line_1_41' title="bbox 259 2863 1874 2938; baseline -0.006 -17"><span class='ocrx_word' id='word_1_336' title='bbox 259 2863 266 2867; x_wconf 74' lang='grc'><em>’</em></span> <span class='ocrx_word' id='word_1_337' title='bbox 289 2865 490 2938; x_wconf 87' lang='lat' dir='ltr'><strong>aliquid</strong></span> <span class='ocrx_word' id='word_1_338' title='bbox 518 2865 744 2933; x_wconf 84' lang='lat' dir='ltr'><strong>agimus,</strong></span> <span class='ocrx_word' id='word_1_339' title='bbox 776 2863 1081 2934; x_wconf 86' lang='lat' dir='ltr'><strong>iniquitates</strong></span> <span class='ocrx_word' id='word_1_340' title='bbox 1108 2869 1305 2917; x_wconf 67' lang='lat' dir='ltr'><strong>nostra:</strong></span> <span class='ocrx_word' id='word_1_341' title='bbox 1332 2869 1492 2931; x_wconf 89' lang='lat' dir='ltr'><strong>caput</strong></span> <span class='ocrx_word' id='word_1_342' title='bbox 1521 2867 1762 2913; x_wconf 89' lang='lat' dir='ltr'><strong>nostrum</strong></span> <span class='ocrx_word' id='word_1_343' title='bbox 1783 2873 1874 2912; x_wconf 83' lang='lat' dir='ltr'><strong>su-</strong></span> 
     </span>
    </p>
   </div>
   <div class='ocr_carea' id='block_1_42' title="bbox 289 2954 1878 3034">
    <p class='ocr_par' dir='ltr' id='par_1_42' title="bbox 289 2954 1878 3034">
     <span class='ocr_line' id='line_1_42' title="bbox 289 2954 1878 3034; baseline -0.007 -21"><span class='ocrx_word' id='word_1_344' title='bbox 289 2956 721 3034; x_wconf 83' lang='lat' dir='ltr'><strong>pergrediuntur,</strong></span> <span class='ocrx_word' id='word_1_345' title='bbox 753 2961 808 3010; x_wconf 90' lang='lat' dir='ltr'><strong>et</strong></span> <span class='ocrx_word' id='word_1_346' title='bbox 833 2954 983 3019; x_wconf 64' lang='lat' dir='ltr'><strong>isicut</strong></span> <span class='ocrx_word' id='word_1_347' title='bbox 1022 2970 1173 3010; x_wconf 62' lang='lat' dir='ltr'><strong>onus.</strong></span> <span class='ocrx_word' id='word_1_348' title='bbox 1201 2967 1364 3022; x_wconf 86' lang='lat' dir='ltr'><strong>grave</strong></span> <span class='ocrx_word' id='word_1_349' title='bbox 1391 2960 1680 3020; x_wconf 83' lang='lat' dir='ltr'><strong>gravantur</strong></span> <span class='ocrx_word' id='word_1_350' title='bbox 1715 2964 1878 3018; x_wconf 88' lang='lat' dir='ltr'><strong>super</strong></span> 
     </span>
    </p>
   </div>
   <div class='ocr_carea' id='block_1_43' title="bbox 295 3041 1876 3118">
    <p class='ocr_par' dir='ltr' id='par_1_43' title="bbox 295 3041 1876 3118">
     <span class='ocr_line' id='line_1_43' title="bbox 295 3041 1876 3118; baseline -0.009 -11"><span class='ocrx_word' id='word_1_351' title='bbox 295 3065 420 3106; x_wconf 86' lang='lat' dir='ltr'><strong>nos.</strong></span> <span class='ocrx_word' id='word_1_352' title='bbox 449 3050 515 3105; x_wconf 85' lang='lat' dir='ltr'><strong>Et</strong></span> <span class='ocrx_word' id='word_1_353' title='bbox 551 3048 676 3118; x_wconf 90' lang='lat' dir='ltr'><strong>quia</strong></span> <span class='ocrx_word' id='word_1_354' title='bbox 718 3061 898 3101; x_wconf 87' lang='lat' dir='ltr'><strong>moras</strong></span> <span class='ocrx_word' id='word_1_355' title='bbox 925 3045 1168 3110; x_wconf 78' lang='lat' dir='ltr'><strong>facimus,</strong></span> <span class='ocrx_word' id='word_1_356' title='bbox 1199 3045 1253 3098; x_wconf 91' lang='lat' dir='ltr'><strong>in</strong></span> <span class='ocrx_word' id='word_1_357' title='bbox 1284 3045 1412 3114; x_wconf 83' lang='lat' dir='ltr'><strong>ipsis</strong></span> <span class='ocrx_word' id='word_1_358' title='bbox 1442 3041 1748 3098; x_wconf 82' lang='lat' dir='ltr'><strong>vulneribus</strong></span> <span class='ocrx_word' id='word_1_359' title='bbox 1777 3055 1876 3094; x_wconf 91' lang='lat' dir='ltr'><strong>no-</strong></span> 
     </span>
    </p>
   </div>
   <div class='ocr_carea' id='block_1_44' title="bbox 1963 1856 3542 1940">
    <p class='ocr_par' dir='ltr' id='par_1_44' title="bbox 1963 1856 3542 1940">
     <span class='ocr_line' id='line_1_44' title="bbox 1963 1856 3542 1940; baseline -0.008 -18"><span class='ocrx_word' id='word_1_360' title='bbox 1963 1866 2233 1940; x_wconf 73' lang='lat' dir='ltr'><strong>prznterita</strong></span> <span class='ocrx_word' id='word_1_361' title='bbox 2258 1864 2604 1934; x_wconf 73' lang='lat' dir='ltr'><strong>pmnitemus,</strong></span> <span class='ocrx_word' id='word_1_362' title='bbox 2635 1859 2919 1930; x_wconf 75' lang='lat' dir='ltr'><strong>pmsentia</strong></span> <span class='ocrx_word' id='word_1_363' title='bbox 2949 1857 3282 1928; x_wconf 60' lang='lat' dir='ltr'><strong>corrigimw,</strong></span> <span class='ocrx_word' id='word_1_364' title='bbox 3302 1857 3436 1926; x_wconf 82' lang='lat' dir='ltr'><strong>&#39;ipse</strong></span> <span class='ocrx_word' id='word_1_365' title='bbox 3463 1856 3542 1910; x_wconf 79' lang='lat' dir='ltr'><strong>tu-</strong></span> 
     </span>
    </p>
   </div>
   <div class='ocr_carea' id='block_1_45' title="bbox 1965 1947 3544 2026">
    <p class='ocr_par' dir='ltr' id='par_1_45' title="bbox 1965 1947 3544 2026">
     <span class='ocr_line' id='line_1_45' title="bbox 1965 1947 3544 2026; baseline -0.007 -11"><span class='ocrx_word' id='word_1_366' title='bbox 1965 1969 2083 2015; x_wconf 91' lang='lat' dir='ltr'><strong>tura</strong></span> <span class='ocrx_word' id='word_1_367' title='bbox 2111 1958 2322 2026; x_wconf 88' lang='lat' dir='ltr'><strong>dirigat,</strong></span> <span class='ocrx_word' id='word_1_368' title='bbox 2357 1963 2416 2010; x_wconf 92' lang='lat' dir='ltr'><strong>ut</strong></span> <span class='ocrx_word' id='word_1_369' title='bbox 2457 1956 2600 2009; x_wconf 86' lang='lat' dir='ltr'><strong>sicut</strong></span> <span class='ocrx_word' id='word_1_370' title='bbox 2627 1952 2811 2007; x_wconf 86' lang='lat' dir='ltr'><strong>titulus</strong></span> <span class='ocrx_word' id='word_1_371' title='bbox 2848 1947 3414 2006; x_wconf 81' lang='lat' dir='ltr'><strong>commemorationem</strong></span> <span class='ocrx_word' id='word_1_372' title='bbox 3440 1948 3544 2005; x_wconf 86' lang='lat' dir='ltr'><strong>diei</strong></span> 
     </span>
    </p>
   </div>
   <div class='ocr_carea' id='block_1_46' title="bbox 1967 2039 3547 2116">
    <p class='ocr_par' dir='ltr' id='par_1_46' title="bbox 1967 2039 3547 2116">
     <span class='ocr_line' id='line_1_46' title="bbox 1967 2039 3547 2116; baseline -0.007 -10"><span class='ocrx_word' id='word_1_373' title='bbox 1967 2050 2177 2106; x_wconf 85' lang='lat' dir='ltr'><strong>sabbati</strong></span> <span class='ocrx_word' id='word_1_374' title='bbox 2222 2046 2431 2116; x_wconf 89' lang='lat' dir='ltr'><strong>psalmo</strong></span> <span class='ocrx_word' id='word_1_375' title='bbox 2459 2045 2664 2114; x_wconf 89' lang='lat' dir='ltr'><strong>positus</strong></span> <span class='ocrx_word' id='word_1_376' title='bbox 2701 2050 3060 2114; x_wconf 88' lang='lat' dir='ltr'><strong>protestatur,</strong></span> <span class='ocrx_word' id='word_1_377' title='bbox 3103 2041 3171 2095; x_wconf 89' lang='lat' dir='ltr'><strong>ab</strong></span> <span class='ocrx_word' id='word_1_378' title='bbox 3199 2039 3344 2096; x_wconf 90' lang='lat' dir='ltr'><strong>omni</strong></span> <span class='ocrx_word' id='word_1_379' title='bbox 3385 2055 3547 2110; x_wconf 85' lang='lat' dir='ltr'><strong>opere</strong></span> 
     </span>
    </p>
   </div>
   <div class='ocr_carea' id='block_1_47' title="bbox 1970 2134 3547 2205">
    <p class='ocr_par' dir='ltr' id='par_1_47' title="bbox 1970 2134 3547 2205">
     <span class='ocr_line' id='line_1_47' title="bbox 1970 2134 3547 2205; baseline -0.007 -7"><span class='ocrx_word' id='word_1_380' title='bbox 1970 2142 2150 2198; x_wconf 86' lang='lat' dir='ltr'><strong>servili</strong></span> <span class='ocrx_word' id='word_1_381' title='bbox 2191 2154 2483 2203; x_wconf 85' lang='lat' dir='ltr'><strong>cessemus,</strong></span> <span class='ocrx_word' id='word_1_382' title='bbox 2513 2145 2572 2190; x_wconf 91' lang='lat' dir='ltr'><strong>ut</strong></span> <span class='ocrx_word' id='word_1_383' title='bbox 2620 2136 2911 2191; x_wconf 87' lang='lat' dir='ltr'><strong>liberemur</strong></span> <span class='ocrx_word' id='word_1_384' title='bbox 2939 2151 2970 2188; x_wconf 90' lang='lat' dir='ltr'><strong>a</strong></span> <span class='ocrx_word' id='word_1_385' title='bbox 3017 2134 3276 2189; x_wconf 86' lang='lat' dir='ltr'><strong>servitute</strong></span> <span class='ocrx_word' id='word_1_386' title='bbox 3321 2134 3547 2205; x_wconf 89' lang='lat' dir='ltr'><strong>peccati,</strong></span> 
     </span>
    </p>
   </div>
   <div class='ocr_carea' id='block_1_48' title="bbox 1970 2223 3550 2305">
    <p class='ocr_par' dir='ltr' id='par_1_48' title="bbox 1970 2223 3550 2305">
     <span class='ocr_line' id='line_1_48' title="bbox 1970 2223 3550 2305; baseline -0.007 -17"><span class='ocrx_word' id='word_1_387' title='bbox 1970 2248 2069 2305; x_wconf 88' lang='lat' dir='ltr'><strong>per</strong></span> <span class='ocrx_word' id='word_1_388' title='bbox 2096 2231 2381 2287; x_wconf 90' lang='lat' dir='ltr'><strong>Dominum</strong></span> <span class='ocrx_word' id='word_1_389' title='bbox 2408 2223 2646 2283; x_wconf 85' lang='lat' dir='ltr'><strong>nostrum</strong></span> <span class='ocrx_word' id='word_1_390' title='bbox 2684 2224 2865 2281; x_wconf 77' lang='lat' dir='ltr'><strong>Iesum</strong></span> <span class='ocrx_word' id='word_1_391' title='bbox 2893 2225 3189 2288; x_wconf 85' lang='lat' dir='ltr'><strong>Christum,</strong></span> <span class='ocrx_word' id='word_1_392' title='bbox 3218 2223 3308 2292; x_wconf 88' lang='lat' dir='ltr'><strong>qui</strong></span> <span class='ocrx_word' id='word_1_393' title='bbox 3336 2223 3392 2279; x_wconf 91' lang='lat' dir='ltr'><strong>in</strong></span> <span class='ocrx_word' id='word_1_394' title='bbox 3433 2223 3550 2278; x_wconf 84' lang='lat' dir='ltr'><strong>utri-</strong></span> 
     </span>
    </p>
   </div>
   <div class='ocr_carea' id='block_1_49' title="bbox 1971 2314 3550 2387">
    <p class='ocr_par' dir='ltr' id='par_1_49' title="bbox 1971 2314 3550 2387">
     <span class='ocr_line' id='line_1_49' title="bbox 1971 2314 3550 2387; baseline -0.006 -9"><span class='ocrx_word' id='word_1_395' title='bbox 1971 2331 2081 2378; x_wconf 89' lang='lat' dir='ltr'><strong>tate</strong></span> <span class='ocrx_word' id='word_1_396' title='bbox 2110 2321 2332 2377; x_wconf 90' lang='lat' dir='ltr'><strong>Deitatis</strong></span> <span class='ocrx_word' id='word_1_397' title='bbox 2360 2325 2548 2387; x_wconf 89' lang='lat' dir='ltr'><strong>regnat</strong></span> <span class='ocrx_word' id='word_1_398' title='bbox 2575 2332 2696 2371; x_wconf 92' lang='lat' dir='ltr'><strong>cum</strong></span> <span class='ocrx_word' id='word_1_399' title='bbox 2723 2315 2884 2370; x_wconf 86' lang='lat' dir='ltr'><strong>Patre</strong></span> <span class='ocrx_word' id='word_1_400' title='bbox 2902 2322 2957 2369; x_wconf 87' lang='lat' dir='ltr'><strong>et</strong></span> <span class='ocrx_word' id='word_1_401' title='bbox 2984 2314 3184 2385; x_wconf 89' lang='lat' dir='ltr'><strong>Spiritu</strong></span> <span class='ocrx_word' id='word_1_402' title='bbox 3210 2320 3399 2369; x_wconf 89' lang='lat' dir='ltr'><strong>sancto</strong></span> <span class='ocrx_word' id='word_1_403' title='bbox 3424 2321 3550 2369; x_wconf 83' lang='lat' dir='ltr'><strong>ante</strong></span> 
     </span>
    </p>
   </div>
   <div class='ocr_carea' id='block_1_50' title="bbox 1970 2406 3548 2481">
    <p class='ocr_par' dir='ltr' id='par_1_50' title="bbox 1970 2406 3548 2481">
     <span class='ocr_line' id='line_1_50' title="bbox 1970 2406 3548 2481; baseline -0.006 -9"><span class='ocrx_word' id='word_1_404' title='bbox 1970 2417 2168 2481; x_wconf 91' lang='lat' dir='ltr'><strong>omnia,</strong></span> <span class='ocrx_word' id='word_1_405' title='bbox 2191 2422 2248 2470; x_wconf 92' lang='lat' dir='ltr'><strong>et</strong></span> <span class='ocrx_word' id='word_1_406' title='bbox 2274 2426 2414 2468; x_wconf 92' lang='lat' dir='ltr'><strong>nunc</strong></span> <span class='ocrx_word' id='word_1_407' title='bbox 2434 2420 2490 2467; x_wconf 91' lang='lat' dir='ltr'><strong>et</strong></span> <span class='ocrx_word' id='word_1_408' title='bbox 2514 2423 2742 2481; x_wconf 88' lang='lat' dir='ltr'><strong>semper,</strong></span> <span class='ocrx_word' id='word_1_409' title='bbox 2756 2408 2883 2464; x_wconf 89' lang='lat' dir='ltr'><strong>etin</strong></span> <span class='ocrx_word' id='word_1_410' title='bbox 2904 2417 3092 2463; x_wconf 89' lang='lat' dir='ltr'><strong>cuncta</strong></span> <span class='ocrx_word' id='word_1_411' title='bbox 3112 2407 3306 2464; x_wconf 63' lang='lat' dir='ltr'><strong>saecula</strong></span> <span class='ocrx_word' id='word_1_412' title='bbox 3323 2406 3548 2463; x_wconf 68' lang='lat' dir='ltr'><strong>saculo-</strong></span> 
     </span>
    </p>
   </div>
   <div class='ocr_carea' id='block_1_51' title="bbox 1968 2507 2328 2565">
    <p class='ocr_par' dir='ltr' id='par_1_51' title="bbox 1968 2507 2328 2565">
     <span class='ocr_line' id='line_1_51' title="bbox 1968 2507 2328 2565; baseline -0.014 0"><span class='ocrx_word' id='word_1_413' title='bbox 1968 2524 2106 2565; x_wconf 89' lang='lat' dir='ltr'><strong>rum.</strong></span> <span class='ocrx_word' id='word_1_414' title='bbox 2137 2507 2328 2561; x_wconf 82' lang='lat' dir='ltr'><strong>Amen.</strong></span> 
     </span>
    </p>
   </div>
   <div class='ocr_carea' id='block_1_52' title="bbox 2433 2611 3066 2670">
    <p class='ocr_par' dir='ltr' id='par_1_52' title="bbox 2433 2611 3066 2670">
     <span class='ocr_line' id='line_1_52' title="bbox 2433 2611 3066 2670; baseline -0.003 0"><span class='ocrx_word' id='word_1_415' title='bbox 2433 2611 2747 2670; x_wconf 78' lang='lat' dir='ltr'><strong>PSALMUS</strong></span> <span class='ocrx_word' id='word_1_416' title='bbox 2785 2612 3066 2668; x_wconf 80' lang='lat' dir='ltr'><strong>XXXVIII.</strong></span> 
     </span>
    </p>
   </div>
   <div class='ocr_carea' id='block_1_53' title="bbox 2181 2726 3337 2799">
    <p class='ocr_par' dir='ltr' id='par_1_53' title="bbox 2181 2726 3337 2799">
     <span class='ocr_line' id='line_1_53' title="bbox 2181 2726 3337 2799; baseline -0.007 -13"><span class='ocrx_word' id='word_1_417' title='bbox 2181 2731 2242 2786; x_wconf 90' lang='lat' dir='ltr'><strong>In</strong></span> <span class='ocrx_word' id='word_1_418' title='bbox 2283 2729 2443 2784; x_wconf 82' lang='lat' dir='ltr'><strong>tinem</strong></span> <span class='ocrx_word' id='word_1_419' title='bbox 2468 2744 2568 2799; x_wconf 90' lang='lat' dir='ltr'><strong>pro</strong></span> <span class='ocrx_word' id='word_1_420' title='bbox 2598 2728 2840 2798; x_wconf 85' lang='lat' dir='ltr'><strong>ydithum</strong></span> <span class='ocrx_word' id='word_1_421' title='bbox 2865 2728 3131 2781; x_wconf 89' lang='lat' dir='ltr'><strong>canticum</strong></span> <span class='ocrx_word' id='word_1_422' title='bbox 3155 2726 3337 2781; x_wconf 87' lang='lat' dir='ltr'><strong>David.</strong></span> 
     </span>
    </p>
   </div>
   <div class='ocr_carea' id='block_1_54' title="bbox 2045 2859 3559 2930">
    <p class='ocr_par' dir='ltr' id='par_1_54' title="bbox 2045 2859 3559 2930">
     <span class='ocr_line' id='line_1_54' title="bbox 2045 2859 3559 2930; baseline -0.005 -10"><span class='ocrx_word' id='word_1_423' title='bbox 2045 2865 2176 2920; x_wconf 88' lang='lat' dir='ltr'><strong>Dixi</strong></span> <span class='ocrx_word' id='word_1_424' title='bbox 2202 2863 2489 2917; x_wconf 74' lang='lat' dir='ltr'><strong>custodiam</strong></span> <span class='ocrx_word' id='word_1_425' title='bbox 2510 2862 2619 2914; x_wconf 81' lang='lat' dir='ltr'><strong>vias</strong></span> <span class='ocrx_word' id='word_1_426' title='bbox 2648 2876 2808 2924; x_wconf 80' lang='lat' dir='ltr'><strong>nteas,</strong></span> <span class='ocrx_word' id='word_1_427' title='bbox 2833 2866 2888 2912; x_wconf 87' lang='lat' dir='ltr'><strong>ut</strong></span> <span class='ocrx_word' id='word_1_428' title='bbox 2918 2877 3022 2914; x_wconf 88' lang='lat' dir='ltr'><strong>non</strong></span> <span class='ocrx_word' id='word_1_429' title='bbox 3049 2859 3345 2930; x_wconf 75' lang='lat' dir='ltr'><strong>delinquant</strong></span> <span class='ocrx_word' id='word_1_430' title='bbox 3373 2860 3426 2914; x_wconf 90' lang='lat' dir='ltr'><strong>in</strong></span> <span class='ocrx_word' id='word_1_431' title='bbox 3456 2861 3559 2914; x_wconf 76' lang='lat' dir='ltr'><strong>tin-</strong></span> 
     </span>
    </p>
   </div>
   <div class='ocr_carea' id='block_1_55' title="bbox 1977 2951 3560 3032">
    <p class='ocr_par' dir='ltr' id='par_1_55' title="bbox 1977 2951 3560 3032">
     <span class='ocr_line' id='line_1_55' title="bbox 1977 2951 3560 3032; baseline -0.002 -21"><span class='ocrx_word' id='word_1_432' title='bbox 1977 2975 2076 3032; x_wconf 87' lang='lat' dir='ltr'><strong>gua</strong></span> <span class='ocrx_word' id='word_1_433' title='bbox 2107 2971 2241 3010; x_wconf 88' lang='lat' dir='ltr'><strong>mea.</strong></span> <span class='ocrx_word' id='word_1_434' title='bbox 2273 2954 2437 3008; x_wconf 78' lang='lat' dir='ltr'><strong>Posui</strong></span> <span class='ocrx_word' id='word_1_435' title='bbox 2484 2953 2562 3006; x_wconf 87' lang='lat' dir='ltr'><strong>ori</strong></span> <span class='ocrx_word' id='word_1_436' title='bbox 2590 2969 2699 3005; x_wconf 87' lang='lat' dir='ltr'><strong>meo</strong></span> <span class='ocrx_word' id='word_1_437' title='bbox 2748 2952 3067 3017; x_wconf 78' lang='lat' dir='ltr'><strong>custodiam,</strong></span> <span class='ocrx_word' id='word_1_438' title='bbox 3100 2968 3214 3005; x_wconf 83' lang='lat' dir='ltr'><strong>cum</strong></span> <span class='ocrx_word' id='word_1_439' title='bbox 3259 2951 3560 3008; x_wconf 75' lang='lat' dir='ltr'><strong>consistent</strong></span> 
     </span>
    </p>
   </div>
   <div class='ocr_carea' id='block_1_56' title="bbox 1978 3041 3565 3120">
    <p class='ocr_par' dir='ltr' id='par_1_56' title="bbox 1978 3041 3565 3120">
     <span class='ocr_line' id='line_1_56' title="bbox 1978 3041 3565 3120; baseline -0.004 -15"><span class='ocrx_word' id='word_1_440' title='bbox 1978 3058 2217 3120; x_wconf 83' lang='lat' dir='ltr'><strong>peccator</strong></span> <span class='ocrx_word' id='word_1_441' title='bbox 2245 3047 2516 3102; x_wconf 78' lang='lat' dir='ltr'><strong>adversum</strong></span> <span class='ocrx_word' id='word_1_442' title='bbox 2543 3062 2640 3098; x_wconf 88' lang='lat' dir='ltr'><strong>me.</strong></span> <span class='ocrx_word' id='word_1_443' title='bbox 2677 3041 2920 3098; x_wconf 85' lang='lat' dir='ltr'><strong>Obmutui</strong></span> <span class='ocrx_word' id='word_1_444' title='bbox 2946 3053 2996 3098; x_wconf 90' lang='lat' dir='ltr'><strong>et</strong></span> <span class='ocrx_word' id='word_1_445' title='bbox 3024 3044 3322 3098; x_wconf 76' lang='lat' dir='ltr'><strong>humiliatus</strong></span> <span class='ocrx_word' id='word_1_446' title='bbox 3349 3062 3482 3107; x_wconf 79' lang='lat' dir='ltr'><strong>sum,</strong></span> <span class='ocrx_word' id='word_1_447' title='bbox 3512 3052 3565 3098; x_wconf 83' lang='lat' dir='ltr'><strong>et</strong></span> 
     </span>
    </p>
   </div>
   <div class='ocr_carea' id='block_1_57' title="bbox 292 3129 1883 3212">
    <p class='ocr_par' dir='ltr' id='par_1_57' title="bbox 292 3129 1878 3212">
     <span class='ocr_line' id='line_1_57' title="bbox 292 3129 1878 3212; baseline -0.009 -15"><span class='ocrx_word' id='word_1_448' title='bbox 292 3142 424 3197; x_wconf 87' lang='lat' dir='ltr'><strong>stris</strong></span> <span class='ocrx_word' id='word_1_449' title='bbox 451 3136 743 3212; x_wconf 85' lang='lat' dir='ltr'><strong>putretiunt</strong></span> <span class='ocrx_word' id='word_1_450' title='bbox 773 3154 785 3189; x_wconf 92' lang='lat'>:</span> <span class='ocrx_word' id='word_1_451' title='bbox 811 3135 1142 3191; x_wconf 86' lang='lat' dir='ltr'><strong>deteriorant</strong></span> <span class='ocrx_word' id='word_1_452' title='bbox 1168 3134 1282 3204; x_wconf 88' lang='lat' dir='ltr'><strong>ipsa</strong></span> <span class='ocrx_word' id='word_1_453' title='bbox 1311 3133 1550 3196; x_wconf 86' lang='lat' dir='ltr'><strong>vulnera,</strong></span> <span class='ocrx_word' id='word_1_454' title='bbox 1583 3146 1614 3186; x_wconf 88' lang='lat' dir='ltr'><strong>a</strong></span> <span class='ocrx_word' id='word_1_455' title='bbox 1636 3130 1771 3184; x_wconf 82' lang='lat' dir='ltr'><strong>facie</strong></span> <span class='ocrx_word' id='word_1_456' title='bbox 1795 3129 1878 3183; x_wconf 89' lang='lat' dir='ltr'><strong>in-</strong></span> 
     </span>
    </p>
   </div>
   <div class='ocr_carea' id='block_1_58' title="bbox 1981 3129 3564 3212">
    <p class='ocr_par' dir='ltr' id='par_1_58' title="bbox 1981 3133 3564 3203">
     <span class='ocr_line' id='line_1_58' title="bbox 1981 3133 3564 3203; baseline -0.006 -6"><span class='ocrx_word' id='word_1_457' title='bbox 1981 3141 2105 3197; x_wconf 77' lang='lat' dir='ltr'><strong>silui</strong></span> <span class='ocrx_word' id='word_1_458' title='bbox 2129 3157 2160 3192; x_wconf 81' lang='grc' dir='ltr'><em>α</em></span> <span class='ocrx_word' id='word_1_459' title='bbox 2206 3138 2381 3203; x_wconf 81' lang='lat' dir='ltr'><strong>bonis,</strong></span> <span class='ocrx_word' id='word_1_460' title='bbox 2417 3145 2466 3190; x_wconf 90' lang='lat' dir='ltr'><strong>et</strong></span> <span class='ocrx_word' id='word_1_461' title='bbox 2506 3135 2654 3190; x_wconf 89' lang='lat' dir='ltr'><strong>dolor</strong></span> <span class='ocrx_word' id='word_1_462' title='bbox 2680 3151 2822 3188; x_wconf 79' lang='lat' dir='ltr'><strong>meus</strong></span> <span class='ocrx_word' id='word_1_463' title='bbox 2857 3143 3132 3189; x_wconf 79' lang='lat' dir='ltr'><strong>renovatus</strong></span> <span class='ocrx_word' id='word_1_464' title='bbox 3164 3143 3258 3189; x_wconf 80' lang='lat' dir='ltr'><strong>est.</strong></span> <span class='ocrx_word' id='word_1_465' title='bbox 3295 3133 3564 3190; x_wconf 82' lang='lat' dir='ltr'><strong>Concaluit</strong></span> 
     </span>
    </p>
   </div>
   <div class='ocr_carea' id='block_1_59' title="bbox 294 3225 1882 3304">
    <p class='ocr_par' dir='ltr' id='par_1_59' title="bbox 294 3225 1882 3304">
     <span class='ocr_line' id='line_1_59' title="bbox 294 3225 1882 3304; baseline -0.008 -14"><span class='ocrx_word' id='word_1_466' title='bbox 294 3231 562 3304; x_wconf 61' lang='lat' dir='ltr'><strong>sipientite</strong></span> <span class='ocrx_word' id='word_1_467' title='bbox 590 3239 790 3286; x_wconf 62' lang='lat' dir='ltr'><strong>nostra:</strong></span> <span class='ocrx_word' id='word_1_468' title='bbox 815 3225 996 3284; x_wconf 86' lang='lat' dir='ltr'><strong>miseri</strong></span> <span class='ocrx_word' id='word_1_469' title='bbox 1025 3227 1306 3292; x_wconf 81' lang='lat' dir='ltr'><strong>efﬁcimur,</strong></span> <span class='ocrx_word' id='word_1_470' title='bbox 1339 3225 1688 3281; x_wconf 87' lang='lat' dir='ltr'><strong>etturbamur</strong></span> <span class='ocrx_word' id='word_1_471' title='bbox 1715 3237 1882 3292; x_wconf 90' lang='lat' dir='ltr'><strong>usque</strong></span> 
     </span>
    </p>
   </div>
   <div class='ocr_carea' id='block_1_60' title="bbox 293 3315 1884 3392">
    <p class='ocr_par' dir='ltr' id='par_1_60' title="bbox 293 3315 1884 3392">
     <span class='ocr_line' id='line_1_60' title="bbox 293 3315 1884 3392; baseline -0.009 -8"><span class='ocrx_word' id='word_1_472' title='bbox 293 3329 354 3384; x_wconf 87' lang='lat' dir='ltr'><strong>in</strong></span> <span class='ocrx_word' id='word_1_473' title='bbox 395 3325 574 3381; x_wconf 83' lang='lat' dir='ltr'><strong>tinem.</strong></span> <span class='ocrx_word' id='word_1_474' title='bbox 608 3322 746 3392; x_wconf 84' lang='lat' dir='ltr'><strong>Quid</strong></span> <span class='ocrx_word' id='word_1_475' title='bbox 794 3330 972 3377; x_wconf 88' lang='lat' dir='ltr'><strong>autem</strong></span> <span class='ocrx_word' id='word_1_476' title='bbox 1002 3320 1054 3374; x_wconf 93' lang='lat' dir='ltr'><strong>in</strong></span> <span class='ocrx_word' id='word_1_477' title='bbox 1097 3319 1215 3390; x_wconf 89' lang='lat' dir='ltr'><strong>ipso</strong></span> <span class='ocrx_word' id='word_1_478' title='bbox 1244 3326 1464 3388; x_wconf 87' lang='lat' dir='ltr'><strong>peccato</strong></span> <span class='ocrx_word' id='word_1_479' title='bbox 1508 3318 1690 3372; x_wconf 87' lang='lat' dir='ltr'><strong>tristes</strong></span> <span class='ocrx_word' id='word_1_480' title='bbox 1717 3315 1884 3372; x_wconf 75' lang='lat' dir='ltr'><strong>sllici-</strong></span> 
     </span>
    </p>
   </div>
   <div class='ocr_carea' id='block_1_61' title="bbox 297 3408 1880 3483">
    <p class='ocr_par' dir='ltr' id='par_1_61' title="bbox 297 3408 1880 3483">
     <span class='ocr_line' id='line_1_61' title="bbox 297 3408 1880 3483; baseline -0.008 -9"><span class='ocrx_word' id='word_1_481' title='bbox 297 3419 458 3474; x_wconf 84' lang='lat' dir='ltr'><strong>mur?</strong></span> <span class='ocrx_word' id='word_1_482' title='bbox 485 3416 620 3483; x_wconf 84' lang='lat' dir='ltr'><strong>Quia</strong></span> <span class='ocrx_word' id='word_1_483' title='bbox 647 3413 1024 3483; x_wconf 84' lang='lat' dir='ltr'><strong>cognoscimus</strong></span> <span class='ocrx_word' id='word_1_484' title='bbox 1063 3410 1297 3466; x_wconf 90' lang='lat' dir='ltr'><strong>animam</strong></span> <span class='ocrx_word' id='word_1_485' title='bbox 1327 3417 1564 3464; x_wconf 90' lang='lat' dir='ltr'><strong>nostram</strong></span> <span class='ocrx_word' id='word_1_486' title='bbox 1611 3408 1880 3478; x_wconf 86' lang='lat' dir='ltr'><strong>impletam</strong></span> 
     </span>
    </p>
   </div>
   <div class='ocr_carea' id='block_1_62' title="bbox 298 3499 1887 3570">
    <p class='ocr_par' dir='ltr' id='par_1_62' title="bbox 298 3499 1887 3570">
     <span class='ocr_line' id='line_1_62' title="bbox 298 3499 1887 3570; baseline -0.008 -4"><span class='ocrx_word' id='word_1_487' title='bbox 298 3507 637 3566; x_wconf 85' lang='lat' dir='ltr'><strong>illusionibus</strong></span> <span class='ocrx_word' id='word_1_488' title='bbox 664 3505 988 3570; x_wconf 62' lang='lat' dir='ltr'><strong>damonum,</strong></span> <span class='ocrx_word' id='word_1_489' title='bbox 1019 3510 1078 3557; x_wconf 89' lang='lat' dir='ltr'><strong>et</strong></span> <span class='ocrx_word' id='word_1_490' title='bbox 1108 3501 1230 3558; x_wconf 89' lang='lat' dir='ltr'><strong>ideo</strong></span> <span class='ocrx_word' id='word_1_491' title='bbox 1278 3517 1386 3556; x_wconf 92' lang='lat' dir='ltr'><strong>non</strong></span> <span class='ocrx_word' id='word_1_492' title='bbox 1425 3515 1544 3556; x_wconf 88' lang='lat' dir='ltr'><strong>esse</strong></span> <span class='ocrx_word' id='word_1_493' title='bbox 1598 3499 1887 3554; x_wconf 88' lang='lat' dir='ltr'><strong>sanitatem</strong></span> 
     </span>
    </p>
   </div>
   <div class='ocr_carea' id='block_1_63' title="bbox 300 3593 1887 3663">
    <p class='ocr_par' dir='ltr' id='par_1_63' title="bbox 300 3593 1887 3663">
     <span class='ocr_line' id='line_1_63' title="bbox 300 3593 1887 3663; baseline -0.011 -2"><span class='ocrx_word' id='word_1_494' title='bbox 300 3605 576 3661; x_wconf 89' lang='lat' dir='ltr'><strong>in.carne</strong></span> <span class='ocrx_word' id='word_1_495' title='bbox 622 3607 824 3656; x_wconf 87' lang='lat' dir='ltr'><strong>nostra.</strong></span> <span class='ocrx_word' id='word_1_496' title='bbox 877 3597 1226 3652; x_wconf 89' lang='lat' dir='ltr'><strong>lncurvemur</strong></span> <span class='ocrx_word' id='word_1_497' title='bbox 1281 3608 1409 3663; x_wconf 88' lang='lat' dir='ltr'><strong>ergo</strong></span> <span class='ocrx_word' id='word_1_498' title='bbox 1450 3601 1506 3648; x_wconf 91' lang='lat' dir='ltr'><strong>et</strong></span> <span class='ocrx_word' id='word_1_499' title='bbox 1547 3593 1887 3648; x_wconf 89' lang='lat' dir='ltr'><strong>humiliemur</strong></span> 
     </span>
    </p>
   </div>
   <div class='ocr_carea' id='block_1_64' title="bbox 303 3685 1889 3764">
    <p class='ocr_par' dir='ltr' id='par_1_64' title="bbox 303 3685 1889 3764">
     <span class='ocr_line' id='line_1_64' title="bbox 303 3685 1889 3764; baseline -0.01 -13"><span class='ocrx_word' id='word_1_500' title='bbox 303 3706 703 3764; x_wconf 89' lang='lat' dir='ltr'><strong>usquequaque,</strong></span> <span class='ocrx_word' id='word_1_501' title='bbox 734 3698 789 3746; x_wconf 81' lang='lat' dir='ltr'><strong>et</strong></span> <span class='ocrx_word' id='word_1_502' title='bbox 816 3690 1078 3758; x_wconf 88' lang='lat' dir='ltr'><strong>mugitum</strong></span> <span class='ocrx_word' id='word_1_503' title='bbox 1107 3687 1277 3743; x_wconf 90' lang='lat' dir='ltr'><strong>nostri</strong></span> <span class='ocrx_word' id='word_1_504' title='bbox 1306 3686 1482 3744; x_wconf 88' lang='lat' dir='ltr'><strong>cordis</strong></span> <span class='ocrx_word' id='word_1_505' title='bbox 1527 3685 1889 3753; x_wconf 86' lang='lat' dir='ltr'><strong>gemitumque</strong></span> 
     </span>
    </p>
   </div>
   <div class='ocr_carea' id='block_1_65' title="bbox 305 3775 1889 3851">
    <p class='ocr_par' dir='ltr' id='par_1_65' title="bbox 305 3775 1889 3851">
     <span class='ocr_line' id='line_1_65' title="bbox 305 3775 1889 3851; baseline -0.009 -8"><span class='ocrx_word' id='word_1_506' title='bbox 305 3785 611 3851; x_wconf 86' lang='lat' dir='ltr'><strong>reddentes,</strong></span> <span class='ocrx_word' id='word_1_507' title='bbox 633 3799 702 3840; x_wconf 82' lang='lat' dir='ltr'><strong>ex</strong></span> <span class='ocrx_word' id='word_1_508' title='bbox 728 3783 854 3838; x_wconf 89' lang='lat' dir='ltr'><strong>totis</strong></span> <span class='ocrx_word' id='word_1_509' title='bbox 879 3781 1174 3837; x_wconf 90' lang='lat' dir='ltr'><strong>visceribus</strong></span> <span class='ocrx_word' id='word_1_510' title='bbox 1202 3780 1568 3835; x_wconf 81' lang='lat' dir='ltr'><strong>exclamemus</strong></span> <span class='ocrx_word' id='word_1_511' title='bbox 1600 3794 1612 3828; x_wconf 92' lang='lat'>:</span> <span class='ocrx_word' id='word_1_512' title='bbox 1646 3775 1889 3839; x_wconf 90' lang='lat' dir='ltr'><strong>Domine,</strong></span> 
     </span>
    </p>
   </div>
   <div class='ocr_carea' id='block_1_66' title="bbox 308 3865 1896 3933">
    <p class='ocr_par' dir='ltr' id='par_1_66' title="bbox 308 3865 1896 3933">
     <span class='ocr_line' id='line_1_66' title="bbox 308 3865 1896 3933; baseline -0.01 0"><span class='ocrx_word' id='word_1_513' title='bbox 308 3885 438 3933; x_wconf 88' lang='lat' dir='ltr'><strong>ante</strong></span> <span class='ocrx_word' id='word_1_514' title='bbox 459 3885 511 3931; x_wconf 89' lang='lat' dir='ltr'><strong>te</strong></span> <span class='ocrx_word' id='word_1_515' title='bbox 535 3891 694 3932; x_wconf 89' lang='lat' dir='ltr'><strong>omne</strong></span> <span class='ocrx_word' id='word_1_516' title='bbox 731 3874 1056 3930; x_wconf 88' lang='lat' dir='ltr'><strong>desiderium</strong></span> <span class='ocrx_word' id='word_1_517' title='bbox 1103 3886 1301 3926; x_wconf 90' lang='lat' dir='ltr'><strong>meum.</strong></span> <span class='ocrx_word' id='word_1_518' title='bbox 1335 3867 1705 3924; x_wconf 87' lang='lat' dir='ltr'><strong>Desideremus</strong></span> <span class='ocrx_word' id='word_1_519' title='bbox 1751 3865 1896 3919; x_wconf 90' lang='lat' dir='ltr'><strong>enim</strong></span> 
     </span>
    </p>
   </div>
   <div class='ocr_carea' id='block_1_67' title="bbox 311 3953 1902 4037">
    <p class='ocr_par' dir='ltr' id='par_1_67' title="bbox 311 3953 1902 4037">
     <span class='ocr_line' id='line_1_67' title="bbox 311 3953 1902 4037; baseline -0.011 -14"><span class='ocrx_word' id='word_1_520' title='bbox 311 3970 374 4024; x_wconf 86' lang='lat' dir='ltr'><strong>in</strong></span> <span class='ocrx_word' id='word_1_521' title='bbox 404 3967 532 4037; x_wconf 89' lang='lat' dir='ltr'><strong>ipsis</strong></span> <span class='ocrx_word' id='word_1_522' title='bbox 554 3964 788 4036; x_wconf 87' lang='lat' dir='ltr'><strong>peccatis</strong></span> <span class='ocrx_word' id='word_1_523' title='bbox 815 3964 995 4034; x_wconf 90' lang='lat' dir='ltr'><strong>positi,</strong></span> <span class='ocrx_word' id='word_1_524' title='bbox 1029 3961 1190 4014; x_wconf 91' lang='lat' dir='ltr'><strong>alieni</strong></span> <span class='ocrx_word' id='word_1_525' title='bbox 1217 3958 1356 4014; x_wconf 82' lang='lat' dir='ltr'><strong>ellici</strong></span> <span class='ocrx_word' id='word_1_526' title='bbox 1377 3974 1408 4011; x_wconf 88' lang='lat' dir='ltr'><strong>a</strong></span> <span class='ocrx_word' id='word_1_527' title='bbox 1431 3955 1697 4027; x_wconf 87' lang='lat' dir='ltr'><strong>peccatis;</strong></span> <span class='ocrx_word' id='word_1_528' title='bbox 1721 3961 1778 4008; x_wconf 88' lang='lat' dir='ltr'><strong>et</strong></span> <span class='ocrx_word' id='word_1_529' title='bbox 1795 3953 1902 4006; x_wconf 86' lang='lat' dir='ltr'><strong>hoc</strong></span> 
     </span>
    </p>
   </div>
   <div class='ocr_carea' id='block_1_68' title="bbox 324 4043 1901 4118">
    <p class='ocr_par' dir='ltr' id='par_1_68' title="bbox 324 4043 1901 4118">
     <span class='ocr_line' id='line_1_68' title="bbox 324 4043 1901 4118; baseline -0.011 -6"><span class='ocrx_word' id='word_1_530' title='bbox 324 4057 587 4114; x_wconf 85' lang='lat' dir='ltr'><strong>orandum</strong></span> <span class='ocrx_word' id='word_1_531' title='bbox 632 4055 904 4118; x_wconf 89' lang='lat' dir='ltr'><strong>docemur,</strong></span> <span class='ocrx_word' id='word_1_532' title='bbox 946 4060 1008 4106; x_wconf 92' lang='lat' dir='ltr'><strong>ut</strong></span> <span class='ocrx_word' id='word_1_533' title='bbox 1035 4051 1162 4105; x_wconf 91' lang='lat' dir='ltr'><strong>huic</strong></span> <span class='ocrx_word' id='word_1_534' title='bbox 1182 4048 1448 4104; x_wconf 86' lang='lat' dir='ltr'><strong>desiderio</strong></span> <span class='ocrx_word' id='word_1_535' title='bbox 1486 4052 1688 4100; x_wconf 79' lang='lat' dir='ltr'><strong>annuat</strong></span> <span class='ocrx_word' id='word_1_536' title='bbox 1723 4043 1901 4097; x_wconf 85' lang='lat' dir='ltr'><strong>divina</strong></span> 
     </span>
    </p>
   </div>
   <div class='ocr_carea' id='block_1_69' title="bbox 323 4135 1905 4216">
    <p class='ocr_par' dir='ltr' id='par_1_69' title="bbox 323 4135 1905 4216">
     <span class='ocr_line' id='line_1_69' title="bbox 323 4135 1905 4216; baseline -0.01 -14"><span class='ocrx_word' id='word_1_537' title='bbox 323 4146 632 4212; x_wconf 85' lang='lat' dir='ltr'><strong>clementia,</strong></span> <span class='ocrx_word' id='word_1_538' title='bbox 663 4144 789 4216; x_wconf 90' lang='lat' dir='ltr'><strong>quia</strong></span> <span class='ocrx_word' id='word_1_539' title='bbox 816 4158 911 4198; x_wconf 90' lang='lat' dir='ltr'><strong>cor</strong></span> <span class='ocrx_word' id='word_1_540' title='bbox 931 4148 1176 4196; x_wconf 89' lang='lat' dir='ltr'><strong>nostrum</strong></span> <span class='ocrx_word' id='word_1_541' title='bbox 1205 4138 1468 4202; x_wconf 90' lang='lat' dir='ltr'><strong>turbatur,</strong></span> <span class='ocrx_word' id='word_1_542' title='bbox 1501 4143 1556 4190; x_wconf 88' lang='lat' dir='ltr'><strong>et</strong></span> <span class='ocrx_word' id='word_1_543' title='bbox 1581 4135 1779 4191; x_wconf 86' lang='lat' dir='ltr'><strong>deserit</strong></span> <span class='ocrx_word' id='word_1_544' title='bbox 1806 4148 1905 4187; x_wconf 91' lang='lat' dir='ltr'><strong>nos</strong></span> 
     </span>
    </p>
   </div>
   <div class='ocr_carea' id='block_1_70' title="bbox 316 4226 1906 4300">
    <p class='ocr_par' dir='ltr' id='par_1_70' title="bbox 316 4226 1906 4300">
     <span class='ocr_line' id='line_1_70' title="bbox 316 4226 1906 4300; baseline -0.008 -8"><span class='ocrx_word' id='word_1_545' title='bbox 316 4237 583 4293; x_wconf 75' lang='lat' dir='ltr'><strong>fortitudo</strong></span> <span class='ocrx_word' id='word_1_546' title='bbox 610 4243 813 4300; x_wconf 88' lang='lat' dir='ltr'><strong>nostra,</strong></span> <span class='ocrx_word' id='word_1_547' title='bbox 831 4233 1080 4288; x_wconf 90' lang='lat' dir='ltr'><strong>etlumen</strong></span> <span class='ocrx_word' id='word_1_548' title='bbox 1105 4230 1381 4286; x_wconf 89' lang='lat' dir='ltr'><strong>oculorum</strong></span> <span class='ocrx_word' id='word_1_549' title='bbox 1406 4236 1732 4292; x_wconf 89' lang='lat' dir='ltr'><strong>nostrorum,</strong></span> <span class='ocrx_word' id='word_1_550' title='bbox 1751 4226 1802 4280; x_wconf 90' lang='lat' dir='ltr'><strong>id</strong></span> <span class='ocrx_word' id='word_1_551' title='bbox 1823 4233 1906 4280; x_wconf 90' lang='lat' dir='ltr'><strong>est</strong></span> 
     </span>
    </p>
   </div>
   <div class='ocr_carea' id='block_1_71' title="bbox 1985 3226 3565 3290">
    <p class='ocr_par' dir='ltr' id='par_1_71' title="bbox 1985 3226 3565 3290">
     <span class='ocr_line' id='line_1_71' title="bbox 1985 3226 3565 3290; baseline -0.006 -2"><span class='ocrx_word' id='word_1_552' title='bbox 1985 3250 2073 3288; x_wconf 88' lang='lat' dir='ltr'><strong>cor</strong></span> <span class='ocrx_word' id='word_1_553' title='bbox 2100 3248 2267 3286; x_wconf 82' lang='lat' dir='ltr'><strong>meum</strong></span> <span class='ocrx_word' id='word_1_554' title='bbox 2305 3229 2444 3283; x_wconf 87' lang='lat' dir='ltr'><strong>intra</strong></span> <span class='ocrx_word' id='word_1_555' title='bbox 2473 3244 2577 3290; x_wconf 87' lang='lat' dir='ltr'><strong>me,</strong></span> <span class='ocrx_word' id='word_1_556' title='bbox 2607 3236 2655 3280; x_wconf 88' lang='lat' dir='ltr'><strong>et</strong></span> <span class='ocrx_word' id='word_1_557' title='bbox 2681 3228 2734 3280; x_wconf 88' lang='lat' dir='ltr'><strong>in</strong></span> <span class='ocrx_word' id='word_1_558' title='bbox 2764 3227 3096 3280; x_wconf 82' lang='lat' dir='ltr'><strong>meditatione</strong></span> <span class='ocrx_word' id='word_1_559' title='bbox 3123 3243 3236 3279; x_wconf 87' lang='lat' dir='ltr'><strong>mea</strong></span> <span class='ocrx_word' id='word_1_560' title='bbox 3268 3226 3565 3280; x_wconf 78' lang='lat' dir='ltr'><strong>cxardescet</strong></span> 
     </span>
    </p>
   </div>
   <div class='ocr_carea' id='block_1_72' title="bbox 1983 3316 3568 3397">
    <p class='ocr_par' dir='ltr' id='par_1_72' title="bbox 1983 3316 3568 3397">
     <span class='ocr_line' id='line_1_72' title="bbox 1983 3316 3568 3397; baseline -0.005 -19"><span class='ocrx_word' id='word_1_561' title='bbox 1983 3326 2138 3397; x_wconf 80' lang='lat' dir='ltr'><strong>ignis.</strong></span> <span class='ocrx_word' id='word_1_562' title='bbox 2159 3323 2385 3377; x_wconf 86' lang='lat' dir='ltr'><strong>Locutus</strong></span> <span class='ocrx_word' id='word_1_563' title='bbox 2406 3336 2517 3374; x_wconf 80' lang='lat' dir='ltr'><strong>sum</strong></span> <span class='ocrx_word' id='word_1_564' title='bbox 2546 3321 2600 3372; x_wconf 91' lang='lat' dir='ltr'><strong>in</strong></span> <span class='ocrx_word' id='word_1_565' title='bbox 2622 3320 2802 3389; x_wconf 89' lang='lat' dir='ltr'><strong>lingua</strong></span> <span class='ocrx_word' id='word_1_566' title='bbox 2823 3335 2956 3383; x_wconf 89' lang='lat' dir='ltr'><strong>mea,</strong></span> <span class='ocrx_word' id='word_1_567' title='bbox 2981 3326 3158 3372; x_wconf 88' lang='lat' dir='ltr'><strong>notum</strong></span> <span class='ocrx_word' id='word_1_568' title='bbox 3179 3319 3263 3388; x_wconf 74' lang='lat' dir='ltr'><strong>[ac</strong></span> <span class='ocrx_word' id='word_1_569' title='bbox 3284 3318 3429 3378; x_wconf 82' lang='lat' dir='ltr'><strong>mihi,</strong></span> <span class='ocrx_word' id='word_1_570' title='bbox 3455 3316 3568 3370; x_wconf 88' lang='lat' dir='ltr'><strong>Do-</strong></span> 
     </span>
    </p>
   </div>
   <div class='ocr_carea' id='block_1_73' title="bbox 1985 3408 3570 3485">
    <p class='ocr_par' dir='ltr' id='par_1_73' title="bbox 1985 3408 3570 3485">
     <span class='ocr_line' id='line_1_73' title="bbox 1985 3408 3570 3485; baseline -0.008 -14"><span class='ocrx_word' id='word_1_571' title='bbox 1985 3419 2140 3480; x_wconf 87' lang='lat' dir='ltr'><strong>mine,</strong></span> <span class='ocrx_word' id='word_1_572' title='bbox 2173 3416 2330 3485; x_wconf 83' lang='lat' dir='ltr'><strong>ﬁnem</strong></span> <span class='ocrx_word' id='word_1_573' title='bbox 2358 3428 2545 3466; x_wconf 86' lang='lat' dir='ltr'><strong>meum.</strong></span> <span class='ocrx_word' id='word_1_574' title='bbox 2581 3408 2646 3462; x_wconf 79' lang='lat' dir='ltr'><strong>Et</strong></span> <span class='ocrx_word' id='word_1_575' title='bbox 2675 3425 2944 3462; x_wconf 87' lang='lat' dir='ltr'><strong>numerum</strong></span> <span class='ocrx_word' id='word_1_576' title='bbox 2973 3409 3173 3461; x_wconf 86' lang='lat' dir='ltr'><strong>dierum</strong></span> <span class='ocrx_word' id='word_1_577' title='bbox 3201 3424 3428 3461; x_wconf 86' lang='lat' dir='ltr'><strong>meorum</strong></span> <span class='ocrx_word' id='word_1_578' title='bbox 3455 3408 3570 3478; x_wconf 79' lang='lat' dir='ltr'><strong>quis</strong></span> 
     </span>
    </p>
   </div>
   <div class='ocr_carea' id='block_1_74' title="bbox 1986 3499 3571 3576">
    <p class='ocr_par' dir='ltr' id='par_1_74' title="bbox 1986 3499 3571 3576">
     <span class='ocr_line' id='line_1_74' title="bbox 1986 3499 3571 3576; baseline -0.008 -11"><span class='ocrx_word' id='word_1_579' title='bbox 1986 3518 2083 3574; x_wconf 81' lang='lat' dir='ltr'><strong>est,</strong></span> <span class='ocrx_word' id='word_1_580' title='bbox 2107 3517 2161 3561; x_wconf 91' lang='lat' dir='ltr'><strong>ut</strong></span> <span class='ocrx_word' id='word_1_581' title='bbox 2191 3508 2350 3561; x_wconf 84' lang='lat' dir='ltr'><strong>sciam</strong></span> <span class='ocrx_word' id='word_1_582' title='bbox 2377 3503 2500 3576; x_wconf 87' lang='lat' dir='ltr'><strong>quid</strong></span> <span class='ocrx_word' id='word_1_583' title='bbox 2523 3503 2655 3555; x_wconf 87' lang='lat' dir='ltr'><strong>desit</strong></span> <span class='ocrx_word' id='word_1_584' title='bbox 2680 3502 2826 3555; x_wconf 89' lang='lat' dir='ltr'><strong>mihi.</strong></span> <span class='ocrx_word' id='word_1_585' title='bbox 2854 3500 2987 3554; x_wconf 83' lang='lat' dir='ltr'><strong>Ecce</strong></span> <span class='ocrx_word' id='word_1_586' title='bbox 3014 3499 3382 3554; x_wconf 71' lang='lat' dir='ltr'><strong>mensurabile:</strong></span> <span class='ocrx_word' id='word_1_587' title='bbox 3405 3500 3571 3570; x_wconf 58' lang='lat' dir='ltr'><strong>posui.</strong></span> 
     </span>
    </p>
   </div>
   <div class='ocr_carea' id='block_1_75' title="bbox 1989 3591 3568 3663">
    <p class='ocr_par' dir='ltr' id='par_1_75' title="bbox 1989 3591 3568 3663">
     <span class='ocr_line' id='line_1_75' title="bbox 1989 3591 3568 3663; baseline -0.007 -8"><span class='ocrx_word' id='word_1_588' title='bbox 1989 3604 2055 3655; x_wconf 83' lang='lat' dir='ltr'><strong>sti</strong></span> <span class='ocrx_word' id='word_1_589' title='bbox 2084 3601 2193 3653; x_wconf 79' lang='lat' dir='ltr'><strong>dies</strong></span> <span class='ocrx_word' id='word_1_590' title='bbox 2219 3614 2376 3662; x_wconf 84' lang='lat' dir='ltr'><strong>meos,</strong></span> <span class='ocrx_word' id='word_1_591' title='bbox 2407 3603 2457 3650; x_wconf 85' lang='lat' dir='ltr'><strong>et</strong></span> <span class='ocrx_word' id='word_1_592' title='bbox 2483 3593 2775 3647; x_wconf 80' lang='lat' dir='ltr'><strong>substantia</strong></span> <span class='ocrx_word' id='word_1_593' title='bbox 2799 3610 2911 3646; x_wconf 90' lang='lat' dir='ltr'><strong>mea</strong></span> <span class='ocrx_word' id='word_1_594' title='bbox 2933 3602 3175 3663; x_wconf 84' lang='lat' dir='ltr'><strong>tanquam</strong></span> <span class='ocrx_word' id='word_1_595' title='bbox 3204 3591 3334 3646; x_wconf 81' lang='lat' dir='ltr'><strong>nihil</strong></span> <span class='ocrx_word' id='word_1_596' title='bbox 3362 3600 3483 3645; x_wconf 88' lang='lat' dir='ltr'><strong>ante</strong></span> <span class='ocrx_word' id='word_1_597' title='bbox 3503 3600 3568 3645; x_wconf 91' lang='lat' dir='ltr'><strong>te.</strong></span> 
     </span>
    </p>
   </div>
   <div class='ocr_carea' id='block_1_76' title="bbox 2000 3681 3573 3748">
    <p class='ocr_par' dir='ltr' id='par_1_76' title="bbox 2000 3681 3573 3748">
     <span class='ocr_line' id='line_1_76' title="bbox 2000 3681 3573 3748; baseline -0.01 0"><span class='ocrx_word' id='word_1_598' title='bbox 2000 3693 2363 3748; x_wconf 85' lang='lat' dir='ltr'><strong>Verumtamen</strong></span> <span class='ocrx_word' id='word_1_599' title='bbox 2393 3688 2628 3740; x_wconf 76' lang='lat' dir='ltr'><strong>universa</strong></span> <span class='ocrx_word' id='word_1_600' title='bbox 2655 3687 2852 3739; x_wconf 77' lang='lat' dir='ltr'><strong>vanitas</strong></span> <span class='ocrx_word' id='word_1_601' title='bbox 2874 3687 3039 3739; x_wconf 75' lang='lat' dir='ltr'><strong>omnis</strong></span> <span class='ocrx_word' id='word_1_602' title='bbox 3079 3685 3230 3738; x_wconf 82' lang='lat' dir='ltr'><strong>homo</strong></span> <span class='ocrx_word' id='word_1_603' title='bbox 3259 3686 3443 3736; x_wconf 75' lang='lat' dir='ltr'><strong>virens.</strong></span> <span class='ocrx_word' id='word_1_604' title='bbox 3477 3681 3573 3734; x_wconf 82' lang='lat' dir='ltr'><strong>Ve-</strong></span> 
     </span>
    </p>
   </div>
   <div class='ocr_carea' id='block_1_77' title="bbox 1993 3774 3578 3848">
    <p class='ocr_par' dir='ltr' id='par_1_77' title="bbox 1993 3774 3578 3848">
     <span class='ocr_line' id='line_1_77' title="bbox 1993 3774 3578 3848; baseline -0.008 -11"><span class='ocrx_word' id='word_1_605' title='bbox 1993 3792 2280 3838; x_wconf 79' lang='lat' dir='ltr'><strong>rumtamen</strong></span> <span class='ocrx_word' id='word_1_606' title='bbox 2307 3783 2362 3834; x_wconf 89' lang='lat' dir='ltr'><strong>in</strong></span> <span class='ocrx_word' id='word_1_607' title='bbox 2387 3780 2614 3848; x_wconf 87' lang='lat' dir='ltr'><strong>imagine</strong></span> <span class='ocrx_word' id='word_1_608' title='bbox 2636 3779 2918 3844; x_wconf 79' lang='lat' dir='ltr'><strong>pertransit</strong></span> <span class='ocrx_word' id='word_1_609' title='bbox 2946 3777 3096 3829; x_wconf 80' lang='lat' dir='ltr'><strong>homo</strong></span> <span class='ocrx_word' id='word_1_610' title='bbox 3115 3816 3129 3839; x_wconf 94' lang='lat'><strong>,</strong></span> <span class='ocrx_word' id='word_1_611' title='bbox 3171 3774 3262 3828; x_wconf 82' lang='lat' dir='ltr'><strong>sed</strong></span> <span class='ocrx_word' id='word_1_612' title='bbox 3299 3782 3347 3827; x_wconf 88' lang='lat' dir='ltr'><strong>et</strong></span> <span class='ocrx_word' id='word_1_613' title='bbox 3385 3776 3578 3844; x_wconf 78' lang='lat' dir='ltr'><strong>frustra</strong></span> 
     </span>
    </p>
   </div>
   <div class='ocr_carea' id='block_1_78' title="bbox 1997 3864 3579 3935">
    <p class='ocr_par' dir='ltr' id='par_1_78' title="bbox 1997 3864 3579 3935">
     <span class='ocr_line' id='line_1_78' title="bbox 1997 3864 3579 3935; baseline -0.008 -6"><span class='ocrx_word' id='word_1_614' title='bbox 1997 3871 2348 3929; x_wconf 85' lang='lat' dir='ltr'><strong>conturbatur.</strong></span> <span class='ocrx_word' id='word_1_615' title='bbox 2365 3868 2722 3927; x_wconf 73' lang='lat' dir='ltr'><strong>Thesaurizat,</strong></span> <span class='ocrx_word' id='word_1_616' title='bbox 2746 3875 2794 3919; x_wconf 92' lang='lat' dir='ltr'><strong>et</strong></span> <span class='ocrx_word' id='word_1_617' title='bbox 2813 3867 3019 3935; x_wconf 86' lang='lat' dir='ltr'><strong>ignorat</strong></span> <span class='ocrx_word' id='word_1_618' title='bbox 3045 3867 3126 3917; x_wconf 91' lang='lat' dir='ltr'><strong>cui</strong></span> <span class='ocrx_word' id='word_1_619' title='bbox 3148 3864 3475 3934; x_wconf 85' lang='lat' dir='ltr'><strong>congregabit</strong></span> <span class='ocrx_word' id='word_1_620' title='bbox 3497 3880 3579 3918; x_wconf 88' lang='lat' dir='ltr'><strong>ea.</strong></span> 
     </span>
    </p>
   </div>
   <div class='ocr_carea' id='block_1_79' title="bbox 2000 3954 3584 4030">
    <p class='ocr_par' dir='ltr' id='par_1_79' title="bbox 2000 3954 3584 4030">
     <span class='ocr_line' id='line_1_79' title="bbox 2000 3954 3584 4030; baseline -0.005 -14"><span class='ocrx_word' id='word_1_621' title='bbox 2000 3963 2072 4017; x_wconf 87' lang='lat' dir='ltr'><strong>Et</strong></span> <span class='ocrx_word' id='word_1_622' title='bbox 2100 3977 2236 4016; x_wconf 87' lang='lat' dir='ltr'><strong>nunc</strong></span> <span class='ocrx_word' id='word_1_623' title='bbox 2267 3976 2380 4030; x_wconf 69' lang='lat' dir='ltr'><strong>qua</strong></span> <span class='ocrx_word' id='word_1_624' title='bbox 2407 3967 2484 4012; x_wconf 80' lang='lat' dir='ltr'><strong>est</strong></span> <span class='ocrx_word' id='word_1_625' title='bbox 2507 3957 2820 4026; x_wconf 73' lang='lat' dir='ltr'><strong>exspectatio</strong></span> <span class='ocrx_word' id='word_1_626' title='bbox 2843 3957 2990 4010; x_wconf 81' lang='lat' dir='ltr'><strong>mea?</strong></span> <span class='ocrx_word' id='word_1_627' title='bbox 3021 3971 3192 4009; x_wconf 85' lang='lat' dir='ltr'><strong>nonne</strong></span> <span class='ocrx_word' id='word_1_628' title='bbox 3218 3954 3510 4010; x_wconf 76' lang='lat' dir='ltr'><strong>Dominus?</strong></span> <span class='ocrx_word' id='word_1_629' title='bbox 3534 3961 3584 4009; x_wconf 88' lang='lat' dir='ltr'><strong>et</strong></span> 
     </span>
    </p>
   </div>
   <div class='ocr_carea' id='block_1_80' title="bbox 2002 4047 3583 4122">
    <p class='ocr_par' dir='ltr' id='par_1_80' title="bbox 2002 4047 3583 4122">
     <span class='ocr_line' id='line_1_80' title="bbox 2002 4047 3583 4122; baseline -0.003 -14"><span class='ocrx_word' id='word_1_630' title='bbox 2002 4053 2292 4108; x_wconf 80' lang='lat' dir='ltr'><strong>substantia</strong></span> <span class='ocrx_word' id='word_1_631' title='bbox 2326 4066 2442 4105; x_wconf 86' lang='lat' dir='ltr'><strong>mea</strong></span> <span class='ocrx_word' id='word_1_632' title='bbox 2478 4048 2616 4119; x_wconf 78' lang='lat' dir='ltr'><strong>apud</strong></span> <span class='ocrx_word' id='word_1_633' title='bbox 2645 4057 2691 4102; x_wconf 90' lang='lat' dir='ltr'><strong>te</strong></span> <span class='ocrx_word' id='word_1_634' title='bbox 2718 4057 2814 4102; x_wconf 78' lang='lat' dir='ltr'><strong>est.</strong></span> <span class='ocrx_word' id='word_1_635' title='bbox 2855 4047 2932 4102; x_wconf 85' lang='lat' dir='ltr'><strong>Ab</strong></span> <span class='ocrx_word' id='word_1_636' title='bbox 2967 4049 3201 4103; x_wconf 77' lang='lat' dir='ltr'><strong>omnibus</strong></span> <span class='ocrx_word' id='word_1_637' title='bbox 3232 4050 3583 4122; x_wconf 76' lang='lat' dir='ltr'><strong>iniquitatibus</strong></span> 
     </span>
    </p>
   </div>
   <div class='ocr_carea' id='block_1_81' title="bbox 2004 4140 3580 4216">
    <p class='ocr_par' dir='ltr' id='par_1_81' title="bbox 2004 4140 3580 4216">
     <span class='ocr_line' id='line_1_81' title="bbox 2004 4140 3580 4216; baseline -0.002 -16"><span class='ocrx_word' id='word_1_638' title='bbox 2004 4147 2132 4201; x_wconf 83' lang='lat' dir='ltr'><strong>meis</strong></span> <span class='ocrx_word' id='word_1_639' title='bbox 2144 4160 2262 4198; x_wconf 84' lang='lat' dir='ltr'><strong>erue</strong></span> <span class='ocrx_word' id='word_1_640' title='bbox 2275 4160 2374 4208; x_wconf 89' lang='lat' dir='ltr'><strong>me,</strong></span> <span class='ocrx_word' id='word_1_641' title='bbox 2393 4141 2721 4216; x_wconf 85' lang='lat' dir='ltr'><strong>opprobrium</strong></span> <span class='ocrx_word' id='word_1_642' title='bbox 2741 4142 3004 4212; x_wconf 81' lang='lat' dir='ltr'><strong>insipienti</strong></span> <span class='ocrx_word' id='word_1_643' title='bbox 3016 4142 3200 4197; x_wconf 79' lang='lat' dir='ltr'><strong>dedisti</strong></span> <span class='ocrx_word' id='word_1_644' title='bbox 3221 4159 3320 4197; x_wconf 90' lang='lat' dir='ltr'><strong>me.</strong></span> <span class='ocrx_word' id='word_1_645' title='bbox 3338 4140 3580 4198; x_wconf 79' lang='lat' dir='ltr'><strong>Obmutui</strong></span> 
     </span>
    </p>
   </div>
   <div class='ocr_carea' id='block_1_82' title="bbox 2003 4235 3585 4309">
    <p class='ocr_par' dir='ltr' id='par_1_82' title="bbox 2003 4235 3585 4309">
     <span class='ocr_line' id='line_1_82' title="bbox 2003 4235 3585 4309; baseline -0.001 -17"><span class='ocrx_word' id='word_1_646' title='bbox 2003 4247 2054 4292; x_wconf 87' lang='lat' dir='ltr'><strong>et</strong></span> <span class='ocrx_word' id='word_1_647' title='bbox 2077 4253 2181 4291; x_wconf 90' lang='lat' dir='ltr'><strong>non</strong></span> <span class='ocrx_word' id='word_1_648' title='bbox 2210 4237 2385 4306; x_wconf 87' lang='lat' dir='ltr'><strong>aperui</strong></span> <span class='ocrx_word' id='word_1_649' title='bbox 2411 4252 2468 4290; x_wconf 84' lang='lat' dir='ltr'><strong>os</strong></span> <span class='ocrx_word' id='word_1_650' title='bbox 2492 4251 2676 4299; x_wconf 84' lang='lat' dir='ltr'><strong>meum,</strong></span> <span class='ocrx_word' id='word_1_651' title='bbox 2707 4235 2946 4306; x_wconf 86' lang='lat' dir='ltr'><strong>quoniam</strong></span> <span class='ocrx_word' id='word_1_652' title='bbox 2978 4245 3029 4288; x_wconf 88' lang='lat' dir='ltr'><strong>tu</strong></span> <span class='ocrx_word' id='word_1_653' title='bbox 3053 4237 3219 4307; x_wconf 76' lang='lat' dir='ltr'><strong>fecisti</strong></span> <span class='ocrx_word' id='word_1_654' title='bbox 3244 4253 3277 4290; x_wconf 88' lang='lat' dir='ltr'><strong>a</strong></span> <span class='ocrx_word' id='word_1_655' title='bbox 3303 4253 3384 4290; x_wconf 91' lang='lat' dir='ltr'><strong>me</strong></span> <span class='ocrx_word' id='word_1_656' title='bbox 3401 4236 3585 4309; x_wconf 76' lang='lat' dir='ltr'><strong>plagas</strong></span> 
     </span>
    </p>
   </div>
   <div class='ocr_carea' id='block_1_83' title="bbox 315 4319 3586 4399">
    <p class='ocr_par' dir='ltr' id='par_1_83' title="bbox 315 4319 3586 4399">
     <span class='ocr_line' id='line_1_83' title="bbox 315 4319 3586 4399; baseline -0.006 -15"><span class='ocrx_word' id='word_1_657' title='bbox 315 4329 587 4395; x_wconf 88' lang='lat' dir='ltr'><strong>Christus,</strong></span> <span class='ocrx_word' id='word_1_658' title='bbox 600 4335 656 4384; x_wconf 90' lang='lat' dir='ltr'><strong>et</strong></span> <span class='ocrx_word' id='word_1_659' title='bbox 672 4327 903 4398; x_wconf 89' lang='lat' dir='ltr'><strong>Spiritus</strong></span> <span class='ocrx_word' id='word_1_660' title='bbox 921 4333 1138 4381; x_wconf 88' lang='lat' dir='ltr'><strong>sanctus</strong></span> <span class='ocrx_word' id='word_1_661' title='bbox 1153 4340 1260 4379; x_wconf 92' lang='lat' dir='ltr'><strong>non</strong></span> <span class='ocrx_word' id='word_1_662' title='bbox 1276 4322 1659 4378; x_wconf 89' lang='lat' dir='ltr'><strong>estnobiscum.</strong></span> <span class='ocrx_word' id='word_1_663' title='bbox 1679 4319 1905 4387; x_wconf 88' lang='lat' dir='ltr'><strong>Quando</strong></span> <span class='ocrx_word' id='word_1_664' title='bbox 2008 4339 2140 4382; x_wconf 58' lang='lat' dir='ltr'><strong>mas,</strong></span> <span class='ocrx_word' id='word_1_665' title='bbox 2176 4327 2215 4380; x_wconf 83' lang='grc' dir='ltr'><em>Α</em></span> <span class='ocrx_word' id='word_1_666' title='bbox 2252 4326 2556 4399; x_wconf 60' lang='lat' dir='ltr'><strong>fortitudine</strong></span> <span class='ocrx_word' id='word_1_667' title='bbox 2583 4343 2767 4380; x_wconf 64' lang='lat' dir='ltr'><strong>manu,</strong></span> <span class='ocrx_word' id='word_1_668' title='bbox 2791 4336 2890 4381; x_wconf 74' lang='grc' dir='ltr'><strong>ιυω</strong></span> <span class='ocrx_word' id='word_1_669' title='bbox 2907 4345 2998 4398; x_wconf 68' lang='lat' dir='ltr'><strong>ego</strong></span> <span class='ocrx_word' id='word_1_670' title='bbox 3018 4326 3184 4399; x_wconf 60' lang='grc' dir='ltr'><strong>άείεοί</strong></span> <span class='ocrx_word' id='word_1_671' title='bbox 3201 4329 3257 4382; x_wconf 71' lang='grc' dir='ltr'><strong>ίη</strong></span> <span class='ocrx_word' id='word_1_672' title='bbox 3275 4329 3586 4398; x_wconf 71' lang='grc' dir='ltr'><strong>ίηοτφαείο,</strong></span> 
     </span>
    </p>
   </div>
   <div class='ocr_carea' id='block_1_84' title="bbox 315 4409 1883 4493">
    <p class='ocr_par' dir='ltr' id='par_1_84' title="bbox 315 4409 1883 4493">
     <span class='ocr_line' id='line_1_84' title="bbox 315 4409 1883 4493; baseline -0.008 -18"><span class='ocrx_word' id='word_1_673' title='bbox 315 4418 708 4493; x_wconf 84' lang='lat' dir='ltr'><strong>pollutionibus</strong></span> <span class='ocrx_word' id='word_1_674' title='bbox 719 4431 1064 4487; x_wconf 89' lang='lat' dir='ltr'><strong>occupamur,</strong></span> <span class='ocrx_word' id='word_1_675' title='bbox 1087 4422 1214 4469; x_wconf 89' lang='lat' dir='ltr'><strong>tunc</strong></span> <span class='ocrx_word' id='word_1_676' title='bbox 1227 4413 1383 4468; x_wconf 91' lang='lat' dir='ltr'><strong>amici</strong></span> <span class='ocrx_word' id='word_1_677' title='bbox 1413 4411 1581 4466; x_wconf 89' lang='lat' dir='ltr'><strong>nostri</strong></span> <span class='ocrx_word' id='word_1_678' title='bbox 1603 4411 1781 4480; x_wconf 87' lang='lat' dir='ltr'><strong>apices</strong></span> <span class='ocrx_word' id='word_1_679' title='bbox 1809 4409 1883 4464; x_wconf 89' lang='lat' dir='ltr'><strong>De</strong></span> 
     </span>
    </p>
   </div>
   <div class='ocr_carea' id='block_1_85' title="bbox 1981 4409 3590 4493">
    <p class='ocr_par' dir='ltr' id='par_1_85' title="bbox 2008 4419 3590 4493">
     <span class='ocr_line' id='line_1_85' title="bbox 2008 4419 3590 4493; baseline -0.001 -18"><span class='ocrx_word' id='word_1_680' title='bbox 2008 4421 2175 4486; x_wconf 77' lang='lat' dir='ltr'><strong>nibus,</strong></span> <span class='ocrx_word' id='word_1_681' title='bbox 2208 4429 2414 4491; x_wconf 87' lang='lat' dir='ltr'><strong>propter</strong></span> <span class='ocrx_word' id='word_1_682' title='bbox 2440 4421 2761 4493; x_wconf 75' lang='lat' dir='ltr'><strong>iniqvitatem</strong></span> <span class='ocrx_word' id='word_1_683' title='bbox 2789 4422 3083 4492; x_wconf 78' lang='lat' dir='ltr'><strong>corripuisti</strong></span> <span class='ocrx_word' id='word_1_684' title='bbox 3113 4422 3386 4476; x_wconf 86' lang='lat' dir='ltr'><strong>hominem.</strong></span> <span class='ocrx_word' id='word_1_685' title='bbox 3410 4419 3482 4474; x_wconf 82' lang='lat' dir='ltr'><strong>Et</strong></span> <span class='ocrx_word' id='word_1_686' title='bbox 3509 4430 3590 4474; x_wconf 63' lang='grc' dir='ltr'><strong>ιιι-η</strong></span> 
     </span>
    </p>
   </div>
   <div class='ocr_carea' id='block_1_86' title="bbox 316 4500 3591 4586">
    <p class='ocr_par' dir='ltr' id='par_1_86' title="bbox 316 4500 3591 4586">
     <span class='ocr_line' id='line_1_86' title="bbox 316 4500 3591 4586; baseline -0.003 -20"><span class='ocrx_word' id='word_1_687' title='bbox 316 4511 605 4567; x_wconf 77' lang='lat' dir='ltr'><strong>adversum</strong></span> <span class='ocrx_word' id='word_1_688' title='bbox 619 4525 720 4565; x_wconf 90' lang='lat' dir='ltr'><strong>nos</strong></span> <span class='ocrx_word' id='word_1_689' title='bbox 732 4507 971 4574; x_wconf 89' lang='lat' dir='ltr'><strong>veniunt,</strong></span> <span class='ocrx_word' id='word_1_690' title='bbox 985 4512 1211 4572; x_wconf 87' lang='lat' dir='ltr'><strong>etstant,</strong></span> <span class='ocrx_word' id='word_1_691' title='bbox 1230 4505 1524 4573; x_wconf 89' lang='lat' dir='ltr'><strong>increpant,</strong></span> <span class='ocrx_word' id='word_1_692' title='bbox 1539 4502 1806 4556; x_wconf 87' lang='lat' dir='ltr'><strong>minantur</strong></span> <span class='ocrx_word' id='word_1_693' title='bbox 1823 4500 1903 4570; x_wconf 80' lang='lat' dir='ltr'><strong>ig—</strong></span> <span class='ocrx_word' id='word_1_694' title='bbox 1928 4507 1981 4567; x_wconf 81' lang='grc' dir='ltr'><strong>ι)</strong></span> <span class='ocrx_word' id='word_1_695' title='bbox 2007 4516 2207 4572; x_wconf 59' lang='lat' dir='ltr'><strong>(mam</strong></span> <span class='ocrx_word' id='word_1_696' title='bbox 2228 4515 2413 4586; x_wconf 56' lang='lat' dir='ltr'><strong>facim,</strong></span> <span class='ocrx_word' id='word_1_697' title='bbox 2443 4514 2574 4568; x_wconf 63' lang='grc' dir='ltr'><strong><em>,δοκι</em></strong></span> <span class='ocrx_word' id='word_1_698' title='bbox 2601 4529 2869 4579; x_wconf 56' lang='lat' dir='ltr'><strong>maneam,</strong></span> <span class='ocrx_word' id='word_1_699' title='bbox 2915 4516 3140 4569; x_wconf 59' lang='lat' dir='ltr'><strong>animum</strong></span> <span class='ocrx_word' id='word_1_700' title='bbox 3168 4516 3298 4585; x_wconf 54' lang='lat' dir='ltr'><strong>ei”,</strong></span> <span class='ocrx_word' id='word_1_701' title='bbox 3337 4523 3591 4569; x_wconf 72' lang='grc' dir='ltr'><strong>νει-αππα-</strong></span> 
     </span>
    </p>
   </div>
   <div class='ocr_carea' id='block_1_87' title="bbox 318 4592 1883 4669">
    <p class='ocr_par' dir='ltr' id='par_1_87' title="bbox 318 4592 1883 4669">
     <span class='ocr_line' id='line_1_87' title="bbox 318 4592 1883 4669; baseline -0.009 -8"><span class='ocrx_word' id='word_1_702' title='bbox 318 4620 451 4661; x_wconf 86' lang='lat' dir='ltr'><strong>nem</strong></span> <span class='ocrx_word' id='word_1_703' title='bbox 470 4612 748 4669; x_wconf 76' lang='lat' dir='ltr'><strong>:eternum,</strong></span> <span class='ocrx_word' id='word_1_704' title='bbox 762 4601 1034 4656; x_wconf 90' lang='lat' dir='ltr'><strong>minantur</strong></span> <span class='ocrx_word' id='word_1_705' title='bbox 1053 4607 1280 4653; x_wconf 89' lang='lat' dir='ltr'><strong>mortem</strong></span> <span class='ocrx_word' id='word_1_706' title='bbox 1299 4596 1650 4668; x_wconf 89' lang='lat' dir='ltr'><strong>repentinam.</strong></span> <span class='ocrx_word' id='word_1_707' title='bbox 1670 4592 1883 4648; x_wconf 80' lang='lat' dir='ltr'><strong>Proxim</strong></span> 
     </span>
    </p>
   </div>
   <div class='ocr_carea' id='block_1_88' title="bbox 1981 4592 3592 4669">
    <p class='ocr_par' dir='ltr' id='par_1_88' title="bbox 2010 4604 3592 4663">
     <span class='ocr_line' id='line_1_88' title="bbox 2010 4604 3592 4663; baseline -0.004 0"><span class='ocrx_word' id='word_1_708' title='bbox 2010 4624 2125 4663; x_wconf 83' lang='lat' dir='ltr'><strong>men</strong></span> <span class='ocrx_word' id='word_1_709' title='bbox 2153 4623 2281 4661; x_wconf 83' lang='lat' dir='ltr'><strong>vane</strong></span> <span class='ocrx_word' id='word_1_710' title='bbox 2307 4605 2639 4660; x_wconf 86' lang='lat' dir='ltr'><strong>conturbatur</strong></span> <span class='ocrx_word' id='word_1_711' title='bbox 2662 4606 2827 4659; x_wconf 81' lang='lat' dir='ltr'><strong>omnis</strong></span> <span class='ocrx_word' id='word_1_712' title='bbox 2859 4605 3030 4661; x_wconf 83' lang='lat' dir='ltr'><strong>homo.</strong></span> <span class='ocrx_word' id='word_1_713' title='bbox 3067 4604 3275 4658; x_wconf 79' lang='lat' dir='ltr'><strong>Exaudi</strong></span> <span class='ocrx_word' id='word_1_714' title='bbox 3308 4606 3592 4657; x_wconf 87' lang='lat' dir='ltr'><strong>orationem</strong></span> 
     </span>
    </p>
   </div>
   <div class='ocr_carea' id='block_1_89' title="bbox 323 4686 3594 4766">
    <p class='ocr_par' dir='ltr' id='par_1_89' title="bbox 323 4686 3594 4766">
     <span class='ocr_line' id='line_1_89' title="bbox 323 4686 3594 4766; baseline -0.004 -15"><span class='ocrx_word' id='word_1_715' title='bbox 323 4707 510 4752; x_wconf 88' lang='lat' dir='ltr'><strong>autem</strong></span> <span class='ocrx_word' id='word_1_716' title='bbox 531 4694 740 4762; x_wconf 89' lang='lat' dir='ltr'><strong>alonge</strong></span> <span class='ocrx_word' id='word_1_717' title='bbox 765 4699 926 4758; x_wconf 87' lang='lat' dir='ltr'><strong>stant,</strong></span> <span class='ocrx_word' id='word_1_718' title='bbox 951 4690 1004 4746; x_wconf 74' lang='lat' dir='ltr'><strong>Id</strong></span> <span class='ocrx_word' id='word_1_719' title='bbox 1031 4697 1132 4756; x_wconf 88' lang='lat' dir='ltr'><strong>est,</strong></span> <span class='ocrx_word' id='word_1_720' title='bbox 1156 4690 1330 4760; x_wconf 91' lang='lat' dir='ltr'><strong>angeli</strong></span> <span class='ocrx_word' id='word_1_721' title='bbox 1348 4688 1537 4754; x_wconf 90' lang='lat' dir='ltr'><strong>sancti,</strong></span> <span class='ocrx_word' id='word_1_722' title='bbox 1566 4687 1657 4756; x_wconf 91' lang='lat' dir='ltr'><strong>qui</strong></span> <span class='ocrx_word' id='word_1_723' title='bbox 1678 4686 1910 4758; x_wconf 82' lang='lat' dir='ltr'><strong>proximi</strong></span> <span class='ocrx_word' id='word_1_724' title='bbox 2012 4715 2178 4753; x_wconf 68' lang='lat' dir='ltr'><strong>meum</strong></span> <span class='ocrx_word' id='word_1_725' title='bbox 2203 4697 2441 4760; x_wconf 62' lang='lat' dir='ltr'><strong>Domine,</strong></span> <span class='ocrx_word' id='word_1_726' title='bbox 2473 4705 2522 4750; x_wconf 71' lang='lat' dir='ltr'><strong>et</strong></span> <span class='ocrx_word' id='word_1_727' title='bbox 2548 4696 2960 4766; x_wconf 71' lang='lat' dir='ltr'><strong>deprecationem</strong></span> <span class='ocrx_word' id='word_1_728' title='bbox 2986 4711 3171 4758; x_wconf 65' lang='lat' dir='ltr'><strong>meam,</strong></span> <span class='ocrx_word' id='word_1_729' title='bbox 3197 4692 3403 4748; x_wconf 55' lang='lat' dir='ltr'><strong>auribus</strong></span> <span class='ocrx_word' id='word_1_730' title='bbox 3431 4694 3594 4764; x_wconf 66' lang='grc' dir='ltr'><strong>ρετεὲ.</strong></span> 
     </span>
    </p>
   </div>
   <div class='ocr_carea' id='block_1_90' title="bbox 321 4782 1910 4854">
    <p class='ocr_par' dir='ltr' id='par_1_90' title="bbox 321 4782 1910 4854">
     <span class='ocr_line' id='line_1_90' title="bbox 321 4782 1910 4854; baseline -0.008 -9"><span class='ocrx_word' id='word_1_731' title='bbox 321 4787 485 4845; x_wconf 86' lang='lat' dir='ltr'><strong>nobis</strong></span> <span class='ocrx_word' id='word_1_732' title='bbox 511 4793 664 4852; x_wconf 89' lang='lat' dir='ltr'><strong>sunt,</strong></span> <span class='ocrx_word' id='word_1_733' title='bbox 685 4784 900 4854; x_wconf 87' lang='lat' dir='ltr'><strong>quando</strong></span> <span class='ocrx_word' id='word_1_734' title='bbox 924 4782 1094 4852; x_wconf 89' lang='lat' dir='ltr'><strong>juste,</strong></span> <span class='ocrx_word' id='word_1_735' title='bbox 1117 4790 1173 4837; x_wconf 91' lang='lat' dir='ltr'><strong>et</strong></span> <span class='ocrx_word' id='word_1_736' title='bbox 1205 4782 1320 4852; x_wconf 92' lang='lat' dir='ltr'><strong>pie,</strong></span> <span class='ocrx_word' id='word_1_737' title='bbox 1351 4789 1406 4836; x_wconf 92' lang='lat' dir='ltr'><strong>et</strong></span> <span class='ocrx_word' id='word_1_738' title='bbox 1424 4788 1572 4837; x_wconf 82' lang='lat' dir='ltr'><strong>caste</strong></span> <span class='ocrx_word' id='word_1_739' title='bbox 1599 4786 1910 4834; x_wconf 89' lang='lat' dir='ltr'><strong>tractamur.</strong></span> 
     </span>
    </p>
   </div>
   <div class='ocr_carea' id='block_1_91' title="bbox 325 4873 1916 4947">
    <p class='ocr_par' dir='ltr' id='par_1_91' title="bbox 325 4873 1916 4947">
     <span class='ocr_line' id='line_1_91' title="bbox 325 4873 1916 4947; baseline -0.003 -14"><span class='ocrx_word' id='word_1_740' title='bbox 325 4877 403 4934; x_wconf 85' lang='lat' dir='ltr'><strong>Et</strong></span> <span class='ocrx_word' id='word_1_741' title='bbox 448 4878 572 4947; x_wconf 86' lang='lat' dir='ltr'><strong>quia</strong></span> <span class='ocrx_word' id='word_1_742' title='bbox 619 4875 1000 4947; x_wconf 76' lang='lat' dir='ltr'><strong>pollutionibus</strong></span> <span class='ocrx_word' id='word_1_743' title='bbox 1044 4882 1138 4930; x_wconf 90' lang='lat' dir='ltr'><strong>aut</strong></span> <span class='ocrx_word' id='word_1_744' title='bbox 1182 4875 1543 4944; x_wconf 87' lang='lat' dir='ltr'><strong>impietatibus</strong></span> <span class='ocrx_word' id='word_1_745' title='bbox 1589 4873 1743 4943; x_wconf 81' lang='lat' dir='ltr'><strong>juxta</strong></span> <span class='ocrx_word' id='word_1_746' title='bbox 1796 4887 1916 4928; x_wconf 84' lang='lat' dir='ltr'><strong>esse</strong></span> 
     </span>
    </p>
   </div>
   <div class='ocr_carea' id='block_1_92' title="bbox 335 4966 1916 5040">
    <p class='ocr_par' dir='ltr' id='par_1_92' title="bbox 335 4966 1916 5040">
     <span class='ocr_line' id='line_1_92' title="bbox 335 4966 1916 5040; baseline -0.004 -14"><span class='ocrx_word' id='word_1_747' title='bbox 335 4985 448 5026; x_wconf 85' lang='lat' dir='ltr'><strong>non</strong></span> <span class='ocrx_word' id='word_1_748' title='bbox 475 4977 716 5040; x_wconf 89' lang='lat' dir='ltr'><strong>possunt,</strong></span> <span class='ocrx_word' id='word_1_749' title='bbox 738 4967 860 5024; x_wconf 90' lang='lat' dir='ltr'><strong>ideo</strong></span> <span class='ocrx_word' id='word_1_750' title='bbox 881 4983 912 5022; x_wconf 90' lang='lat' dir='ltr'><strong>a</strong></span> <span class='ocrx_word' id='word_1_751' title='bbox 937 4967 1097 5036; x_wconf 89' lang='lat' dir='ltr'><strong>longe</strong></span> <span class='ocrx_word' id='word_1_752' title='bbox 1125 4975 1268 5022; x_wconf 88' lang='lat' dir='ltr'><strong>stant</strong></span> <span class='ocrx_word' id='word_1_753' title='bbox 1300 4983 1312 5018; x_wconf 90' lang='lat'><strong>:</strong></span> <span class='ocrx_word' id='word_1_754' title='bbox 1341 4975 1396 5020; x_wconf 91' lang='lat' dir='ltr'><strong>et</strong></span> <span class='ocrx_word' id='word_1_755' title='bbox 1417 4967 1519 5021; x_wconf 85' lang='lat' dir='ltr'><strong>illis</strong></span> <span class='ocrx_word' id='word_1_756' title='bbox 1539 4967 1697 5036; x_wconf 89' lang='lat' dir='ltr'><strong>longe</strong></span> <span class='ocrx_word' id='word_1_757' title='bbox 1724 4966 1916 5021; x_wconf 90' lang='lat' dir='ltr'><strong>stanti-</strong></span> 
     </span>
    </p>
   </div>
   <div class='ocr_carea' id='block_1_93' title="bbox 333 5058 1918 5127">
    <p class='ocr_par' dir='ltr' id='par_1_93' title="bbox 333 5058 1918 5127">
     <span class='ocr_line' id='line_1_93' title="bbox 333 5058 1918 5127; baseline -0.003 -9"><span class='ocrx_word' id='word_1_758' title='bbox 333 5063 439 5118; x_wconf 84' lang='lat' dir='ltr'><strong>bus</strong></span> <span class='ocrx_word' id='word_1_759' title='bbox 466 5061 594 5117; x_wconf 88' lang='lat' dir='ltr'><strong>vitio</strong></span> <span class='ocrx_word' id='word_1_760' title='bbox 622 5067 824 5127; x_wconf 87' lang='lat' dir='ltr'><strong>nostro,</strong></span> <span class='ocrx_word' id='word_1_761' title='bbox 857 5060 966 5114; x_wconf 85' lang='lat' dir='ltr'><strong>vim</strong></span> <span class='ocrx_word' id='word_1_762' title='bbox 993 5059 1150 5114; x_wconf 89' lang='lat' dir='ltr'><strong>nobis</strong></span> <span class='ocrx_word' id='word_1_763' title='bbox 1186 5058 1387 5114; x_wconf 79' lang='lat' dir='ltr'><strong>faciunt</strong></span> <span class='ocrx_word' id='word_1_764' title='bbox 1413 5059 1502 5127; x_wconf 93' lang='lat' dir='ltr'><strong>qui</strong></span> <span class='ocrx_word' id='word_1_765' title='bbox 1535 5066 1777 5127; x_wconf 81' lang='lat' dir='ltr'><strong>quaerunt</strong></span> <span class='ocrx_word' id='word_1_766' title='bbox 1801 5059 1918 5113; x_wconf 87' lang='lat' dir='ltr'><strong>ani-</strong></span> 
     </span>
    </p>
   </div>
   <div class='ocr_carea' id='block_1_94' title="bbox 335 5151 1918 5220">
    <p class='ocr_par' dir='ltr' id='par_1_94' title="bbox 335 5151 1918 5220">
     <span class='ocr_line' id='line_1_94' title="bbox 335 5151 1918 5220; baseline -0.003 -10"><span class='ocrx_word' id='word_1_767' title='bbox 335 5167 484 5210; x_wconf 85' lang='lat' dir='ltr'><strong>mam</strong></span> <span class='ocrx_word' id='word_1_768' title='bbox 528 5159 786 5215; x_wconf 87' lang='lat' dir='ltr'><strong>nostram,</strong></span> <span class='ocrx_word' id='word_1_769' title='bbox 816 5157 873 5205; x_wconf 88' lang='lat' dir='ltr'><strong>et</strong></span> <span class='ocrx_word' id='word_1_770' title='bbox 893 5157 1195 5220; x_wconf 69' lang='lat' dir='ltr'><strong>quaarentes</strong></span> <span class='ocrx_word' id='word_1_771' title='bbox 1220 5151 1360 5203; x_wconf 88' lang='lat' dir='ltr'><strong>mala</strong></span> <span class='ocrx_word' id='word_1_772' title='bbox 1389 5158 1594 5215; x_wconf 86' lang='lat' dir='ltr'><strong>nostra,</strong></span> <span class='ocrx_word' id='word_1_773' title='bbox 1627 5160 1918 5219; x_wconf 87' lang='lat' dir='ltr'><strong>suggerunt</strong></span> 
     </span>
    </p>
   </div>
   <div class='ocr_carea' id='block_1_95' title="bbox 330 5239 1920 5312">
    <p class='ocr_par' dir='ltr' id='par_1_95' title="bbox 330 5239 1920 5312">
     <span class='ocr_line' id='line_1_95' title="bbox 330 5239 1920 5312; baseline -0.002 -12"><span class='ocrx_word' id='word_1_774' title='bbox 330 5244 650 5308; x_wconf 82' lang='lat' dir='ltr'><strong>vanitatem,</strong></span> <span class='ocrx_word' id='word_1_775' title='bbox 681 5249 735 5298; x_wconf 89' lang='lat' dir='ltr'><strong>et</strong></span> <span class='ocrx_word' id='word_1_776' title='bbox 762 5242 916 5298; x_wconf 91' lang='lat' dir='ltr'><strong>dolos</strong></span> <span class='ocrx_word' id='word_1_777' title='bbox 938 5249 1050 5297; x_wconf 91' lang='lat' dir='ltr'><strong>tota</strong></span> <span class='ocrx_word' id='word_1_778' title='bbox 1075 5241 1164 5297; x_wconf 91' lang='lat' dir='ltr'><strong>die</strong></span> <span class='ocrx_word' id='word_1_779' title='bbox 1184 5242 1524 5298; x_wconf 86' lang='lat' dir='ltr'><strong>meditantur.</strong></span> <span class='ocrx_word' id='word_1_780' title='bbox 1550 5239 1667 5296; x_wconf 82' lang='lat' dir='ltr'><strong>Jam</strong></span> <span class='ocrx_word' id='word_1_781' title='bbox 1696 5243 1786 5312; x_wconf 91' lang='lat' dir='ltr'><strong>qui</strong></span> <span class='ocrx_word' id='word_1_782' title='bbox 1808 5244 1920 5297; x_wconf 87' lang='lat' dir='ltr'><strong>vult</strong></span> 
     </span>
    </p>
   </div>
   <div class='ocr_carea' id='block_1_96' title="bbox 329 5333 1914 5405">
    <p class='ocr_par' dir='ltr' id='par_1_96' title="bbox 329 5333 1914 5405">
     <span class='ocr_line' id='line_1_96' title="bbox 329 5333 1914 5405; baseline -0.001 -15"><span class='ocrx_word' id='word_1_783' title='bbox 329 5334 406 5390; x_wconf 77' lang='lat' dir='ltr'><strong>ad</strong></span> <span class='ocrx_word' id='word_1_784' title='bbox 451 5333 870 5389; x_wconf 91' lang='lat' dir='ltr'><strong>misericordiam</strong></span> <span class='ocrx_word' id='word_1_785' title='bbox 914 5335 1215 5404; x_wconf 86' lang='lat' dir='ltr'><strong>pervenire,</strong></span> <span class='ocrx_word' id='word_1_786' title='bbox 1260 5333 1388 5389; x_wconf 91' lang='lat' dir='ltr'><strong>dicit</strong></span> <span class='ocrx_word' id='word_1_787' title='bbox 1431 5335 1574 5404; x_wconf 90' lang='lat' dir='ltr'><strong>quod</strong></span> <span class='ocrx_word' id='word_1_788' title='bbox 1619 5335 1860 5405; x_wconf 88' lang='lat' dir='ltr'><strong>sequitur</strong></span> <span class='ocrx_word' id='word_1_789' title='bbox 1902 5353 1914 5388; x_wconf 92' lang='lat'><strong>:</strong></span> 
     </span>
    </p>
   </div>
   <div class='ocr_carea' id='block_1_97' title="bbox 332 5424 1920 5500">
    <p class='ocr_par' dir='ltr' id='par_1_97' title="bbox 332 5424 1920 5500">
     <span class='ocr_line' id='line_1_97' title="bbox 332 5424 1920 5500; baseline 0.001 -19"><span class='ocrx_word' id='word_1_790' title='bbox 332 5424 454 5496; x_wconf 83' lang='lat' dir='ltr'><strong>Ego</strong></span> <span class='ocrx_word' id='word_1_791' title='bbox 495 5432 674 5481; x_wconf 91' lang='lat' dir='ltr'><strong>autem</strong></span> <span class='ocrx_word' id='word_1_792' title='bbox 702 5431 957 5494; x_wconf 87' lang='lat' dir='ltr'><strong>tanquam</strong></span> <span class='ocrx_word' id='word_1_793' title='bbox 996 5425 1189 5480; x_wconf 89' lang='lat' dir='ltr'><strong>surdus</strong></span> <span class='ocrx_word' id='word_1_794' title='bbox 1233 5441 1340 5480; x_wconf 91' lang='lat' dir='ltr'><strong>non</strong></span> <span class='ocrx_word' id='word_1_795' title='bbox 1381 5426 1682 5491; x_wconf 89' lang='lat' dir='ltr'><strong>audiebam,</strong></span> <span class='ocrx_word' id='word_1_796' title='bbox 1713 5427 1920 5500; x_wconf 85' lang='lat' dir='ltr'><strong>illisque</strong></span> 
     </span>
    </p>
   </div>
   <div class='ocr_carea' id='block_1_98' title="bbox 333 5515 1920 5591">
    <p class='ocr_par' dir='ltr' id='par_1_98' title="bbox 333 5515 1920 5591">
     <span class='ocr_line' id='line_1_98' title="bbox 333 5515 1920 5591; baseline 0.001 -18"><span class='ocrx_word' id='word_1_797' title='bbox 333 5515 774 5591; x_wconf 85' lang='lat' dir='ltr'><strong>provocantibus,</strong></span> <span class='ocrx_word' id='word_1_798' title='bbox 797 5524 857 5570; x_wconf 92' lang='lat' dir='ltr'><strong>ut</strong></span> <span class='ocrx_word' id='word_1_799' title='bbox 883 5517 937 5571; x_wconf 92' lang='lat' dir='ltr'><strong>in</strong></span> <span class='ocrx_word' id='word_1_800' title='bbox 967 5516 1145 5587; x_wconf 91' lang='lat' dir='ltr'><strong>aliquo</strong></span> <span class='ocrx_word' id='word_1_801' title='bbox 1169 5518 1314 5589; x_wconf 91' lang='lat' dir='ltr'><strong>turpi</strong></span> <span class='ocrx_word' id='word_1_802' title='bbox 1335 5526 1428 5572; x_wconf 91' lang='lat' dir='ltr'><strong>aut</strong></span> <span class='ocrx_word' id='word_1_803' title='bbox 1442 5521 1583 5574; x_wconf 91' lang='lat' dir='ltr'><strong>malo</strong></span> <span class='ocrx_word' id='word_1_804' title='bbox 1609 5520 1774 5575; x_wconf 89' lang='lat' dir='ltr'><strong>verbo</strong></span> <span class='ocrx_word' id='word_1_805' title='bbox 1802 5536 1920 5590; x_wconf 92' lang='lat' dir='ltr'><strong>pro-</strong></span> 
     </span>
    </p>
   </div>
   <div class='ocr_carea' id='block_1_99' title="bbox 335 5610 1922 5683">
    <p class='ocr_par' dir='ltr' id='par_1_99' title="bbox 335 5610 1922 5683">
     <span class='ocr_line' id='line_1_99' title="bbox 335 5610 1922 5683; baseline 0.001 -14"><span class='ocrx_word' id='word_1_806' title='bbox 335 5626 646 5683; x_wconf 86' lang='lat' dir='ltr'><strong>rumperem</strong></span> <span class='ocrx_word' id='word_1_807' title='bbox 678 5630 691 5664; x_wconf 86' lang='lat'><strong>:</strong></span> <span class='ocrx_word' id='word_1_808' title='bbox 723 5610 896 5666; x_wconf 81' lang='lat' dir='ltr'><strong>factus</strong></span> <span class='ocrx_word' id='word_1_809' title='bbox 937 5626 1055 5665; x_wconf 88' lang='lat' dir='ltr'><strong>sum</strong></span> <span class='ocrx_word' id='word_1_810' title='bbox 1095 5620 1155 5664; x_wconf 91' lang='lat' dir='ltr'><strong>ut</strong></span> <span class='ocrx_word' id='word_1_811' title='bbox 1220 5619 1399 5666; x_wconf 91' lang='lat' dir='ltr'><strong>mutus</strong></span> <span class='ocrx_word' id='word_1_812' title='bbox 1427 5628 1532 5668; x_wconf 92' lang='lat' dir='ltr'><strong>non</strong></span> <span class='ocrx_word' id='word_1_813' title='bbox 1577 5613 1821 5682; x_wconf 90' lang='lat' dir='ltr'><strong>aperiens</strong></span> <span class='ocrx_word' id='word_1_814' title='bbox 1860 5630 1922 5670; x_wconf 84' lang='lat' dir='ltr'><strong>os</strong></span> 
     </span>
    </p>
   </div>
   <div class='ocr_carea' id='block_1_100' title="bbox 335 5700 1924 5778">
    <p class='ocr_par' dir='ltr' id='par_1_100' title="bbox 335 5700 1924 5778">
     <span class='ocr_line' id='line_1_100' title="bbox 335 5700 1924 5778; baseline -0.003 -14"><span class='ocrx_word' id='word_1_815' title='bbox 335 5720 515 5764; x_wconf 79' lang='lat' dir='ltr'><strong>suum.</strong></span> <span class='ocrx_word' id='word_1_816' title='bbox 547 5702 725 5772; x_wconf 88' lang='lat' dir='ltr'><strong>Quare</strong></span> <span class='ocrx_word' id='word_1_817' title='bbox 770 5703 910 5760; x_wconf 87' lang='lat' dir='ltr'><strong>hoc?</strong></span> <span class='ocrx_word' id='word_1_818' title='bbox 939 5700 1074 5770; x_wconf 86' lang='lat' dir='ltr'><strong>Quia</strong></span> <span class='ocrx_word' id='word_1_819' title='bbox 1118 5703 1171 5757; x_wconf 91' lang='lat' dir='ltr'><strong>in</strong></span> <span class='ocrx_word' id='word_1_820' title='bbox 1220 5711 1274 5759; x_wconf 91' lang='lat' dir='ltr'><strong>te</strong></span> <span class='ocrx_word' id='word_1_821' title='bbox 1321 5719 1497 5775; x_wconf 87' lang='lat' dir='ltr'><strong>spero,</strong></span> <span class='ocrx_word' id='word_1_822' title='bbox 1542 5703 1787 5760; x_wconf 89' lang='lat' dir='ltr'><strong>Domine.</strong></span> <span class='ocrx_word' id='word_1_823' title='bbox 1818 5706 1924 5778; x_wconf 85' lang='lat' dir='ltr'><strong>Spe</strong></span> 
     </span>
    </p>
   </div>
   <div class='ocr_carea' id='block_1_101' title="bbox 2013 4785 3594 4861">
    <p class='ocr_par' dir='ltr' id='par_1_101' title="bbox 2013 4785 3594 4861">
     <span class='ocr_line' id='line_1_101' title="bbox 2013 4785 3594 4861; baseline 0.001 -19"><span class='ocrx_word' id='word_1_824' title='bbox 2013 4806 2076 4861; x_wconf 74' lang='lat' dir='ltr'><strong>pe</strong></span> <span class='ocrx_word' id='word_1_825' title='bbox 2103 4793 2362 4860; x_wconf 78' lang='lat' dir='ltr'><strong>tacrymas</strong></span> <span class='ocrx_word' id='word_1_826' title='bbox 2383 4803 2544 4842; x_wconf 79' lang='lat' dir='ltr'><strong>meas.</strong></span> <span class='ocrx_word' id='word_1_827' title='bbox 2570 4785 2653 4840; x_wconf 89' lang='lat' dir='ltr'><strong>Ne</strong></span> <span class='ocrx_word' id='word_1_828' title='bbox 2673 4787 2828 4840; x_wconf 78' lang='lat' dir='ltr'><strong>sileas</strong></span> <span class='ocrx_word' id='word_1_829' title='bbox 2850 4803 2866 4840; x_wconf 93' lang='lat'><strong><em>:</em></strong></span> <span class='ocrx_word' id='word_1_830' title='bbox 2888 4788 3129 4858; x_wconf 86' lang='lat' dir='ltr'><strong>quoniam</strong></span> <span class='ocrx_word' id='word_1_831' title='bbox 3150 4786 3344 4841; x_wconf 83' lang='lat' dir='ltr'><strong>advena</strong></span> <span class='ocrx_word' id='word_1_832' title='bbox 3373 4806 3464 4860; x_wconf 85' lang='lat' dir='ltr'><strong>ego</strong></span> <span class='ocrx_word' id='word_1_833' title='bbox 3483 4806 3594 4844; x_wconf 77' lang='lat' dir='ltr'><strong>sum</strong></span> 
     </span>
    </p>
   </div>
   <div class='ocr_carea' id='block_1_102' title="bbox 2018 4880 3596 4953">
    <p class='ocr_par' dir='ltr' id='par_1_102' title="bbox 2018 4880 3596 4953">
     <span class='ocr_line' id='line_1_102' title="bbox 2018 4880 3596 4953; baseline 0.003 -19"><span class='ocrx_word' id='word_1_834' title='bbox 2018 4882 2155 4952; x_wconf 81' lang='lat' dir='ltr'><strong>apud</strong></span> <span class='ocrx_word' id='word_1_835' title='bbox 2177 4889 2224 4934; x_wconf 87' lang='lat' dir='ltr'><strong>te</strong></span> <span class='ocrx_word' id='word_1_836' title='bbox 2249 4889 2299 4934; x_wconf 85' lang='lat' dir='ltr'><strong>et</strong></span> <span class='ocrx_word' id='word_1_837' title='bbox 2325 4882 2640 4951; x_wconf 79' lang='lat' dir='ltr'><strong>peregrinus,</strong></span> <span class='ocrx_word' id='word_1_838' title='bbox 2673 4880 2802 4933; x_wconf 82' lang='lat' dir='ltr'><strong>sicut</strong></span> <span class='ocrx_word' id='word_1_839' title='bbox 2827 4896 3000 4935; x_wconf 79' lang='lat' dir='ltr'><strong>omnes</strong></span> <span class='ocrx_word' id='word_1_840' title='bbox 3027 4891 3198 4953; x_wconf 78' lang='lat' dir='ltr'><strong>patres</strong></span> <span class='ocrx_word' id='word_1_841' title='bbox 3224 4885 3343 4939; x_wconf 86' lang='lat' dir='ltr'><strong>mei.</strong></span> <span class='ocrx_word' id='word_1_842' title='bbox 3378 4883 3596 4939; x_wconf 83' lang='lat' dir='ltr'><strong>Remitte</strong></span> 
     </span>
    </p>
   </div>
   <div class='ocr_carea' id='block_1_103' title="bbox 2021 4971 3597 5049">
    <p class='ocr_par' dir='ltr' id='par_1_103' title="bbox 2021 4971 3597 5049">
     <span class='ocr_line' id='line_1_103' title="bbox 2021 4971 3597 5049; baseline 0.004 -24"><span class='ocrx_word' id='word_1_843' title='bbox 2021 4973 2150 5028; x_wconf 67' lang='lat' dir='ltr'><strong>mihi</strong></span> <span class='ocrx_word' id='word_1_844' title='bbox 2188 4979 2244 5023; x_wconf 90' lang='lat' dir='ltr'><strong>ut</strong></span> <span class='ocrx_word' id='word_1_845' title='bbox 2289 4971 2563 5041; x_wconf 77' lang='lat' dir='ltr'><strong>refrigerer</strong></span> <span class='ocrx_word' id='word_1_846' title='bbox 2608 4972 2903 5043; x_wconf 73' lang='lat' dir='ltr'><strong>priusquam</strong></span> <span class='ocrx_word' id='word_1_847' title='bbox 2931 4971 3110 5030; x_wconf 81' lang='lat' dir='ltr'><strong>abeam</strong></span> <span class='ocrx_word' id='word_1_848' title='bbox 3149 4985 3200 5034; x_wconf 75' lang='lat' dir='ltr'><strong>et</strong></span> <span class='ocrx_word' id='word_1_849' title='bbox 3236 4977 3457 5049; x_wconf 78' lang='lat' dir='ltr'><strong>amplius</strong></span> <span class='ocrx_word' id='word_1_850' title='bbox 3495 4993 3597 5031; x_wconf 86' lang='lat' dir='ltr'><strong>non</strong></span> 
     </span>
    </p>
   </div>
   <div class='ocr_carea' id='block_1_104' title="bbox 2023 5082 3022 5196">
    <p class='ocr_par' dir='ltr' id='par_1_104' title="bbox 2023 5082 3022 5196">
     <span class='ocr_line' id='line_1_104' title="bbox 2023 5082 2128 5120; baseline -0.019 0"><span class='ocrx_word' id='word_1_851' title='bbox 2023 5082 2128 5120; x_wconf 87' lang='lat' dir='ltr'><strong>ero.</strong></span> 
     </span>
     <span class='ocr_line' id='line_1_105' title="bbox 2593 5149 3022 5196; baseline 0.007 -7"><span class='ocrx_word' id='word_1_852' title='bbox 2593 5149 3022 5196; x_wconf 67' lang='lat' dir='ltr'><strong>COIMENTARIUI.</strong></span> 
     </span>
    </p>
   </div>
   <div class='ocr_carea' id='block_1_105' title="bbox 2096 5247 3602 5324">
    <p class='ocr_par' dir='ltr' id='par_1_105' title="bbox 2096 5247 3602 5324">
     <span class='ocr_line' id='line_1_106' title="bbox 2096 5247 3602 5324; baseline 0.001 -22"><span class='ocrx_word' id='word_1_853' title='bbox 2096 5247 2152 5302; x_wconf 87' lang='lat' dir='ltr'><strong>In</strong></span> <span class='ocrx_word' id='word_1_854' title='bbox 2177 5249 2448 5306; x_wconf 88' lang='lat' dir='ltr'><strong>tricesimo</strong></span> <span class='ocrx_word' id='word_1_855' title='bbox 2465 5257 2520 5305; x_wconf 86' lang='lat' dir='ltr'><strong>et</strong></span> <span class='ocrx_word' id='word_1_856' title='bbox 2539 5261 2730 5307; x_wconf 90' lang='lat' dir='ltr'><strong>octavo</strong></span> <span class='ocrx_word' id='word_1_857' title='bbox 2752 5254 2958 5324; x_wconf 90' lang='lat' dir='ltr'><strong>psalmo</strong></span> <span class='ocrx_word' id='word_1_858' title='bbox 2973 5253 3202 5324; x_wconf 85' lang='lat' dir='ltr'><strong>ingressi</strong></span> <span class='ocrx_word' id='word_1_859' title='bbox 3218 5253 3458 5307; x_wconf 86' lang='lat' dir='ltr'><strong>videmus</strong></span> <span class='ocrx_word' id='word_1_860' title='bbox 3475 5263 3602 5304; x_wconf 86' lang='lat' dir='ltr'><strong>san-</strong></span> 
     </span>
    </p>
   </div>
   <div class='ocr_carea' id='block_1_106' title="bbox 2025 5341 3602 5416">
    <p class='ocr_par' dir='ltr' id='par_1_106' title="bbox 2025 5341 3602 5416">
     <span class='ocr_line' id='line_1_107' title="bbox 2025 5341 3602 5416; baseline 0 -18"><span class='ocrx_word' id='word_1_861' title='bbox 2025 5342 2096 5398; x_wconf 92' lang='lat' dir='ltr'><strong>cti</strong></span> <span class='ocrx_word' id='word_1_862' title='bbox 2132 5345 2391 5413; x_wconf 89' lang='lat' dir='ltr'><strong>propositi</strong></span> <span class='ocrx_word' id='word_1_863' title='bbox 2417 5345 2822 5415; x_wconf 79' lang='lat' dir='ltr'><strong>professionem,</strong></span> <span class='ocrx_word' id='word_1_864' title='bbox 2852 5349 2906 5403; x_wconf 90' lang='lat' dir='ltr'><strong>in</strong></span> <span class='ocrx_word' id='word_1_865' title='bbox 2931 5363 3037 5416; x_wconf 91' lang='lat' dir='ltr'><strong>qua</strong></span> <span class='ocrx_word' id='word_1_866' title='bbox 3076 5345 3282 5416; x_wconf 90' lang='lat' dir='ltr'><strong>positus</strong></span> <span class='ocrx_word' id='word_1_867' title='bbox 3305 5343 3468 5396; x_wconf 90' lang='lat' dir='ltr'><strong>homo</strong></span> <span class='ocrx_word' id='word_1_868' title='bbox 3485 5341 3602 5416; x_wconf 82' lang='lat' dir='ltr'><strong>_Dei</strong></span> 
     </span>
    </p>
   </div>
   <div class='ocr_carea' id='block_1_107' title="bbox 2025 5409 3605 5509">
    <p class='ocr_par' dir='ltr' id='par_1_107' title="bbox 2025 5409 3605 5509">
     <span class='ocr_line' id='line_1_108' title="bbox 2025 5409 3605 5509; baseline 0.001 -21"><span class='ocrx_word' id='word_1_869' title='bbox 2025 5409 2151 5504; x_wconf 85' lang='lat' dir='ltr'><strong>quid</strong></span> <span class='ocrx_word' id='word_1_870' title='bbox 2198 5409 2568 5506; x_wconf 45' lang='lat' dir='ltr'><strong>dixerit,-quid</strong></span> <span class='ocrx_word' id='word_1_871' title='bbox 2618 5409 2963 5509; x_wconf 59' lang='lat' dir='ltr'><strong>cogitaverit;</strong></span> <span class='ocrx_word' id='word_1_872' title='bbox 3001 5409 3128 5504; x_wconf 79' lang='lat' dir='ltr'><strong>quid</strong></span> <span class='ocrx_word' id='word_1_873' title='bbox 3177 5433 3435 5497; x_wconf 88' lang='lat' dir='ltr'><strong>doluerit,</strong></span> <span class='ocrx_word' id='word_1_874' title='bbox 3477 5409 3605 5505; x_wconf 69' lang='lat' dir='ltr'><strong>quid</strong></span> 
     </span>
    </p>
   </div>
   <div class='ocr_carea' id='block_1_108' title="bbox 2026 5523 3606 5600">
    <p class='ocr_par' dir='ltr' id='par_1_108' title="bbox 2026 5523 3606 5600">
     <span class='ocr_line' id='line_1_109' title="bbox 2026 5523 3606 5600; baseline 0.004 -20"><span class='ocrx_word' id='word_1_875' title='bbox 2026 5527 2313 5582; x_wconf 88' lang='lat' dir='ltr'><strong>meditatus</strong></span> <span class='ocrx_word' id='word_1_876' title='bbox 2347 5527 2522 5598; x_wconf 84' lang='lat' dir='ltr'><strong>fuerit,</strong></span> <span class='ocrx_word' id='word_1_877' title='bbox 2553 5531 2680 5599; x_wconf 90' lang='lat' dir='ltr'><strong>quid</strong></span> <span class='ocrx_word' id='word_1_878' title='bbox 2710 5529 2945 5582; x_wconf 88' lang='lat' dir='ltr'><strong>oraverit</strong></span> <span class='ocrx_word' id='word_1_879' title='bbox 2971 5525 3287 5594; x_wconf 82' lang='lat' dir='ltr'><strong>explicatur.</strong></span> <span class='ocrx_word' id='word_1_880' title='bbox 3315 5523 3450 5592; x_wconf 87' lang='lat' dir='ltr'><strong>Quid</strong></span> <span class='ocrx_word' id='word_1_881' title='bbox 3478 5544 3606 5600; x_wconf 88' lang='lat' dir='ltr'><strong>ergo</strong></span> 
     </span>
    </p>
   </div>
   <div class='ocr_carea' id='block_1_109' title="bbox 2028 5613 3607 5682">
    <p class='ocr_par' dir='ltr' id='par_1_109' title="bbox 2028 5613 3607 5682">
     <span class='ocr_line' id='line_1_110' title="bbox 2028 5613 3607 5682; baseline 0.005 -9"><span class='ocrx_word' id='word_1_882' title='bbox 2028 5618 2223 5674; x_wconf 79' lang='lat' dir='ltr'><strong>dixerit</strong></span> <span class='ocrx_word' id='word_1_883' title='bbox 2267 5621 2560 5676; x_wconf 86' lang='lat' dir='ltr'><strong>audiamus.</strong></span> <span class='ocrx_word' id='word_1_884' title='bbox 2607 5620 2876 5674; x_wconf 88' lang='lat' dir='ltr'><strong>Pouamus</strong></span> <span class='ocrx_word' id='word_1_885' title='bbox 2915 5631 3038 5669; x_wconf 88' lang='lat' dir='ltr'><strong>eum</strong></span> <span class='ocrx_word' id='word_1_886' title='bbox 3082 5613 3295 5672; x_wconf 87' lang='lat' dir='ltr'><strong>audisse</strong></span> <span class='ocrx_word' id='word_1_887' title='bbox 3334 5636 3349 5674; x_wconf 92' lang='lat'>:</span> <span class='ocrx_word' id='word_1_888' title='bbox 3397 5619 3607 5682; x_wconf 79' lang='lat' dir='ltr'><strong>Currite</strong></span> 
     </span>
    </p>
   </div>
   <div class='ocr_carea' id='block_1_110' title="bbox 2031 5705 3604 5776">
    <p class='ocr_par' dir='ltr' id='par_1_110' title="bbox 2031 5705 3604 5776">
     <span class='ocr_line' id='line_1_111' title="bbox 2031 5705 3604 5776; baseline 0.003 -13"><span class='ocrx_word' id='word_1_889' title='bbox 2031 5709 2155 5766; x_wconf 89' lang='lat' dir='ltr'><strong>dum</strong></span> <span class='ocrx_word' id='word_1_890' title='bbox 2191 5711 2362 5767; x_wconf 88' lang='lat' dir='ltr'><strong>lucem</strong></span> <span class='ocrx_word' id='word_1_891' title='bbox 2395 5710 2620 5773; x_wconf 85' lang='lat' dir='ltr'><strong>habetis,</strong></span> <span class='ocrx_word' id='word_1_892' title='bbox 2651 5722 2720 5761; x_wconf 91' lang='lat' dir='ltr'><strong>ue</strong></span> <span class='ocrx_word' id='word_1_893' title='bbox 2746 5719 2842 5760; x_wconf 81' lang='lat' dir='ltr'><strong>vos</strong></span> <span class='ocrx_word' id='word_1_894' title='bbox 2867 5705 3102 5761; x_wconf 64' lang='lat' dir='ltr'><strong>tenebrae</strong></span> <span class='ocrx_word' id='word_1_895' title='bbox 3129 5711 3604 5776; x_wconf 84' lang='lat' dir='ltr'><strong>comprehendant.</strong></span> 
     </span>
    </p>
   </div>
  </div>
