4108 6348
601 352 707 407 579

1914 341 2188 399 ARNOBll
2224 339 2533 396 JUNIORIS

3790 327 3889 386 380

604 466 674 521 Et
694 464 781 520 hic
808 461 997 518 volens
1021 473 1238 516 currere
1255 457 1470 523 dixerit,
1495 466 1555 511 ut
1583 454 1878 511 custodiret
1904 454 2019 510 vias
2040 469 2184 510 suas.
2218 455 2267 513 Α
2296 453 2367 508 Et
2394 454 2655 509 exaudivit
2682 468 2855 524 preces
2874 467 3035 519 meas,
3061 459 3110 505 et
3127 448 3309 505 eduxit
3327 465 3408 504 me
3428 448 3491 504 de
3517 448 3887 522 lacrimiseritr,

606 556 787 613 Primo
810 553 1049 610 omnium
1069 550 1178 620 egit
1204 557 1263 604 ut
1289 564 1399 605 non
1420 548 1759 619 delinqueret
1786 547 1839 601 in
1869 547 2046 615 lingua
2074 561 2194 611 sua,

606 648 785 721 posuit
803 645 885 702 ori
912 660 1010 701 suo
1037 641 1356 698 custodiam.
1401 640 1666 708 Quando-2
1712 639 1828 694 Non
1870 654 2084 710 semper
2111 647 2195 694 ta-

605 740 752 798 cuit?
774 752 883 793 non
911 735 1346 804 omnitempore,
1374 732 1472 788 sed
1500 747 1567 788 eo
1595 739 1842 803 tempore
1864 731 1990 786 dum
2020 732 2199 786 consi-

604 836 776 889 steret
815 820 1358 899 peceator‘adversus
1385 839 1527 890 eum,
1570 824 1661 895 qui
1701 838 1823 903 eum
1852 829 2194 893 provocaret,

604 922 775 982 autad
794 921 1241 987 maledicendum,
1257 927 1350 976 aut
1371 919 1439 974 ad
1457 918 1885 985 conviciandum,
1905 926 1996 974 aut
2023 918 2091 973 ad
2109 918 2202 973 ob-

604 1006 961 1078 trectandum,
992 1019 1088 1068 aut
1137 1012 1303 1067 etiam
1352 1010 1569 1080 aliquod
1608 1010 1808 1065 malum
1855 1026 1922 1065 ex
1968 1024 2064 1065 ore
2100 1025 2201 1065 suo

606 1105 1003 1179 proferendum.
1045 1104 1147 1161 Hie
1188 1120 1257 1161 eo
1284 1113 1527 1176 tempore
1561 1105 1848 1172 obmutuit,
1873 1114 1928 1160 et
1954 1105 2202 1160 humilia-

607 1206 695 1256 tus
721 1206 823 1264 est,
853 1205 912 1254 et
936 1197 1105 1265 siluit,
1143 1213 1251 1253 non
1280 1197 1454 1253 solum
1479 1212 1510 1252 a
1532 1197 1707 1263 malis,
1740 1197 1834 1252 sed
1862 1198 2023 1253 etiam
2053 1212 2083 1252 a
2103 1198 2203 1254 bo-

503 1276 508 1281 .
607 1291 711 1349 nis.
734 1288 1033 1347 Perfectins
1056 1289 1167 1360 egit
1194 1288 1411 1356 Paulus,
1436 1304 1545 1345 non
1566 1289 1876 1345 obmotuita
1898 1289 2076 1355 bonis,
2105 1290 2203 1344 sed

608 1398 642 1441 ι
671 1383 800 1439 solis
826 1382 1002 1437 malis.
1026 1381 1163 1437 Nam
1190 1381 1315 1437 dum
1336 1382 1657 1438 consisteret
1677 1388 1931 1451 peccator
1949 1381 2205 1438 adversus

610 1491 754 1542 etilli,
779 1474 912 1530 dixit
945 1493 958 1528 :
989 1473 1374 1543 Haledicinsur,
1403 1484 1454 1529 et
1480 1474 1857 1540 benedicimus;
1881 1474 2206 1547 blasphema-

611 1582 728 1622 ων
749 1574 803 1621 et
827 1564 1151 1621 obsecramus
1173 1565 1218 1638 (l
1244 1564 1364 1621 Cor.
1403 1566 1499 1635 ιν).
1532 1565 1629 1621 Hic
1654 1574 1839 1622 tamen
1866 1582 1969 1623 nec
2003 1568 2204 1623 bonum

612 1674 715 1714 nec
759 1658 958 1714 malum
988 1658 1213 1729 protulit
1242 1676 1254 1712 :
1287 1656 1394 1713 Sed
1422 1658 1708 1725 obmutuit,
1740 1659 1943 1729 inquit,
1979 1660 2144 1715 etiam
2171 1675 2203 1715 a

612 1749 803 1817 bonis;
831 1756 888 1805 et
930 1749 1088 1805 dolor
1133 1763 1285 1806 meus
1328 1758 1619 1825 renovatus
1658 1758 1773 1815 est,
1805 1751 1858 1806 id
1905 1760 2007 1817 est,
2052 1752 2204 1815 novis

2300 557 2351 603 et
2379 547 2443 600 de
2470 545 2577 600 luto
2608 547 2770 617 furcis.
2806 543 2874 598 Et
2902 544 3083 598 statuit
3121 560 3278 615 supra
3320 550 3522 614 petram
3549 542 3707 615 pedes
3739 561 3887 613 meas,

2300 645 2353 693 et
2381 638 2572 692 direxit
2594 653 2803 710 gressus
2836 653 2996 691 meos.
3030 634 3099 689 Et
3126 636 3342 689 immisit
3364 635 3420 688 in
3449 651 3506 690 os
3533 652 3705 689 meum
3734 639 3885 690 canti-

2302 748 2420 786 cum
2444 746 2629 785 novum
2656 722 2864 783 carmen
2896 727 3004 782 Deo
3034 737 3230 782 nostra.
3283 725 3542 781 Videbunt
3565 728 3715 782 multi
3743 735 3792 782 et
3831 730 3885 783 ti-

2306 822 2532 887 mebunt,
2568 830 2617 875 et
2648 821 2926 893 sperabunt
2952 821 3007 874 in
3036 819 3279 874 Domino.
3312 818 3503 877 Beatus
3532 819 3611 875 vir
3654 820 3801 890 cujus
3825 833 3882 875 est

2306 930 2492 969 nomen
2522 911 2735 967 Domini
2763 928 2879 983 spes
2904 911 3043 984 ejus,
3072 918 3120 964 et
3149 928 3252 966 non
3299 909 3525 981 respexit
3569 910 3626 964 in
3655 912 3891 965 vanitates

2306 1012 2355 1059 et
2406 1005 2642 1059 insanias
2692 1003 2875 1079 falsas.
2913 1000 3084 1056 Multa
3135 1002 3305 1076 fecisti
3354 1009 3436 1068 tu,
3487 1000 3712 1069 Domine
3764 1001 3887 1057 Deus

2306 1114 2468 1158 meus,
2499 1093 2760 1149 mirabilia
2791 1104 2897 1161 tua,
2941 1104 2989 1148 et
3018 1092 3417 1167 cogitationibus
3446 1095 3549 1149 tuis
3578 1111 3685 1150 non
3716 1103 3791 1149 est
3816 1096 3887 1168 qti

2307 1188 2491 1244 similis
2520 1188 2588 1242 sit
2618 1186 2726 1241 tibi.
2756 1185 3073 1242 Annuntiavi
3102 1196 3152 1240 et
3178 1184 3378 1241 locutus
3408 1203 3551 1252 sum,
3576 1185 3886 1258 multiplicati

2305 1288 2427 1336 sunt
2456 1296 2607 1350 super
2634 1295 2924 1333 numerum.
2952 1277 3287 1350 Sacriﬁcium
3316 1287 3367 1333 et
3395 1278 3713 1335 oblationem
3737 1279 3885 1336 ποικί-

2307 1373 2394 1439 sti,
2427 1388 2578 1425 aures
2618 1376 2791 1424 autem
2837 1369 3103 1442 perfecisti
3130 1370 3277 1425 mihi.
3311 1369 3695 1426 Holocaustum
3738 1380 3787 1425 et
3808 1388 3887 1444 prs

2308 1468 2517 1536 peccato
2540 1479 2641 1517 non
2662 1446 2962 1534 postulasti,
2992 1471 3111 1515 tunc
3132 1460 3245 1515 dixi
3268 1478 3285 1515 :
3309 1460 3444 1517 Ecce
3462 1463 3631 1518 venio.
3657 1459 3725 1517 In
3743 1465 3883 1535 capita

2309 1553 2427 1610 libri
2457 1555 2705 1626 scriptum
2733 1562 2809 1607 est
2838 1552 2902 1608 de
2928 1570 3010 1607 me
3049 1562 3107 1606 ut
3133 1555 3357 1625 facerem
3396 1553 3712 1609 uoluntatem
3747 1564 3882 1620 tuasu,

2311 1644 2451 1701 Deus
2476 1663 2639 1709 meus,
2672 1644 2828 1709 volui,
2859 1652 2909 1700 et
2937 1644 3100 1718 legem
3131 1655 3272 1699 tuam
3308 1647 3364 1699 in
3390 1646 3558 1701 medio
3586 1646 3756 1702 cordis
3781 1649 3881 1702 nisi.

2310 1739 2625 1793 Annuntiaui
2646 1737 2907 1810 justitiam
2939 1745 3079 1791 tuam
3106 1737 3163 1791 in
3182 1734 3423 1795 Ecclesia
3453 1755 3668 1811 magna,
3694 1756 3803 1796 ecce
3821 1740 3882 1796 ιθ

613 1842 887 1909 conviciis,
920 1843 1076 1899 novis
1101 1843 1381 1899 doloribus
1412 1844 1812 1900 commovebar.
1843 1844 1952 1900 Sed
1978 1847 2102 1917 quia
2131 1846 2206 1902 di-
2236 1840 2284 1900 B
2310 1831 2396 1887 bia
2441 1849 2555 1886 utea
2595 1848 2698 1886 non
2738 1829 3037 1901 prohibebo,
3068 1828 3322 1906 Domine,
3354 1841 3405 1886 tu
3453 1834 3617 1888 scisti.
3645 1832 3882 1891 Justitiam

612 1931 694 1988 xit
724 1949 738 1986 :
772 1930 842 1988 Ut
886 1947 996 1996 mn
1018 1932 1389 2003 deiinquerem
1434 1934 1490 1989 in
1524 1926 1713 2004 lingua
1762 1950 1902 2003 mea,
1935 1936 2207 1993 concaluit

611 2041 710 2082 cor
734 2041 915 2083 meum
954 2028 1097 2083 intra
1126 2041 1231 2093 me,
1265 2034 1321 2082 et
1364 2029 1421 2082 in
1466 2027 1815 2084 meditatione
1852 2044 1975 2085 mea
2004 2032 2207 2087 exarsit

613 2117 753 2188 ignis
770 2119 1053 2188 genuinus,
1080 2120 1189 2190 qui
1210 2126 1416 2175 motum
1443 2121 1788 2177 conscientia:
1809 2123 2111 2181 innocentis
2131 2125 2208 2180 in-

611 2207 869 2266 flammat.
919 2210 1152 2268 Locutus
1189 2219 1373 2268 tamen
1399 2212 1615 2269 tandem
1645 2214 1932 2288 aliquando
1960 2216 2071 2271 dixi
2100 2217 2207 2273 Do-

611 2303 761 2359 mino
791 2320 805 2357 :
835 2302 1031 2359 Notum
1060 2303 1145 2359 fac
1172 2306 1301 2360 mihi
1327 2305 1488 2361 tinem
1516 2321 1716 2371 meum,
1747 2314 1809 2380 ut
1835 2308 2001 2364 sciam
2031 2326 2204 2381 quan-

613 2396 705 2452 diu
731 2397 1081 2467 opprobrium
1110 2398 1385 2468 insipienti
1413 2414 1527 2454 ero.
1551 2399 1925 2458 Consideravit
1947 2412 2122 2459 tamen
2154 2413 2209 2460 et

614 2487 739 2552 hoc,
761 2487 885 2556 quia
905 2488 1127 2541 vanitati
1167 2488 1410 2557 subjacet
1437 2490 1612 2544 omnis
1642 2492 1804 2547 homo
1824 2493 2030 2562 vivens,
2062 2496 2209 2565 quis-

617 2591 723 2645 que
743 2593 865 2632 cum
896 2577 949 2632 in
978 2578 1212 2647 imagine
1243 2586 1498 2645 transeat,
1524 2581 1782 2640 sollicitus
1810 2593 1911 2648 est,
1945 2594 2000 2641 et
2028 2588 2210 2642 condit

617 2668 920 2736 thesauros,
950 2670 1204 2738 ignorans
1251 2670 1339 2728 cui
1386 2679 1677 2742 congregat
1714 2687 1831 2729 eos.
1862 2675 1991 2742 Qua:
2029 2685 2208 2732 autem

615 2773 777 2815 causa
818 2767 876 2816 ut
903 2759 1029 2816 dum
1056 2761 1166 2831 agit
1191 2761 1259 2819 de
1299 2776 1387 2830 eo,
1415 2762 1507 2835 qui
1534 2778 1785 2825 eumsuo
1805 2765 1986 2835 iurgio
2013 2783 2211 2838 provo-

614 2849 773 2905 cabat
818 2849 884 2905 ad
924 2851 1259 2921 litigandum,
1311 2853 1491 2909 subito
1534 2854 1603 2908 ad
1629 2855 1789 2909 istum
1829 2856 2114 2915 devolutus
2140 2860 2213 2918 sit

615 2940 708 3009 qui
726 2942 1089 3013 thesaurizati?
1114 2941 1310 3014 Utique
1332 2959 1439 2999 non
1461 2953 1609 3001 esset
1627 2944 1693 3001 iis
1719 2946 1771 3001 in
1792 2948 2009 3014 saeculo,
2036 2948 2079 3003 si
2103 2965 2211 3005 non

616 3049 758 3090 unus
785 3034 946 3090 vellet
966 3036 1072 3090 alio
1101 3036 1265 3092 ditior
1291 3035 1430 3105 fieri,
1453 3037 1567 3094 sive
1596 3040 1650 3094 in
1671 3039 1882 3110 opibus,
1907 3043 2022 3097 sive
2042 3043 2097 3098 in
2119 3043 2213 3098 ho-

619 3125 857 3181 noribus.
884 3125 983 3182 Hic
1008 3135 1188 3183 autem
1215 3129 1306 3200 qui
1333 3130 1568 3185 custodit
1593 3130 1707 3187 vias
1726 3147 1869 3197 suas,
1901 3132 2029 3189 dicit
2063 3151 2076 3189 :
2101 3133 2209 3189 Ex-

2315 1932 2455 1980 tuam
2500 1941 2603 1979 non
2632 1923 2879 1979 abscondi
2908 1924 2963 1978 in
3016 1924 3173 1978 corde
3200 1941 3332 1991 meo,
3377 1927 3646 1981 ueritatem
3675 1935 3803 1983 tuam
3844 1935 3881 1983 et

2311 2028 2543 2072 salutare
2568 2026 2706 2069 tuum
2737 2014 2867 2070 dixi.
2896 2012 3019 2070 Non
3050 2015 3301 2070 abscondi
3328 2016 3733 2072 misericordiam
3757 2025 3880 2073 tuuis

2311 2115 2362 2163 et
2382 2108 2645 2162 veritatem
2675 2115 2818 2161 tuam
2840 2124 2872 2160 a
2895 2106 3116 2161 consilio
3146 2107 3327 2161 multo.
3354 2105 3429 2160 Tu
3451 2116 3638 2174 autem,
3663 2107 3878 2175 Domine,

2312 2219 2378 2256 ne
2406 2201 2557 2273 longe
2585 2201 2754 2273 facias
2795 2199 3160 2254 miserationes
3202 2206 3317 2253 tuas
3344 2216 3377 2252 a
3420 2216 3532 2267 me,
3556 2200 3877 2255 misericordia

2314 2301 2403 2346 tua
2441 2300 2490 2346 et
2520 2292 2706 2345 veritas
2754 2297 2844 2343 tua
2880 2306 3082 2363 semper
3128 2296 3463 2362 susceperunt
3509 2308 3609 2345 me.
3653 2288 3875 2356 Quoniam

2313 2366 2755 2441 circumdederunt
2792 2402 2873 2439 me
2912 2383 3085 2452 mala,
3117 2401 3333 2457 quorum
3381 2401 3487 2439 non
3523 2394 3601 2441 est
3637 2400 3868 2449 nuntcrus,

2313 2472 2809 2549 comprehenderunt
2843 2492 2925 2531 me
2952 2477 3249 2548 iniquitates
3279 2494 3427 2545 metu,
3461 2485 3512 2533 et
3541 2494 3641 2535 non
3666 2478 3791 2548 potui
3820 2484 3871 2530 ut

2313 2568 2921 2645 videremnblultiplicati
2968 2580 3086 2625 sunt
3124 2587 3278 2641 super
3306 2571 3527 2642 capillos
3571 2571 3740 2644 capitis
3762 2569 3871 2635 mai,

2314 2668 2364 2715 et
2390 2677 2480 2716 cor
2503 2677 2671 2714 meum
2708 2660 2978 2734 dereliquit
3005 2678 3104 2716 me.
3143 2657 3475 2732 Complaceat
3514 2661 3626 2729 tibi,
3653 2654 3867 2725 Domine,

2315 2761 2370 2808 ut
2418 2770 2570 2808 eruas
2608 2770 2718 2819 me;
2761 2751 3018 2821 Domine,
3054 2746 3129 2807 'ad
3167 2753 3525 2825 adjuvandum
3564 2770 3645 2810 me
3686 2754 3867 2824 respice.

2315 2842 2715 2917 Confundantur
2747 2854 2797 2899 et
2833 2853 3163 2900 reuereantur
3190 2844 3362 2913 simul,
3405 2846 3495 2917 qui
3532 2852 3758 2919 quarunt
3779 2843 3869 2897 ani-

2314 2956 2453 2993 mam
2480 2957 2668 3007 meam,
2699 2948 2757 2992 ut
2783 2940 3026 3012 auferant
3045 2956 3179 2993 eam.
3207 2939 3523 2995 Avertantur
3557 2950 3814 2996 retrorsum
3832 2944 3868 2992 et

2314 3038 2646 3091 reuereantur
2667 3031 2755 3103 qui
2774 3029 3087 3086 voluntmihi
3098 3029 3256 3084 mala.
3277 3027 3477 3085 Ferant
3500 3034 3761 3104 confestim
3773 3045 3867 3086 cou-

2317 3123 2575 3194 fusionem
2597 3136 2767 3188 suam,
2792 3122 2878 3195 qui
2904 3120 3084 3176 dicunt
3105 3121 3252 3195 mihi,
3277 3120 3441 3195 Euge,
3463 3140 3607 3197 euge.
3631 3122 3868 3179 Exsultat

617 3219 880 3290 spectatio
902 3218 1158 3275 mea'non
1181 3229 1264 3276 est
1287 3222 1409 3287 alia,
1444 3222 1547 3278 nisi
1574 3223 1854 3291 Dominus,
1877 3232 1932 3280 et
1956 3228 2206 3282 substan-

2311 3224 2361 3270 et
2402 3215 2641 3269 fatentur
2676 3230 2829 3286 super
2865 3222 2937 3282 te,
2978 3230 3155 3269 omnes
3199 3225 3486 3288 quaerentes
3526 3225 3603 3282 te,
3641 3226 3687 3271 et
3728 3216 3867 3270 ditant

618 3311 692 3366 tia
722 3323 842 3365 mea
871 3310 985 3381 ipse
1021 3319 1135 3378 est,
1163 3312 1255 3382 qui
1299 3311 1366 3367 ab
1395 3313 1643 3370 omnibus
1671 3315 2042 3385 iniquitatibus
2075 3320 2211 3375 meis

616 3400 813 3472 eripiat
838 3415 947 3468 me,
978 3408 1033 3456 et
1070 3411 1316 3458 amoveat
1343 3419 1373 3459 a
1418 3419 1505 3460 me
1532 3406 1720 3476 plagas
1748 3422 1890 3463 suas.
1918 3406 1971 3477 ,Α
1999 3406 2211 3463 fortitu-

617 3492 744 3549 dine
783 3493 928 3549 enim
957 3508 1150 3550 manus
1178 3494 1392 3551 Domini
1421 3494 1593 3553 defeci
1630 3498 1684 3551 in
1732 3497 2207 3574 increpationibus,

619 3585 966 3641 considerans
988 3585 1355 3643 fortitudinem
1382 3588 1656 3659 patientia:
1683 3588 1779 3643 Dei
1819 3589 1911 3661 qui
1958 3603 2129 3660 usque
2157 3588 2212 3644 in

620 3692 835 3735 crucem
854 3693 1045 3733 manus
1065 3694 1191 3735 suas
1218 3680 1494 3759 expandit,
1511 3688 1565 3736 et
1585 3680 1715 3735 dum
1736 3681 1883 3736 illum
1905 3682 2066 3752 cupio
2092 3681 2212 3737 imi-

620 3771 741 3839 tari,
772 3769 945 3827 defeci
964 3771 1019 3827 in
1045 3771 1521 3842 increpationibus.
1558 3770 1788 3843 Propter
1815 3774 2213 3844 prmvaricatio-

618 3877 742 3920 nem
755 3863 988 3934 primum
1008 3863 1280 3919 hominem
1307 3864 1631 3935 corripuisti,
1648 3873 1703 3920 et
1718 3865 1809 3935 qui
1830 3863 2002 3922 factus
2017 3865 2208 3933 fuerat,

619 3961 678 4009 ut
702 3952 1007 4010 efﬁceretur
1020 3970 1118 4026 per
1144 3953 1501 4023 obedientiam
1524 3954 1862 4023 immortalis,
1896 3972 1994 4027 per
2022 3957 2211 4014 inobe-

617 4044 877 4101 dientiam
902 4046 1146 4101 mortalis
1160 4045 1379 4105 effectus
1400 4054 1500 4114 est,
1519 4054 1711 4103 etcum
1732 4047 1977 4103 mortalis
2005 4056 2104 4114 est,
2138 4056 2213 4103 ta-

574 4208 576 4210 ν
618 4134 803 4191 bescat
827 4136 991 4191 veluti
1022 4151 1219 4191 aranea
1249 4137 1426 4191 anima
1455 4137 1587 4205 ejus.
1622 4138 1738 4194 Non
1768 4139 1903 4193 dixit
1929 4158 1940 4192 :
1968 4138 2101 4195 Mori
2128 4140 2209 4195 fe-

619 4226 760 4292 cisti,
777 4226 871 4280 sed
895 4227 1171 4295 tabescere
1198 4226 1388 4290 fecisti,
1417 4236 1473 4282 et
1496 4228 1586 4282 dat
1615 4244 1825 4285 araneae
1853 4232 2213 4300 comparatio-

622 4332 768 4383 nem,
783 4324 843 4373 ut
855 4317 993 4372 sicut
1013 4319 1177 4372 scissa
1200 4318 1303 4371 tela
1316 4317 1432 4386 ejus
1456 4320 1739 4388 repentino
1759 4318 1907 4384 ﬂatu,
1934 4321 2026 4384 ita,
2045 4322 2210 4376 scisso

620 4422 848 4478 corpore
870 4405 986 4476 ejus
1013 4423 1043 4463 a
1072 4416 1268 4475 morte,
1285 4409 1462 4462 anima
1482 4409 1745 4473 tabescat,
1760 4425 1866 4465 non
1888 4411 2091 4465 habens
2111 4409 2211 4466 ilo-
2238 4464 2243 4469 .

621 4514 736 4553 rem
750 4513 1098 4570 corporeum;
1122 4507 1177 4555 et
1196 4507 1374 4554 tamen
1388 4514 1527 4555 vane
1545 4501 1913 4568 conturbatur,
1932 4517 2055 4558 cum
2074 4504 2209 4560 sciat

2315 3324 2515 3379 semper
2545 3323 2561 3359 :
2605 3303 2975 3381 Magniﬁcetur
2996 3304 3278 3373 Dominus,
3311 3309 3398 3380 qui
3418 3308 3642 3382 diligunt
3676 3306 3867 3361 salutare

2316 3405 2476 3451 tuum.
2510 3394 2623 3471 Ego
2663 3404 2835 3451 autem
2867 3397 3132 3452 mendicus
3161 3415 3275 3452 sum
3303 3407 3353 3452 et
3383 3416 3599 3473 pauper,
3628 3397 3865 3460 Dominus.

2314 3488 2564 3544 sollicitus
2605 3497 2680 3543 est
2705 3489 2824 3544 mei.
2870 3488 3094 3561 Adjutor
3118 3506 3259 3545 meus
3297 3500 3347 3545 et
3382 3501 3634 3564 protector
3673 3505 3798 3544 meus
3823 3494 3866 3543 tu

2315 3598 2401 3648 es;
2428 3578 2569 3637 Deus
2590 3596 2753 3648 meus,
2779 3599 2845 3637 ne
2874 3582 3180 3637 tardaveris.

2888 3730 3330 3773 GOIIIN'I‘AIIUI.

2384 3850 2491 3907 iste
2518 3852 2570 3906 in
2598 3851 2867 3908 tricesimo
2896 3860 3089 3908 octavo
3116 3850 3327 3921 psalmo
3355 3849 3491 3907 dixit
3518 3869 3533 3906 :
3566 3848 3681 3914 Quae
3703 3854 3865 3902 estes-

2314 3947 2565 4017 spectatio
2602 3947 2757 4001 mea?
2805 3963 2975 4002 nonne
3026 3944 3320 4002 Dominus?
3352 3944 3506 4001 Nunc
3535 3945 3587 3999 in
3630 3938 3864 3996 tricesimo

2315 4057 2461 4097 nono
2491 4040 2620 4096 dicit
2652 4060 2663 4094 :
2696 4039 3029 4115 Exspectans
3057 4040 3365 4113 exspectavi
3394 4038 3690 4100 Dominum,
3716 4043 3763 4090 et
3794 4047 3864 4087 re-
3948 4042 3949 4045 “

2314 4134 2490 4203 spexit
2511 4148 2616 4189 me.
2635 4132 2703 4187 Et
2722 4133 2813 4203 qui
2834 4133 2908 4190 ibi
2926 4133 3165 4189 dixerat:
3184 4131 3397 4188 Exaudi
3413 4134 3689 4187 orationem
3708 4140 3859 4189 meum,

2313 4225 2401 4289 hic
2425 4225 2554 4281 dicit
2587 4243 2598 4277 :
2631 4223 2916 4280 Exaudivit
2957 4225 3255 4281 orationem
3299 4239 3498 4279 meam.
3531 4220 3666 4290 Quid
3699 4214 3862 4274 orasti?

2313 4314 2447 4381 Hoc,
2480 4315 2672 4384 inquit,
2701 4316 2872 4383 oravi,
2915 4324 2976 4371 ut
3004 4315 3256 4371 educeret
3282 4314 3637 4385 cogitationes
3662 4324 3791 4366 meas
3808 4305 3862 4361 de

2314 4406 2433 4462 lacu
2465 4407 2711 4472 miserim,
2737 4415 2793 4462 et
2812 4407 2880 4463 de
2899 4402 3020 4463 luto
3052 4406 3352 4475 libidinum,
3377 4421 3499 4479 quae
3520 4405 3708 4463 merito
3733 4401 3862 4457 fasces

2312 4497 2578 4565 dicuntur,
2609 4507 2663 4554 et
2706 4507 2968 4556 statueret
3013 4516 3174 4572 super
3200 4509 3409 4573 petram
3453 4498 3620 4572 pedes
3643 4511 3796 4561 meos,
3818 4498 3865 4546 ιιι

621 4606 682 4647 se
717 4606 825 4647 non
846 4592 1007 4664 longo
1036 4603 1160 4664 post
1200 4602 1440 4665 tempore
1478 4596 1819 4650 moriturum.
1849 4596 1975 4653 Hrcc
2010 4598 2062 4653 in
2100 4599 2207 4656 alio
2235 4606 2285 4666 ι)
2312 4586 2447 4644 ultra
2479 4606 2587 4646 non
2610 4602 2956 4647 commovear
2981 4588 3247 4663 ﬂantibus
3274 4591 3466 4657 ventis,
3501 4591 3553 4646 id
3579 4598 3681 4655 est,
3706 4598 3864 4655 sugge-

621 4684 922 4757 increpans,
949 4684 1003 4739 in
1028 4700 1088 4741 se
1115 4685 1386 4752 emendat,
1419 4693 1476 4740 et
1521 4697 1644 4741 cum
1672 4687 1922 4759 lacrymis
1951 4698 2106 4755 orat,
2150 4701 2207 4746 ut

621 4790 729 4831 non
757 4784 934 4832 taceat
962 4777 1237 4843 Dominus,
1262 4777 1515 4848 loquatur
1535 4777 1588 4832 in
1612 4778 1777 4834 corde
1797 4778 1913 4849 ejus
1942 4780 1994 4835 in
2024 4782 2205 4838 consi-

621 4865 695 4923 lio
732 4868 867 4937 ejus,
901 4876 959 4922 ut
983 4876 1275 4939 cognoscat
1315 4884 1374 4925 se
1399 4869 1631 4926 incolam
1660 4878 1717 4926 et
1763 4871 2103 4942 peregrinum
2152 4872 2205 4928 in

620 4955 725 5015 hoc
747 4951 970 5025 satéulo,
995 4968 1050 5015 et
1075 4960 1217 5016 dicat
1250 4979 1262 5014 :
1288 4960 1523 5018 Remitte
1550 4961 1679 5016 mihi
1708 4962 1797 5019 hic
1822 4972 2043 5035 peccata
2063 4980 2202 5031 mea,

620 5062 680 5110 ut
697 5052 772 5108 ibi
792 5051 1076 5122 refrigeret
1107 5071 1120 5106 :
1152 5053 1269 5121 Hie,
1302 5054 1493 5131 inquit,
1508 5055 1637 5111 mihi
1658 5056 1873 5113 remitte
1892 5058 2204 5128 priusquam

619 5147 827 5212 abeam,
847 5146 972 5216 quia
993 5147 1039 5201 si
1058 5146 1189 5201 mihi
1209 5147 1297 5202 hic
1322 5148 1595 5204 remiseris
1614 5149 1687 5204 ibi
1707 5150 2041 5219 refrigerium
2062 5150 2207 5207 inve-

569 5302 572 5306 λ
618 5239 730 5306 nio,
760 5245 816 5294 et
842 5238 1071 5309 amplius
1100 5254 1208 5294 non
1237 5252 1333 5294 ero
1361 5241 1692 5311 peregrinus,
1724 5241 1850 5310 quia
1897 5240 2102 5297 eiiicior
2129 5242 2204 5297 ci-

617 5330 700 5387 vis
739 5337 1049 5387 “lictorum
1078 5337 1136 5385 et
1171 5328 1494 5386 domesticus
1519 5330 1633 5396 Dei,
1666 5347 1764 5403 per
1789 5331 2074 5387 Dominum
2103 5347 2204 5387 no-

616 5428 788 5478 stmm
817 5419 998 5478 lesum
1026 5420 1320 5487 Christum,
1349 5422 1439 5490 qui
1468 5430 1654 5490 regnat
1684 5423 1737 5478 in
1761 5423 1957 5479 siccula
1981 5422 2208 5479 saeculo-

575 5494 977 5572 maritimus.

575 5588 579 5605 '
1116 5582 1436 5642 PSALMUS
1462 5583 1702 5641 XXXIX.

1043 5678 1104 5736 in
1132 5679 1293 5736 ﬁnem
1319 5678 1558 5751 psalmus
1583 5676 1771 5733 David.

695 5785 1013 5857 Eupectuus
1055 5794 1344 5862 exspectaui
1375 5793 1683 5859 Dominum,
1707 5799 1756 5847 et
1804 5791 2026 5845 intendit
2053 5792 2195 5846 mihi.

2312 4683 2556 4738 rentibus
2606 4683 2882 4754 spiritibus
2927 4683 3232 4740 immundis.
3267 4681 3335 4738 Et
3381 4683 3466 4739 his
3512 4682 3663 4738 factis
3705 4678 3866 4746 dirigat

2310 4788 2526 4844 gressus
2554 4790 2722 4841 meos,
2756 4783 2883 4830 tunc
2909 4774 3058 4831 dabit
3097 4775 3177 4831 ori
3205 4791 3329 4830 meo
3371 4774 3637 4830 canticum
3677 4782 3864 4827 novum.

2310 4865 2494 4923 Omnis
2515 4869 2607 4939 qui
2634 4869 2838 4935 vicerit,
2861 4884 3059 4925 novum
3078 4870 3345 4925 canticum
3368 4868 3532 4935 canit,
3559 4867 3698 4924 canit
3718 4872 3867 4921 autem

2310 4976 2419 5016 non
2447 4960 2568 5025 sibi,
2599 4967 2856 5032 reputans
2875 4961 2999 5032 quia
3024 4961 3140 5016 sine
3158 4958 3272 5016 Deo
3293 4970 3402 5015 non
3422 4957 3711 5031 respondet
3730 4954 3867 5015 salus,

2309 5068 2409 5109 nec
2430 5051 2726 5117 Pharaoni,
2759 5051 2852 5108 sed
2880 5052 3026 5109 canit
3064 5052 3320 5124 hymnum
3360 5050 3491 5118 Deo,
3524 5050 3647 5122 quia
3679 5048 3730 5103 in
3774 5047 3871 5116 ipso

2304 5147 2562 5204 faciemus
2586 5148 2841 5204 virtutem
2867 5154 2920 5202 et
2948 5147 3063 5219 ipse
3093 5146 3159 5202 ad
3189 5144 3413 5201 nihilum
3436 5143 3629 5213 redigit
3656 5139 3873 5199 inimicos

2307 5248 2539 5295 nostros.
2572 5238 2687 5310 Ego
2714 5253 2842 5309 ergo
2872 5246 3190 5310 exspectans
3228 5236 3545 5300 Dominum,
3577 5235 3681 5291 hoc
3707 5243 3874 5289 consc-

2308 5340 2462 5388 cutus
2489 5346 2627 5386 sum.
2659 5329 2930 5387 Videbunt
2956 5346 3044 5385 me
3070 5329 3222 5385 multi
3250 5336 3555 5401 sperantem
3586 5327 3639 5382 in
3669 5322 3872 5381 Domino
3963 5349 3972 5361 ι

2308 5423 2376 5478 ad
2405 5438 2583 5480 meum
2622 5422 2948 5479 desiderium
2992 5424 3334 5495 pervenisse,
3380 5430 3434 5478 et
3481 5421 3583 5493 ipsi
3637 5418 3874 5476 timebqu

2313 5512 2499 5581 Deum,
2532 5521 2587 5569 et
2608 5515 2901 5587 sperabunt
2928 5514 2982 5569 in
3011 5514 3255 5569 Domino.
3287 5510 3382 5568 Ille
3424 5512 3569 5567 enim
3598 5510 3742 5567 solus
3765 5508 3875 5564 bea-

2312 5612 2416 5674 tus,
2447 5606 2539 5676 qui
2568 5622 2762 5661 nomen
2791 5605 3003 5661 Domini
3050 5620 3199 5676 spem
3229 5619 3379 5661 suam
3408 5601 3638 5658 credens
3664 5616 3767 5656 non
3801 5609 3875 5652 ω-

2309 5699 2467 5771 spicit
2487 5701 2750 5754 vanitates
2768 5698 2970 5766 mundi,
2995 5705 3048 5754 et
3078 5698 3311 5753 insanias
3340 5695 3501 5752 falsas
3519 5695 3735 5754 diaboli.
3753 5688 3872 5746 Mul-

2309 5799 2359 5845 ta
2391 5791 2515 5846 fecit
2540 5791 2797 5846 Dominus
2824 5789 3104 5855 mirabilia,
3135 5798 3189 5844 et
3215 5789 3266 5844 in
3291 5787 3619 5857 cogitatione
3643 5786 3755 5856 ejus
3770 5778 3874 5838 nul-
