4108 6348
263 278 403 352 ¹ιιι

1265 282 1732 337 COMMENTARH
1772 281 1836 335 ΙΝ
1877 278 2205 336 PSALMOS.
2250 281 2437 338 PSAL.
2480 281 2590 337 XL.

2932 231 2938 235 ’
3025 226 3058 244 θ

3453 279 3563 337 581

301 400 387 453 lus
413 397 676 453 similatur
712 397 779 461 ei,
811 411 909 453 nec
937 397 990 452 in
1017 396 1188 461 cmlis,
1218 411 1318 452 nec
1345 399 1398 451 in
1432 399 1608 452 terris.
1643 397 1754 467 Ego
1782 413 1880 453 au-
1905 411 1952 462 Α
1983 397 2262 452 retribuam
2282 401 2374 452 eis.
2411 398 2477 452 In
2523 401 2617 455 hoc
2654 403 2887 473 cognovi,
2922 402 3166 474 quoniam
3204 403 3411 459 uoluisti
3436 421 3518 461 me
3537 446 3556 474 ,

301 501 415 548 tem
443 491 756 547 muntiavi
773 490 898 560 quia
924 490 1228 560 exspectavi
1256 489 1561 556 Dominum,
1590 500 1644 545 et
1670 492 1879 548 locutus

298 597 423 638 sum
467 582 592 652 quia
618 581 854 653 respexit
879 596 985 648 me,
1017 589 1074 636 et
1098 582 1435 651 multiplicati
1474 591 1601 636 sunt
1630 584 1728 651 .qui
1779 598 1876 637 ex-

298 681 611 745 spectarent
634 673 939 730 Dominum.
970 671 1280 728 Didicerunt
1309 675 1453 728 enim
1480 689 1510 727 a
1534 689 1621 728 me
1642 675 1768 743 quia
1785 689 1876 728 sa-

295 765 561 822 criﬁcium
588 775 642 821 et
660 765 986 821 oblationem
1010 765 1246 829 uoluisti,
1269 780 1427 822 aures
1453 772 1633 820 autem
1654 765 1880 835 perfeci-

295 862 370 916 sti
408 861 560 915 mihi.
607 859 798 916 Dixisti
838 860 981 915 enim
1013 877 1026 913 :
1077 857 1204 914 Plus
1229 867 1314 914 est
1340 859 1641 914 obedientia
1670 859 1878 913 aurium

294 968 462 1022 quam
488 951 809 1009 sacriﬁcium
834 967 1107 1016 manuum,
1136 951 1279 1022 quod
1307 951 1401 1006 tibi
1430 967 1527 1022 pro
1547 960 1768 1022 peccato
1794 951 1878 1007 of-

294 1047 428 1102 ferri
453 1045 673 1101 minime
698 1045 1010 1116 postulasti;
1041 1053 1169 1100 tunc
1194 1045 1302 1099 dixi
1332 1063 1344 1097 :
1379 1043 1514 1099 Ecce
1560 1035 1792 1099 veniam.
1818 1042 1878 1098 In

293 1142 475 1212 capite
495 1142 613 1196 libri
636 1140 890 1210 scriptum
917 1148 997 1195 est
1016 1139 1086 1194 de
1111 1154 1214 1204 me,
1239 1139 1291 1193 id
1312 1147 1412 1202 est,
1445 1138 1496 1192 in
1513 1137 1664 1191 initio
1677 1134 1878 1190 Psalte-

293 1234 366 1289 rii
385 1233 454 1288 de
472 1247 560 1288 me
576 1233 835 1302 scriptum
855 1239 956 1297 est,
981 1239 1038 1286 ut
1056 1231 1243 1286 beatus
1264 1228 1472 1284 efliciar
1493 1229 1590 1294 vir,
1607 1237 1666 1282 ut
1686 1228 1876 1283 faciam

293 1325 626 1380 voluntatem
655 1332 822 1389 tuam,
845 1332 900 1378 et
924 1323 993 1378 sit
1018 1323 1071 1376 in
1093 1323 1210 1391 lege
1228 1329 1318 1376 tua
1341 1322 1589 1377 voluntas
1612 1337 1751 1386 mea,
1776 1321 1879 1376 hoc

290 1416 464 1483 volui,
495 1423 551 1471 et
595 1415 765 1483 legem
793 1424 938 1470 tuam
985 1415 1040 1469 in
1068 1414 1246 1468 medio
1273 1413 1450 1469 cordis
1503 1413 1626 1468 mei.
1663 1415 1878 1468 Annuu-

290 1507 428 1562 tiavi
473 1506 733 1576 justitiam
779 1514 926 1561 tuam
970 1507 1020 1560 in
1069 1505 1308 1561 Ecclesia
1352 1519 1576 1574 magna,
1607 1505 1659 1560 id
1689 1514 1792 1570 est,
1824 1505 1879 1559 in

289 1607 566 1657 conventu
592 1613 905 1670 magnorum
921 1599 1066 1669 juste
1085 1600 1296 1654 locutus
1319 1614 1458 1663 sum,
1477 1597 1623 1667 juste
1643 1597 1878 1666 judicavi

290 1707 406 1746 non
427 1691 694 1762 accipiens
715 1705 1018 1761 personam.
1045 1688 1300 1745 Prohibui
1327 1689 1466 1743 labia
1495 1705 1633 1754 mea,
1658 1697 1716 1743 ut
1736 1689 1878 1758 quod

1983 493 2226 564 quoniam
2274 509 2380 546 non
2422 493 2664 563 gaudebit
2691 496 2935 550 immicus
2966 512 3108 553 meus
3143 513 3298 569 super
3323 514 3421 552 me.
3469 497 3560 554 le

1983 591 2154 637 autem
2192 590 2406 654 propter
2441 583 2801 640 Maxentium
2827 588 3099 659 suscepisti
3118 627 3133 654 ,
3164 595 3214 643 et
3239 589 3560 660 conﬁrmasti

1980 689 2064 728 me
2091 675 2148 728 in
2170 682 2447 745 conspectu
2475 679 2562 729 tuo
2596 677 2648 730 in
2671 687 2942 734 coturnum.
2975 678 3280 737 Benedictus
3307 679 3559 737 Dominus

1983 768 2125 825 Deus
2146 768 2315 825 Israel
2341 785 2374 823 a
2397 769 2588 825 tacula
2607 769 2666 824 in
2684 771 2929 826 suculam
2952 773 3080 843 ﬁat,
3109 776 3224 845 ﬁet.

2550 918 2964 961 οοιιιιιιιτλιιιυι
2971 947 2982 960 .

2051 1036 2299 1107 Quinque
2325 1052 2516 1094 sensus
2551 1053 2672 1094 esse
2698 1039 2753 1094 in
2800 1040 3049 1106 homine,
3087 1043 3336 1100 omnibus
3365 1052 3553 1101 notum

1981 1138 2083 1194 est,
2131 1131 2223 1199 qui
2269 1139 2413 1196 sunt,
2444 1131 2610 1194 visus,
2659 1131 2889 1196 auditu,
2919 1132 3176 1189 odoratus
3198 1172 3213 1197 ,
3245 1144 3434 1204 gustus
3457 1179 3472 1203 ,
3504 1146 3559 1194 et

1982 1230 2173 1278 tactus.
2215 1221 2322 1278 Sed
2349 1223 2431 1278 his
2463 1224 2714 1279 omnibus
2751 1225 3074 1295 propositus,
3105 1228 3200 1296 qui
3230 1230 3556 1285 nutrimento

1981 1316 2260 1386 sapientiae
2317 1317 2596 1382 coalescit,
2652 1326 2708 1372 et
2759 1320 3032 1373 memoriae
3069 1321 3190 1374 cibo
3239 1323 3556 1391 pinguescit.

1982 1409 2172 1477 Agitur
2193 1423 2321 1477 ergo
2349 1425 2472 1464 cum
2501 1425 2568 1464 eo
2594 1410 2647 1464 in
2667 1411 2842 1480 capite
2869 1411 3060 1481 psalmi
3092 1411 3278 1480 hujus,
3311 1422 3371 1467 ut
3400 1414 3558 1469 intelo

1983 1499 2111 1568 ligat
2149 1515 2313 1570 super
2333 1515 2562 1569 egenum
2609 1510 2664 1555 et
2704 1517 3011 1571 pauperem.
3055 1502 3185 1556 Nam
3212 1503 3394 1559 videre
3433 1519 3558 1559 eum

1981 1607 2171 1646 omnes
2209 1600 2466 1662 possunt,
2499 1592 2594 1647 sed
2631 1593 2731 1646 nisi
2773 1593 3124 1658 intellexerit,
3165 1595 3364 1662 inquit,
3398 1609 3560 1665 super

1982 1701 2209 1755 egenum
2234 1695 2290 1741 et
2314 1701 2624 1756 pauperem,
2654 1686 2843 1740 beatus
2863 1702 2970 1740 non
2999 1687 3118 1748 erit,
3148 1696 3202 1741 et
3230 1688 3283 1741 in
3311 1686 3398 1742 die
3416 1687 3557 1741 mala

291 1784 494 1854 justum
521 1791 606 1838 est
633 1798 740 1838 non
764 1781 1148 1838 absconderem
1171 1782 1226 1835 in
1253 1780 1415 1836 corde
1435 1795 1576 1845 meo,
1609 1779 1705 1835 sed
1734 1781 1876 1835 veri-
1909 1783 1958 1842 B
1984 1793 2092 1833 non
2118 1793 2240 1832 eum
2268 1779 2461 1832 liberat
2501 1777 2774 1831 Dominus.
2817 1776 2954 1831 Dicit
2981 1778 3124 1832 enim
3162 1787 3216 1864 et
3245 1780 3330 1832 hic
3358 1794 3559 1847 egenus

291 1883 460 1930 tatem
489 1883 635 1929 tuam
664 1874 718 1930 in
738 1873 959 1942 judicio,
991 1881 1047 1929 et
1083 1873 1320 1928 salutare
1351 1881 1502 1926 tuum
1547 1873 1598 1925 in
1647 1887 1876 1941 persona

291 1966 512 2032 humili;
541 1966 650 2021 dixi
683 1985 694 2019 :
726 1966 842 2021 Non
888 1966 1058 2022 celavi
1104 1964 1526 2020 misericordiam
1578 1973 1752 2030 tuam,
1782 1965 1878 2020 sed

275 2057 404 2114 dixi
425 2057 784 2114 miserandum
810 2058 975 2127 inopi.
1006 2056 1117 2111 Nec
1159 2057 1304 2110 tacui
1339 2056 1621 2110 veritatem
1651 2064 1795 2108 tuam
1823 2057 1878 2109 in

292 2164 565 2223 synagoga
611 2150 778 2214 multa
800 2187 818 2214 ,
847 2149 898 2203 id
925 2156 1027 2212 est,
1071 2148 1124 2201 in
1151 2154 1419 2201 conventu
1461 2146 1770 2200 multorum.
1801 2144 1882 2199 Tu

295 2258 446 2312 ergo.
465 2241 710 2309 Domine,
733 2255 799 2294 ne
821 2240 977 2308 longe
999 2239 1166 2294 facias
1178 2237 1574 2292 misericordias
1589 2244 1709 2292 tuas
1722 2254 1751 2290 a
1773 2253 1878 2303 me,

295 2335 421 2403 quia
449 2331 816 2388 misericordia
844 2338 934 2385 tua
963 2339 1020 2384 et
1047 2332 1247 2385 veritas
1276 2339 1364 2384 tua
1393 2344 1607 2399 semper
1631 2345 1881 2401 suscepe-

296 2430 425 2477 runt
449 2437 574 2476 me:
601 2427 905 2490 susceptum
927 2435 1015 2474 me
1042 2435 1195 2475 suum
1225 2421 1484 2488 agnoscit,
1507 2420 1729 2490 :nquitas
1755 2422 1878 2476 dum

298 2511 503 2579 judico,
532 2510 896 2565 misericordia
935 2511 1213 2566 subvenio.
1243 2511 1309 2565 Et
1355 2511 1606 2580 quoniam
1655 2507 1876 2568 adversa

304 2610 359 2656 et
383 2602 523 2656 mala
544 2601 1060 2671 comprehenderunt
1086 2617 1173 2658 me
1198 2601 1504 2671 fugientem,
1530 2614 1584 2660 et
1612 2621 1720 2660 non
1751 2620 1876 2676 pos-

302 2707 421 2748 sum
442 2693 572 2747 mihi
601 2692 808 2758 adem,
831 2700 886 2748 et
911 2693 1327 2763 multiplicantur
1352 2710 1515 2765 super
1533 2697 1756 2766 capillos
1783 2713 1873 2751 ca-

297 2785 426 2854 pitis
467 2784 592 2850 mei,
624 2785 694 2838 ita
735 2793 792 2840 ut
839 2786 1012 2856 ipsum
1058 2802 1154 2841 cor
1179 2803 1353 2842 meum
1401 2788 1738 2860 derelinquat
1766 2806 1871 2854 me,
1915 2816 1920 2824 -

293 2877 574 2946 deprecor,
602 2883 660 2931 ut
685 2877 1016 2946 complaceat
1042 2877 1157 2942 tibi,
1187 2877 1432 2942 Domine,
1457 2888 1515 2932 ut
1533 2880 1733 2948 eripias
1750 2894 1867 2944 nte;

291 2968 544 3036 Domine,
575 2969 643 3024 ad
670 2969 1027 3038 adjuvandum
1056 2985 1142 3024 me
1177 2971 1406 3040 respice.
1444 2971 1701 3038 Quaerunt
1727 2974 1871 3027 enim

290 3060 507 3130 spiritus
548 3060 806 3116 immundi
848 3062 1082 3116 animam
1126 3077 1319 3126 meam,
1354 3071 1412 3116 ut
1451 3063 1699 3117 auferant
1729 3079 1870 3129 eam,

1981 1878 2038 1925 et
2063 1886 2268 1940 pauper
2298 1888 2310 1922 :
2342 1868 2567 1934 Eam-iri,
2603 1878 2653 1922 et
2681 1887 2782 1924 non
2814 1870 3028 1923 dedistis
3060 1871 3189 1924 mihi
3207 1871 3556 1935 manducare;

1980 1965 2137 2027 sitiui,
2159 1971 2332 2017 etnon
2357 1965 2575 2033 potastis
2613 1981 2726 2027 me;
2773 1964 2956 2032 hospes
2981 1965 3076 2036 fui,
3118 1971 3168 2016 et
3199 1980 3301 2017 non
3330 1966 3558 2032 suscepi-

1985 2057 2079 2109 stis
2126 2073 2238 2120 me;
2271 2057 2506 2126 inﬁrmus
2547 2058 2654 2126 fui,
2701 2064 2752 2110 et
2792 2074 2892 2110 non
2938 2058 3184 2110 risitastis
3235 2074 3314 2110 me
3344 2055 3555 2128 (Matth.

1986 2150 2132 2216 xxv).
2168 2147 2363 2202 Beatus
2390 2161 2520 2216 ergo
2541 2149 2632 2216 qui
2657 2144 2905 2216 intelligit
2927 2165 3089 2219 super
3111 2164 3341 2218 egenum
3363 2159 3416 2204 et
3437 2165 3560 2219 pau-

1985 2254 2190 2308 perem,
2222 2239 2492 2294 Christum
2520 2255 2668 2305 esse;
2695 2241 2867 2310 ipsum
2899 2243 3040 2295 enim
3069 2241 3113 2296 si
3155 2241 3417 2310 intelligit,
3452 2256 3558 2295 non

1984 2332 2362 2394 cunctabitur,
2414 2339 2631 2410 paratus
2672 2332 2774 2386 erit
2812 2346 3152 2390 succurrere.
3199 2332 3255 2386 In
3295 2331 3381 2386 die
3429 2345 3558 2400 ergo

1982 2423 2140 2486 mala,
2196 2423 2409 2493 quando
2455 2424 2737 2478 dicendum
2767 2433 2850 2479 est
2906 2424 3068 2479 htedis
3108 2444 3119 2476 :
3168 2423 3248 2479 Ite
3291 2425 3345 2478 in
3387 2425 3557 2495 ignem

1942 2505 2227 2571 ueternum
2264 2516 2472 2586 (llud).
2519 2515 2663 2571 Tunc
2711 2517 2901 2571 liberat
2939 2532 3059 2571 eum
3084 2517 3358 2581 Dominus,
3401 2523 3457 2570 et
3497 2523 3556 2571 ut

1978 2616 2264 2663 conservet
2294 2623 2438 2673 cuin,
2485 2615 2544 2662 ut
2571 2609 2833 2670 viviﬂcet,
2880 2617 2934 2661 et
2981 2609 3197 2662 beatum
3246 2608 3444 2670 faciat,
3496 2613 3553 2659 et

1978 2701 2235 2755 emundet
2265 2701 2316 2754 in
2341 2709 2488 2754 terra
2514 2701 2746 2754 animam
2768 2699 2902 2768 ejus,
2935 2707 3118 2753 etnon
3144 2697 3317 2751 tradat
3347 2711 3469 2750 eum
3501 2696 3552 2748 in

1978 2806 2167 2844 manus
2197 2791 2396 2844 inimici
2425 2791 2540 2858 ejus
2575 2811 2585 2841 :
2621 2801 2674 2844 et
2703 2791 3009 2844 universum
3047 2797 3278 2843 stratum
3307 2787 3422 2855 ejus
3437 2800 3555 2838 ver-

1976 2881 2106 2935 sasti
2138 2882 2190 2934 in
2222 2880 2536 2934 inﬁmitate
2560 2881 2692 2948 ejus.
2720 2879 2944 2936 Omnem
2977 2880 3327 2933 tentationem
3357 2875 3555 2931 inimici

1978 2988 2096 3029 esse
2123 2975 2227 3028 hoc
2255 2974 2376 3028 loco
2421 2988 2699 3029 censemus
2730 2991 2742 3024 :
2774 2972 3010 3027 Stratum
3047 2988 3177 3028 vero
3206 2973 3322 3043 ejus
3349 2974 3554 3029 oratio-

1978 3080 2099 3120 nem
2127 3065 2446 3130 asserimus,
2475 3065 2526 3118 in
2564 3079 2672 3133 quo
2703 3064 2957 3119 inclamat
2997 3064 3222 3120 Domino
3253 3082 3264 3118 :
3301 3064 3554 3120 Miserere

290 3159 347 3206 et
372 3151 561 3207 volunt
585 3153 717 3208 mihi
763 3153 924 3218 mala,
957 3154 1030 3207 ita
1056 3160 1115 3207 ιιι
1139 3153 1267 3207 dum
1312 3155 1446 3207 satis
1489 3154 1590 3208 sibi
1620 3154 1870 3221 fecerint,
1900 3158 1944 3221 C
1978 3158 2102 3224 mei,
2137 3157 2276 3213 Sana
2310 3157 2539 3211 animam
2586 3172 2794 3224 meam,
2839 3158 2963 3226 quia
3007 3159 3224 3228 peccavi
3270 3157 3381 3213 tibi.
3417 3157 3550 3213 Dum

289 3244 474 3300 dicant
500 3247 629 3300 mihi
673 3265 687 3300 :
735 3246 903 3316 Euge,
952 3263 1110 3318 euge.
1164 3247 1364 3304 Prmsta
1394 3258 1454 3304 ut
1497 3252 1744 3320 quotiens
1788 3269 1875 3309 me

290 3337 478 3393 volunt
525 3353 748 3408 capere,
792 3339 966 3394 ferant
993 3338 1274 3396 confestim
1303 3341 1669 3399 confusionem
1698 3360 1870 3413 suam,

290 3430 564 3485 exsultent
589 3439 769 3484 autem
789 3433 879 3501 qui
907 3431 1132 3501 diligunt
1152 3434 1384 3490 salutare
1415 3446 1561 3491 tuum
1591 3438 1645 3492 in
1673 3453 1777 3493 me.
1805 3437 1872 3494 Et

291 3523 416 3592 quia
445 3537 644 3592 egenus
672 3526 724 3578 in
750 3525 968 3590 viribus,
999 3534 1054 3580 et
1081 3541 1284 3596 pauper
1331 3528 1382 3582 in
1412 3530 1608 3585 virtute
1634 3546 1751 3585 sum
1770 3573 1783 3598 ,
1817 3541 1872 3586 et

291 3613 407 3668 sine
431 3614 632 3670 auxilio
658 3621 753 3669 tuo
779 3630 1018 3685 pugnare
1043 3632 1148 3671 non
1170 3618 1342 3684 valeo,
1372 3627 1449 3686 tu,
1494 3620 1738 3687 Domine,
1772 3622 1868 3675 ad-

291 3703 413 3774 juva
474 3721 581 3761 me.
638 3705 914 3762 Festinant
974 3707 1048 3761 illi
1107 3717 1167 3761 ut
1214 3708 1582 3774 interﬁciant;
1647 3710 1871 3766 Domine

291 3795 432 3852 Deus
459 3811 630 3863 meus,
663 3813 730 3851 ne
758 3798 1052 3852 tardaveris
1082 3798 1134 3851 in
1177 3799 1481 3854 resistendo
1529 3800 1626 3865 eis,
1657 3800 1748 3869 qui
1795 3815 1874 3853 re-

292 3901 426 3955 gnas
450 3903 571 3943 cum
600 3887 759 3958 Patre
785 3897 841 3944 et
867 3889 1070 3958 Spiritu
1095 3899 1302 3956 sancto,
1333 3905 1430 3959 per
1473 3890 1652 3944 omnia
1678 3890 1869 3945 saecula

296 3980 628 4034 saeculorum.
659 3981 851 4036 Amen.

847 4070 1068 4125 PSALM
1079 4070 1160 4126 US
1198 4070 1311 4124 ιιι.

723 4161 781 4216 In
812 4160 970 4215 linem
999 4162 1234 4232 psalmus
1267 4161 1452 4216 David.

366 4251 557 4305 Beatus
583 4252 660 4307 vir
685 4255 770 4325 qui
788 4254 1034 4325 intelligit
1068 4272 1222 4326 super
1249 4271 1462 4327 egenum
1494 4262 1546 4308 et
1573 4270 1865 4325 pauperem,

291 4348 347 4400 in
382 4345 466 4399 die
491 4346 631 4400 mala
657 4345 892 4400 liberabit
920 4364 1031 4400 eum
1058 4345 1330 4402 Dominus.
1379 4346 1634 4401 Dominus
1663 4364 1867 4401 conser-

290 4444 367 4491 vet
383 4452 499 4490 eum
525 4445 575 4490 et
602 4438 818 4506 viviﬁcet
843 4453 978 4502 eum,
1003 4447 1052 4490 et
1067 4436 1271 4492 beatum
1304 4439 1465 4509 faciat
1487 4455 1600 4491 eum
1631 4440 1859 4502 interra,

1978 3265 2108 3320 ergo
2135 3259 2322 3305 sanata
2353 3250 2512 3305 fuerit
2537 3251 2740 3315 anima,
2773 3258 2974 3306 stratus
3019 3250 3166 3319 ejus,
3201 3250 3254 3304 id
3284 3259 3384 3312 est,
3426 3267 3552 3320 pro-

1975 3343 2161 3397 stratio
2203 3341 2318 3410 ejus
2361 3349 2606 3396 versatur
2653 3343 2704 3396 in
2736 3341 3065 3405 inﬁmitate,
3109 3339 3160 3394 id
3207 3349 3308 3404 est,
3359 3341 3410 3393 in
3462 3340 3552 3394 illo

1974 3443 2220 3490 versatur
2269 3435 2360 3503 qui
2405 3434 2533 3488 fecit
2566 3433 2796 3502 animam
2841 3432 3104 3485 infirmam
3153 3426 3382 3485 inimicis
3422 3431 3547 3485 suis.

1973 3527 2099 3582 Ideo
2127 3527 2357 3594 denique
2378 3534 2430 3579 et
2453 3525 2731 3594 sequitur:
2763 3523 2968 3578 Inimici
2997 3522 3103 3577 mei
3132 3521 3383 3576 dixerunt
3409 3521 3548 3576 mala

1972 3617 2132 3682 mihi,
2159 3616 2377 3686 quando
2407 3615 2702 3668 morietur?
2733 3615 2790 3669 In
2821 3621 3044 3684 peccato
3067 3614 3227 3683 periit
3255 3613 3322 3667 ab
3351 3629 3417 3667 eo
3446 3613 3548 3667 hoc

1971 3706 2114 3778 quod
2140 3706 2337 3761 dicitur
2363 3705 2714 3759 Christianus.
2750 3705 2865 3760 Hoc
2892 3705 3034 3760 enim
3062 3720 3258 3760 nomen
3283 3712 3380 3768 est,
3404 3704 3551 3772 quod

1971 3798 2149 3867 perire
2179 3797 2334 3852 nobis
2360 3797 2623 3852 dremonia
2664 3797 2898 3851 student.
2949 3795 3014 3848 Et
3060 3795 3428 3862 ingrediuntur
3455 3809 3552 3847 cor

1974 3899 2235 3954 nostrum,
2264 3898 2320 3942 ut
2343 3890 2560 3944 videant
2581 3891 2624 3942 si
2647 3889 3038 3953 consentimus;
3071 3896 3125 3940 et
3145 3887 3188 3940 si
3212 3885 3550 3941 consenseri-

1975 3997 2112 4045 mus,
2133 3982 2291 4036 simul
2318 3983 2370 4036 in
2404 3997 2567 4035 unum
2593 3988 2892 4043 susurrant,
2925 3988 2979 4034 et
3000 3980 3238 4049 cogitant
3266 3979 3546 4033 adversum

1973 4086 2073 4125 nos
2093 4070 2252 4133 mala,
2286 4079 2340 4124 et
2367 4071 2587 4125 verbum
2611 4069 2848 4138 iniquum
2871 4070 3106 4138 cogitant
3122 4069 3403 4125 adversum
3425 4084 3546 4136 nos,

1972 4172 2033 4218 ut
2071 4165 2115 4218 si
2157 4164 2585 4235 peccaverimus,
2636 4178 2743 4218 non
2785 4163 3172 4233 pmniteamus,
3221 4162 3312 4218 sed
3355 4162 3547 4232 despe-

1971 4265 2150 4312 rantes
2177 4256 2657 4326 recuperationem,
2691 4256 2762 4309 ita
2788 4255 2974 4310 demus
3001 4271 3099 4310 nos
3131 4255 3374 4310 hostibus
3402 4270 3541 4325 pne-

1966 4348 2110 4410 dam,
2141 4348 2380 4403 dicentes
2403 4347 2482 4402 eis
2516 4366 2527 4400 :
2570 4346 2815 4416 Nunquid
2852 4347 2943 4417 qui
2969 4345 3166 4402 dormit
3194 4362 3299 4401 non
3333 4345 3546 4415 adjiciet

1966 4449 2023 4494 ut
2051 4442 2329 4520 resurgat?
2358 4439 2490 4493 Nam
2519 4447 2574 4494 et
2601 4440 2765 4494 homo
2786 4440 2933 4510 pacis
2957 4453 3089 4493 mea:
3112 4481 3126 4504 ,
3179 4439 3231 4493 in
3262 4453 3371 4508 quo
3419 4453 3543 4508 spe-

288 4538 337 4584 et
363 4544 470 4584 non
496 4528 670 4581 tradat
692 4544 807 4582 eum
834 4531 888 4582 in
915 4531 1144 4582 animum
1173 4531 1501 4583 inimicorum
1524 4531 1654 4601 ejus.
1682 4529 1860 4584 Domi-
1889 4551 1941 4612 D
1966 4533 2097 4596 ravi,
2129 4531 2179 4585 id
2203 4539 2305 4596 est,
2332 4531 2494 4585 homo
2524 4546 2677 4586 meus
2706 4531 2941 4586 exterior
2961 4531 3234 4602 ampliavit
3261 4529 3542 4585 adversum

287 4635 385 4675 nus
411 4635 560 4690 opem
583 4622 718 4692 [erat
743 4620 822 4674 illi
847 4637 1001 4690 super
1027 4621 1213 4676 lectum
1240 4623 1434 4676 doloris
1461 4624 1575 4694 ejus
1601 4663 1614 4686 ,
1655 4625 1858 4676 uniter-

286 4727 399 4766 sum
427 4718 647 4766 stratum
671 4711 782 4782 ejus
801 4714 1016 4766 versasti
1032 4714 1086 4766 in
1105 4714 1414 4784 inﬁmitate
1432 4716 1561 4785 ejus.
1589 4713 1700 4786 Ego
1727 4716 1856 4780 dixi,

284 4803 527 4869 Domine,
551 4804 793 4858 miserere
818 4805 938 4870 mei,
968 4821 1100 4859 sana
1128 4808 1353 4860 animam
1383 4823 1568 4872 meam,
1598 4811 1718 4879 quia
1742 4826 1861 4879 pec-

285 4895 396 4948 cani
426 4892 537 4949 tibi.
582 4892 788 4949 Inimici
830 4897 930 4950 mei
970 4896 1212 4952 dixerunt
1241 4899 1387 4970 malai
1416 4901 1543 4953 mihi
1579 4917 1596 4953 :
1640 4899 1860 4963 Quando

284 4989 533 5042 morietur
559 4996 610 5042 et
627 4987 809 5058 peribit
840 5005 1023 5044 nomen
1049 4992 1181 5062 ejus.
1211 4990 1279 5044 Et
1307 4993 1352 5045 si
1381 4992 1764 5062 ingrediebatur
1805 5003 1861 5048 ut

285 5081 480 5136 videret
501 5120 516 5146 ,
564 5097 697 5136 uaria
723 5082 1022 5154 loquebatur
1041 5099 1130 5138 cor
1161 5085 1294 5154 ejus,
1326 5087 1652 5155 congregavit
1674 5087 1863 5156 iniqui-

284 5181 448 5227 tatem
491 5170 605 5228 sibi.
651 5173 1028 5246 Egrediebatur
1074 5178 1246 5247 [οι-αδ,
1275 5187 1325 5230 et
1355 5176 1650 5249 loquebatur
1682 5181 1733 5233 in
1775 5180 1861 5232 id-

283 5266 475 5338 ipsum.
496 5266 776 5322 Adversum
803 5285 884 5322 me
919 5267 1258 5322 susurrabant
1298 5286 1474 5324 omnes
1503 5271 1699 5324 inimici
1721 5271 1818 5324 mei
1841 5289 1859 5335 ;

283 5359 560 5414 aduersum
585 5375 667 5414 me
705 5361 999 5432 cogitabant
1027 5363 1169 5425 mala
1196 5364 1323 5417 mihi
1333 5403 1345 5416 .
1386 5363 1605 5419 Verbum
1633 5367 1859 5436 iniquum

245 5439 251 5443 ’
284 5453 660 5505 constituerunt
693 5453 960 5507 adversum
990 5471 1067 5506 me
1091 5494 1104 5516 ,
1149 5456 1378 5526 nunquid
1405 5458 1490 5527 qui
1539 5457 1727 5510 dormit
1758 5471 1860 5509 non

284 5542 500 5614 adjiciet
528 5554 583 5597 ut
611 5553 866 5614 resurgat.
898 5543 1107 5598 Etenim
1146 5546 1296 5600 homo
1333 5549 1473 5616 pacis
1513 5562 1635 5598 metu
1663 5548 1716 5597 in
1764 5562 1860 5615 quo

285 5638 511 5707 speravi,
541 5637 626 5708 qui
653 5634 834 5690 edebat
864 5654 1023 5707 panes
1051 5654 1210 5702 meos,
1232 5641 1581 5709 magnificae“
1601 5654 1753 5708 super
1781 5655 1862 5691 me

288 5730 778 5800 supplantationem.
808 5727 850 5781 Τ
851 5746 884 5781 ιι
913 5738 1100 5793 autem,
1138 5729 1372 5797 Domine,
1407 5733 1642 5785 miserere
1662 5734 1780 5797 mei,
1813 5740 1864 5784 et

1966 4640 2054 4678 me
2080 4624 2588 4694 supplantationem,
2621 4624 2963 4678 consentiens
2992 4622 3413 4690 subjectionihus
3452 4636 3545 4673 eo-
3620 4612 3634 4622 ’

1967 4734 2084 4772 rum
2118 4737 2129 4770 :
2161 4718 2250 4787 qui
2280 4719 2472 4772 edebat
2492 4731 2699 4771 mecum
2727 4732 2921 4785 panem
2949 4715 3089 4777 vitae,
3133 4713 3245 4782 ipse
3273 4712 3544 4767 consensit

1967 4809 2064 4873 eis,
2096 4810 2303 4878 accepit
2333 4809 2400 4862 ab
2429 4808 2525 4870 eis,
2563 4816 2621 4860 ut
2647 4805 2842 4870 ludas,
2875 4812 3178 4872 argenteos,
3229 4810 3282 4858 et
3313 4803 3544 4874 prodidit

1968 4899 2270 4953 Dominum.
2300 4898 2378 4952 Ita
2420 4893 2740 4965 hic'accepit
2764 4897 2832 4950 ab
2854 4896 2934 4950 eis
2952 4879 3457 4965 concupiscentiam,
3491 4903 3544 4948 et

1969 4992 2203 5062 prodidit
2231 5007 2316 5046 me
2348 5010 2359 5044 :
2393 4991 2486 5045 sed
2517 4999 2591 5050 tu,
2626 4989 2870 5056 Domine,
2909 4989 3047 5044 sicut
3076 4989 3339 5045 suscitain
3379 4989 3540 5041 lilium

1965 5091 2112 5135 tuum
2141 5098 2170 5135 a
2199 5083 2446 5147 mortuis,
2480 5083 2550 5136 ita
2594 5097 2680 5136 me
2707 5083 2903 5138 suscita
2933 5097 2963 5136 a
2988 5091 3300 5154 peccatore;
3343 5080 3537 5132 suscita

1964 5191 2070 5241 me,
2097 5186 2150 5230 et
2179 5176 2468 5230 retribuam
2497 5177 2618 5231 illis.
2663 5175 2721 5230 ln
2763 5176 2865 5232 hoc
2903 5177 3129 5245 cognovi
3157 5177 3281 5244 quia
3321 5185 3418 5239 pro
3455 5180 3539 5219 Inc

1965 5285 2152 5339 passus
2179 5277 2321 5334 es,ut
2344 5284 2447 5323 non
2470 5270 2697 5340 gaudeat
2711 5269 2956 5325 inimicus
2977 5284 3126 5322 meus
3137 5277 3298 5333 super
3313 5273 3416 5311 me.
3435 5255 3538 5307 Vo-

1965 5360 2106 5416 luisti
2135 5376 2365 5426 mecum,
2393 5377 2490 5431 pro
2521 5376 2606 5416 me
2633 5362 2770 5416 mori
2807 5362 2968 5415 etiam
2988 5373 3095 5412 non
3142 5348 3418 5411 recusasti,
3446 5346 3538 5401 sed

1964 5462 2020 5507 te
2049 5453 2262 5522 iacente
2310 5455 2360 5508 in
2403 5455 2648 5524 sepulcro
2693 5452 2862 5514 timui,
2912 5457 2965 5501 te
3008 5452 3186 5499 autem
3227 5446 3538 5506 resurgente

1967 5561 2072 5600 non
2101 5546 2350 5614 gaudebit
2376 5547 2620 5601 inimicus
2647 5556 2797 5597 meus
2823 5553 2984 5607 super
3008 5549 3112 5597 me,
3145 5537 3364 5602 propter
3393 5532 3540 5587 iuno-

1965 5641 2191 5693 centiam
2218 5639 2358 5694 enim
2389 5653 2563 5692 meam
2583 5630 2862 5699 suscepisti
2892 5642 2996 5681 me.
3029 5623 3144 5678 Hoc
3165 5621 3458 5681 Ecclesiam
3488 5626 3538 5680 in

1965 5733 2223 5802 apostolis
2249 5742 2304 5788 et
2340 5727 2616 5801 prophetis
2649 5722 2794 5786 dicit,
2837 5720 2960 5788 quia
3008 5731 3115 5772 non
3145 5715 3449 5790 philos0phl
3490 5727 3541 5771 et
