4108 6348
572 388 675 448 585

1896 392 2171 449 ARNOBII
2208 390 2512 449 JUNIORIS

3741 390 3862 450 ,εει

569 510 836 576 rhetores,
866 505 1166 573 sedrustici
1192 513 1249 562 et
1274 505 1572 577 piscatores
1599 507 1835 578 suscepti
1857 522 1888 561 a
1917 508 2029 562 Deo
2057 507 2159 563 Ec-
2186 511 2235 568 Α
2263 506 2466 577 parebo
2498 512 2624 561 ante
2670 503 2863 561 faciem
2893 505 3027 562 Dei?
3055 504 3241 562 Patior
3287 504 3432 561 enim
3479 496 3862 563 insultationes

569 600 790 657 clesiam
818 605 1172 669 paraverunt,
1217 613 1379 668 quam
1414 597 1756 655 conﬁrmavit
1783 598 1836 652 in
1867 606 2164 668 conspectu

570 711 670 750 suo
700 694 754 749 in
776 701 1057 748 aeternum.
1086 691 1185 749 Cui
1224 693 1452 753 dicimus
1494 710 1507 746 :
1557 692 1877 748 Benedictus
1904 693 2164 747 Dominus

573 786 717 842 Deus
744 785 905 841 Israel
935 801 966 839 a
993 785 1189 844 seculo
1218 785 1357 841 etin
1386 785 1661 853 saeculum,
1696 784 1788 839 ﬁat
1818 782 1930 838 ﬁat.
1963 784 2078 839 Non
2109 792 2165 840 te

573 879 828 946 oll‘endat,
861 879 1089 948 diligens
1117 879 1304 944 lector,
1336 876 1481 948 quod
1505 893 1619 932 rem
1640 878 1919 950 mysticam
1950 877 2017 932 ad
2045 892 2165 931 mo-

573 971 740 1027 ralem
767 970 1028 1026 traximus
1047 985 1283 1025 causam.
1312 969 1445 1024 Nam
1471 969 1610 1026 sicut
1627 967 1816 1024 Judam
1838 970 1906 1024 ad
1934 969 2165 1039 proden-

572 1063 698 1119 dum
726 1056 1010 1120 Dominum
1040 1062 1508 1127 circumdederunt
1536 1060 1806 1126 Pharisaei,
1839 1069 1895 1116 et
1939 1077 2164 1116 munera

571 1155 622 1211 ei
651 1155 928 1211 offerendo
953 1156 1199 1211 fecerunt
1226 1170 1349 1210 eum
1377 1154 1607 1209 salutem
1639 1171 1789 1209 suam
1816 1155 2056 1220 tradere,
2089 1155 2163 1208 ita

572 1245 851 1303 hominem
878 1263 1078 1312 meum,
1111 1248 1453 1313 exteriorem,
1486 1247 1577 1316 qui
1607 1247 1717 1302 edit
1744 1263 1939 1317 panem
1960 1263 2162 1314 meum,

572 1341 792 1411 spiritus
839 1341 1099 1396 immundi
1147 1340 1499 1406 circumdant,
1547 1349 1601 1394 et
1647 1339 1880 1396 offerunt
1925 1339 1974 1393 ei
2023 1355 2164 1394 nunc

573 1431 827 1502 pecunias
855 1446 954 1500 per
1001 1431 1298 1496 avaritiam,
1331 1447 1472 1486 nunc
1511 1431 1775 1484 luxuriam
1821 1446 1918 1500 per
1960 1446 2161 1485 concu-

573 1522 906 1592 piseentiam,
939 1537 970 1576 a
998 1523 1191 1592 quibus
1215 1523 1260 1578 si
1289 1523 1579 1592 acceperit,
1608 1523 1816 1592 prodit;
1865 1523 1990 1577 dum
2030 1539 2162 1593 pro-

573 1611 787 1678 diderit,
819 1620 981 1681 agunt
1008 1629 1128 1668 cum
1157 1628 1223 1668 eo
1255 1620 1311 1666 ut
1340 1613 1532 1683 laqueo
1559 1629 1617 1667 se
1645 1614 1955 1684 suspendat,
1982 1614 2035 1668 id
2059 1623 2162 1679 est,

574 1711 634 1758 ut
659 1703 908 1774 desperet
929 1719 987 1760 se
1014 1719 1172 1773 posse
1202 1721 1232 1757 a
1261 1706 1576 1774 poenitentia
1609 1707 1854 1772 liberari;
1888 1707 1982 1761 sed
2005 1706 2163 1775 justis

573 1795 704 1851 dicit
735 1815 746 1849 :
780 1795 1025 1866 Nunquid
1051 1796 1142 1864 qui
1173 1795 1371 1851 dormit
1403 1814 1508 1852 non
1540 1797 1754 1865 adjiciet
1785 1805 1842 1852 ut
1882 1799 2163 1867 resurgat?

2267 599 2569 653 daemonum
2596 598 2888 654 dicentium
2916 599 3043 652 mihi
3070 617 3082 651 :
3118 597 3219 653 Ubi
3262 609 3345 654 est
3372 597 3440 653 ad
3467 599 3621 668 cujus
3664 600 3861 655 simili-

2269 693 2508 748 tudinem
2531 672 2702 748 factus
2730 694 2828 748 es?
2855 691 3084 762 proiecit
3129 699 3182 746 te
3221 691 3291 746 de
3316 691 3567 762 paradiso
3595 707 3718 748 suo.
3744 691 3860 762 Ego

2269 793 2449 839 autem
2478 784 2640 839 credo
2667 784 2813 855 quod
2833 785 2912 854 ibi
2935 784 3209 853 ingrediar
3235 785 3288 839 in
3317 785 3492 839 locum
3523 785 3860 840 tabernaculi

2267 874 2616 941 admirabilis,
2646 875 2736 930 ubi
2783 874 2956 930 factus
2982 883 3065 930 est
3089 875 3274 941 homo,
3303 890 3406 930 nec
3432 866 3610 930 solum
3653 875 3730 930 ibi
3772 891 3859 931 re-

2267 976 2449 1022 vertar
2474 983 2573 1038 per
2598 966 2893 1033 Christum,
2921 983 3108 1023 verum
3137 968 3300 1022 etiam
3319 967 3638 1038 perveniam
3665 967 3737 1022 ad
3765 968 3860 1023 do-
3902 1009 3909 1036 τ

2267 1075 2414 1114 mum
2437 1060 2604 1129 ipsius
2632 1061 2747 1114 Dei.
2781 1059 2849 1113 Et
2877 1060 2969 1129 qui
2997 1060 3123 1115 inde
3167 1059 3446 1129 projectus
3472 1075 3594 1116 sum
3641 1061 3696 1114 in
3727 1075 3860 1115 voce
3888 1048 3918 1195 ἱ

2270 1151 2630 1195 [ιιίιιιιιιδιίηηίς
2655 1193 2665 1195 -
2719 1158 2963 1195 revertar
2989 1151 3041 1195 in
3069 1165 3205 1195 arma
3233 1151 3611 1195 argillmtinnig
3648 1157 3708 1195 et
3735 1165 3860 1195 mn-

2270 1151 2630 1206 tribulationis
2653 1193 2668 1217 ,
2719 1158 2963 1206 revertar
2989 1151 3044 1205 in
3069 1165 3205 1206 voce
3233 1151 3611 1206 exsultationis
3648 1157 3708 1206 et
3735 1165 3860 1206 eou-

2266 1241 2534 1307 fessionis,
2563 1259 2729 1298 sonus
2757 1244 3042 1314 epulantis.
3069 1243 3189 1298 Noli
3217 1258 3348 1312 ergo
3371 1243 3484 1312 jam
3516 1244 3689 1298 tristis
3720 1259 3856 1311 esse,
3918 1241 3922 1245 ’

2269 1337 2466 1401 anima,
2484 1336 2579 1390 sed
2607 1352 2764 1406 spera
2786 1337 2841 1390 in
2865 1334 3049 1404 Deum,
3074 1337 3199 1406 quia
3222 1322 3525 1391 conﬁtebor
3551 1336 3648 1390 illi.
3667 1335 3856 1391 Salva-

2267 1435 2357 1480 tor
2380 1425 2559 1480 vultus
2587 1427 2712 1491 mei,
2744 1426 2798 1481 id
2827 1435 2940 1492 est,
2968 1427 3216 1496 imaginis
3239 1441 3349 1482 sua:
3374 1433 3735 1496 recuperator
3763 1427 3859 1482 erit

2268 1517 2410 1572 Deus
2431 1533 2614 1582 meus,
2653 1519 2747 1586 qui
2793 1534 2878 1573 me
2924 1534 2954 1573 a
3000 1517 3136 1574 facie
3164 1534 3256 1574 sua
3275 1561 3289 1585 ,
3320 1535 3427 1574 non
3459 1527 3516 1572 ut
3546 1519 3662 1589 ipse
3691 1520 3857 1575 voluit

2268 1607 2516 1677 projecit,
2549 1609 2642 1664 sed
2671 1624 2772 1678 ego
2795 1624 2826 1664 a
2847 1625 2934 1664 me
2965 1610 3083 1679 ipso
3108 1611 3342 1664 animam
3371 1610 3727 1676 conturbavi,
3761 1626 3854 1681 ego

2267 1713 2390 1752 eam
2412 1700 2524 1754 laesi
2555 1715 2585 1753 a
2614 1716 2702 1754 me
2732 1700 2880 1770 ipso;
2914 1701 3091 1754 anima
3120 1717 3239 1756 mea
3265 1702 3478 1756 turbata
3506 1711 3610 1767 est,
3649 1710 3708 1757 et
3737 1718 3854 1772 pro.

2269 1798 2390 1860 pter
2419 1791 2522 1846 hoc
2549 1807 2758 1846 memor
2783 1807 2878 1847 ero
2901 1793 3132 1848 nominis
3161 1793 3238 1846 tui
3262 1792 3330 1847 ad
3355 1801 3555 1848 terram
3582 1792 3850 1859 Iordanis,

573 1887 730 1954 Quod
754 1888 968 1964 quidem
998 1889 1278 1959 mysticus,
1311 1897 1372 1943 ut
1400 1889 1540 1954 dixi,
1591 1905 1778 1945 sensus
1806 1890 1872 1944 ad
1918 1906 2161 1946 resurre—
2193 1888 2241 1946 B
2269 1882 2344 1937 ibi
2371 1883 2630 1953 accipiam
2671 1884 3043 1940 remissionem
3089 1887 3458 1955 peccatorum;
3486 1885 3590 1942 Ubi
3636 1888 3852 1959 abyssus

572 1978 805 2034 ctionem
834 1979 1169 2034 Dominicam
1194 1979 1518 2046 manifestat,
1551 1981 1644 2036 sed
1675 1998 1774 2037 nos
1802 1982 2063 2036 moralem
2093 1998 2163 2037 ex

571 2069 797 2143 mystico
825 2070 1108 2138 genuimus
1136 2071 1335 2137 locum,
1368 2072 1459 2140 qui
1489 2081 1710 2142 propter
1739 2074 1843 2144 hoc
1889 2073 2033 2142 quod
2063 2089 2162 2148 nos

571 2160 673 2231 ipsi
703 2161 858 2218 nobis
885 2163 1183 2228 nocuimus,
1216 2163 1517 2232 abjicimur,
1546 2179 1819 2219 cessemus
1859 2165 2016 2221 nobis
2063 2181 2162 2222 no-

569 2266 713 2320 cere,
747 2261 803 2308 et
830 2254 1146 2310 innocentes
1171 2254 1452 2320 ellicimur,
1485 2265 1544 2311 ut
1570 2257 1764 2312 merito
1796 2259 2162 2330 unusquisque

571 2345 716 2410 dicat
755 2347 867 2402 Deo
902 2365 914 2400 :
947 2346 1178 2418 Propter
1225 2350 1586 2404 innocentiam
1628 2349 1909 2420 suscepisti
1957 2367 2061 2418 me,
2106 2359 2162 2407 et

572 2437 664 2506 qui
693 2437 998 2508 projeceras
1043 2456 1075 2494 a
1125 2440 1258 2495 facie
1299 2449 1389 2495 tua
1420 2458 1516 2512 per
1543 2422 1843 2512 peccatum,
1877 2461 2018 2499 nunc
2062 2462 2163 2515 per

573 2526 946 2600 paenitentiam
970 2529 1256 2585 confirmas
1281 2547 1368 2586 me
1397 2532 1450 2585 in
1480 2541 1773 2603 conspectu
1802 2543 1894 2589 tuo
1918 2536 1980 2600 in,
2004 2545 2162 2592 mter-

573 2630 721 2684 num,
747 2619 839 2688 qui
868 2633 1061 2689 regnas
1089 2621 1144 2676 in
1172 2623 1365 2677 saecula
1393 2625 1729 2680 saeculorum.
1753 2625 1944 2682 Amen.

1116 2756 1339 2813 PSALM
1348 2759 1432 2815 US
1471 2759 1604 2816 XLI.

641 2865 702 2921 In
732 2864 889 2923 finem
920 2868 1222 2926 intellectus
1252 2870 1374 2927 filiis
1403 2873 1599 2941 Chore,
1631 2876 1869 2946 psalmus
1897 2877 2083 2933 David.

643 2977 1086 3043 Quemadmodum
1116 2961 1377 3039 desiderat
1399 3003 1574 3041 cervus
1598 2989 1668 3041 ad
1691 2991 1859 3060 fontes
1885 3007 2158 3063 aquarum,

575 3073 651 3124 ita
672 3071 930 3126 desiderat
951 3075 1126 3128 anima
1147 3093 1260 3129 mea
1288 3076 1357 3129 ad
1379 3087 1443 3142 te,
1469 3078 1626 3133 Deus.
1655 3080 1828 3135 Sitivit
1855 3085 2031 3137 anima
2044 3101 2160 3140 mea

571 3159 640 3213 ad
673 3159 840 3215 Deum
882 3165 1074 3233 fontem
1102 3167 1294 3233 vivum,
1337 3170 1544 3240 quando
1578 3167 1778 3226 veniam
1814 3182 1864 3226 et
1900 3175 2157 3246 apparebo
2202 3188 2204 3190 '

2265 1975 2517 2046 abyssum
2556 1975 2789 2031 invocat.
2841 1975 3006 2031 Filius
3044 1975 3259 2032 Patrem
3284 1977 3351 2033 de
3399 1978 3668 2049 profundo
3697 1988 3847 2035 terra:

2265 2074 2322 2120 et
2350 2065 2601 2133 fluminis,
2652 2077 2707 2123 et
2753 2070 2954 2139 apertis
2997 2071 3283 2133 cataractis
3323 2071 3446 2126 οωιί
3493 2071 3847 2129 descendente

2266 2157 2470 2228 Spiritu
2499 2168 2722 2228 sancto;
2774 2161 2933 2217 Pater
2961 2163 3196 2234 appellat
3235 2163 3428 2219 Filium
3474 2164 3542 2220 de
3571 2166 3845 2223 altitudine

2265 2250 2544 2306 caelorum.
2577 2251 2712 2307 Cum
2734 2267 2862 2322 ergo
2891 2253 3116 2309 altitudo
3145 2254 3213 2308 ad
3241 2255 3577 2311 altitudinem
3621 2258 3840 2328 clamat,

2264 2345 2479 2399 excelsa
2509 2346 2606 2402 Dei
2634 2347 2687 2400 in
2718 2361 2805 2401 me
2833 2347 3071 2416 ingressa
3095 2356 3238 2402 sunt.
3267 2347 3442 2405 Homo
3463 2351 3606 2405 enim
3629 2367 3840 2422 recupe-

2264 2443 2416 2489 ratus
2444 2443 2545 2501 est,
2592 2452 2699 2491 non
2731 2437 2955 2501 angelus
2978 2478 2992 2502 ,
3046 2453 3154 2492 non
3203 2438 3380 2508 aliqua
3427 2441 3534 2495 alia
3566 2450 3792 2496 creatura
3815 2481 3830 2506 ,

2263 2527 2479 2594 quando
2535 2528 2589 2582 in
2640 2529 2727 2583 die
2776 2529 3047 2584 mandavit
3113 2529 3373 2585 Dominus
3424 2531 3837 2587 misericordiam

2262 2631 2448 2679 suam,
2499 2618 2664 2685 gratis
2709 2619 2765 2673 in
2810 2619 3078 2688 baptismo
3117 2620 3447 2675 remittendo
3491 2631 3746 2691 peccata,
3791 2630 3841 2678 et

2264 2707 2438 2776 ipsam
2466 2708 2888 2764 misericordiam
2917 2725 3068 2765 suam
3089 2711 3222 2765 mihi
3253 2711 3307 2766 in
3335 2713 3574 2767 tenebris
3600 2721 3839 2784 peccato-

2263 2815 2382 2855 rum
2409 2801 2585 2870 posito
2613 2801 2759 2857 velut
2792 2795 2846 2856 in
2873 2802 3102 2858 obscuro
3132 2803 3324 2869 noctis,
3349 2803 3421 2859 ibi
3443 2804 3585 2860 banc
3610 2805 3839 2861 eamdem

2263 2893 2686 2948 misericordiam
2713 2895 3021 2950 declaravit.
3041 2894 3168 2950 Plus
3191 2905 3274 2949 est
3298 2897 3441 2952 enim
3468 2897 3768 2952 misericors
3785 2898 3833 2953 in

2263 2984 2560 3053 ptenitente
2587 3000 2752 3054 quam
2794 2986 2848 3040 in
2889 2986 3145 3042 credente
3195 3005 3207 3039 :
3259 2987 3331 3042 ibi
3371 3002 3470 3058 per
3513 2988 3834 3059 baptismatis

2261 3076 2489 3145 gratiam
2533 3076 2759 3147 simplex
2788 3085 2872 3131 est
2910 3078 3271 3146 indulgentia;
3313 3077 3400 3133 hic
3445 3080 3763 3147 geminatur,
3786 3087 3835 3134 et

2260 3169 2428 3225 veluti
2449 3169 2649 3239 duplici
2679 3170 2881 3226 lumine
2927 3170 3253 3239 declaratur,
3281 3171 3499 3240 quando
3531 3173 3662 3228 dicit
3687 3174 3835 3228 homo

571 3262 691 3307 ante
718 3256 927 3331 faciem
953 3255 1069 3311 Dei.
1113 3257 1347 3313 Fuerunt
1389 3262 1515 3317 milii
1561 3265 1807 3335 lacrymae
1845 3284 1969 3322 mea:
1995 3285 2156 3340 panes
2184 3269 2229 3332 C
2260 3276 2382 3316 cum
2410 3262 2658 3333 lacrymis
2706 3261 2854 3328 Deo,
2895 3260 3190 3333 διιεοεριοι·
3235 3279 3386 3318 meus
3421 3279 3506 3330 es.
3552 3280 3714 3334 quare
3756 3281 3835 3321 ῐηθ

569 3341 652 3396 die
672 3359 734 3396 ac
758 3354 924 3410 nocte,
956 3346 1077 3400 dum
1108 3347 1298 3403 dicitur
1336 3352 1463 3406 milii
1496 3354 1751 3424 quotidie,
1790 3354 1886 3409 Ubi
1901 3365 1985 3410 'est
2013 3357 2154 3412 Deus

569 3442 706 3489 tuus.
751 3434 880 3490 Hice
917 3441 1216 3495 recordatus
1258 3459 1398 3510 sum,
1442 3453 1493 3498 et
1525 3446 1685 3514 effudi
1723 3449 1777 3500 in
1805 3465 1887 3501 me
1920 3453 2153 3505 animam

567 3541 752 3590 meam,
783 3531 1026 3598 quoniam
1064 3533 1295 3588 transibo
1334 3536 1392 3589 in
1421 3537 1589 3592 locum
1619 3537 1942 3596 tabernaculi
1985 3542 2154 3596 admi-

569 3616 753 3672 rabilis
774 3637 931 3692 usque
963 3625 1032 3676 ad
1066 3625 1275 3680 domum
1303 3627 1422 3682 Dei.
1469 3629 1535 3684 In
1564 3648 1682 3687 voce
1713 3635 2075 3690 exsultationis
2102 3646 2151 3690 et

569 3712 934 3782 confessionis,
960 3732 1117 3771 sonus
1145 3720 1420 3790 epulantis.
1470 3721 1644 3787 Quare
1675 3728 1834 3780 tristis
1863 3745 1935 3794 es,
1975 3730 2152 3785 anima

568 3819 700 3869 mea,
733 3813 783 3858 et
808 3822 966 3877 quare
997 3811 1273 3866 conturbas
1308 3814 1421 3866 me?
1460 3814 1627 3885 Spera
1652 3818 1706 3870 in
1736 3817 1865 3885 Deo,
1909 3823 2150 3892 quoniam

567 3898 736 3953 adhuc
763 3900 1046 3972 conﬁtebor
1070 3904 1167 3971 illi,
1199 3905 1430 3961 salutare
1449 3909 1614 3964 vultus
1635 3911 1734 3964 mei
1754 3919 1803 3964 et
1826 3910 1964 3967 Deus
1986 3931 2144 3970 meus.

567 3989 649 4043 Ad
694 4008 776 4046 me
818 3994 985 4064 ipsum
1031 3999 1204 4052 anima
1233 4015 1348 4054 mea
1391 4000 1696 4056 conturbata
1740 4012 1834 4073 est,
1879 4017 2149 4077 propterea

566 4099 761 4138 memor
787 4102 875 4141 ero
919 4089 991 4142 tui
1046 4090 1107 4143 de
1151 4100 1288 4146 terra
1334 4092 1606 4160 Iordanis,
1656 4107 1705 4150 et
1751 4096 2074 4154 Hermoniim
2115 4119 2148 4156 a

567 4183 740 4227 monte
767 4176 987 4230 modico.
1019 4178 1247 4250 Abyssus
1269 4183 1510 4254 abyssum
1545 4187 1750 4242 invocat
1777 4189 1833 4242 in
1862 4207 1980 4244 voce
2003 4201 2149 4244 cata-

567 4274 832 4320 ractarum
863 4276 1083 4324 tuarum.
1119 4270 1309 4326 Omnia
1335 4277 1538 4330 excelsa
1566 4286 1654 4330 tua
1673 4288 1722 4330 et
1749 4280 1933 4347 ﬂuctus
1963 4283 2037 4335 tui
2060 4300 2149 4335 su-

565 4374 659 4428 per
685 4375 766 4413 me
791 4363 1121 4415 transierunt.
1156 4361 1224 4417 In
1255 4365 1339 4417 die
1370 4367 1636 4422 mandavit
1664 4369 1920 4425 Dominus
1948 4373 2150 4427 miseri-

567 4449 798 4504 cordiam
816 4468 982 4517 suam,
1007 4459 1057 4506 et
1074 4462 1221 4508 nocte
1241 4457 1498 4510 canticum
1528 4459 1658 4528 ejus.
1692 4460 1843 4530 Apud
1873 4479 1953 4515 me
1977 4464 2145 4518 oratio

564 4538 679 4595 Deo
706 4541 824 4596 vita:
849 4559 994 4609 meaa,
1026 4544 1195 4600 dicam
1230 4545 1340 4601 Deo
1380 4560 1644 4618 susceptor
1681 4567 1820 4606 meus
1867 4570 1940 4607 es.
1974 4552 2148 4618 Quare

2260 3354 2457 3410 oblitus
2485 3369 2564 3419 es,
2594 3370 2719 3409 cum
2746 3355 2918 3424 possis
2948 3355 3275 3424 indulgendo
3299 3361 3652 3412 succurrere?
3670 3357 3834 3424 Quare

2255 3461 2342 3501 me
2371 3446 2633 3516 repulisti,
2683 3462 2805 3501 cum
2851 3447 3026 3517 possis
3055 3448 3340 3518 expulsum
3388 3457 3444 3503 et
3492 3449 3832 3504 exsulemoad

2254 3538 2482 3608 patriam
2507 3539 2805 3593 revocare?
2829 3537 2898 3593 Et
2925 3554 3092 3608 quare
3127 3539 3294 3595 tristis
3323 3541 3529 3604 incedo,
3565 3557 3678 3595 cum
3701 3556 3827 3608 pos-

2253 3629 2326 3684 sis
2355 3629 2592 3683 lzctitiam
2621 3628 2893 3686 reddere?
2920 3630 3135 3697 lncedo,
3169 3632 3359 3701 inquit,
3391 3632 3563 3695 tristis,
3595 3631 3709 3686 dum
3737 3630 3816 3683 af-

2253 3719 2386 3789 ﬂigit
2412 3736 2500 3777 me
2527 3721 2795 3787 inimicus,
2825 3721 2954 3778 dum
2999 3721 3289 3791 confringit
3328 3722 3501 3778 omnia
3538 3736 3655 3776 ossa
3679 3735 3816 3775 mea.

2256 3813 2490 3868 Tristitia
2538 3815 2680 3869 enim
2731 3815 2932 3881 animi,
2982 3816 3058 3870 ait
3113 3814 3402 3881 Salomon,
3454 3815 3672 3870 exsiccet
3711 3830 3826 3868 ossa

2254 3903 2444 3972 (Prov.
2477 3921 2604 3973 xvu,
2636 3904 2761 3976 25).
2794 3905 2955 3962 Cessa
2983 3922 3113 3976 ergo
3137 3908 3352 3962 tristitia
3370 3947 3387 3974 ,
3411 3916 3467 3964 et
3495 3907 3676 3962 desine
3701 3921 3827 3961 con-

2251 3995 2469 4051 turbare
2508 4012 2621 4062 me,
2655 4012 2751 4068 spe
2797 3998 2939 4053 enim
2968 3999 3148 4054 salvus
3192 3998 3418 4064 efficior.
3467 4007 3525 4055 et
3551 4000 3653 4054 erit
3693 3997 3830 4054 salus

2249 4088 2426 4144 vultus
2446 4090 2572 4154 mei,
2603 4090 2834 4146 reddens
2861 4091 3166 4147 libertatem
3214 4092 3520 4164 aspectibus
3541 4091 3674 4147 meis
3699 4091 3832 4147 Deus

2249 4195 2419 4246 meus,
2449 4182 2545 4251 qui
2568 4191 2760 4252 regnat
2787 4183 2842 4237 in
2869 4183 3065 4238 szecula
3095 4183 3433 4239 saeculorum.
3466 4181 3659 4240 Amen.

2781 4317 3097 4376 PSALMUS
3132 4319 3291 4377 XLII.

2674 4432 2731 4487 In
2762 4429 2920 4488 finem
2954 4434 3190 4504 psalmus
3227 4434 3412 4488 David.

2316 4544 2506 4600 Judica
2533 4563 2632 4611 me,
2656 4546 2813 4612 Deus,
2839 4558 2890 4603 et
2917 4549 3154 4604 discerne
3179 4566 3392 4604 causam
3411 4566 3583 4604 meam
3605 4549 3672 4604 de
3692 4558 3836 4623 gente

511 4643 526 4653 ‘
565 4628 759 4686 oblitus
779 4649 832 4688 es
861 4634 990 4700 mei,
1037 4643 1088 4690 et
1114 4652 1272 4709 quare
1297 4639 1632 4694 contristatus
1651 4642 1834 4697 incedo
1857 4643 1979 4698 dum
2008 4645 2143 4716 a/ﬂi-
2173 4648 2223 4708 D
2248 4655 2350 4694 ηοη
2378 4651 2580 4704 sancta.
2607 4639 2672 4694 ab
2699 4642 2904 4696 homine
2921 4642 3098 4714 iniquo
3119 4653 3168 4697 et
3196 4643 3375 4698 ἀοιοεο
3397 4645 3537 4714 eripe
3555 4661 3657 4698 me-
3695 4641 3830 4707 Quid

565 4723 640 4794 git
666 4741 748 4779 me
765 4726 1023 4783 inimicus.
1057 4727 1196 4782 Dum
1229 4730 1633 4803 confringantur
1659 4751 1781 4788 ossa
1807 4752 1940 4801 mea,
1965 4754 2148 4807 expro-

564 4812 836 4870 brauerunt
862 4819 989 4873 milii
1013 4821 1102 4893 qui
1119 4821 1373 4876 tribulant
1413 4840 1494 4877 me
1530 4824 1730 4879 inimici
1755 4827 1873 4881 mei.
1902 4811 2036 4883 Dum
2065 4830 2147 4884 di-

564 4915 685 4959 cunt
723 4909 849 4962 milii
871 4928 960 4979 per
983 4913 1216 4983 singulos
1243 4914 1372 4980 dies,
1408 4915 1508 4969 Ubi
1534 4916 1779 4974 est‘Deus
1805 4929 1939 4981 tuus.
1988 4937 2146 4992 quare

563 4996 727 5052 tristis
753 5014 810 5052 es
825 5001 1002 5055 anima
1029 5019 1172 5069 mea,
1197 5016 1244 5059 et
1273 5024 1430 5078 quare
1457 5005 1730 5066 conturbas
1751 5029 1850 5066 me.
1884 5013 2052 5084 Spera
2089 5016 2145 5069 in

560 5087 693 5152 Deo,
743 5091 988 5164 quoniam
1033 5093 1202 5149 adhuc
1239 5099 1519 5168 conﬁtebor
1572 5103 1669 5169 illi,
1702 5105 1931 5159 salutare
1979 5107 2151 5161 vultus.

558 5181 661 5238 mei
680 5188 738 5238 et
765 5180 909 5238 Deus
929 5201 1087 5240 meus.

963 5268 974 5308 ’.
1131 5273 1562 5319 COMMENTARIUII.

628 5364 781 5423 Sicut
823 5384 1012 5428 cervus
1053 5376 1379 5446 ,serpentinis
1401 5378 1647 5434 carnibus
1695 5389 1904 5450 pastus,
1932 5398 2142 5438 veneno

557 5468 860 5517 exaestuans
887 5462 1104 5520 festinat
1149 5467 1218 5522 ad
1264 5465 1462 5534 fontes,
1505 5469 1578 5523 ita
1617 5473 1884 5541 serpentis
1932 5474 2140 5542 antiqui

559 5559 742 5618 pastus
768 5555 993 5612 consilio
1039 5557 1256 5613 festinat
1283 5561 1461 5614 anima
1507 5576 1626 5617 mea
1665 5562 1733 5616 ad
1773 5571 1847 5627 te,
1879 5564 2038 5618 Deus.
2071 5563 2138 5618 Et

560 5641 682 5710 quia
729 5645 1002 5713 projecisti
1029 5665 1114 5705 me
1139 5668 1170 5706 a
1200 5650 1333 5707 facie
1373 5660 1462 5707 tua
1509 5669 1605 5723 per
1643 5656 2136 5724 praevaricationem

560 5744 759 5801 meam,
779 5752 920 5794 nunc
945 5756 1043 5810 per
1059 5745 1425 5813 paenitentiam
1455 5763 1632 5803 meam
1660 5760 1784 5803 sunt
1806 5748 1936 5803 mihi
1965 5748 2136 5821 l-acry-

561 5837 665 5879 mm
699 5839 866 5897 panes
902 5830 990 5888 die
1016 5848 1079 5888 ac
1118 5845 1280 5893 nocte
1316 5838 1539 5910 dicenti,
1583 5840 1797 5910 quando
1825 5841 2036 5896 veniam
2082 5850 2138 5897 et

2255 4743 2306 4786 tu
2345 4751 2425 4798 es,
2471 4733 2623 4799 Deus,
2674 4734 2922 4805 fortitudo
2969 4752 3103 4801 mea,
3133 4752 3292 4808 quare
3341 4752 3424 4789 me
3472 4734 3747 4805 repulisti,
3792 4741 3838 4788 et

2249 4843 2406 4898 quare
2443 4826 2605 4880 tristis
2642 4825 2826 4880 incedo
2857 4827 2979 4880 dum
3000 4827 3185 4899 amigit
3224 4829 3305 4881 me
3344 4827 3605 4881 inimicus.
3641 4825 3838 4880 Emitte

2251 4916 2414 4971 lucem
2442 4924 2585 4970 tuam
2605 4926 2654 4970 et
2687 4918 2953 4974 veritatem
2981 4927 3145 4984 tuam,
3168 4920 3286 4990 ipsa
3319 4935 3399 4972 me
3426 4918 3761 4972 delituerant
3789 4918 3840 4970 in

2249 5016 2474 5063 montem
2518 5017 2754 5062 sanctum
2776 5018 2935 5074 tuum,
2977 5019 3028 5063 et
3048 5011 3104 5063 in
3135 5008 3474 5063 tabernacula
3508 5019 3615 5064 tua.
3650 5010 3728 5064 Et
3757 5013 3855 5064 ἐπί

2246 5099 2410 5156 troibo
2437 5101 2508 5154 ad
2525 5101 2691 5156 altare
2711 5101 2827 5167 Dei,
2859 5102 2928 5156 ad
2956 5101 3120 5156 Deum
3148 5104 3235 5174 qui
3262 5104 3493 5174 ltetiﬁcat
3513 5104 3837 5174 iuventutem

2172 5252 2175 5253 ν
2246 5210 2432 5247 meam.
2483 5191 2789 5264 Conﬁtebor.
2819 5193 2911 5248 tibi
2948 5194 3004 5248 in
3032 5195 3256 5256 cithara,
3289 5193 3450 5261 Deus,
3481 5193 3625 5248 Deus
3656 5213 3846 5250 meus:

2245 5305 2408 5361 quare
2439 5288 2602 5342 tristis
2627 5305 2700 5353 es,
2746 5289 2922 5342 anima
2961 5305 3095 5352 mea,
3141 5297 3190 5342 et
3235 5305 3397 5360 quare
3420 5285 3709 5355 conturbas
3741 5305 3839 5341 me.

2245 5380 2412 5451 Spera
2439 5380 2493 5433 in
2522 5378 2652 5444 Deo,
2681 5380 2926 5452 quoniam
2955 5380 3123 5432 adhuc
3147 5379 3431 5450 conﬁtebor
3450 5378 3572 5444 illi;
3602 5379 3845 5435 salutare

2240 5472 2407 5527 vultus
2425 5472 2528 5526 mei
2551 5480 2601 5526 et
2619 5470 2758 5527 Deus
2779 5485 2919 5528 meus

2814 5579 3251 5621 COIIMENTARIUH.

2313 5656 2457 5714 Gens
2504 5675 2611 5714 non
2659 5666 2844 5714 sancta
2863 5699 2878 5725 ,
2910 5659 3294 5728 cogitationum
3323 5658 3679 5729 pessimarum
3711 5667 3841 5714 sunt

2243 5751 2467 5816 semina,
2517 5767 2637 5820 qua:
2661 5751 2862 5805 zizania
2905 5751 2960 5805 in
3009 5751 3298 5820 Evangelio
3340 5768 3371 5805 a
3419 5750 3561 5804 malo
3611 5750 3842 5804 homine

2243 5858 2403 5910 super
2424 5842 2623 5897 bonum
2651 5857 2836 5898 semen
2860 5854 2975 5899 sata
3003 5850 3312 5900 nascuntur.
3358 5842 3438 5897 Ab
3475 5843 3580 5898 hoc
3607 5842 3839 5897 homine
