4108 6348
308 281 422 346 385

310 495 575 551 fortitudo
600 512 719 552 mea
739 538 756 564 ,
784 498 896 553 noli
924 513 1010 553 me
1053 498 1316 568 repellere
1343 515 1374 554 a
1406 509 1477 566 te,
1511 507 1568 554 ut
1596 514 1705 556 non
1737 498 1906 555 tristis

310 584 561 640 incedam
609 587 822 656 quando
849 585 1035 658 allligit
1082 605 1170 644 me
1217 590 1490 656 inimicus;
1515 591 1635 647 .sed
1675 591 1906 647 immitte

310 675 496 732 lucem
522 685 666 732 tuam
688 688 744 734 et
773 681 928 736 vince
956 681 1210 737 tenebras
1236 697 1414 750 meas;
1441 683 1593 738 mitte
1619 683 1902 739 veritatem

311 777 484 837 tuam,
517 781 572 826 et
597 771 754 828 vince
779 774 1065 830 mendacia
1094 791 1234 830 mea.
1281 776 1400 832 Lux
1425 777 1569 832 enim
1609 785 1702 832 tua
1724 786 1779 832 et
1808 793 1903 832 ve-

309 862 454 944 ritas
496 871 618 929 tua,
659 863 775 935 ipsa
820 880 908 921 me
954 866 1252 936 perducunt
1279 867 1346 922 ad
1385 875 1625 923 montem
1660 879 1904 923 sanctum

314 961 494 1020 tuum,
523 963 580 1009 et
617 954 672 1009 in
700 956 1048 1012 tabernacula
1075 967 1186 1025 tua,
1218 975 1338 1014 cum
1369 960 1577 1029 ingredi
1603 975 1689 1014 me
1716 959 1907 1014 feceris

315 1046 388 1101 ad
417 1047 586 1102 altare
607 1047 722 1114 Dei,
749 1049 844 1103 ubi
867 1051 1111 1120 quamvis
1137 1059 1412 1106 senectute
1441 1051 1715 1107 coniectus
1742 1065 1906 1105 vene-

317 1137 442 1203 rim,
472 1137 544 1193 ibi
567 1134 780 1207 juvenis
809 1139 951 1206 ﬁam,
983 1149 1041 1196 ut
1070 1142 1221 1211 quasi
1252 1143 1427 1197 infans
1460 1141 1718 1196 conﬁtear
1744 1142 1796 1195 in
1826 1142 1905 1195 ci-

319 1227 480 1282 thara
509 1228 740 1286 Domino
763 1230 875 1286 Deo
895 1247 1018 1287 meo
1051 1250 1063 1285 :
1083 1233 1195 1302 jam
1222 1232 1329 1286 nuli
1352 1233 1518 1288 tristis
1541 1248 1688 1298 csse,
1727 1233 1905 1287 anima

319 1330 466 1384 mea,
495 1316 681 1374 desine
720 1321 1042 1377 conturbare
1071 1338 1156 1378 me
1179 1362 1194 1386 ,
1252 1322 1404 1378 aufer
1431 1341 1462 1378 a
1493 1331 1544 1379 te
1571 1324 1905 1394 desperatio-

320 1422 469 1474 nem,
499 1417 554 1465 et
582 1426 738 1480 spera
767 1412 820 1466 in
850 1413 1016 1467 Deum
1035 1451 1050 1476 ,
1079 1401 1331 1483 quonia'u
1360 1414 1659 1470 conﬁtebor
1681 1415 1775 1469 illi.
1810 1412 1908 1468 Sa-

322 1500 581 1580 lus‘enim
611 1504 786 1561 vultus
822 1505 930 1560 mei
959 1506 1060 1561 erit
1103 1505 1244 1561 Deus
1278 1521 1451 1573 meus,
1481 1507 1573 1576 qui
1620 1515 1811 1575 regnat
1854 1505 1907 1560 in

324 1595 518 1651 uecnla
546 1597 883 1652 saeculorum.
916 1596 1107 1652 Amen.

856 1749 1169 1807 PSALMUS
1207 1750 1386 1806 XLlll.

329 1882 388 1943 In
417 1885 573 1941 tinem
602 1901 699 1956 pro
729 1885 850 1942 ﬁliis
871 1885 1078 1954 Chore,
1110 1887 1418 1943 intellectus
1446 1887 1684 1958 psalmus
1723 1887 1906 1944 David.

403 2068 542 2123 Deus
586 2066 796 2122 auribus
825 2068 1019 2123 nostris
1049 2067 1358 2132 audivimus,
1405 2076 1580 2139 patres
1621 2069 1784 2122 nostri
1823 2085 1919 2121 an-

333 2162 695 2216 nuntiauerunt
737 2157 903 2214 nobis.
950 2155 1096 2228 Opus
1125 2158 1260 2228 quod
1305 2169 1543 2228 operatus
1584 2175 1637 2211 es
1665 2159 1718 2210 in
1748 2157 1923 2211 diebus

335 2268 511 2306 eorum
541 2260 589 2304 et
612 2252 665 2304 in
691 2249 869 2304 diebus
897 2249 1142 2319 antiquis.
1170 2247 1361 2302 Manus
1403 2259 1487 2301 tua
1527 2257 1698 2319 gentes
1728 2249 1926 2319 disper-

337 2347 491 2413 didit,
513 2356 560 2400 et
581 2346 832 2417 plantasti
861 2361 971 2410 eos,
995 2343 1226 2414 aﬂlixisti
1246 2343 1465 2412 populos
1490 2353 1538 2396 et
1557 2343 1799 2413 expulisti
1819 2360 1921 2396 eos.

340 2434 455 2490 Nec
501 2438 636 2490 enim
661 2437 715 2490 in
746 2434 922 2507 gladio
953 2451 1044 2488 suo
1090 2434 1426 2505 possederunt
1475 2443 1690 2500 terram,
1733 2443 1782 2488 et
1804 2433 1924 2488 bra-

347 2530 521 2582 chium
544 2545 717 2582 eorum
743 2545 846 2582 non
876 2528 1092 2582 salvabit
1114 2545 1218 2583 eos.
1245 2527 1353 2583 Sed
1377 2529 1588 2582 dextera
1619 2539 1704 2581 tua
1725 2538 1774 2582 et
1805 2526 1924 2580 bra-

356 2620 528 2673 chium
559 2628 730 2682 tuum,
766 2628 816 2673 et
843 2618 1153 2673 illuminatio
1193 2619 1357 2672 vultus
1389 2619 1480 2685 tui,
1511 2619 1753 2690 quoniam
1783 2633 1923 2671 com-

346 2712 584 2782 placuisti
610 2712 662 2765 in
681 2712 772 2766 eis.
810 2710 884 2765 Tu
908 2729 960 2766 es
983 2713 1091 2782 ipse
1112 2729 1204 2782 rea:
1225 2729 1363 2766 meus
1385 2719 1432 2764 et
1461 2710 1600 2765 Deus
1629 2729 1772 2766 meus
1790 2753 1805 2777 ,
1837 2711 1924 2782 qui

342 2803 565 2858 mandas
584 2804 770 2858 salutes
796 2803 978 2859 Iacob.
1005 2803 1070 2858 In
1095 2813 1143 2859 te
1171 2805 1404 2860 inimicos
1426 2815 1630 2859 nostros
1651 2803 1923 2859 ventilabi-

341 2910 455 2948 mus
483 2911 658 2958 cornu,
682 2904 731 2948 et
759 2896 814 2949 in
845 2897 1054 2950 nomine
1077 2906 1162 2951 tuo
1195 2913 1491 2968 spernemus
1520 2897 1842 2968 insurgentes
1872 2898 1926 2950 in

341 2987 508 3041 nobis.
541 2985 665 3042 Non
683 2987 820 3042 enim
842 2989 897 3042 in
924 3005 1047 3042 arcu
1080 3005 1191 3042 meo
1215 2987 1452 3058 sperabo,
1483 2996 1532 3041 et
1562 2988 1763 3059 gladius
1786 3005 1929 3041 meus

343 3092 449 3131 non
490 3075 719 3132 salvabil'
745 3096 844 3132 me.
891 3062 1122 3133 Salvasti
1160 3080 1298 3132 enim
1350 3096 1446 3132 nos
1485 3078 1547 3132 de
1591 3077 1931 3150 aﬂligentibus

1263 280 1731 348 COMMENTARII
1770 285 1839 347 IN
1875 283 2205 348 PSALMOS.
2247 287 2438 346 PSAL.
2481 285 2666 344 XLIV.

310 405 520 474 iniquo,
552 403 606 459 id
633 411 736 472 est,
759 401 993 470 diabolo,
1032 400 1202 461 libera
1230 421 1346 470 me,
1373 406 1498 476 quia
1545 415 1604 461 tu
1628 421 1706 472 es,
1738 403 1898 470 Deus.
1929 410 1984 470 Α

3479 279 3588 344 386

2585 414 3020 458 εοιιιεκτλιιυκ.

2075 514 2200 572 Tria
2228 529 2428 585 genera
2456 515 2691 570 nostium
2719 513 3024 571 Christiano
3063 514 3346 583 insurgunt
3377 531 3390 568 :
3426 529 3591 570 unum

2004 623 2175 679 genus
2198 608 2397 663 diaboli
2417 615 2473 661 et
2491 607 2794 662 daunonum
2815 605 2962 676 ejus;
2989 607 3130 662 aliud
3154 613 3591 678 persecutorum;

2004 703 2221 756 tertium
2249 697 2392 770 quod
2432 714 2717 754 commune
2745 707 2826 754 est
2863 700 3111 754 omnibus
3152 699 3442 775 barbaricae
3471 697 3594 752 ieri-

2007 793 2153 847 tatis.
2186 792 2292 846 Sed
2323 799 2434 846 tota
2465 791 2565 845 tria
2592 805 2790 859 genera
2813 806 2920 845 non
2950 807 3079 846 arcu
3107 800 3311 859 nostro,
3340 806 3439 846 nec
3467 791 3596 844 bra-

2007 883 2130 938 chio
2160 891 2346 936 nostro
2375 889 2716 950 superantur,
2744 878 2836 934 sed
2863 879 3082 938 dextera
3113 880 3207 935 Dei
3237 889 3291 937 et
3334 879 3596 934 illumina-

2008 974 2156 1028 tione
2187 972 2363 1027 vultus
2409 972 2543 1041 ejus,
2575 969 2642 1024 de
2687 986 2794 1040 quo
2833 979 3017 1039 patres
3047 971 3215 1026 nostri
3245 978 3597 1025 narraverunt

2009 1063 2183 1117 nobis.
2217 1061 2498 1128 Quomodo
2528 1076 2718 1115 manus
2746 1060 2887 1114 illius
2928 1060 3086 1130 eiecit
3128 1070 3332 1128 gentes,
3363 1070 3418 1116 et
3445 1063 3596 1134 plan-

2008 1152 2144 1204 tavit
2184 1166 2297 1205 eos.
2330 1150 2482 1204 Sicut
2511 1163 2640 1217 ergo
2669 1149 2743 1203 illi
2773 1165 2880 1204 non
2923 1149 2976 1202 in
3005 1148 3181 1216 gladio
3218 1166 3316 1206 suo
3344 1149 3598 1226 possede-

2009 1249 2133 1295 runt
2163 1248 2380 1305 terram,
2411 1241 2488 1294 sic
2535 1247 2590 1293 et
2638 1255 2735 1294 nos
2765 1255 2869 1293 non
2900 1238 2952 1293 in
2981 1240 3178 1295 virtute
3205 1251 3389 1296 nostra
3428 1240 3597 1298 conli-

2011 1333 2198 1388 dentes
2229 1342 2424 1387 terram
2449 1332 2616 1387 nostri
2647 1319 2891 1402 corporis
2918 1331 3268 1402 possidemus,
3295 1332 3388 1388 sed
3415 1341 3470 1389 tu
3492 1333 3598 1390 sal-

2011 1441 2106 1480 vas
2134 1442 2233 1481 nos
2278 1441 2345 1479 ex
2375 1425 2732 1494 aﬂligentibus
2779 1441 2898 1489 nos,
2943 1425 3054 1479 sive
3099 1425 3312 1492 regibus
3356 1424 3592 1494 perﬁdis,

2012 1519 2126 1574 sive
2163 1517 2460 1582 dmmoniis,
2508 1517 2621 1572 sive
2667 1517 2759 1588 (ut
2785 1516 2924 1586 dixi)
2953 1517 3193 1572 hostibus
3221 1517 3447 1581 usitatis,
3470 1516 3597 1585 quia

2013 1610 2206 1665 damur
2230 1611 2309 1664 eis
2338 1626 2436 1678 pro
2459 1609 2691 1678 peccatis
2719 1610 2936 1672 nostris,
2969 1609 3112 1663 velut
3152 1624 3281 1664 oves
3307 1624 3549 1663 escarum
3580 1626 3594 1662 :

2014 1701 2110 1757 sed
2149 1703 2193 1757 si
2236 1702 2617 1766 exclamemus,
2647 1701 2887 1756 dicentes
2919 1720 2931 1753 :
2964 1700 3087 1756 Hmc
3128 1701 3303 1756 omnia
3337 1711 3599 1758 venerunt

1941 1779 1987 1838 Β
2013 1810 2175 1865 super
2213 1810 2332 1874 nos,
2375 1803 2431 1849 et
2471 1793 2623 1848 obliti
2653 1809 2760 1848 non
2811 1809 2993 1848 sumus
3023 1803 3096 1857 te,
3129 1793 3372 1849 Domine.
3406 1793 3512 1849 Aut
3551 1795 3599 1852 si

2015 1886 2167 1941 obliti
2209 1901 2394 1944 sumus
2435 1901 2632 1941 nomen
2675 1885 2767 1941 Dei
2816 1885 3004 1950 nostri,
3037 1894 3128 1939 aut
3177 1885 3221 1939 si
3251 1885 3600 1957 expandimus

2016 1993 2210 2032 manus
2236 1978 2339 2032 diis
2367 1978 2586 2040 alienis,
2621 1986 2677 2032 tu
2711 1993 2870 2033 verus
2917 1977 3054 2049 Deus
3096 1977 3310 2048 require
3341 1978 3459 2041 ista,
3509 1978 3601 2050 qui

2020 2069 2225 2138 Optime
2271 2069 2414 2122 nosti
2464 2069 2673 2123 occulta
2706 2068 2900 2123 cordis.
2934 2066 3039 2123 Pro
3067 2067 3178 2123 Deo
3203 2069 3420 2138 patitur,
3447 2069 3604 2138 quid-

2023 2160 2153 2230 quid
2175 2159 2382 2214 adversi
2408 2161 2719 2216 sustinuerit
2738 2161 2912 2216 omnis
2931 2170 3162 2216 sanctus.
3195 2161 3330 2228 Quia
3358 2162 3496 2217 sicut
3514 2162 3605 2231 qui

2025 2251 2283 2323 pecunias
2310 2253 2503 2307 multas
2529 2253 2710 2316 habet,
2740 2253 2785 2307 si
2826 2268 3013 2321 passus
3041 2253 3199 2308 fuerit
3225 2253 3478 2324 gladium,
3508 2269 3606 2324 pro

2028 2343 2271 2413 pecuniis
2293 2344 2403 2397 suis
2447 2359 2636 2412 passus
2663 2351 2776 2408 est;
2810 2345 2881 2398 ita
2921 2344 3012 2413 qui
3041 2345 3380 2402 sanctitatem
3410 2346 3463 2400 in
3491 2360 3607 2399 mo-

2027 2433 2176 2488 ribus
2202 2435 2425 2498 obtinet,
2451 2434 2705 2502 quidquid
2729 2450 2918 2504 passus
2939 2433 3096 2489 fuerit
3116 2435 3344 2502 adversi,
3377 2452 3475 2506 pro
3498 2435 3607 2491 Deo

2026 2524 2244 2596 patitur.
2272 2541 2390 2594 qua:
2417 2541 2620 2578 summa
2652 2533 2733 2579 est
2753 2525 3031 2594 integritas
3049 2527 3348 2582 sanctitatis
3381 2545 3393 2580 :
3425 2535 3480 2582 et
3509 2542 3597 2599 pa-

2028 2617 2155 2669 titur
2184 2615 2475 2682 inimicum,
2508 2616 2621 2670 sive
2666 2626 3067 2687 persecutorem
3099 2617 3240 2684 lldei,
3272 2621 3387 2692 sive
3426 2635 3608 2690 perse-

2026 2717 2268 2764 cutorem
2298 2709 2479 2761 mundi
2509 2709 2974 2778 corporeum,sive
3000 2726 3096 2779 per
3115 2712 3287 2780 ipsum
3314 2712 3610 2782 principem

2028 2799 2210 2854 mundi
2237 2807 2292 2853 et
2319 2800 2593 2853 ministros
2620 2798 2753 2866 ejus.
2786 2799 3054 2854 Tenentes
3091 2816 3220 2868 ergo
3247 2803 3608 2868 sanctitatem,

2029 2889 2323 2943 clamemus
2347 2888 2575 2942 Domino
2601 2907 2612 2939 :
2641 2887 2903 2953 Quoniam
2926 2899 3148 2962 propter
3168 2900 3220 2946 te
3249 2901 3423 2947 morte
3443 2891 3610 2948 amci-

2031 2995 2154 3032 mur
2182 2987 2292 3031 tota
2322 2978 2430 3043 die,
2470 2992 2719 3046 rogamus
2748 2987 2804 3033 ut
2831 2965 3097 3049 'exsurgas
3138 2991 3192 3037 et
3231 2999 3339 3038 non
3387 2984 3614 3054 repellas
3654 2976 3669 2988 ’

2036 3087 2134 3125 nos
2156 3073 2208 3125 in
2239 3071 2415 3138 tinem,
2449 3087 2516 3126 ne
2537 3071 2869 3127 obliviscaris
2888 3074 3121 3144 inepiam
3152 3084 3406 3142 nostram,
3434 3085 3490 3132 et
3516 3076 3613 3132 tri-

344 3183 470 3233 nos,
517 3177 567 3222 et
606 3169 835 3223 odientes
884 3186 978 3223 nos
1018 3169 1318 3240 confudisti.
1356 3168 1421 3223 In
1466 3168 1572 3224 Deo
1602 3149 1928 3223 laudabimur
1953 3149 2000 3212 (ἶ
2029 3163 2359 3219 bnlationem
2388 3172 2658 3230 nostram,
2689 3167 2941 3235 quoniam
2988 3167 3264 3224 humiliata
3292 3178 3374 3224 est
3409 3169 3466 3224 in
3495 3169 3613 3240 pul—

347 3267 455 3312 tota
497 3258 600 3322 die,
637 3267 686 3312 et
713 3260 769 3312 in
795 3260 1003 3313 nomine
1053 3267 1140 3314 tuo
1169 3258 1526 3329 conﬁtebimur
1568 3259 1624 3313 in
1661 3260 1925 3314 saxulum.

347 3345 504 3403 Nunc
535 3358 705 3402 autem
739 3349 975 3419 repulisti
1003 3366 1119 3416 nos,
1151 3358 1200 3403 et
1228 3349 1510 3421 confudisti
1550 3367 1646 3404 nos
1669 3389 1684 3414 ,
1736 3360 1786 3405 et
1824 3367 1928 3404 non

345 3440 648 3512 egredieris,
689 3437 849 3506 Deus,
881 3442 936 3494 in
987 3440 1255 3496 virtutibus
1294 3443 1503 3497 nostris.
1559 3443 1798 3497 Avertisti
1835 3459 1928 3498 nos

349 3542 630 3589 retrorsum
672 3542 789 3602 post
816 3535 1055 3590 inimicos
1085 3547 1290 3591 nostros
1312 3577 1327 3603 ,
1377 3546 1428 3591 et
1463 3537 1552 3608 qui
1579 3535 1798 3592 oderunt
1834 3553 1928 3591 nos

349 3624 662 3698 diripiebant
683 3624 800 3680 sibi.
832 3624 1037 3681 Dedisti
1068 3645 1162 3682 nos
1193 3638 1438 3700 tanquam
1462 3645 1576 3682 oves
1605 3643 1857 3690 escarum,
1882 3635 1930 3680 et

351 3718 405 3772 in
429 3717 661 3790 gentibus
697 3718 989 3788 dispersisti
1034 3736 1149 3773 nos.
1191 3718 1481 3774 Vendidisti
1518 3720 1762 3790 papulum
1792 3726 1933 3771 tuum

352 3811 462 3866 sine
489 3812 672 3881 pretio,
701 3820 749 3865 et
776 3827 879 3865 non
927 3812 1025 3882 fuit
1053 3811 1324 3866 multitudo
1366 3813 1420 3865 i'n
1449 3809 1934 3864 commutationibus

354 3917 548 3955 eorum.
580 3901 814 3956 Posuisti
842 3919 936 3956 nos
969 3901 1300 3972 opprobrium
1328 3902 1510 3956 vicinis
1557 3902 1768 3966 nostris,
1813 3900 1936 3954 sub-

359 3996 723 4050 sannationem
768 4006 817 4048 et
846 3997 1071 4049 derisum
1103 3995 1203 4060 his,
1248 3995 1335 4066 qui
1363 4003 1481 4048 sunt
1525 3995 1581 4047 in
1607 3993 1822 4045 circuitu
1847 4008 1941 4045 no-

364 4093 490 4138 stro.
536 4084 767 4138 Posuisti
798 4103 891 4139 nos
912 4087 968 4138 in
1003 4084 1394 4138 similitudinem
1433 4081 1683 4155 gentibus,
1714 4099 1941 4137 commo-

363 4176 558 4229 tionem
599 4175 784 4246 capitis
827 4177 882 4228 in
930 4175 1158 4246 populis.
1206 4173 1336 4230 Tota
1367 4174 1450 4228 die
1486 4174 1787 4229 uerecundia
1830 4190 1942 4227 mea

360 4278 544 4321 contra
582 4283 662 4319 me
689 4275 785 4330 est,
814 4273 863 4319 et
890 4265 1124 4336 confusio
1153 4265 1308 4335 faciei
1335 4281 1461 4318 mea:
1484 4263 1748 4334 cooperuit
1775 4280 1874 4317 me.
1897 4262 1938 4314 Α

359 4375 480 4414 voce
499 4358 863 4426 exprobrantis
886 4367 936 4411 et
965 4354 1301 4428 obloquentis,
1321 4373 1352 4408 α
1375 4357 1510 4428 {acie
1537 4354 1735 4408 inimici
1753 4363 1802 4407 et
1829 4371 1940 4423 per-

2031 3256 2158 3315 vere
2203 3259 2379 3313 anima
2427 3268 2628 3325 nostra,
2658 3259 2880 3315 adhmsit
2917 3261 2970 3314 in
3006 3269 3146 3315 terra
3177 3270 3367 3317 venter
3409 3270 3610 3317 noster.

2031 3349 2256 3418 Quando
2276 3352 2417 3408 enim
2439 3351 2805 3421 corporalibus
2817 3352 3223 3407 necessitatibus
3242 3367 3613 3422 aggravamur,

2030 3454 2257 3502 vexatur
2284 3446 2337 3499 in
2369 3446 2588 3515 pulvere
2617 3447 2795 3501 anima
2831 3453 3033 3501 nostra.
3067 3445 3203 3499 Dum
3231 3451 3411 3498 autem
3431 3451 3618 3499 ventes

2033 3545 2220 3592 noster
2239 3535 2468 3589 terrenis
2491 3534 2716 3604 dapibus
2763 3535 3000 3590 adhaeret
3015 3575 3030 3600 ,
3057 3543 3314 3591 aeternum
3343 3534 3497 3591 nobis
3513 3535 3618 3590 mi-

2035 3635 2194 3683 natur
2219 3627 2512 3681 interitum.
2564 3625 2907 3682 Ostendimus
2947 3626 3042 3681 tibi
3069 3626 3286 3682 vulnera
3323 3635 3524 3694 nostra,
3561 3635 3620 3687 ut

2035 3719 2126 3789 qui
2149 3719 2383 3774 salvator
2409 3733 2487 3782 es,
2512 3718 2705 3774 exhibe
2724 3718 3034 3774 vulneribus
3051 3717 3424 3773 medicamina.
3449 3716 3621 3772 Nemo

2037 3810 2180 3864 enim
2208 3811 2277 3864 ab
2296 3809 2598 3864 humilitate
2625 3809 2861 3878 pulveris
2882 3808 3106 3863 liberam
3127 3807 3345 3862 habebit
3363 3805 3620 3874 animam,

2041 3903 2144 3957 nisi
2173 3911 2229 3956 tn
2257 3917 2354 3972 per
2382 3900 2702 3956 invisibilem
2728 3899 3016 3954 donaveris
3042 3899 3233 3952 animm
3258 3905 3624 3967 contemptum

2041 3994 2278 4065 pulveris
2312 3992 2628 4063 corporalis.
2671 3989 2781 4046 Nec
2812 3989 3032 4045 habebit
3057 4003 3296 4045 amorem
3335 3987 3524 4058 jejunii
3572 3996 3626 4044 et

2028 4069 2304 4139 orationis
2332 4083 2401 4138 ad
2446 4081 2894 4138 contemnendum
2925 4089 3188 4146 ventrem,
3216 4081 3309 4152 qui
3336 4088 3494 4135 terra:
3527 4080 3626 4140 ad-

2045 4174 2364 4248 hzeret,lnisi
2403 4184 2458 4229 tu
2485 4173 2832 4229 concesseris.
2866 4172 3124 4243 Exsurge,
3157 4172 3403 4239 Domine,
3433 4172 3626 4242 adjnva

2045 4283 2163 4330 nos,
2195 4276 2249 4321 et
2280 4268 2443 4322 libera
2473 4284 2591 4334 nos,
2620 4278 2843 4339 propter
2870 4271 2974 4325 hoc
3001 4270 3171 4340 ipsum
3218 4269 3364 4340 quod
3394 4270 3627 4325 nominis

2043 4358 2122 4413 tui
2149 4359 2434 4428 splendore
2453 4375 2762 4424 censemur;
2791 4361 2958 4417 libera
2979 4375 3079 4416 nos
3101 4361 3168 4415 ab
3183 4361 3627 4431 occupationibus

359 4451 638 4523 sequentis.
682 4448 812 4505 Ilwc
843 4449 1018 4504 omnia
1046 4457 1289 4503 venerunt
1336 4465 1490 4520 super
1536 4465 1650 4513 nos,
1681 4464 1772 4501 nec
1795 4445 1941 4501 obliti
1965 4447 2018 4507 D
2044 4453 2297 4524 pulveris,
2341 4454 2396 4508 in
2444 4454 2638 4524 quibus
2685 4454 2996 4508 humiliatur
3029 4453 3207 4508 anima
3233 4461 3438 4519 nostra,
3475 4460 3532 4508 et
3559 4453 3627 4508 ab

359 4561 535 4599 sumus
566 4555 630 4610 te,
672 4552 719 4598 et
763 4544 935 4613 inique
961 4559 1064 4598 non
1092 4545 1291 4614 egimus
1315 4545 1370 4596 in
1403 4550 1707 4596 testamento
1731 4550 1835 4594 tuo.
1873 4538 1942 4592 Et

359 4655 465 4691 non
497 4637 703 4701 recessit
734 4644 872 4691 retro
913 4652 1002 4690 cor
1032 4644 1288 4703 nostrum,
1318 4645 1368 4689 et
1413 4633 1686 4689 declinasti
1732 4635 1941 4687 semitas

362 4739 567 4784 nostras
607 4747 638 4783 a
667 4731 747 4784 via
781 4739 886 4783 tua.
917 4727 1172 4793 Quoniam
1193 4729 1480 4782 Immiliasti
1510 4743 1604 4782 nos
1623 4728 1678 4780 in
1705 4727 1815 4780 loco
1856 4727 1940 4796 af-

365 4823 631 4889 ﬂictionis,
661 4832 710 4875 et
737 4822 997 4889 cooperuit
1026 4838 1120 4875 nos
1140 4818 1324 4874 umbra
1353 4821 1554 4874 mortis.
1591 4818 1650 4874 Si
1681 4817 1824 4873 obliti
1851 4834 1941 4870 su-

365 4931 480 4967 mus
509 4926 693 4968 nomen
735 4912 832 4967 Dei
860 4914 1040 4979 nostri,
1072 4923 1119 4966 et
1160 4914 1204 4966 si
1232 4912 1572 4982 expandimus
1622 4928 1804 4965 manus
1842 4927 1940 4963 no-

367 5015 504 5060 stras
531 5004 599 5057 ad
628 5002 794 5058 Deum
815 5004 1058 5057 alienum.
1088 5000 1279 5056 Nonne
1304 5001 1440 5055 Deus
1461 5003 1678 5073 requiret
1700 5002 1820 5065 ista,
1837 5001 1947 5070 ipse

368 5097 506 5151 enim
535 5095 673 5149 norit
706 5093 1008 5148 abscondita
1029 5094 1219 5147 cordis.
1245 5091 1500 5156 Quoniam
1522 5102 1728 5163 propter
1751 5101 1799 5144 te
1816 5109 1950 5145 mor-

369 5189 633 5260 tiﬁcamur
655 5198 760 5244 tota
780 5188 882 5255 die,
904 5187 1146 5243 aestimati
1168 5203 1342 5240 sumus
1365 5188 1495 5239 sicut
1524 5201 1637 5238 oves
1654 5185 1944 5238 occisionis.

373 5277 638 5354 Exsurge,
687 5299 845 5354 quare
888 5279 1173 5346 obdormis,
1225 5278 1477 5343 Domine;
1507 5294 1742 5348 exsurge,
1791 5284 1840 5329 et
1886 5291 1950 5328 ne

374 5373 596 5444 repellas
635 5374 689 5426 in
718 5373 891 5443 ﬁnem.
943 5369 1114 5436 Quare
1157 5373 1342 5443 {aciem
1388 5381 1527 5423 tuam
1576 5369 1781 5431 avertis,
1815 5365 1946 5420 obli-

373 5465 584 5520 uisceris
611 5465 800 5535 inopiae
813 5474 1001 5519 nostra:
1020 5473 1066 5516 et
1090 5463 1432 5518 tribulationis
1462 5473 1670 5518 nostras.
1697 5461 1954 5525 Quoniam

375 5554 651 5611 humiliata
680 5565 756 5610 est
784 5559 838 5610 in
865 5556 1068 5624 pulvere
1110 5558 1287 5610 anima
1328 5565 1524 5619 nostra,
1571 5554 1954 5622 conglutinatus

375 5649 537 5704 estin
581 5657 720 5704 terra
762 5657 931 5702 venter
958 5655 1148 5701 noster.
1180 5646 1443 5722 Exsurge,
1492 5646 1732 5711 Domine,
1765 5646 1954 5716 adjnva

347 5755 500 5826 latos,
528 5751 577 5798 et
607 5741 800 5798 redime
833 5757 926 5796 nos
953 5749 1162 5810 propter
1188 5757 1372 5796 nomen
1399 5751 1562 5793 tuum.

2043 4546 2422 4615 aggravatione
2435 4546 2654 4600 ventris.
2674 4545 2811 4612 Quia
2825 4547 2872 4602 si
2887 4547 3075 4601 harum
3085 4545 3310 4626 duarum
3328 4545 3630 4616 specierum

2044 4639 2198 4693 nobis
2225 4639 2555 4694 concesseris
2581 4639 2743 4705 dona,
2767 4648 3134 4710 contemptum
3154 4639 3398 4709 corporis
3419 4645 3475 4693 et
3497 4654 3627 4693 ven-

2045 4732 2162 4795 tris,
2195 4731 2349 4786 liberi
2391 4732 2592 4786 erimus
2631 4731 2684 4784 in
2713 4731 2928 4785 Christo
2953 4729 3082 4796 Jesu
3120 4729 3348 4785 Domino
3395 4737 3585 4784 nostro
3609 4767 3627 4791 ,

2046 4840 2143 4895 per
2169 4839 2329 4892 quem
2357 4831 2414 4878 et
2450 4837 2574 4878 cum
2597 4837 2706 4890 quo
2744 4821 2842 4876 tibi
2884 4828 2968 4875 est
2995 4819 3107 4874 Deo
3143 4818 3289 4874 Patri
3327 4827 3383 4874 et
3409 4817 3632 4890 Spiritui

2047 4925 2235 4972 sancto
2263 4916 2437 4970 honor
2464 4922 2520 4970 et
2557 4913 2726 4981 gloria
2756 4912 2809 4966 in
2842 4911 3045 4968 saecula-
3066 4911 3406 4968 steculorum.
3434 4912 3628 4967 Amen.

2575 5043 2886 5102 PSALMUS
2922 5044 3102 5104 XLIV.

2051 5161 2110 5216 In
2141 5161 2299 5218 ﬁnem
2327 5178 2426 5233 pro
2452 5161 2536 5216 his
2571 5162 2663 5230 qui
2693 5161 3308 5233 commutabunturiiliis
3338 5155 3534 5221 Chore,
3563 5151 3632 5210 ad

2344 5233 2674 5288 intellectum
2703 5235 2969 5289 canticum
2991 5248 3091 5304 pro
3111 5232 3324 5286 dilecto.

2129 5367 2394 5424 Eructavit
2420 5386 2509 5424 cor
2532 5387 2700 5424 meum
2717 5373 2920 5424 uerbum
2947 5368 3133 5420 bonum
3150 5403 3164 5426 ,
3205 5362 3320 5413 dico
3344 5373 3436 5425 ego
3474 5371 3633 5426 opera

2058 5479 2171 5516 mea
2199 5463 2325 5534 regi.
2361 5462 2561 5534 Lingua
2601 5479 2716 5515 mea
2758 5460 2986 5514 calamus
3021 5451 3202 5506 scriba:
3247 5446 3482 5500 velociter
3506 5447 3636 5500 seri-

2059 5552 2237 5606 bentis.
2279 5553 2550 5624 Speciosus
2596 5556 2764 5622 forma
2803 5564 2910 5618 pra:
2948 5543 3071 5612 ﬁliis
3109 5538 3403 5604 hominum,
3442 5537 3634 5608 diﬁusa

2055 5656 2132 5700 est
2159 5647 2327 5717 gratia
2357 5647 2410 5698 in
2440 5645 2589 5700 labiis
2619 5644 2746 5705 tuis;
2789 5644 3056 5706 propterea
3102 5629 3361 5685 beneth
3403 5640 3451 5685 te
3494 5628 3634 5685 Deus

2056 5741 2110 5795 in
2140 5749 2406 5795 (uernum.
2437 5735 2718 5799 Accingere
2744 5727 2918 5798 gladio
2957 5732 3041 5778 tuo
3078 5735 3231 5788 super
3266 5725 3437 5796 tentur
3471 5732 3637 5793 Mlti.
