  <div class='ocr_page' id='page_1' title='image "/cluster/home/n/w/nwhite01/storage/ocr_20150623/53/hvd.32044015471576/199.png"; bbox 0 0 4108 6348; ppageno 0'>
   <div class='ocr_carea' id='block_1_1' title="bbox 1900 359 2507 421">
    <p class='ocr_par' dir='ltr' id='par_1_1' title="bbox 1900 359 2507 421">
     <span class='ocr_line' id='line_1_1' title="bbox 1900 359 2507 421; baseline 0.003 -4"><span class='ocrx_word' id='word_1_1' title='bbox 1900 359 2171 418; x_wconf 74' lang='grc' dir='ltr'><strong><em>ΑΚΝΟΒΠ</em></strong></span> <span class='ocrx_word' id='word_1_2' title='bbox 2208 361 2507 421; x_wconf 81' lang='lat' dir='ltr'><strong><em>JUNIORIS</em></strong></span> 
     </span>
    </p>
   </div>
   <div class='ocr_carea' id='block_1_2' title="bbox 3722 371 3832 430">
    <p class='ocr_par' dir='ltr' id='par_1_2' title="bbox 3722 371 3832 430">
     <span class='ocr_line' id='line_1_2' title="bbox 3722 371 3832 430; baseline 0 0"><span class='ocrx_word' id='word_1_3' title='bbox 3722 371 3832 430; x_wconf 74' lang='grc'><strong><em>588</em></strong></span> 
     </span>
    </p>
   </div>
   <div class='ocr_carea' id='block_1_3' title="bbox 566 460 3882 558">
    <p class='ocr_par' dir='ltr' id='par_1_3' title="bbox 566 460 3882 558">
     <span class='ocr_line' id='line_1_3' title="bbox 566 460 3882 558; baseline 0.002 -20"><span class='ocrx_word' id='word_1_4' title='bbox 566 479 929 558; x_wconf 70' lang='lat' dir='ltr'><strong><em>potentissime.</em></strong></span> <span class='ocrx_word' id='word_1_5' title='bbox 973 477 1152 552; x_wconf 84' lang='lat' dir='ltr'><strong><em>Specie</em></strong></span> <span class='ocrx_word' id='word_1_6' title='bbox 1179 486 1265 533; x_wconf 87' lang='lat' dir='ltr'><strong><em>tua</em></strong></span> <span class='ocrx_word' id='word_1_7' title='bbox 1294 485 1345 533; x_wconf 92' lang='lat' dir='ltr'><strong><em>et</em></strong></span> <span class='ocrx_word' id='word_1_8' title='bbox 1380 476 1761 551; x_wconf 70' lang='lat' dir='ltr'><strong><em>pulchritudine</em></strong></span> <span class='ocrx_word' id='word_1_9' title='bbox 1790 487 1874 533; x_wconf 88' lang='lat' dir='ltr'><strong><em>tua</em></strong></span> <span class='ocrx_word' id='word_1_10' title='bbox 1904 480 2130 544; x_wconf 81' lang='lat' dir='ltr'><strong><em>intende,</em></strong></span> <span class='ocrx_word' id='word_1_11' title='bbox 2165 484 2213 541; x_wconf 78' lang='grc' dir='ltr'>Α</span> <span class='ocrx_word' id='word_1_12' title='bbox 2239 496 2305 536; x_wconf 79' lang='lat' dir='ltr'><strong><em>ex</em></strong></span> <span class='ocrx_word' id='word_1_13' title='bbox 2332 496 2437 551; x_wconf 86' lang='lat' dir='ltr'><strong><em>qua</em></strong></span> <span class='ocrx_word' id='word_1_14' title='bbox 2468 496 2639 537; x_wconf 60' lang='lat' dir='ltr'><strong><em>caecos</em></strong></span> <span class='ocrx_word' id='word_1_15' title='bbox 2662 478 3013 550; x_wconf 81' lang='lat' dir='ltr'><strong><em>illuminabat,</em></strong></span> <span class='ocrx_word' id='word_1_16' title='bbox 3042 482 3282 543; x_wconf 86' lang='lat' dir='ltr'><strong><em>inﬁrmos</em></strong></span> <span class='ocrx_word' id='word_1_17' title='bbox 3306 481 3551 553; x_wconf 75' lang='lat' dir='ltr'><strong><em>curabat,</em></strong></span> <span class='ocrx_word' id='word_1_18' title='bbox 3583 497 3835 546; x_wconf 78' lang='lat' dir='ltr'><strong><em>mortuos</em></strong></span> <span class='ocrx_word' id='word_1_19' title='bbox 3870 460 3882 474; x_wconf 56' lang='grc'><em>’</em></span> 
     </span>
    </p>
   </div>
   <div class='ocr_carea' id='block_1_4' title="bbox 566 569 2143 648">
    <p class='ocr_par' dir='ltr' id='par_1_4' title="bbox 566 569 2143 648">
     <span class='ocr_line' id='line_1_4' title="bbox 566 569 2143 648; baseline -0.003 -17"><span class='ocrx_word' id='word_1_20' title='bbox 566 592 809 648; x_wconf 79' lang='lat' dir='ltr'><strong><em>prospere</em></strong></span> <span class='ocrx_word' id='word_1_21' title='bbox 835 571 1065 645; x_wconf 86' lang='lat' dir='ltr'><strong><em>procede,</em></strong></span> <span class='ocrx_word' id='word_1_22' title='bbox 1089 578 1139 625; x_wconf 91' lang='lat' dir='ltr'><strong><em>et</em></strong></span> <span class='ocrx_word' id='word_1_23' title='bbox 1166 588 1341 643; x_wconf 88' lang='lat' dir='ltr'><strong><em>regna.</em></strong></span> <span class='ocrx_word' id='word_1_24' title='bbox 1376 569 1597 643; x_wconf 83' lang='lat' dir='ltr'><strong><em>Propter</em></strong></span> <span class='ocrx_word' id='word_1_25' title='bbox 1629 573 1891 627; x_wconf 79' lang='lat' dir='ltr'><strong><em>veritatem</em></strong></span> <span class='ocrx_word' id='word_1_26' title='bbox 1918 582 1967 627; x_wconf 91' lang='lat' dir='ltr'><strong><em>et</em></strong></span> <span class='ocrx_word' id='word_1_27' title='bbox 1993 589 2143 626; x_wconf 90' lang='lat' dir='ltr'><strong><em>man-</em></strong></span> 
     </span>
    </p>
   </div>
   <div class='ocr_carea' id='block_1_5' title="bbox 567 659 2144 732">
    <p class='ocr_par' dir='ltr' id='par_1_5' title="bbox 567 659 2144 732">
     <span class='ocr_line' id='line_1_5' title="bbox 567 659 2144 732; baseline -0.002 -13"><span class='ocrx_word' id='word_1_28' title='bbox 567 662 900 727; x_wconf 69' lang='lat' dir='ltr'><strong><em>suetudinem,</em></strong></span> <span class='ocrx_word' id='word_1_29' title='bbox 931 669 979 715; x_wconf 88' lang='lat' dir='ltr'><strong><em>et</em></strong></span> <span class='ocrx_word' id='word_1_30' title='bbox 990 659 1270 732; x_wconf 74' lang='lat' dir='ltr'><strong><em>justitiam,</em></strong></span> <span class='ocrx_word' id='word_1_31' title='bbox 1296 670 1344 715; x_wconf 85' lang='lat' dir='ltr'><strong><em>et</em></strong></span> <span class='ocrx_word' id='word_1_32' title='bbox 1376 660 1591 716; x_wconf 84' lang='lat' dir='ltr'><strong><em>deducet</em></strong></span> <span class='ocrx_word' id='word_1_33' title='bbox 1613 669 1662 716; x_wconf 89' lang='lat' dir='ltr'><strong><em>te</em></strong></span> <span class='ocrx_word' id='word_1_34' title='bbox 1688 662 1999 717; x_wconf 78' lang='lat' dir='ltr'><strong><em>mirabiliter</em></strong></span> <span class='ocrx_word' id='word_1_35' title='bbox 2020 663 2144 716; x_wconf 71' lang='lat' dir='ltr'><strong><em>dex—</em></strong></span> 
     </span>
    </p>
   </div>
   <div class='ocr_carea' id='block_1_6' title="bbox 570 746 2176 824">
    <p class='ocr_par' dir='ltr' id='par_1_6' title="bbox 570 746 2176 824">
     <span class='ocr_line' id='line_1_6' title="bbox 570 746 2176 824; baseline 0 -17"><span class='ocrx_word' id='word_1_36' title='bbox 570 764 674 807; x_wconf 90' lang='lat' dir='ltr'><strong><em>tera</em></strong></span> <span class='ocrx_word' id='word_1_37' title='bbox 704 762 808 806; x_wconf 81' lang='lat' dir='ltr'><strong><em>tua.</em></strong></span> <span class='ocrx_word' id='word_1_38' title='bbox 852 750 1069 824; x_wconf 77' lang='lat' dir='ltr'><strong><em>Sagitta:</em></strong></span> <span class='ocrx_word' id='word_1_39' title='bbox 1111 760 1211 805; x_wconf 76' lang='lat' dir='ltr'><strong><em>tute</em></strong></span> <span class='ocrx_word' id='word_1_40' title='bbox 1239 760 1422 817; x_wconf 64' lang='lat' dir='ltr'><strong><em>acutae,</em></strong></span> <span class='ocrx_word' id='word_1_41' title='bbox 1455 752 1631 823; x_wconf 80' lang='lat' dir='ltr'><strong><em>pepuli</em></strong></span> <span class='ocrx_word' id='word_1_42' title='bbox 1669 750 1761 806; x_wconf 94' lang='lat' dir='ltr'><strong><em>sub</em></strong></span> <span class='ocrx_word' id='word_1_43' title='bbox 1805 763 1850 806; x_wconf 93' lang='lat' dir='ltr'><strong><em>te</em></strong></span> <span class='ocrx_word' id='word_1_44' title='bbox 1882 753 2066 808; x_wconf 86' lang='lat' dir='ltr'><strong><em>cadent</em></strong></span> <span class='ocrx_word' id='word_1_45' title='bbox 2089 746 2176 807; x_wconf 29' lang='lat' dir='ltr'><strong><em>in.</em></strong></span> 
     </span>
    </p>
   </div>
   <div class='ocr_carea' id='block_1_7' title="bbox 566 842 2145 915">
    <p class='ocr_par' dir='ltr' id='par_1_7' title="bbox 566 842 2145 915">
     <span class='ocr_line' id='line_1_7' title="bbox 566 842 2145 915; baseline -0.001 -16"><span class='ocrx_word' id='word_1_46' title='bbox 566 843 1071 900; x_wconf 78' lang='lat' dir='ltr'><strong><em>corda‘inimicorum</em></strong></span> <span class='ocrx_word' id='word_1_47' title='bbox 1103 844 1261 915; x_wconf 88' lang='lat' dir='ltr'><strong><em>regis.</em></strong></span> <span class='ocrx_word' id='word_1_48' title='bbox 1298 844 1458 898; x_wconf 89' lang='lat' dir='ltr'><strong><em>Sedes</em></strong></span> <span class='ocrx_word' id='word_1_49' title='bbox 1483 852 1587 910; x_wconf 84' lang='lat' dir='ltr'><strong><em>tua,</em></strong></span> <span class='ocrx_word' id='word_1_50' title='bbox 1621 842 1777 910; x_wconf 88' lang='lat' dir='ltr'><strong><em>Deus,</em></strong></span> <span class='ocrx_word' id='word_1_51' title='bbox 1818 843 1873 899; x_wconf 89' lang='lat' dir='ltr'><strong><em>in</em></strong></span> <span class='ocrx_word' id='word_1_52' title='bbox 1902 844 2145 900; x_wconf 67' lang='lat' dir='ltr'><strong><em>sarculum</em></strong></span> 
     </span>
    </p>
   </div>
   <div class='ocr_carea' id='block_1_8' title="bbox 564 933 2147 1011">
    <p class='ocr_par' dir='ltr' id='par_1_8' title="bbox 564 933 2147 1011">
     <span class='ocr_line' id='line_1_8' title="bbox 564 933 2147 1011; baseline 0.001 -22"><span class='ocrx_word' id='word_1_53' title='bbox 564 933 757 1011; x_wconf 67' lang='lat' dir='ltr'><strong><em>steculi,</em></strong></span> <span class='ocrx_word' id='word_1_54' title='bbox 784 935 927 1007; x_wconf 89' lang='lat' dir='ltr'><strong><em>virga</em></strong></span> <span class='ocrx_word' id='word_1_55' title='bbox 947 933 1243 988; x_wconf 87' lang='lat' dir='ltr'><strong><em>directionis</em></strong></span> <span class='ocrx_word' id='word_1_56' title='bbox 1266 935 1411 1006; x_wconf 86' lang='lat' dir='ltr'><strong><em>virga</em></strong></span> <span class='ocrx_word' id='word_1_57' title='bbox 1439 935 1585 1006; x_wconf 86' lang='lat' dir='ltr'><strong><em>regni</em></strong></span> <span class='ocrx_word' id='word_1_58' title='bbox 1606 935 1696 988; x_wconf 90' lang='lat' dir='ltr'><strong><em>tui.</em></strong></span> <span class='ocrx_word' id='word_1_59' title='bbox 1725 934 1968 991; x_wconf 75' lang='lat' dir='ltr'><strong><em>Dilexisti</em></strong></span> <span class='ocrx_word' id='word_1_60' title='bbox 1987 936 2147 1008; x_wconf 79' lang='lat' dir='ltr'><strong><em>justi—</em></strong></span> 
     </span>
    </p>
   </div>
   <div class='ocr_carea' id='block_1_9' title="bbox 567 1026 2142 1099">
    <p class='ocr_par' dir='ltr' id='par_1_9' title="bbox 567 1026 2142 1099">
     <span class='ocr_line' id='line_1_9' title="bbox 567 1026 2142 1099; baseline -0.003 -14"><span class='ocrx_word' id='word_1_61' title='bbox 567 1026 710 1097; x_wconf 83' lang='lat' dir='ltr'><strong><em>tiam,</em></strong></span> <span class='ocrx_word' id='word_1_62' title='bbox 752 1037 801 1082; x_wconf 91' lang='lat' dir='ltr'><strong><em>et</em></strong></span> <span class='ocrx_word' id='word_1_63' title='bbox 829 1027 985 1082; x_wconf 90' lang='lat' dir='ltr'><strong><em>odisti</em></strong></span> <span class='ocrx_word' id='word_1_64' title='bbox 1025 1027 1375 1099; x_wconf 84' lang='lat' dir='ltr'><strong><em>iniquitatem,</em></strong></span> <span class='ocrx_word' id='word_1_65' title='bbox 1408 1037 1676 1098; x_wconf 85' lang='lat' dir='ltr'><strong><em>propterea</em></strong></span> <span class='ocrx_word' id='word_1_66' title='bbox 1714 1029 1868 1082; x_wconf 72' lang='lat' dir='ltr'><strong><em>unxit</em></strong></span> <span class='ocrx_word' id='word_1_67' title='bbox 1901 1038 1948 1083; x_wconf 93' lang='lat' dir='ltr'><strong><em>te</em></strong></span> <span class='ocrx_word' id='word_1_68' title='bbox 1985 1027 2142 1094; x_wconf 89' lang='lat' dir='ltr'><strong><em>Deus,</em></strong></span> 
     </span>
    </p>
   </div>
   <div class='ocr_carea' id='block_1_10' title="bbox 565 1119 2144 1192">
    <p class='ocr_par' dir='ltr' id='par_1_10' title="bbox 565 1119 2144 1192">
     <span class='ocr_line' id='line_1_10' title="bbox 565 1119 2144 1192; baseline -0.001 -16"><span class='ocrx_word' id='word_1_69' title='bbox 565 1120 705 1177; x_wconf 86' lang='lat' dir='ltr'><strong><em>Deus</em></strong></span> <span class='ocrx_word' id='word_1_70' title='bbox 735 1128 867 1187; x_wconf 87' lang='lat' dir='ltr'><strong><em>tuus,</em></strong></span> <span class='ocrx_word' id='word_1_71' title='bbox 898 1120 1009 1174; x_wconf 83' lang='lat' dir='ltr'><strong><em>cleo</em></strong></span> <span class='ocrx_word' id='word_1_72' title='bbox 1035 1119 1233 1174; x_wconf 65' lang='lat' dir='ltr'><strong><em>laetitia:</em></strong></span> <span class='ocrx_word' id='word_1_73' title='bbox 1271 1135 1380 1190; x_wconf 65' lang='lat' dir='ltr'><strong><em>prae</em></strong></span> <span class='ocrx_word' id='word_1_74' title='bbox 1408 1119 1724 1175; x_wconf 79' lang='lat' dir='ltr'><strong><em>consortibus</em></strong></span> <span class='ocrx_word' id='word_1_75' title='bbox 1754 1121 1870 1175; x_wconf 88' lang='lat' dir='ltr'><strong><em>tuis.</em></strong></span> <span class='ocrx_word' id='word_1_76' title='bbox 1904 1119 2144 1192; x_wconf 80' lang='lat' dir='ltr'><strong><em>Myrrha,</em></strong></span> 
     </span>
    </p>
   </div>
   <div class='ocr_carea' id='block_1_11' title="bbox 563 1209 2145 1284">
    <p class='ocr_par' dir='ltr' id='par_1_11' title="bbox 563 1209 2145 1284">
     <span class='ocr_line' id='line_1_11' title="bbox 563 1209 2145 1284; baseline 0 -19"><span class='ocrx_word' id='word_1_77' title='bbox 563 1221 615 1266; x_wconf 84' lang='lat' dir='ltr'><strong><em>et</em></strong></span> <span class='ocrx_word' id='word_1_78' title='bbox 643 1220 805 1284; x_wconf 84' lang='lat' dir='ltr'><strong><em>gutta,</em></strong></span> <span class='ocrx_word' id='word_1_79' title='bbox 830 1220 879 1264; x_wconf 90' lang='lat' dir='ltr'><strong><em>et</em></strong></span> <span class='ocrx_word' id='word_1_80' title='bbox 900 1211 1041 1264; x_wconf 87' lang='lat' dir='ltr'><strong><em>casia</em></strong></span> <span class='ocrx_word' id='word_1_81' title='bbox 1087 1227 1119 1263; x_wconf 84' lang='grc' dir='ltr'><em>α</em></span> <span class='ocrx_word' id='word_1_82' title='bbox 1160 1209 1468 1264; x_wconf 85' lang='lat' dir='ltr'><strong><em>vestimentis</em></strong></span> <span class='ocrx_word' id='word_1_83' title='bbox 1499 1211 1625 1277; x_wconf 89' lang='lat' dir='ltr'><strong><em>tuis,</em></strong></span> <span class='ocrx_word' id='word_1_84' title='bbox 1662 1229 1694 1264; x_wconf 91' lang='lat' dir='ltr'><strong><em>a</em></strong></span> <span class='ocrx_word' id='word_1_85' title='bbox 1735 1209 1966 1265; x_wconf 82' lang='lat' dir='ltr'><strong><em>domibus</em></strong></span> <span class='ocrx_word' id='word_1_86' title='bbox 1995 1211 2145 1265; x_wconf 90' lang='lat' dir='ltr'><strong><em>ebur-</em></strong></span> 
     </span>
    </p>
   </div>
   <div class='ocr_carea' id='block_1_12' title="bbox 565 1300 2148 1376">
    <p class='ocr_par' dir='ltr' id='par_1_12' title="bbox 565 1300 2148 1376">
     <span class='ocr_line' id='line_1_12' title="bbox 565 1300 2148 1376; baseline -0.001 -16"><span class='ocrx_word' id='word_1_87' title='bbox 565 1300 696 1369; x_wconf 82' lang='lat' dir='ltr'><strong><em>neis,</em></strong></span> <span class='ocrx_word' id='word_1_88' title='bbox 725 1320 790 1359; x_wconf 80' lang='lat' dir='ltr'><strong><em>ea:</em></strong></span> <span class='ocrx_word' id='word_1_89' title='bbox 818 1301 997 1376; x_wconf 78' lang='lat' dir='ltr'><strong><em>quibus</em></strong></span> <span class='ocrx_word' id='word_1_90' title='bbox 1026 1302 1398 1357; x_wconf 69' lang='lat' dir='ltr'><strong><em>delectaverunt</em></strong></span> <span class='ocrx_word' id='word_1_91' title='bbox 1433 1312 1478 1357; x_wconf 93' lang='lat' dir='ltr'><strong><em>te</em></strong></span> <span class='ocrx_word' id='word_1_92' title='bbox 1515 1303 1642 1374; x_wconf 82' lang='lat' dir='ltr'><strong><em>ﬁlite</em></strong></span> <span class='ocrx_word' id='word_1_93' title='bbox 1669 1321 1847 1376; x_wconf 87' lang='lat' dir='ltr'><strong><em>regum</em></strong></span> <span class='ocrx_word' id='word_1_94' title='bbox 1873 1304 1929 1358; x_wconf 88' lang='lat' dir='ltr'><strong><em>in</em></strong></span> <span class='ocrx_word' id='word_1_95' title='bbox 1957 1304 2148 1358; x_wconf 81' lang='lat' dir='ltr'><strong><em>honore</em></strong></span> 
     </span>
    </p>
   </div>
   <div class='ocr_carea' id='block_1_13' title="bbox 567 1394 2143 1467">
    <p class='ocr_par' dir='ltr' id='par_1_13' title="bbox 567 1394 2143 1467">
     <span class='ocr_line' id='line_1_13' title="bbox 567 1394 2143 1467; baseline -0.001 -14"><span class='ocrx_word' id='word_1_96' title='bbox 567 1406 673 1453; x_wconf 80' lang='lat' dir='ltr'><strong><em>tuo.</em></strong></span> <span class='ocrx_word' id='word_1_97' title='bbox 704 1396 881 1450; x_wconf 84' lang='lat' dir='ltr'><strong><em>Astitit</em></strong></span> <span class='ocrx_word' id='word_1_98' title='bbox 908 1395 1085 1467; x_wconf 83' lang='lat' dir='ltr'><strong><em>regina</em></strong></span> <span class='ocrx_word' id='word_1_99' title='bbox 1120 1412 1151 1448; x_wconf 88' lang='lat' dir='ltr'><strong><em>a</em></strong></span> <span class='ocrx_word' id='word_1_100' title='bbox 1189 1394 1386 1450; x_wconf 70' lang='lat' dir='ltr'><strong><em>dextris</em></strong></span> <span class='ocrx_word' id='word_1_101' title='bbox 1429 1396 1527 1452; x_wconf 85' lang='lat' dir='ltr'><strong><em>tuis</em></strong></span> <span class='ocrx_word' id='word_1_102' title='bbox 1565 1397 1619 1450; x_wconf 88' lang='lat' dir='ltr'><strong><em>in</em></strong></span> <span class='ocrx_word' id='word_1_103' title='bbox 1656 1398 1836 1451; x_wconf 86' lang='lat' dir='ltr'><strong><em>vestitu</em></strong></span> <span class='ocrx_word' id='word_1_104' title='bbox 1875 1396 2143 1463; x_wconf 88' lang='lat' dir='ltr'><strong><em>deaurato,</em></strong></span> 
     </span>
    </p>
   </div>
   <div class='ocr_carea' id='block_1_14' title="bbox 565 1484 2149 1557">
    <p class='ocr_par' dir='ltr' id='par_1_14' title="bbox 565 1484 2149 1557">
     <span class='ocr_line' id='line_1_14' title="bbox 565 1484 2149 1557; baseline 0.001 -16"><span class='ocrx_word' id='word_1_105' title='bbox 565 1486 887 1542; x_wconf 88' lang='lat' dir='ltr'><strong><em>circumdata</em></strong></span> <span class='ocrx_word' id='word_1_106' title='bbox 936 1486 1199 1540; x_wconf 84' lang='lat' dir='ltr'><strong><em>varietate.</em></strong></span> <span class='ocrx_word' id='word_1_107' title='bbox 1242 1484 1405 1551; x_wconf 81' lang='lat' dir='ltr'><strong><em>Audi,</em></strong></span> <span class='ocrx_word' id='word_1_108' title='bbox 1436 1487 1581 1557; x_wconf 83' lang='lat' dir='ltr'><strong><em>ﬁlia,</em></strong></span> <span class='ocrx_word' id='word_1_109' title='bbox 1611 1496 1658 1541; x_wconf 91' lang='lat' dir='ltr'><strong><em>et</em></strong></span> <span class='ocrx_word' id='word_1_110' title='bbox 1695 1486 1834 1553; x_wconf 85' lang='lat' dir='ltr'><strong><em>vide,</em></strong></span> <span class='ocrx_word' id='word_1_111' title='bbox 1865 1495 1916 1541; x_wconf 90' lang='lat' dir='ltr'><strong><em>et</em></strong></span> <span class='ocrx_word' id='word_1_112' title='bbox 1952 1487 2149 1543; x_wconf 87' lang='lat' dir='ltr'><strong><em>inclina</em></strong></span> 
     </span>
    </p>
   </div>
   <div class='ocr_carea' id='block_1_15' title="bbox 567 1573 2147 1648">
    <p class='ocr_par' dir='ltr' id='par_1_15' title="bbox 567 1573 2147 1648">
     <span class='ocr_line' id='line_1_15' title="bbox 567 1573 2147 1648; baseline 0.003 -19"><span class='ocrx_word' id='word_1_113' title='bbox 567 1592 747 1630; x_wconf 85' lang='lat' dir='ltr'><strong><em>aurem</em></strong></span> <span class='ocrx_word' id='word_1_114' title='bbox 778 1584 937 1644; x_wconf 90' lang='lat' dir='ltr'><strong><em>tuam,</em></strong></span> <span class='ocrx_word' id='word_1_115' title='bbox 980 1585 1029 1630; x_wconf 92' lang='lat' dir='ltr'><strong><em>et</em></strong></span> <span class='ocrx_word' id='word_1_116' title='bbox 1057 1573 1352 1631; x_wconf 88' lang='lat' dir='ltr'><strong><em>obliviscere</em></strong></span> <span class='ocrx_word' id='word_1_117' title='bbox 1392 1578 1637 1648; x_wconf 84' lang='lat' dir='ltr'><strong><em>populum</em></strong></span> <span class='ocrx_word' id='word_1_118' title='bbox 1675 1586 1815 1633; x_wconf 88' lang='lat' dir='ltr'><strong><em>tuum</em></strong></span> <span class='ocrx_word' id='word_1_119' title='bbox 1853 1587 1902 1632; x_wconf 91' lang='lat' dir='ltr'><strong><em>et</em></strong></span> <span class='ocrx_word' id='word_1_120' title='bbox 1941 1578 2147 1634; x_wconf 89' lang='lat' dir='ltr'><strong><em>domum</em></strong></span> 
     </span>
    </p>
   </div>
   <div class='ocr_carea' id='block_1_16' title="bbox 2244 570 3835 645">
    <p class='ocr_par' dir='ltr' id='par_1_16' title="bbox 2244 570 3835 645">
     <span class='ocr_line' id='line_1_16' title="bbox 2244 570 3835 645; baseline 0.006 -19"><span class='ocrx_word' id='word_1_121' title='bbox 2244 571 2554 627; x_wconf 82' lang='lat' dir='ltr'><strong><em>suscitabat.</em></strong></span> <span class='ocrx_word' id='word_1_122' title='bbox 2582 570 2800 641; x_wconf 67' lang='lat' dir='ltr'><strong><em>Sagittae</em></strong></span> <span class='ocrx_word' id='word_1_123' title='bbox 2835 581 3013 629; x_wconf 88' lang='lat' dir='ltr'><strong><em>autem</em></strong></span> <span class='ocrx_word' id='word_1_124' title='bbox 3060 574 3178 645; x_wconf 88' lang='lat' dir='ltr'><strong><em>ejus</em></strong></span> <span class='ocrx_word' id='word_1_125' title='bbox 3219 578 3702 642; x_wconf 75' lang='lat' dir='ltr'><strong><em>acuta:,.omnibus</em></strong></span> <span class='ocrx_word' id='word_1_126' title='bbox 3742 596 3835 636; x_wconf 85' lang='lat' dir='ltr'><strong><em>no-</em></strong></span> 
     </span>
    </p>
   </div>
   <div class='ocr_carea' id='block_1_17' title="bbox 2247 663 3833 738">
    <p class='ocr_par' dir='ltr' id='par_1_17' title="bbox 2247 663 3833 738">
     <span class='ocr_line' id='line_1_17' title="bbox 2247 663 3833 738; baseline 0.006 -21"><span class='ocrx_word' id='word_1_127' title='bbox 2247 668 2357 717; x_wconf 90' lang='lat' dir='ltr'><strong><em>tum</em></strong></span> <span class='ocrx_word' id='word_1_128' title='bbox 2384 670 2485 729; x_wconf 88' lang='lat' dir='ltr'><strong><em>est,</em></strong></span> <span class='ocrx_word' id='word_1_129' title='bbox 2516 663 2595 718; x_wconf 88' lang='lat' dir='ltr'><strong><em>sic</em></strong></span> <span class='ocrx_word' id='word_1_130' title='bbox 2636 673 2693 718; x_wconf 92' lang='lat' dir='ltr'><strong><em>ut</em></strong></span> <span class='ocrx_word' id='word_1_131' title='bbox 2734 664 2835 734; x_wconf 86' lang='lat' dir='ltr'><strong><em>ipsi</em></strong></span> <span class='ocrx_word' id='word_1_132' title='bbox 2883 663 3065 727; x_wconf 86' lang='lat' dir='ltr'><strong><em>mundi</em></strong></span> <span class='ocrx_word' id='word_1_133' title='bbox 3109 673 3380 723; x_wconf 80' lang='lat' dir='ltr'><strong><em>amatores</em></strong></span> <span class='ocrx_word' id='word_1_134' title='bbox 3414 668 3704 738; x_wconf 68' lang='lat' dir='ltr'><strong><em>pinges-ent</em></strong></span> <span class='ocrx_word' id='word_1_135' title='bbox 3730 671 3833 727; x_wconf 88' lang='lat' dir='ltr'><strong><em>sibi</em></strong></span> 
     </span>
    </p>
   </div>
   <div class='ocr_carea' id='block_1_18' title="bbox 2246 753 3834 829">
    <p class='ocr_par' dir='ltr' id='par_1_18' title="bbox 2246 753 3834 829">
     <span class='ocr_line' id='line_1_18' title="bbox 2246 753 3834 829; baseline 0.008 -22"><span class='ocrx_word' id='word_1_136' title='bbox 2246 753 2492 824; x_wconf 81' lang='lat' dir='ltr'><strong><em>spiritum</em></strong></span> <span class='ocrx_word' id='word_1_137' title='bbox 2521 754 2854 811; x_wconf 76' lang='lat' dir='ltr'><strong><em>humandum</em></strong></span> <span class='ocrx_word' id='word_1_138' title='bbox 2892 756 2944 811; x_wconf 90' lang='lat' dir='ltr'><strong><em>in</em></strong></span> <span class='ocrx_word' id='word_1_139' title='bbox 2978 758 3158 829; x_wconf 87' lang='lat' dir='ltr'><strong><em>specie</em></strong></span> <span class='ocrx_word' id='word_1_140' title='bbox 3185 759 3468 829; x_wconf 81' lang='lat' dir='ltr'><strong><em>cupidinis,</em></strong></span> <span class='ocrx_word' id='word_1_141' title='bbox 3500 761 3834 819; x_wconf 81' lang='lat' dir='ltr'><strong><em>intendentis</em></strong></span> 
     </span>
    </p>
   </div>
   <div class='ocr_carea' id='block_1_19' title="bbox 2246 846 3833 917">
    <p class='ocr_par' dir='ltr' id='par_1_19' title="bbox 2246 846 3833 917">
     <span class='ocr_line' id='line_1_19' title="bbox 2246 846 3833 917; baseline 0.006 -18"><span class='ocrx_word' id='word_1_142' title='bbox 2246 858 2448 912; x_wconf 87' lang='lat' dir='ltr'><strong><em>arcum,</em></strong></span> <span class='ocrx_word' id='word_1_143' title='bbox 2478 852 2533 901; x_wconf 90' lang='lat' dir='ltr'><strong><em>et</em></strong></span> <span class='ocrx_word' id='word_1_144' title='bbox 2574 846 2922 916; x_wconf 64' lang='lat' dir='ltr'><strong><em>exprimentis</em></strong></span> <span class='ocrx_word' id='word_1_145' title='bbox 2958 848 3203 917; x_wconf 78' lang='lat' dir='ltr'><strong><em>sagittas,</em></strong></span> <span class='ocrx_word' id='word_1_146' title='bbox 3233 849 3286 904; x_wconf 91' lang='lat' dir='ltr'><strong><em>in</em></strong></span> <span class='ocrx_word' id='word_1_147' title='bbox 3316 866 3559 907; x_wconf 87' lang='lat' dir='ltr'><strong><em>amorem</em></strong></span> <span class='ocrx_word' id='word_1_148' title='bbox 3594 852 3833 908; x_wconf 85' lang='lat' dir='ltr'><strong><em>libidinis</em></strong></span> 
     </span>
    </p>
   </div>
   <div class='ocr_carea' id='block_1_20' title="bbox 2244 936 3846 1015">
    <p class='ocr_par' dir='ltr' id='par_1_20' title="bbox 2244 936 3846 1015">
     <span class='ocr_line' id='line_1_20' title="bbox 2244 936 3846 1015; baseline 0.006 -23"><span class='ocrx_word' id='word_1_149' title='bbox 2244 937 2605 993; x_wconf 83' lang='lat' dir='ltr'><strong><em>vulnerantes.</em></strong></span> <span class='ocrx_word' id='word_1_150' title='bbox 2654 936 2733 993; x_wconf 91' lang='lat' dir='ltr'><strong><em>lta</em></strong></span> <span class='ocrx_word' id='word_1_151' title='bbox 2773 952 2902 1008; x_wconf 87' lang='lat' dir='ltr'><strong><em>ergo</em></strong></span> <span class='ocrx_word' id='word_1_152' title='bbox 2938 939 3024 995; x_wconf 86' lang='lat' dir='ltr'><strong><em>hic</em></strong></span> <span class='ocrx_word' id='word_1_153' title='bbox 3069 948 3258 996; x_wconf 87' lang='lat' dir='ltr'><strong><em>noster</em></strong></span> <span class='ocrx_word' id='word_1_154' title='bbox 3288 942 3557 1012; x_wconf 82' lang='lat' dir='ltr'><strong><em>exprimet</em></strong></span> <span class='ocrx_word' id='word_1_155' title='bbox 3609 937 3846 1015; x_wconf 65' lang='lat' dir='ltr'><strong><em>sagittas</em></strong></span> 
     </span>
    </p>
   </div>
   <div class='ocr_carea' id='block_1_21' title="bbox 2246 1027 3836 1100">
    <p class='ocr_par' dir='ltr' id='par_1_21' title="bbox 2246 1027 3836 1100">
     <span class='ocr_line' id='line_1_21' title="bbox 2246 1027 3836 1100; baseline 0.005 -19"><span class='ocrx_word' id='word_1_156' title='bbox 2246 1034 2432 1083; x_wconf 88' lang='lat' dir='ltr'><strong><em>acutas</em></strong></span> <span class='ocrx_word' id='word_1_157' title='bbox 2452 1027 2855 1098; x_wconf 89' lang='lat' dir='ltr'><strong><em>potentissimas</em></strong></span> <span class='ocrx_word' id='word_1_158' title='bbox 2881 1029 2935 1083; x_wconf 92' lang='lat' dir='ltr'><strong><em>in</em></strong></span> <span class='ocrx_word' id='word_1_159' title='bbox 2957 1045 3143 1085; x_wconf 90' lang='lat' dir='ltr'><strong><em>amore</em></strong></span> <span class='ocrx_word' id='word_1_160' title='bbox 3169 1032 3318 1100; x_wconf 89' lang='lat' dir='ltr'><strong><em>regni</em></strong></span> <span class='ocrx_word' id='word_1_161' title='bbox 3347 1032 3634 1099; x_wconf 69' lang='lat' dir='ltr'><strong><em>caelorum,</em></strong></span> <span class='ocrx_word' id='word_1_162' title='bbox 3662 1034 3745 1091; x_wconf 81' lang='lat' dir='ltr'><strong><em>ita</em></strong></span> <span class='ocrx_word' id='word_1_163' title='bbox 3777 1043 3836 1089; x_wconf 89' lang='lat' dir='ltr'><strong><em>ut</em></strong></span> 
     </span>
    </p>
   </div>
   <div class='ocr_carea' id='block_1_22' title="bbox 2246 1119 3831 1193">
    <p class='ocr_par' dir='ltr' id='par_1_22' title="bbox 2246 1119 3831 1193">
     <span class='ocr_line' id='line_1_22' title="bbox 2246 1119 3831 1193; baseline 0.004 -19"><span class='ocrx_word' id='word_1_164' title='bbox 2246 1119 2557 1175; x_wconf 83' lang='lat' dir='ltr'><strong><em>renuntient</em></strong></span> <span class='ocrx_word' id='word_1_165' title='bbox 2582 1120 2829 1175; x_wconf 85' lang='lat' dir='ltr'><strong><em>homines</em></strong></span> <span class='ocrx_word' id='word_1_166' title='bbox 2857 1128 2912 1176; x_wconf 88' lang='lat' dir='ltr'><strong><em>et</em></strong></span> <span class='ocrx_word' id='word_1_167' title='bbox 2938 1129 3147 1193; x_wconf 83' lang='lat' dir='ltr'><strong><em>patrem</em></strong></span> <span class='ocrx_word' id='word_1_168' title='bbox 3187 1131 3242 1177; x_wconf 88' lang='lat' dir='ltr'><strong><em>et</em></strong></span> <span class='ocrx_word' id='word_1_169' title='bbox 3281 1130 3537 1190; x_wconf 81' lang='lat' dir='ltr'><strong><em>matrem,</em></strong></span> <span class='ocrx_word' id='word_1_170' title='bbox 3567 1134 3629 1180; x_wconf 89' lang='lat' dir='ltr'><strong><em>et</em></strong></span> <span class='ocrx_word' id='word_1_171' title='bbox 3654 1126 3831 1181; x_wconf 75' lang='lat' dir='ltr'><strong><em>munia</em></strong></span> 
     </span>
    </p>
   </div>
   <div class='ocr_carea' id='block_1_23' title="bbox 2247 1212 3831 1286">
    <p class='ocr_par' dir='ltr' id='par_1_23' title="bbox 2247 1212 3831 1286">
     <span class='ocr_line' id='line_1_23' title="bbox 2247 1212 3831 1286; baseline 0.006 -22"><span class='ocrx_word' id='word_1_172' title='bbox 2247 1225 2367 1281; x_wconf 81' lang='lat' dir='ltr'><strong><em>quae</em></strong></span> <span class='ocrx_word' id='word_1_173' title='bbox 2408 1212 2702 1281; x_wconf 85' lang='lat' dir='ltr'><strong><em>possident.</em></strong></span> <span class='ocrx_word' id='word_1_174' title='bbox 2740 1213 2965 1284; x_wconf 85' lang='lat' dir='ltr'><strong><em>Insuper</em></strong></span> <span class='ocrx_word' id='word_1_175' title='bbox 2992 1222 3047 1269; x_wconf 88' lang='lat' dir='ltr'><strong><em>et</em></strong></span> <span class='ocrx_word' id='word_1_176' title='bbox 3089 1216 3297 1285; x_wconf 85' lang='lat' dir='ltr'><strong><em>seipsos</em></strong></span> <span class='ocrx_word' id='word_1_177' title='bbox 3330 1216 3602 1286; x_wconf 83' lang='lat' dir='ltr'><strong><em>abnegent</em></strong></span> <span class='ocrx_word' id='word_1_178' title='bbox 3640 1226 3701 1273; x_wconf 88' lang='lat' dir='ltr'><strong><em>et</em></strong></span> <span class='ocrx_word' id='word_1_179' title='bbox 3746 1234 3831 1274; x_wconf 89' lang='lat' dir='ltr'><strong><em>se-</em></strong></span> 
     </span>
    </p>
   </div>
   <div class='ocr_carea' id='block_1_24' title="bbox 2247 1304 3833 1377">
    <p class='ocr_par' dir='ltr' id='par_1_24' title="bbox 2247 1304 3833 1377">
     <span class='ocr_line' id='line_1_24' title="bbox 2247 1304 3833 1377; baseline 0.005 -19"><span class='ocrx_word' id='word_1_180' title='bbox 2247 1310 2479 1372; x_wconf 85' lang='lat' dir='ltr'><strong><em>quantur</em></strong></span> <span class='ocrx_word' id='word_1_181' title='bbox 2507 1319 2650 1360; x_wconf 90' lang='lat' dir='ltr'><strong><em>eum.</em></strong></span> <span class='ocrx_word' id='word_1_182' title='bbox 2678 1304 2800 1360; x_wconf 73' lang='lat' dir='ltr'><strong><em>[sue</em></strong></span> <span class='ocrx_word' id='word_1_183' title='bbox 2824 1307 3033 1376; x_wconf 74' lang='lat' dir='ltr'><strong><em>sagitta:</em></strong></span> <span class='ocrx_word' id='word_1_184' title='bbox 3059 1308 3266 1363; x_wconf 86' lang='lat' dir='ltr'><strong><em>amicos</em></strong></span> <span class='ocrx_word' id='word_1_185' title='bbox 3292 1309 3436 1377; x_wconf 86' lang='lat' dir='ltr'><strong><em>regis</em></strong></span> <span class='ocrx_word' id='word_1_186' title='bbox 3456 1308 3714 1376; x_wconf 60' lang='lat' dir='ltr'><strong><em>liberant,</em></strong></span> <span class='ocrx_word' id='word_1_187' title='bbox 3734 1311 3833 1366; x_wconf 84' lang='lat' dir='ltr'><strong><em>iui-</em></strong></span> 
     </span>
    </p>
   </div>
   <div class='ocr_carea' id='block_1_25' title="bbox 2248 1393 3828 1470">
    <p class='ocr_par' dir='ltr' id='par_1_25' title="bbox 2248 1393 3828 1470">
     <span class='ocr_line' id='line_1_25' title="bbox 2248 1393 3828 1470; baseline 0.008 -23"><span class='ocrx_word' id='word_1_188' title='bbox 2248 1393 2417 1449; x_wconf 88' lang='lat' dir='ltr'><strong><em>micos</em></strong></span> <span class='ocrx_word' id='word_1_189' title='bbox 2464 1394 2606 1462; x_wconf 87' lang='lat' dir='ltr'><strong><em>regis</em></strong></span> <span class='ocrx_word' id='word_1_190' title='bbox 2643 1395 2909 1451; x_wconf 88' lang='lat' dir='ltr'><strong><em>occidunt.</em></strong></span> <span class='ocrx_word' id='word_1_191' title='bbox 2940 1397 3000 1452; x_wconf 84' lang='lat' dir='ltr'><strong><em>In</em></strong></span> <span class='ocrx_word' id='word_1_192' title='bbox 3046 1397 3209 1453; x_wconf 85' lang='lat' dir='ltr'><strong><em>corde</em></strong></span> <span class='ocrx_word' id='word_1_193' title='bbox 3250 1399 3394 1453; x_wconf 91' lang='lat' dir='ltr'><strong><em>enim</em></strong></span> <span class='ocrx_word' id='word_1_194' title='bbox 3435 1401 3828 1470; x_wconf 67' lang='lat' dir='ltr'><strong><em>petentium.</em></strong></span> 
     </span>
    </p>
   </div>
   <div class='ocr_carea' id='block_1_26' title="bbox 2250 1484 3831 1556">
    <p class='ocr_par' dir='ltr' id='par_1_26' title="bbox 2250 1484 3831 1556">
     <span class='ocr_line' id='line_1_26' title="bbox 2250 1484 3831 1556; baseline 0.008 -17"><span class='ocrx_word' id='word_1_195' title='bbox 2250 1484 2339 1539; x_wconf 88' lang='lat' dir='ltr'><strong><em>ubi</em></strong></span> <span class='ocrx_word' id='word_1_196' title='bbox 2358 1499 2546 1541; x_wconf 89' lang='lat' dir='ltr'><strong><em>eorum</em></strong></span> <span class='ocrx_word' id='word_1_197' title='bbox 2568 1489 2933 1556; x_wconf 86' lang='lat' dir='ltr'><strong><em>suggestiones</em></strong></span> <span class='ocrx_word' id='word_1_198' title='bbox 2951 1490 3248 1546; x_wconf 82' lang='lat' dir='ltr'><strong><em>inveniunt.</em></strong></span> <span class='ocrx_word' id='word_1_199' title='bbox 3266 1490 3399 1547; x_wconf 84' lang='lat' dir='ltr'><strong><em>Cum</em></strong></span> <span class='ocrx_word' id='word_1_200' title='bbox 3420 1494 3562 1547; x_wconf 85' lang='lat' dir='ltr'><strong><em>enim</em></strong></span> <span class='ocrx_word' id='word_1_201' title='bbox 3585 1494 3831 1552; x_wconf 76' lang='lat' dir='ltr'><strong><em>obtinue-</em></strong></span> 
     </span>
    </p>
   </div>
   <div class='ocr_carea' id='block_1_27' title="bbox 2249 1573 3830 1648">
    <p class='ocr_par' dir='ltr' id='par_1_27' title="bbox 2249 1573 3830 1648">
     <span class='ocr_line' id='line_1_27' title="bbox 2249 1573 3830 1648; baseline 0.01 -21"><span class='ocrx_word' id='word_1_202' title='bbox 2249 1573 2358 1628; x_wconf 82' lang='lat' dir='ltr'><strong><em>rint</em></strong></span> <span class='ocrx_word' id='word_1_203' title='bbox 2386 1575 2500 1629; x_wconf 69' lang='lat' dir='ltr'><strong><em>istse</em></strong></span> <span class='ocrx_word' id='word_1_204' title='bbox 2527 1575 2734 1645; x_wconf 69' lang='lat' dir='ltr'><strong><em>sagitta:</em></strong></span> <span class='ocrx_word' id='word_1_205' title='bbox 2765 1578 2816 1631; x_wconf 90' lang='lat' dir='ltr'><strong><em>in</em></strong></span> <span class='ocrx_word' id='word_1_206' title='bbox 2845 1578 3007 1634; x_wconf 90' lang='lat' dir='ltr'><strong><em>corde</em></strong></span> <span class='ocrx_word' id='word_1_207' title='bbox 3036 1587 3223 1635; x_wconf 89' lang='lat' dir='ltr'><strong><em>nostro</em></strong></span> <span class='ocrx_word' id='word_1_208' title='bbox 3249 1582 3556 1648; x_wconf 81' lang='lat' dir='ltr'><strong><em>victoriam,</em></strong></span> <span class='ocrx_word' id='word_1_209' title='bbox 3591 1576 3830 1642; x_wconf 59' lang='lat' dir='ltr'><strong><em>tunc&#39;se-</em></strong></span> 
     </span>
    </p>
   </div>
   <div class='ocr_carea' id='block_1_28' title="bbox 568 1665 3827 1747">
    <p class='ocr_par' dir='ltr' id='par_1_28' title="bbox 568 1665 3827 1747">
     <span class='ocr_line' id='line_1_28' title="bbox 568 1665 3827 1747; baseline 0.004 -28"><span class='ocrx_word' id='word_1_210' title='bbox 568 1668 732 1740; x_wconf 86' lang='lat' dir='ltr'><strong><em>patris</em></strong></span> <span class='ocrx_word' id='word_1_211' title='bbox 755 1667 845 1721; x_wconf 89' lang='lat' dir='ltr'><strong><em>tui.</em></strong></span> <span class='ocrx_word' id='word_1_212' title='bbox 879 1665 948 1720; x_wconf 87' lang='lat' dir='ltr'><strong><em>Et</em></strong></span> <span class='ocrx_word' id='word_1_213' title='bbox 980 1669 1304 1741; x_wconf 84' lang='lat' dir='ltr'><strong><em>concupiscet</em></strong></span> <span class='ocrx_word' id='word_1_214' title='bbox 1330 1686 1423 1724; x_wconf 78' lang='lat' dir='ltr'><strong><em>rea:</em></strong></span> <span class='ocrx_word' id='word_1_215' title='bbox 1444 1669 1677 1725; x_wconf 87' lang='lat' dir='ltr'><strong><em>decorem</em></strong></span> <span class='ocrx_word' id='word_1_216' title='bbox 1705 1681 1877 1736; x_wconf 90' lang='lat' dir='ltr'><strong><em>tuum,</em></strong></span> <span class='ocrx_word' id='word_1_217' title='bbox 1907 1672 2150 1743; x_wconf 88' lang='lat' dir='ltr'><strong><em>quoniam</em></strong></span> <span class='ocrx_word' id='word_1_218' title='bbox 2251 1666 2372 1722; x_wconf 89' lang='lat' dir='ltr'><strong><em>dem</em></strong></span> <span class='ocrx_word' id='word_1_219' title='bbox 2399 1666 2597 1723; x_wconf 87' lang='lat' dir='ltr'><strong><em>Christi</em></strong></span> <span class='ocrx_word' id='word_1_220' title='bbox 2628 1670 2680 1724; x_wconf 89' lang='lat' dir='ltr'><strong><em>in</em></strong></span> <span class='ocrx_word' id='word_1_221' title='bbox 2708 1678 2888 1725; x_wconf 88' lang='lat' dir='ltr'><strong><em>mente</em></strong></span> <span class='ocrx_word' id='word_1_222' title='bbox 2930 1679 3110 1727; x_wconf 86' lang='lat' dir='ltr'><strong><em>nostra</em></strong></span> <span class='ocrx_word' id='word_1_223' title='bbox 3156 1674 3505 1744; x_wconf 88' lang='lat' dir='ltr'><strong><em>suscipimus,</em></strong></span> <span class='ocrx_word' id='word_1_224' title='bbox 3537 1684 3594 1732; x_wconf 87' lang='lat' dir='ltr'><strong><em>et</em></strong></span> <span class='ocrx_word' id='word_1_225' title='bbox 3633 1676 3827 1747; x_wconf 87' lang='lat' dir='ltr'><strong><em>virgam</em></strong></span> 
     </span>
    </p>
   </div>
   <div class='ocr_carea' id='block_1_29' title="bbox 567 1754 3826 1840">
    <p class='ocr_par' dir='ltr' id='par_1_29' title="bbox 567 1754 3826 1840">
     <span class='ocr_line' id='line_1_29' title="bbox 567 1754 3826 1840; baseline 0.004 -30"><span class='ocrx_word' id='word_1_226' title='bbox 567 1754 678 1827; x_wconf 83' lang='lat' dir='ltr'><strong><em>ipse</em></strong></span> <span class='ocrx_word' id='word_1_227' title='bbox 703 1767 778 1813; x_wconf 84' lang='lat' dir='ltr'><strong><em>est</em></strong></span> <span class='ocrx_word' id='word_1_228' title='bbox 820 1757 1071 1813; x_wconf 87' lang='lat' dir='ltr'><strong><em>Dominus</em></strong></span> <span class='ocrx_word' id='word_1_229' title='bbox 1111 1757 1250 1814; x_wconf 87' lang='lat' dir='ltr'><strong><em>Deus</em></strong></span> <span class='ocrx_word' id='word_1_230' title='bbox 1293 1769 1425 1826; x_wconf 86' lang='lat' dir='ltr'><strong><em>tuus,</em></strong></span> <span class='ocrx_word' id='word_1_231' title='bbox 1476 1769 1524 1816; x_wconf 88' lang='lat' dir='ltr'><strong><em>et</em></strong></span> <span class='ocrx_word' id='word_1_232' title='bbox 1570 1763 1865 1817; x_wconf 90' lang='lat' dir='ltr'><strong><em>adorabunt</em></strong></span> <span class='ocrx_word' id='word_1_233' title='bbox 1902 1780 2034 1817; x_wconf 91' lang='lat' dir='ltr'><strong><em>eum.</em></strong></span> <span class='ocrx_word' id='word_1_234' title='bbox 2080 1759 2151 1816; x_wconf 87' lang='lat' dir='ltr'><strong><em>Et</em></strong></span> <span class='ocrx_word' id='word_1_235' title='bbox 2252 1767 2471 1824; x_wconf 88' lang='lat' dir='ltr'><strong><em>rectam,</em></strong></span> <span class='ocrx_word' id='word_1_236' title='bbox 2503 1760 2607 1815; x_wconf 90' lang='lat' dir='ltr'><strong><em>hoc</em></strong></span> <span class='ocrx_word' id='word_1_237' title='bbox 2647 1769 2745 1826; x_wconf 89' lang='lat' dir='ltr'><strong><em>est,</em></strong></span> <span class='ocrx_word' id='word_1_238' title='bbox 2771 1763 3013 1834; x_wconf 80' lang='lat' dir='ltr'><strong><em>regulam</em></strong></span> <span class='ocrx_word' id='word_1_239' title='bbox 3053 1772 3211 1818; x_wconf 64' lang='lat' dir='ltr'><strong><em>rectae</em></strong></span> <span class='ocrx_word' id='word_1_240' title='bbox 3254 1764 3405 1831; x_wconf 79' lang='lat' dir='ltr'><strong><em>ﬁdei,</em></strong></span> <span class='ocrx_word' id='word_1_241' title='bbox 3440 1767 3649 1836; x_wconf 79' lang='lat' dir='ltr'><strong><em>virgam</em></strong></span> <span class='ocrx_word' id='word_1_242' title='bbox 3689 1770 3826 1840; x_wconf 81' lang='lat' dir='ltr'><strong><em>regni</em></strong></span> 
     </span>
    </p>
   </div>
   <div class='ocr_carea' id='block_1_30' title="bbox 568 1846 3826 1929">
    <p class='ocr_par' dir='ltr' id='par_1_30' title="bbox 568 1846 3826 1929">
     <span class='ocr_line' id='line_1_30' title="bbox 568 1846 3826 1929; baseline 0.004 -26"><span class='ocrx_word' id='word_1_243' title='bbox 568 1847 696 1919; x_wconf 76' lang='lat' dir='ltr'><strong><em>ﬁlite</em></strong></span> <span class='ocrx_word' id='word_1_244' title='bbox 725 1848 845 1919; x_wconf 84' lang='lat' dir='ltr'><strong><em>Tyri</em></strong></span> <span class='ocrx_word' id='word_1_245' title='bbox 881 1851 936 1902; x_wconf 86' lang='lat' dir='ltr'><strong><em>in</em></strong></span> <span class='ocrx_word' id='word_1_246' title='bbox 976 1850 1268 1906; x_wconf 85' lang='lat' dir='ltr'><strong><em>muneribus</em></strong></span> <span class='ocrx_word' id='word_1_247' title='bbox 1312 1851 1504 1907; x_wconf 89' lang='lat' dir='ltr'><strong><em>vultum</em></strong></span> <span class='ocrx_word' id='word_1_248' title='bbox 1547 1862 1686 1907; x_wconf 89' lang='lat' dir='ltr'><strong><em>tuum</em></strong></span> <span class='ocrx_word' id='word_1_249' title='bbox 1725 1854 2149 1925; x_wconf 85' lang='lat' dir='ltr'><strong><em>deprecabuntur,</em></strong></span> <span class='ocrx_word' id='word_1_250' title='bbox 2256 1849 2371 1918; x_wconf 81' lang='lat' dir='ltr'><strong><em>ejus</em></strong></span> <span class='ocrx_word' id='word_1_251' title='bbox 2401 1852 2718 1919; x_wconf 88' lang='lat' dir='ltr'><strong><em>appetimus,</em></strong></span> <span class='ocrx_word' id='word_1_252' title='bbox 2750 1851 2801 1905; x_wconf 89' lang='lat' dir='ltr'><strong><em>in</em></strong></span> <span class='ocrx_word' id='word_1_253' title='bbox 2830 1867 2934 1922; x_wconf 89' lang='lat' dir='ltr'><strong><em>qua</em></strong></span> <span class='ocrx_word' id='word_1_254' title='bbox 2960 1853 3058 1907; x_wconf 88' lang='lat' dir='ltr'><strong><em>sub</em></strong></span> <span class='ocrx_word' id='word_1_255' title='bbox 3086 1854 3368 1926; x_wconf 83' lang='lat' dir='ltr'><strong><em>disciplina</em></strong></span> <span class='ocrx_word' id='word_1_256' title='bbox 3399 1868 3626 1926; x_wconf 78' lang='lat' dir='ltr'><strong><em>agentes</em></strong></span> <span class='ocrx_word' id='word_1_257' title='bbox 3660 1858 3826 1929; x_wconf 87' lang='lat' dir='ltr'><strong><em>diligi-</em></strong></span> 
     </span>
    </p>
   </div>
   <div class='ocr_carea' id='block_1_31' title="bbox 568 1938 2149 2018">
    <p class='ocr_par' dir='ltr' id='par_1_31' title="bbox 568 1938 2149 2018">
     <span class='ocr_line' id='line_1_31' title="bbox 568 1938 2149 2018; baseline 0.004 -25"><span class='ocrx_word' id='word_1_258' title='bbox 568 1953 745 1993; x_wconf 86' lang='lat' dir='ltr'><strong><em>omnes</em></strong></span> <span class='ocrx_word' id='word_1_259' title='bbox 771 1938 950 1993; x_wconf 87' lang='lat' dir='ltr'><strong><em>divites</em></strong></span> <span class='ocrx_word' id='word_1_260' title='bbox 986 1939 1167 2010; x_wconf 85' lang='lat' dir='ltr'><strong><em>plebis.</em></strong></span> <span class='ocrx_word' id='word_1_261' title='bbox 1205 1940 1386 1997; x_wconf 78' lang='lat' dir='ltr'><strong><em>Omnis</em></strong></span> <span class='ocrx_word' id='word_1_262' title='bbox 1416 1944 1583 2016; x_wconf 87' lang='lat' dir='ltr'><strong><em>gloria</em></strong></span> <span class='ocrx_word' id='word_1_263' title='bbox 1614 1946 1724 2015; x_wconf 89' lang='lat' dir='ltr'><strong><em>ejus</em></strong></span> <span class='ocrx_word' id='word_1_264' title='bbox 1762 1944 1889 2015; x_wconf 75' lang='lat' dir='ltr'><strong><em>ﬁlia:</em></strong></span> <span class='ocrx_word' id='word_1_265' title='bbox 1914 1947 2046 2018; x_wconf 87' lang='lat' dir='ltr'><strong><em>regis</em></strong></span> <span class='ocrx_word' id='word_1_266' title='bbox 2085 1945 2149 1999; x_wconf 89' lang='lat' dir='ltr'><strong><em>ab</em></strong></span> 
     </span>
    </p>
   </div>
   <div class='ocr_carea' id='block_1_32' title="bbox 562 2024 2144 2099">
    <p class='ocr_par' dir='ltr' id='par_1_32' title="bbox 562 2024 2144 2099">
     <span class='ocr_line' id='line_1_32' title="bbox 562 2024 2144 2099; baseline 0.005 -19"><span class='ocrx_word' id='word_1_267' title='bbox 562 2024 739 2094; x_wconf 79' lang='lat' dir='ltr'><strong><em>intus,</em></strong></span> <span class='ocrx_word' id='word_1_268' title='bbox 786 2029 841 2081; x_wconf 87' lang='lat' dir='ltr'><strong><em>in</em></strong></span> <span class='ocrx_word' id='word_1_269' title='bbox 885 2028 1105 2099; x_wconf 83' lang='lat' dir='ltr'><strong><em>ﬁmbriis</em></strong></span> <span class='ocrx_word' id='word_1_270' title='bbox 1145 2032 1316 2085; x_wconf 87' lang='lat' dir='ltr'><strong><em>aureis</em></strong></span> <span class='ocrx_word' id='word_1_271' title='bbox 1363 2034 1747 2088; x_wconf 88' lang='lat' dir='ltr'><strong><em>circumamicta</em></strong></span> <span class='ocrx_word' id='word_1_272' title='bbox 1794 2034 2144 2090; x_wconf 81' lang='lat' dir='ltr'><strong><em>varietatibus.</em></strong></span> 
     </span>
    </p>
   </div>
   <div class='ocr_carea' id='block_1_33' title="bbox 506 2116 2148 2196">
    <p class='ocr_par' dir='ltr' id='par_1_33' title="bbox 506 2116 2148 2196">
     <span class='ocr_line' id='line_1_33' title="bbox 506 2116 2148 2196; baseline 0.005 -26"><span class='ocrx_word' id='word_1_273' title='bbox 506 2130 509 2133; x_wconf 51' lang='grc' dir='ltr'>λ</span> <span class='ocrx_word' id='word_1_274' title='bbox 568 2116 898 2172; x_wconf 80' lang='lat' dir='ltr'><strong><em>Adducentur</em></strong></span> <span class='ocrx_word' id='word_1_275' title='bbox 917 2120 1025 2190; x_wconf 91' lang='lat' dir='ltr'><strong><em>regi</em></strong></span> <span class='ocrx_word' id='word_1_276' title='bbox 1051 2121 1272 2191; x_wconf 86' lang='lat' dir='ltr'><strong><em>virgines</em></strong></span> <span class='ocrx_word' id='word_1_277' title='bbox 1300 2131 1415 2192; x_wconf 86' lang='lat' dir='ltr'><strong><em>post</em></strong></span> <span class='ocrx_word' id='word_1_278' title='bbox 1443 2140 1577 2190; x_wconf 90' lang='lat' dir='ltr'><strong><em>eam,</em></strong></span> <span class='ocrx_word' id='word_1_279' title='bbox 1605 2125 1859 2195; x_wconf 73' lang='lat' dir='ltr'><strong><em>proxima:</em></strong></span> <span class='ocrx_word' id='word_1_280' title='bbox 1884 2126 1995 2196; x_wconf 87' lang='lat' dir='ltr'><strong><em>ejus</em></strong></span> <span class='ocrx_word' id='word_1_281' title='bbox 2016 2125 2148 2194; x_wconf 72' lang='lat' dir='ltr'><strong><em>aﬁ&#39;e-</em></strong></span> 
     </span>
    </p>
   </div>
   <div class='ocr_carea' id='block_1_34' title="bbox 558 2208 2146 2283">
    <p class='ocr_par' dir='ltr' id='par_1_34' title="bbox 558 2208 2146 2283">
     <span class='ocr_line' id='line_1_34' title="bbox 558 2208 2146 2283; baseline 0.006 -22"><span class='ocrx_word' id='word_1_282' title='bbox 558 2214 745 2262; x_wconf 55' lang='lat' dir='ltr'><strong><em>rentur</em></strong></span> <span class='ocrx_word' id='word_1_283' title='bbox 780 2208 887 2272; x_wconf 83' lang='lat' dir='ltr'><strong><em>tibi.</em></strong></span> <span class='ocrx_word' id='word_1_284' title='bbox 918 2209 1214 2279; x_wconf 78' lang='lat' dir='ltr'><strong><em>A/ferentur</em></strong></span> <span class='ocrx_word' id='word_1_285' title='bbox 1252 2212 1343 2266; x_wconf 89' lang='lat' dir='ltr'><strong><em>tibi</em></strong></span> <span class='ocrx_word' id='word_1_286' title='bbox 1382 2213 1439 2267; x_wconf 87' lang='lat' dir='ltr'><strong><em>in</em></strong></span> <span class='ocrx_word' id='word_1_287' title='bbox 1480 2215 1661 2269; x_wconf 69' lang='lat' dir='ltr'><strong><em>laetitia</em></strong></span> <span class='ocrx_word' id='word_1_288' title='bbox 1699 2224 1749 2269; x_wconf 87' lang='lat' dir='ltr'><strong><em>et</em></strong></span> <span class='ocrx_word' id='word_1_289' title='bbox 1786 2217 2146 2283; x_wconf 71' lang='lat' dir='ltr'><strong><em>exsultatione,</em></strong></span> 
     </span>
    </p>
   </div>
   <div class='ocr_carea' id='block_1_35' title="bbox 563 2296 2150 2377">
    <p class='ocr_par' dir='ltr' id='par_1_35' title="bbox 563 2296 2150 2377">
     <span class='ocr_line' id='line_1_35' title="bbox 563 2296 2150 2377; baseline 0.008 -27"><span class='ocrx_word' id='word_1_290' title='bbox 563 2296 890 2351; x_wconf 63' lang='lat' dir='ltr'><strong><em>adducentur</em></strong></span> <span class='ocrx_word' id='word_1_291' title='bbox 915 2300 972 2352; x_wconf 85' lang='lat' dir='ltr'><strong><em>in</em></strong></span> <span class='ocrx_word' id='word_1_292' title='bbox 1015 2302 1257 2369; x_wconf 87' lang='lat' dir='ltr'><strong><em>templum</em></strong></span> <span class='ocrx_word' id='word_1_293' title='bbox 1301 2305 1456 2374; x_wconf 87' lang='lat' dir='ltr'><strong><em>regis.</em></strong></span> <span class='ocrx_word' id='word_1_294' title='bbox 1489 2302 1597 2363; x_wconf 79' lang='lat' dir='ltr'><strong><em>Pro</em></strong></span> <span class='ocrx_word' id='word_1_295' title='bbox 1636 2305 1864 2377; x_wconf 74' lang='lat' dir='ltr'><strong><em>patribus</em></strong></span> <span class='ocrx_word' id='word_1_296' title='bbox 1906 2308 2003 2362; x_wconf 84' lang='lat' dir='ltr'><strong><em>tuis</em></strong></span> <span class='ocrx_word' id='word_1_297' title='bbox 2042 2309 2150 2362; x_wconf 87' lang='lat' dir='ltr'><strong><em>nati</em></strong></span> 
     </span>
    </p>
   </div>
   <div class='ocr_carea' id='block_1_36' title="bbox 568 2390 2150 2470">
    <p class='ocr_par' dir='ltr' id='par_1_36' title="bbox 568 2390 2150 2470">
     <span class='ocr_line' id='line_1_36' title="bbox 568 2390 2150 2470; baseline 0.006 -24"><span class='ocrx_word' id='word_1_298' title='bbox 568 2399 689 2446; x_wconf 85' lang='lat' dir='ltr'><strong><em>sunt</em></strong></span> <span class='ocrx_word' id='word_1_299' title='bbox 719 2390 809 2444; x_wconf 84' lang='lat' dir='ltr'><strong><em>tibi</em></strong></span> <span class='ocrx_word' id='word_1_300' title='bbox 840 2391 940 2462; x_wconf 83' lang='lat' dir='ltr'><strong><em>ﬁlii</em></strong></span> <span class='ocrx_word' id='word_1_301' title='bbox 960 2434 974 2456; x_wconf 90' lang='lat'><strong><em>,</em></strong></span> <span class='ocrx_word' id='word_1_302' title='bbox 1018 2394 1292 2448; x_wconf 86' lang='lat' dir='ltr'><strong><em>constitues</em></strong></span> <span class='ocrx_word' id='word_1_303' title='bbox 1332 2412 1416 2449; x_wconf 90' lang='lat' dir='ltr'><strong><em>eos</em></strong></span> <span class='ocrx_word' id='word_1_304' title='bbox 1463 2398 1720 2468; x_wconf 86' lang='lat' dir='ltr'><strong><em>principes</em></strong></span> <span class='ocrx_word' id='word_1_305' title='bbox 1760 2416 1910 2470; x_wconf 87' lang='lat' dir='ltr'><strong><em>super</em></strong></span> <span class='ocrx_word' id='word_1_306' title='bbox 1949 2418 2150 2456; x_wconf 84' lang='lat' dir='ltr'><strong><em>omnem</em></strong></span> 
     </span>
    </p>
   </div>
   <div class='ocr_carea' id='block_1_37' title="bbox 569 2481 2153 2556">
    <p class='ocr_par' dir='ltr' id='par_1_37' title="bbox 569 2481 2153 2556">
     <span class='ocr_line' id='line_1_37' title="bbox 569 2481 2153 2556; baseline 0.008 -21"><span class='ocrx_word' id='word_1_307' title='bbox 569 2490 784 2536; x_wconf 79' lang='lat' dir='ltr'><strong><em>terram.</em></strong></span> <span class='ocrx_word' id='word_1_308' title='bbox 817 2481 1069 2537; x_wconf 68' lang='lat' dir='ltr'><strong><em>leniores</em></strong></span> <span class='ocrx_word' id='word_1_309' title='bbox 1097 2492 1245 2539; x_wconf 87' lang='lat' dir='ltr'><strong><em>erunt</em></strong></span> <span class='ocrx_word' id='word_1_310' title='bbox 1270 2487 1495 2541; x_wconf 89' lang='lat' dir='ltr'><strong><em>nominis</em></strong></span> <span class='ocrx_word' id='word_1_311' title='bbox 1525 2489 1626 2553; x_wconf 87' lang='lat' dir='ltr'><strong><em>tui,</em></strong></span> <span class='ocrx_word' id='word_1_312' title='bbox 1656 2488 1895 2556; x_wconf 86' lang='lat' dir='ltr'><strong><em>Domine,</em></strong></span> <span class='ocrx_word' id='word_1_313' title='bbox 1917 2490 1975 2544; x_wconf 67' lang='lat' dir='ltr'><strong><em>in</em></strong></span> <span class='ocrx_word' id='word_1_314' title='bbox 2010 2493 2153 2547; x_wconf 91' lang='lat' dir='ltr'><strong><em>omni</em></strong></span> 
     </span>
    </p>
   </div>
   <div class='ocr_carea' id='block_1_38' title="bbox 574 2573 2153 2655">
    <p class='ocr_par' dir='ltr' id='par_1_38' title="bbox 574 2573 2153 2655">
     <span class='ocr_line' id='line_1_38' title="bbox 574 2573 2153 2655; baseline 0.008 -29"><span class='ocrx_word' id='word_1_315' title='bbox 574 2573 904 2642; x_wconf 74' lang='lat' dir='ltr'><strong><em>generatione</em></strong></span> <span class='ocrx_word' id='word_1_316' title='bbox 925 2582 976 2628; x_wconf 86' lang='lat' dir='ltr'><strong><em>et</em></strong></span> <span class='ocrx_word' id='word_1_317' title='bbox 994 2576 1390 2647; x_wconf 85' lang='lat' dir='ltr'><strong><em>generationem.</em></strong></span> <span class='ocrx_word' id='word_1_318' title='bbox 1426 2576 1707 2655; x_wconf 78' lang='lat' dir='ltr'><strong><em>PrOpterea</em></strong></span> <span class='ocrx_word' id='word_1_319' title='bbox 1740 2582 1916 2651; x_wconf 89' lang='lat' dir='ltr'><strong><em>populi</em></strong></span> <span class='ocrx_word' id='word_1_320' title='bbox 1947 2585 2153 2650; x_wconf 81' lang='lat' dir='ltr'><strong><em>confite-</em></strong></span> 
     </span>
    </p>
   </div>
   <div class='ocr_carea' id='block_1_39' title="bbox 566 2656 1885 2733">
    <p class='ocr_par' dir='ltr' id='par_1_39' title="bbox 566 2656 1885 2733">
     <span class='ocr_line' id='line_1_39' title="bbox 566 2656 1885 2733; baseline 0.006 -16"><span class='ocrx_word' id='word_1_321' title='bbox 566 2661 762 2718; x_wconf 70' lang='lat' dir='ltr'><strong><em>buntur</em></strong></span> <span class='ocrx_word' id='word_1_322' title='bbox 780 2656 872 2719; x_wconf 79' lang='lat' dir='ltr'><strong><em>tibi</em></strong></span> <span class='ocrx_word' id='word_1_323' title='bbox 890 2665 945 2719; x_wconf 88' lang='lat' dir='ltr'><strong><em>in</em></strong></span> <span class='ocrx_word' id='word_1_324' title='bbox 973 2672 1240 2733; x_wconf 64' lang='lat' dir='ltr'><strong><em>attentum,</em></strong></span> <span class='ocrx_word' id='word_1_325' title='bbox 1271 2677 1319 2721; x_wconf 90' lang='lat' dir='ltr'><strong><em>et</em></strong></span> <span class='ocrx_word' id='word_1_326' title='bbox 1337 2668 1392 2721; x_wconf 88' lang='lat' dir='ltr'><strong><em>in</em></strong></span> <span class='ocrx_word' id='word_1_327' title='bbox 1420 2669 1664 2724; x_wconf 68' lang='lat' dir='ltr'><strong><em>sarculum</em></strong></span> <span class='ocrx_word' id='word_1_328' title='bbox 1690 2670 1885 2725; x_wconf 76' lang='lat' dir='ltr'><strong><em>swculi.</em></strong></span> 
     </span>
    </p>
   </div>
   <div class='ocr_carea' id='block_1_40' title="bbox 1142 2818 1579 2882">
    <p class='ocr_par' dir='ltr' id='par_1_40' title="bbox 1142 2818 1579 2882">
     <span class='ocr_line' id='line_1_40' title="bbox 1142 2818 1579 2882; baseline 0.005 -24"><span class='ocrx_word' id='word_1_329' title='bbox 1142 2818 1579 2882; x_wconf 61' lang='lat' dir='ltr'><strong><em>concursatum.</em></strong></span> 
     </span>
    </p>
   </div>
   <div class='ocr_carea' id='block_1_41' title="bbox 639 2928 2150 3015">
    <p class='ocr_par' dir='ltr' id='par_1_41' title="bbox 639 2928 2150 3015">
     <span class='ocr_line' id='line_1_41' title="bbox 639 2928 2150 3015; baseline 0.007 -28"><span class='ocrx_word' id='word_1_330' title='bbox 639 2928 923 2989; x_wconf 76' lang='lat' dir='ltr'><strong><em>Eructavit</em></strong></span> <span class='ocrx_word' id='word_1_331' title='bbox 951 2950 1046 2990; x_wconf 89' lang='lat' dir='ltr'><strong><em>cor</em></strong></span> <span class='ocrx_word' id='word_1_332' title='bbox 1080 2933 1261 2994; x_wconf 80' lang='lat' dir='ltr'><strong><em>Patris</em></strong></span> <span class='ocrx_word' id='word_1_333' title='bbox 1299 2938 1521 2994; x_wconf 87' lang='lat' dir='ltr'><strong><em>verbum</em></strong></span> <span class='ocrx_word' id='word_1_334' title='bbox 1556 2939 1789 3008; x_wconf 88' lang='lat' dir='ltr'><strong><em>bonum,</em></strong></span> <span class='ocrx_word' id='word_1_335' title='bbox 1842 2943 2015 2997; x_wconf 89' lang='lat' dir='ltr'><strong><em>omnia</em></strong></span> <span class='ocrx_word' id='word_1_336' title='bbox 2059 2960 2150 3015; x_wconf 88' lang='lat' dir='ltr'><strong><em>per</em></strong></span> 
     </span>
    </p>
   </div>
   <div class='ocr_carea' id='block_1_42' title="bbox 564 3025 2149 3100">
    <p class='ocr_par' dir='ltr' id='par_1_42' title="bbox 564 3025 2149 3100">
     <span class='ocr_line' id='line_1_42' title="bbox 564 3025 2149 3100; baseline 0.008 -23"><span class='ocrx_word' id='word_1_337' title='bbox 564 3025 741 3097; x_wconf 80' lang='lat' dir='ltr'><strong><em>ipsum</em></strong></span> <span class='ocrx_word' id='word_1_338' title='bbox 769 3028 907 3096; x_wconf 75' lang='lat' dir='ltr'><strong><em>facta</em></strong></span> <span class='ocrx_word' id='word_1_339' title='bbox 933 3034 1051 3079; x_wconf 88' lang='lat' dir='ltr'><strong><em>sunt</em></strong></span> <span class='ocrx_word' id='word_1_340' title='bbox 1082 3026 1271 3097; x_wconf 69' lang='lat' dir='ltr'><strong><em>(toan.</em></strong></span> <span class='ocrx_word' id='word_1_341' title='bbox 1305 3030 1374 3100; x_wconf 90' lang='grc' dir='ltr'><strong><em>ι).</em></strong></span> <span class='ocrx_word' id='word_1_342' title='bbox 1405 3030 1541 3096; x_wconf 90' lang='lat' dir='ltr'><strong><em>Quia</em></strong></span> <span class='ocrx_word' id='word_1_343' title='bbox 1571 3031 1816 3087; x_wconf 87' lang='lat' dir='ltr'><strong><em>universa</em></strong></span> <span class='ocrx_word' id='word_1_344' title='bbox 1846 3049 2001 3089; x_wconf 90' lang='lat' dir='ltr'><strong><em>suum</em></strong></span> <span class='ocrx_word' id='word_1_345' title='bbox 2026 3051 2149 3090; x_wconf 89' lang='lat' dir='ltr'><strong><em>eum</em></strong></span> 
     </span>
    </p>
   </div>
   <div class='ocr_carea' id='block_1_43' title="bbox 566 3112 2171 3193">
    <p class='ocr_par' dir='ltr' id='par_1_43' title="bbox 566 3112 2171 3193">
     <span class='ocr_line' id='line_1_43' title="bbox 566 3112 2171 3193; baseline 0.009 -25"><span class='ocrx_word' id='word_1_346' title='bbox 566 3112 884 3170; x_wconf 76' lang='lat' dir='ltr'><strong><em>Creatorem</em></strong></span> <span class='ocrx_word' id='word_1_347' title='bbox 928 3127 1242 3184; x_wconf 84' lang='lat' dir='ltr'><strong><em>agnoscunt.</em></strong></span> <span class='ocrx_word' id='word_1_348' title='bbox 1287 3118 1420 3189; x_wconf 83' lang='lat' dir='ltr'><strong><em>Regi</em></strong></span> <span class='ocrx_word' id='word_1_349' title='bbox 1468 3135 1566 3177; x_wconf 92' lang='lat' dir='ltr'><strong><em>suo</em></strong></span> <span class='ocrx_word' id='word_1_350' title='bbox 1605 3138 1769 3193; x_wconf 88' lang='lat' dir='ltr'><strong><em>opera</em></strong></span> <span class='ocrx_word' id='word_1_351' title='bbox 1809 3140 1905 3179; x_wconf 86' lang='lat' dir='ltr'><strong><em>sua</em></strong></span> <span class='ocrx_word' id='word_1_352' title='bbox 1945 3125 2171 3193; x_wconf 51' lang='lat' dir='ltr'><strong><em>dicunt,</em></strong></span> 
     </span>
    </p>
   </div>
   <div class='ocr_carea' id='block_1_44' title="bbox 2252 1939 3823 2014">
    <p class='ocr_par' dir='ltr' id='par_1_44' title="bbox 2252 1939 3823 2014">
     <span class='ocr_line' id='line_1_44' title="bbox 2252 1939 3823 2014; baseline 0.008 -21"><span class='ocrx_word' id='word_1_353' title='bbox 2252 1955 2371 1993; x_wconf 90' lang='lat' dir='ltr'><strong><em>mus</em></strong></span> <span class='ocrx_word' id='word_1_354' title='bbox 2399 1939 2676 2009; x_wconf 85' lang='lat' dir='ltr'><strong><em>justitiam,</em></strong></span> <span class='ocrx_word' id='word_1_355' title='bbox 2711 1952 2764 1996; x_wconf 85' lang='lat' dir='ltr'><strong><em>et</em></strong></span> <span class='ocrx_word' id='word_1_356' title='bbox 2798 1941 3008 1998; x_wconf 87' lang='lat' dir='ltr'><strong><em>odimus</em></strong></span> <span class='ocrx_word' id='word_1_357' title='bbox 3047 1943 3381 2014; x_wconf 89' lang='lat' dir='ltr'><strong><em>iniquitatem</em></strong></span> <span class='ocrx_word' id='word_1_358' title='bbox 3425 1964 3438 1999; x_wconf 89' lang='lat'>:</span> <span class='ocrx_word' id='word_1_359' title='bbox 3470 1962 3593 2002; x_wconf 89' lang='lat' dir='ltr'><strong><em>eum</em></strong></span> <span class='ocrx_word' id='word_1_360' title='bbox 3633 1949 3823 2005; x_wconf 87' lang='lat' dir='ltr'><strong><em>scilicet</em></strong></span> 
     </span>
    </p>
   </div>
   <div class='ocr_carea' id='block_1_45' title="bbox 2253 2032 3821 2108">
    <p class='ocr_par' dir='ltr' id='par_1_45' title="bbox 2253 2032 3821 2108">
     <span class='ocr_line' id='line_1_45' title="bbox 2253 2032 3821 2108; baseline 0.006 -22"><span class='ocrx_word' id='word_1_361' title='bbox 2253 2032 2523 2087; x_wconf 87' lang='lat' dir='ltr'><strong><em>imitantes</em></strong></span> <span class='ocrx_word' id='word_1_362' title='bbox 2542 2048 2700 2101; x_wconf 88' lang='lat' dir='ltr'><strong><em>quem</em></strong></span> <span class='ocrx_word' id='word_1_363' title='bbox 2731 2034 3043 2090; x_wconf 81' lang='lat' dir='ltr'><strong><em>unxitDcus</em></strong></span> <span class='ocrx_word' id='word_1_364' title='bbox 3064 2036 3187 2092; x_wconf 91' lang='lat' dir='ltr'><strong><em>oleo</em></strong></span> <span class='ocrx_word' id='word_1_365' title='bbox 3208 2037 3402 2092; x_wconf 60' lang='lat' dir='ltr'><strong><em>latitia:</em></strong></span> <span class='ocrx_word' id='word_1_366' title='bbox 3428 2054 3541 2108; x_wconf 68' lang='lat' dir='ltr'><strong><em>pra:</em></strong></span> <span class='ocrx_word' id='word_1_367' title='bbox 3568 2041 3821 2096; x_wconf 86' lang='lat' dir='ltr'><strong><em>consorti-</em></strong></span> 
     </span>
    </p>
   </div>
   <div class='ocr_carea' id='block_1_46' title="bbox 2251 2122 3819 2199">
    <p class='ocr_par' dir='ltr' id='par_1_46' title="bbox 2251 2122 3819 2199">
     <span class='ocr_line' id='line_1_46' title="bbox 2251 2122 3819 2199; baseline 0.006 -22"><span class='ocrx_word' id='word_1_368' title='bbox 2251 2124 2353 2178; x_wconf 88' lang='lat' dir='ltr'><strong><em>bus</em></strong></span> <span class='ocrx_word' id='word_1_369' title='bbox 2370 2123 2501 2177; x_wconf 89' lang='lat' dir='ltr'><strong><em>suis.</em></strong></span> <span class='ocrx_word' id='word_1_370' title='bbox 2534 2122 2681 2178; x_wconf 89' lang='lat' dir='ltr'><strong><em>Sicut</em></strong></span> <span class='ocrx_word' id='word_1_371' title='bbox 2711 2124 2853 2179; x_wconf 87' lang='lat' dir='ltr'><strong><em>enim</em></strong></span> <span class='ocrx_word' id='word_1_372' title='bbox 2876 2128 3159 2197; x_wconf 81' lang='lat' dir='ltr'><strong><em>speciosus</em></strong></span> <span class='ocrx_word' id='word_1_373' title='bbox 3183 2127 3353 2183; x_wconf 86' lang='lat' dir='ltr'><strong><em>forma</em></strong></span> <span class='ocrx_word' id='word_1_374' title='bbox 3375 2145 3485 2199; x_wconf 78' lang='lat' dir='ltr'><strong><em>pra:</em></strong></span> <span class='ocrx_word' id='word_1_375' title='bbox 3514 2130 3643 2186; x_wconf 87' lang='lat' dir='ltr'><strong><em>tiliis</em></strong></span> <span class='ocrx_word' id='word_1_376' title='bbox 3664 2132 3819 2186; x_wconf 74' lang='lat' dir='ltr'><strong><em>homi~</em></strong></span> 
     </span>
    </p>
   </div>
   <div class='ocr_carea' id='block_1_47' title="bbox 2252 2217 3817 2290">
    <p class='ocr_par' dir='ltr' id='par_1_47' title="bbox 2252 2217 3817 2290">
     <span class='ocr_line' id='line_1_47' title="bbox 2252 2217 3817 2290; baseline 0.004 -19"><span class='ocrx_word' id='word_1_377' title='bbox 2252 2233 2379 2271; x_wconf 89' lang='lat' dir='ltr'><strong><em>num</em></strong></span> <span class='ocrx_word' id='word_1_378' title='bbox 2408 2217 2460 2271; x_wconf 83' lang='lat' dir='ltr'><strong><em>in</em></strong></span> <span class='ocrx_word' id='word_1_379' title='bbox 2489 2233 2649 2272; x_wconf 86' lang='lat' dir='ltr'><strong><em>carne</em></strong></span> <span class='ocrx_word' id='word_1_380' title='bbox 2690 2227 2847 2274; x_wconf 90' lang='lat' dir='ltr'><strong><em>natus</em></strong></span> <span class='ocrx_word' id='word_1_381' title='bbox 2882 2221 3155 2290; x_wconf 86' lang='lat' dir='ltr'><strong><em>apparuit,</em></strong></span> <span class='ocrx_word' id='word_1_382' title='bbox 3184 2222 3265 2277; x_wconf 90' lang='lat' dir='ltr'><strong><em>sic</em></strong></span> <span class='ocrx_word' id='word_1_383' title='bbox 3303 2230 3496 2278; x_wconf 87' lang='lat' dir='ltr'><strong><em>unctus</em></strong></span> <span class='ocrx_word' id='word_1_384' title='bbox 3538 2223 3817 2279; x_wconf 76' lang='lat' dir='ltr'><strong><em>chrismate</em></strong></span> 
     </span>
    </p>
   </div>
   <div class='ocr_carea' id='block_1_48' title="bbox 2252 2309 3813 2384">
    <p class='ocr_par' dir='ltr' id='par_1_48' title="bbox 2252 2309 3813 2384">
     <span class='ocr_line' id='line_1_48' title="bbox 2252 2309 3813 2384; baseline 0.004 -20"><span class='ocrx_word' id='word_1_385' title='bbox 2252 2325 2361 2380; x_wconf 76' lang='lat' dir='ltr'><strong><em>prae</em></strong></span> <span class='ocrx_word' id='word_1_386' title='bbox 2387 2310 2633 2365; x_wconf 88' lang='lat' dir='ltr'><strong><em>omnibus</em></strong></span> <span class='ocrx_word' id='word_1_387' title='bbox 2660 2309 2901 2366; x_wconf 87' lang='lat' dir='ltr'><strong><em>Christus</em></strong></span> <span class='ocrx_word' id='word_1_388' title='bbox 2928 2310 3082 2367; x_wconf 81' lang='lat' dir='ltr'><strong><em>Jesus</em></strong></span> <span class='ocrx_word' id='word_1_389' title='bbox 3121 2314 3388 2384; x_wconf 88' lang='lat' dir='ltr'><strong><em>apparuit.</em></strong></span> <span class='ocrx_word' id='word_1_390' title='bbox 3423 2313 3573 2368; x_wconf 88' lang='lat' dir='ltr'><strong><em>Multi</em></strong></span> <span class='ocrx_word' id='word_1_391' title='bbox 3608 2313 3702 2368; x_wconf 84' lang='lat' dir='ltr'><strong><em>ﬁlii</em></strong></span> <span class='ocrx_word' id='word_1_392' title='bbox 3726 2315 3813 2371; x_wconf 85' lang='lat' dir='ltr'><strong><em>ho-</em></strong></span> 
     </span>
    </p>
   </div>
   <div class='ocr_carea' id='block_1_49' title="bbox 2251 2401 3803 2488">
    <p class='ocr_par' dir='ltr' id='par_1_49' title="bbox 2251 2401 3803 2488">
     <span class='ocr_line' id='line_1_49' title="bbox 2251 2401 3803 2488; baseline 0.004 -33"><span class='ocrx_word' id='word_1_393' title='bbox 2251 2401 2452 2456; x_wconf 90' lang='lat' dir='ltr'><strong><em>minum</em></strong></span> <span class='ocrx_word' id='word_1_394' title='bbox 2478 2403 2648 2457; x_wconf 86' lang='lat' dir='ltr'><strong><em>sancti</em></strong></span> <span class='ocrx_word' id='word_1_395' title='bbox 2678 2403 2745 2458; x_wconf 89' lang='lat' dir='ltr'><strong><em>ab</em></strong></span> <span class='ocrx_word' id='word_1_396' title='bbox 2770 2402 2905 2459; x_wconf 83' lang='lat' dir='ltr'><strong><em>Abel</em></strong></span> <span class='ocrx_word' id='word_1_397' title='bbox 2926 2419 3093 2474; x_wconf 88' lang='lat' dir='ltr'><strong><em>usque</em></strong></span> <span class='ocrx_word' id='word_1_398' title='bbox 3119 2404 3186 2488; x_wconf 59' lang='lat' dir='ltr'><strong><em>ad</em></strong></span> <span class='ocrx_word' id='word_1_399' title='bbox 3212 2402 3502 2473; x_wconf 86' lang='lat' dir='ltr'><strong><em>Christum,</em></strong></span> <span class='ocrx_word' id='word_1_400' title='bbox 3527 2406 3626 2462; x_wconf 89' lang='lat' dir='ltr'><strong><em>sed</em></strong></span> <span class='ocrx_word' id='word_1_401' title='bbox 3648 2407 3803 2462; x_wconf 75' lang='lat' dir='ltr'><strong><em>nullus</em></strong></span> 
     </span>
    </p>
   </div>
   <div class='ocr_carea' id='block_1_50' title="bbox 2252 2491 3806 2571">
    <p class='ocr_par' dir='ltr' id='par_1_50' title="bbox 2252 2491 3806 2571">
     <span class='ocr_line' id='line_1_50' title="bbox 2252 2491 3806 2571; baseline 0.004 -25"><span class='ocrx_word' id='word_1_402' title='bbox 2252 2506 2319 2546; x_wconf 79' lang='lat' dir='ltr'><strong><em>ex</em></strong></span> <span class='ocrx_word' id='word_1_403' title='bbox 2344 2491 2563 2561; x_wconf 80' lang='lat' dir='ltr'><strong><em>Virgine</em></strong></span> <span class='ocrx_word' id='word_1_404' title='bbox 2602 2502 2776 2549; x_wconf 88' lang='lat' dir='ltr'><strong><em>natus.</em></strong></span> <span class='ocrx_word' id='word_1_405' title='bbox 2799 2493 2984 2549; x_wconf 86' lang='lat' dir='ltr'><strong><em>Nullus</em></strong></span> <span class='ocrx_word' id='word_1_406' title='bbox 3013 2496 3115 2550; x_wconf 88' lang='lat' dir='ltr'><strong><em>hac</em></strong></span> <span class='ocrx_word' id='word_1_407' title='bbox 3138 2498 3320 2567; x_wconf 88' lang='lat' dir='ltr'><strong><em>specie</em></strong></span> <span class='ocrx_word' id='word_1_408' title='bbox 3348 2496 3544 2571; x_wconf 85' lang='lat' dir='ltr'><strong><em>editus,</em></strong></span> <span class='ocrx_word' id='word_1_409' title='bbox 3576 2498 3679 2554; x_wconf 87' lang='lat' dir='ltr'><strong><em>hac</em></strong></span> <span class='ocrx_word' id='word_1_410' title='bbox 3709 2497 3806 2554; x_wconf 82' lang='lat' dir='ltr'><strong><em>ior-</em></strong></span> 
     </span>
    </p>
   </div>
   <div class='ocr_carea' id='block_1_51' title="bbox 2252 2581 3810 2655">
    <p class='ocr_par' dir='ltr' id='par_1_51' title="bbox 2252 2581 3810 2655">
     <span class='ocr_line' id='line_1_51' title="bbox 2252 2581 3810 2655; baseline 0.006 -20"><span class='ocrx_word' id='word_1_411' title='bbox 2252 2597 2340 2635; x_wconf 89' lang='lat' dir='ltr'><strong><em>ma</em></strong></span> <span class='ocrx_word' id='word_1_412' title='bbox 2369 2582 2760 2639; x_wconf 81' lang='lat' dir='ltr'><strong><em>manilestatus.</em></strong></span> <span class='ocrx_word' id='word_1_413' title='bbox 2794 2581 2943 2651; x_wconf 84' lang='lat' dir='ltr'><strong><em>Quis,</em></strong></span> <span class='ocrx_word' id='word_1_414' title='bbox 2977 2584 3167 2655; x_wconf 88' lang='lat' dir='ltr'><strong><em>inquit,</em></strong></span> <span class='ocrx_word' id='word_1_415' title='bbox 3199 2587 3303 2641; x_wconf 90' lang='lat' dir='ltr'><strong><em>erit</em></strong></span> <span class='ocrx_word' id='word_1_416' title='bbox 3329 2588 3517 2643; x_wconf 90' lang='lat' dir='ltr'><strong><em>similis</em></strong></span> <span class='ocrx_word' id='word_1_417' title='bbox 3545 2587 3661 2644; x_wconf 88' lang='lat' dir='ltr'><strong><em>Deo</em></strong></span> <span class='ocrx_word' id='word_1_418' title='bbox 3690 2589 3810 2644; x_wconf 77' lang='lat' dir='ltr'><strong><em>inter</em></strong></span> 
     </span>
    </p>
   </div>
   <div class='ocr_carea' id='block_1_52' title="bbox 2250 2669 3810 2748">
    <p class='ocr_par' dir='ltr' id='par_1_52' title="bbox 2250 2669 3810 2748">
     <span class='ocr_line' id='line_1_52' title="bbox 2250 2669 3810 2748; baseline 0.008 -24"><span class='ocrx_word' id='word_1_419' title='bbox 2250 2669 2416 2727; x_wconf 85' lang='lat' dir='ltr'><strong><em>Filios</em></strong></span> <span class='ocrx_word' id='word_1_420' title='bbox 2452 2671 2586 2728; x_wconf 83' lang='lat' dir='ltr'><strong><em>Dei?</em></strong></span> <span class='ocrx_word' id='word_1_421' title='bbox 2617 2682 2671 2729; x_wconf 91' lang='lat' dir='ltr'><strong><em>ut</em></strong></span> <span class='ocrx_word' id='word_1_422' title='bbox 2699 2674 3107 2744; x_wconf 87' lang='lat' dir='ltr'><strong><em>subaudiamus,</em></strong></span> <span class='ocrx_word' id='word_1_423' title='bbox 3140 2677 3216 2731; x_wconf 92' lang='lat' dir='ltr'><strong><em>illi</em></strong></span> <span class='ocrx_word' id='word_1_424' title='bbox 3242 2679 3413 2748; x_wconf 90' lang='lat' dir='ltr'><strong><em>gratia</em></strong></span> <span class='ocrx_word' id='word_1_425' title='bbox 3457 2679 3585 2744; x_wconf 84' lang='lat' dir='ltr'><strong><em>lilii,</em></strong></span> <span class='ocrx_word' id='word_1_426' title='bbox 3611 2680 3701 2736; x_wconf 86' lang='lat' dir='ltr'><strong><em>hic</em></strong></span> <span class='ocrx_word' id='word_1_427' title='bbox 3726 2695 3810 2736; x_wconf 87' lang='lat' dir='ltr'><strong><em>na-</em></strong></span> 
     </span>
    </p>
   </div>
   <div class='ocr_carea' id='block_1_53' title="bbox 2250 2763 3811 2842">
    <p class='ocr_par' dir='ltr' id='par_1_53' title="bbox 2250 2763 3811 2842">
     <span class='ocr_line' id='line_1_53' title="bbox 2250 2763 3811 2842; baseline 0.008 -28"><span class='ocrx_word' id='word_1_428' title='bbox 2250 2768 2407 2817; x_wconf 88' lang='lat' dir='ltr'><strong><em>tura:</em></strong></span> <span class='ocrx_word' id='word_1_429' title='bbox 2440 2771 2494 2817; x_wconf 91' lang='lat' dir='ltr'><strong><em>et</em></strong></span> <span class='ocrx_word' id='word_1_430' title='bbox 2522 2763 2673 2819; x_wconf 91' lang='lat' dir='ltr'><strong><em>multi</em></strong></span> <span class='ocrx_word' id='word_1_431' title='bbox 2696 2763 2895 2820; x_wconf 89' lang='lat' dir='ltr'><strong><em>Christi</em></strong></span> <span class='ocrx_word' id='word_1_432' title='bbox 2924 2768 3174 2823; x_wconf 89' lang='lat' dir='ltr'><strong><em>unctione</em></strong></span> <span class='ocrx_word' id='word_1_433' title='bbox 3200 2768 3323 2835; x_wconf 84' lang='lat' dir='ltr'><strong><em>olei,</em></strong></span> <span class='ocrx_word' id='word_1_434' title='bbox 3350 2769 3439 2826; x_wconf 91' lang='lat' dir='ltr'><strong><em>hic</em></strong></span> <span class='ocrx_word' id='word_1_435' title='bbox 3462 2779 3644 2826; x_wconf 88' lang='lat' dir='ltr'><strong><em>autem</em></strong></span> <span class='ocrx_word' id='word_1_436' title='bbox 3672 2786 3811 2842; x_wconf 86' lang='lat' dir='ltr'><strong><em>ange-</em></strong></span> 
     </span>
    </p>
   </div>
   <div class='ocr_carea' id='block_1_54' title="bbox 2168 2855 3807 2936">
    <p class='ocr_par' dir='ltr' id='par_1_54' title="bbox 2168 2855 3807 2936">
     <span class='ocr_line' id='line_1_54' title="bbox 2168 2855 3807 2936; baseline 0.008 -27"><span class='ocrx_word' id='word_1_437' title='bbox 2168 2910 2179 2923; x_wconf 64' lang='grc'><em>,</em></span> <span class='ocrx_word' id='word_1_438' title='bbox 2250 2855 2317 2911; x_wconf 89' lang='lat' dir='ltr'><strong><em>lis</em></strong></span> <span class='ocrx_word' id='word_1_439' title='bbox 2344 2855 2706 2924; x_wconf 89' lang='lat' dir='ltr'><strong><em>adorantibus,</em></strong></span> <span class='ocrx_word' id='word_1_440' title='bbox 2738 2859 2910 2915; x_wconf 87' lang='lat' dir='ltr'><strong><em>stellis</em></strong></span> <span class='ocrx_word' id='word_1_441' title='bbox 2948 2860 3328 2929; x_wconf 87' lang='lat' dir='ltr'><strong><em>indicantibus,</em></strong></span> <span class='ocrx_word' id='word_1_442' title='bbox 3360 2863 3642 2933; x_wconf 88' lang='lat' dir='ltr'><strong><em>prophetis</em></strong></span> <span class='ocrx_word' id='word_1_443' title='bbox 3682 2880 3807 2936; x_wconf 65' lang='lat' dir='ltr'><strong><em>pra:-</em></strong></span> 
     </span>
    </p>
   </div>
   <div class='ocr_carea' id='block_1_55' title="bbox 2250 2946 3808 3025">
    <p class='ocr_par' dir='ltr' id='par_1_55' title="bbox 2250 2946 3808 3025">
     <span class='ocr_line' id='line_1_55' title="bbox 2250 2946 3808 3025; baseline 0.008 -24"><span class='ocrx_word' id='word_1_444' title='bbox 2250 2947 2594 3016; x_wconf 88' lang='lat' dir='ltr'><strong><em>conantibus,</em></strong></span> <span class='ocrx_word' id='word_1_445' title='bbox 2625 2946 2830 3005; x_wconf 86' lang='lat' dir='ltr'><strong><em>Joanne</em></strong></span> <span class='ocrx_word' id='word_1_446' title='bbox 2867 2959 3156 3018; x_wconf 88' lang='lat' dir='ltr'><strong><em>metuente,</em></strong></span> <span class='ocrx_word' id='word_1_447' title='bbox 3190 2953 3339 3009; x_wconf 86' lang='lat' dir='ltr'><strong><em>coclis</em></strong></span> <span class='ocrx_word' id='word_1_448' title='bbox 3379 2955 3614 3025; x_wconf 88' lang='lat' dir='ltr'><strong><em>apertis,</em></strong></span> <span class='ocrx_word' id='word_1_449' title='bbox 3664 2953 3808 3013; x_wconf 76' lang='lat' dir='ltr'><strong><em>Patre</em></strong></span> 
     </span>
    </p>
   </div>
   <div class='ocr_carea' id='block_1_56' title="bbox 2249 3035 3807 3112">
    <p class='ocr_par' dir='ltr' id='par_1_56' title="bbox 2249 3035 3807 3112">
     <span class='ocr_line' id='line_1_56' title="bbox 2249 3035 3807 3112; baseline 0.008 -21"><span class='ocrx_word' id='word_1_450' title='bbox 2249 3035 2317 3091; x_wconf 90' lang='lat' dir='ltr'><strong><em>de</em></strong></span> <span class='ocrx_word' id='word_1_451' title='bbox 2364 3037 2513 3094; x_wconf 61' lang='lat' dir='ltr'><strong><em>caelis</em></strong></span> <span class='ocrx_word' id='word_1_452' title='bbox 2557 3039 2848 3104; x_wconf 88' lang='lat' dir='ltr'><strong><em>clamante,</em></strong></span> <span class='ocrx_word' id='word_1_453' title='bbox 2899 3040 3101 3112; x_wconf 89' lang='lat' dir='ltr'><strong><em>Spiritu</em></strong></span> <span class='ocrx_word' id='word_1_454' title='bbox 3147 3053 3335 3100; x_wconf 85' lang='lat' dir='ltr'><strong><em>sancto</em></strong></span> <span class='ocrx_word' id='word_1_455' title='bbox 3385 3044 3702 3103; x_wconf 87' lang='lat' dir='ltr'><strong><em>adveniente</em></strong></span> <span class='ocrx_word' id='word_1_456' title='bbox 3750 3048 3807 3105; x_wconf 88' lang='lat' dir='ltr'><strong><em>de</em></strong></span> 
     </span>
    </p>
   </div>
   <div class='ocr_carea' id='block_1_57' title="bbox 2250 3127 3807 3207">
    <p class='ocr_par' dir='ltr' id='par_1_57' title="bbox 2250 3127 3807 3207">
     <span class='ocr_line' id='line_1_57' title="bbox 2250 3127 3807 3207; baseline 0.009 -26"><span class='ocrx_word' id='word_1_457' title='bbox 2250 3127 2418 3193; x_wconf 63' lang='lat' dir='ltr'><strong><em>caelis,</em></strong></span> <span class='ocrx_word' id='word_1_458' title='bbox 2447 3137 2503 3183; x_wconf 88' lang='lat' dir='ltr'><strong><em>et</em></strong></span> <span class='ocrx_word' id='word_1_459' title='bbox 2536 3129 2593 3183; x_wconf 93' lang='lat' dir='ltr'><strong><em>in</em></strong></span> <span class='ocrx_word' id='word_1_460' title='bbox 2634 3146 2700 3187; x_wconf 90' lang='lat' dir='ltr'><strong><em>eo</em></strong></span> <span class='ocrx_word' id='word_1_461' title='bbox 2729 3141 2997 3199; x_wconf 89' lang='lat' dir='ltr'><strong><em>manente,</em></strong></span> <span class='ocrx_word' id='word_1_462' title='bbox 3022 3131 3267 3190; x_wconf 87' lang='lat' dir='ltr'><strong><em>Christus</em></strong></span> <span class='ocrx_word' id='word_1_463' title='bbox 3308 3143 3391 3190; x_wconf 89' lang='lat' dir='ltr'><strong><em>est</em></strong></span> <span class='ocrx_word' id='word_1_464' title='bbox 3426 3152 3537 3207; x_wconf 61' lang='lat' dir='ltr'><strong><em>prae</em></strong></span> <span class='ocrx_word' id='word_1_465' title='bbox 3576 3140 3807 3195; x_wconf 87' lang='lat' dir='ltr'><strong><em>omnibus</em></strong></span> 
     </span>
    </p>
   </div>
   <div class='ocr_carea' id='block_1_58' title="bbox 569 3205 3801 3296">
    <p class='ocr_par' dir='ltr' id='par_1_58' title="bbox 569 3205 3801 3296">
     <span class='ocr_line' id='line_1_58' title="bbox 569 3205 3801 3296; baseline 0.008 -36"><span class='ocrx_word' id='word_1_466' title='bbox 569 3205 681 3260; x_wconf 73' lang='lat' dir='ltr'><strong><em>hoc</em></strong></span> <span class='ocrx_word' id='word_1_467' title='bbox 705 3214 804 3271; x_wconf 89' lang='lat' dir='ltr'><strong><em>est,</em></strong></span> <span class='ocrx_word' id='word_1_468' title='bbox 837 3207 1015 3261; x_wconf 84' lang='lat' dir='ltr'><strong><em>omnia</em></strong></span> <span class='ocrx_word' id='word_1_469' title='bbox 1045 3222 1161 3276; x_wconf 79' lang='lat' dir='ltr'><strong><em>quae</em></strong></span> <span class='ocrx_word' id='word_1_470' title='bbox 1202 3210 1540 3268; x_wconf 83' lang='lat' dir='ltr'><strong><em>subsistimus</em></strong></span> <span class='ocrx_word' id='word_1_471' title='bbox 1566 3221 1620 3267; x_wconf 88' lang='lat' dir='ltr'><strong><em>et</em></strong></span> <span class='ocrx_word' id='word_1_472' title='bbox 1644 3230 1939 3282; x_wconf 89' lang='lat' dir='ltr'><strong><em>movemur,</em></strong></span> <span class='ocrx_word' id='word_1_473' title='bbox 1966 3226 2021 3272; x_wconf 89' lang='lat' dir='ltr'><strong><em>et</em></strong></span> <span class='ocrx_word' id='word_1_474' title='bbox 2046 3234 2146 3274; x_wconf 88' lang='lat' dir='ltr'><strong><em>.su—</em></strong></span> <span class='ocrx_word' id='word_1_475' title='bbox 2174 3221 2219 3284; x_wconf 76' lang='grc' dir='ltr'>ρ</span> <span class='ocrx_word' id='word_1_476' title='bbox 2247 3219 2625 3290; x_wconf 87' lang='lat' dir='ltr'><strong><em>participibus,</em></strong></span> <span class='ocrx_word' id='word_1_477' title='bbox 2657 3221 2848 3291; x_wconf 89' lang='lat' dir='ltr'><strong><em>quibus</em></strong></span> <span class='ocrx_word' id='word_1_478' title='bbox 2867 3222 2971 3278; x_wconf 87' lang='lat' dir='ltr'><strong><em>hoc</em></strong></span> <span class='ocrx_word' id='word_1_479' title='bbox 2997 3205 3464 3296; x_wconf 77' lang='lat' dir='ltr'><strong><em>comparticipatus</em></strong></span> <span class='ocrx_word' id='word_1_480' title='bbox 3491 3237 3801 3286; x_wconf 87' lang='lat' dir='ltr'><strong><em>estnomen.</em></strong></span> 
     </span>
    </p>
   </div>
   <div class='ocr_carea' id='block_1_59' title="bbox 510 3295 2148 3375">
    <p class='ocr_par' dir='ltr' id='par_1_59' title="bbox 510 3295 2148 3375">
     <span class='ocr_line' id='line_1_59' title="bbox 510 3295 2148 3375; baseline 0.009 -26"><span class='ocrx_word' id='word_1_481' title='bbox 510 3344 511 3349; x_wconf 46' lang='grc' dir='ltr'><strong>η</strong></span> <span class='ocrx_word' id='word_1_482' title='bbox 570 3308 876 3366; x_wconf 74' lang='lat' dir='ltr'><strong><em>musopera</em></strong></span> <span class='ocrx_word' id='word_1_483' title='bbox 892 3302 1008 3351; x_wconf 76' lang='lat' dir='ltr'><strong><em>tua.</em></strong></span> <span class='ocrx_word' id='word_1_484' title='bbox 1039 3295 1243 3368; x_wconf 82' lang='lat' dir='ltr'><strong><em>Lingua</em></strong></span> <span class='ocrx_word' id='word_1_485' title='bbox 1269 3315 1390 3355; x_wconf 90' lang='lat' dir='ltr'><strong><em>mea</em></strong></span> <span class='ocrx_word' id='word_1_486' title='bbox 1418 3301 1654 3357; x_wconf 85' lang='lat' dir='ltr'><strong><em>calamus</em></strong></span> <span class='ocrx_word' id='word_1_487' title='bbox 1684 3310 1782 3359; x_wconf 91' lang='lat' dir='ltr'><strong><em>est.</em></strong></span> <span class='ocrx_word' id='word_1_488' title='bbox 1815 3304 1979 3375; x_wconf 87' lang='lat' dir='ltr'><strong><em>Cujus</em></strong></span> <span class='ocrx_word' id='word_1_489' title='bbox 2006 3309 2148 3363; x_wconf 89' lang='lat' dir='ltr'><strong><em>cala-</em></strong></span> 
     </span>
    </p>
   </div>
   <div class='ocr_carea' id='block_1_60' title="bbox 575 3386 2147 3464">
    <p class='ocr_par' dir='ltr' id='par_1_60' title="bbox 575 3386 2147 3464">
     <span class='ocr_line' id='line_1_60' title="bbox 575 3386 2147 3464; baseline 0.009 -24"><span class='ocrx_word' id='word_1_490' title='bbox 575 3387 725 3442; x_wconf 80' lang='lat' dir='ltr'><strong><em>mus?</em></strong></span> <span class='ocrx_word' id='word_1_491' title='bbox 746 3386 970 3453; x_wconf 67' lang='lat' dir='ltr'><strong><em>Scribere,</em></strong></span> <span class='ocrx_word' id='word_1_492' title='bbox 1001 3389 1193 3459; x_wconf 85' lang='lat' dir='ltr'><strong><em>inquit,</em></strong></span> <span class='ocrx_word' id='word_1_493' title='bbox 1241 3391 1499 3447; x_wconf 85' lang='lat' dir='ltr'><strong><em>velociter</em></strong></span> <span class='ocrx_word' id='word_1_494' title='bbox 1536 3394 1833 3451; x_wconf 90' lang='lat' dir='ltr'><strong><em>scribentis.</em></strong></span> <span class='ocrx_word' id='word_1_495' title='bbox 1867 3396 2005 3464; x_wconf 86' lang='lat' dir='ltr'><strong><em>Quid</em></strong></span> <span class='ocrx_word' id='word_1_496' title='bbox 2032 3407 2147 3454; x_wconf 88' lang='lat' dir='ltr'><strong><em>tur-</em></strong></span> 
     </span>
    </p>
   </div>
   <div class='ocr_carea' id='block_1_61' title="bbox 566 3475 2149 3559">
    <p class='ocr_par' dir='ltr' id='par_1_61' title="bbox 566 3475 2149 3559">
     <span class='ocr_line' id='line_1_61' title="bbox 566 3475 2149 3559; baseline 0.008 -27"><span class='ocrx_word' id='word_1_497' title='bbox 566 3475 781 3545; x_wconf 56' lang='grc' dir='ltr'><strong>Μαι,</strong></span> <span class='ocrx_word' id='word_1_498' title='bbox 830 3479 959 3548; x_wconf 83' lang='lat' dir='ltr'><strong><em>quid</em></strong></span> <span class='ocrx_word' id='word_1_499' title='bbox 1004 3479 1323 3537; x_wconf 59' lang='lat' dir='ltr'><strong><em>feminanter</em></strong></span> <span class='ocrx_word' id='word_1_500' title='bbox 1368 3482 1546 3553; x_wconf 86' lang='lat' dir='ltr'><strong><em>lingua</em></strong></span> <span class='ocrx_word' id='word_1_501' title='bbox 1590 3487 1864 3556; x_wconf 78' lang='lat' dir='ltr'><strong><em>prophetae</em></strong></span> <span class='ocrx_word' id='word_1_502' title='bbox 1909 3489 2149 3559; x_wconf 77' lang='lat' dir='ltr'><strong><em>proferre</em></strong></span> 
     </span>
    </p>
   </div>
   <div class='ocr_carea' id='block_1_62' title="bbox 567 3567 2151 3647">
    <p class='ocr_par' dir='ltr' id='par_1_62' title="bbox 567 3567 2151 3647">
     <span class='ocr_line' id='line_1_62' title="bbox 567 3567 2151 3647; baseline 0.009 -27"><span class='ocrx_word' id='word_1_503' title='bbox 567 3567 705 3633; x_wconf 72' lang='lat' dir='ltr'><strong><em>vett,</em></strong></span> <span class='ocrx_word' id='word_1_504' title='bbox 755 3569 1032 3625; x_wconf 78' lang='lat' dir='ltr'><strong><em>audiamus</em></strong></span> <span class='ocrx_word' id='word_1_505' title='bbox 1060 3589 1074 3623; x_wconf 86' lang='lat'>:</span> <span class='ocrx_word' id='word_1_506' title='bbox 1102 3570 1246 3637; x_wconf 81' lang='lat' dir='ltr'><strong><em>Hoc,</em></strong></span> <span class='ocrx_word' id='word_1_507' title='bbox 1290 3573 1495 3642; x_wconf 84' lang='lat' dir='ltr'><strong><em>inquit,</em></strong></span> <span class='ocrx_word' id='word_1_508' title='bbox 1536 3573 1770 3632; x_wconf 78' lang='lat' dir='ltr'><strong><em>Verbum</em></strong></span> <span class='ocrx_word' id='word_1_509' title='bbox 1810 3579 1953 3647; x_wconf 88' lang='lat' dir='ltr'><strong><em>quod</em></strong></span> <span class='ocrx_word' id='word_1_510' title='bbox 1991 3576 2151 3636; x_wconf 88' lang='lat' dir='ltr'><strong><em>Pater</em></strong></span> 
     </span>
    </p>
   </div>
   <div class='ocr_carea' id='block_1_63' title="bbox 570 3660 2149 3742">
    <p class='ocr_par' dir='ltr' id='par_1_63' title="bbox 570 3660 2149 3742">
     <span class='ocr_line' id='line_1_63' title="bbox 570 3660 2149 3742; baseline 0.01 -30"><span class='ocrx_word' id='word_1_511' title='bbox 570 3660 854 3727; x_wconf 78' lang='lat' dir='ltr'><strong><em>eructavit,</em></strong></span> <span class='ocrx_word' id='word_1_512' title='bbox 877 3660 1028 3731; x_wconf 84' lang='lat' dir='ltr'><strong><em>cujus</em></strong></span> <span class='ocrx_word' id='word_1_513' title='bbox 1054 3664 1235 3717; x_wconf 86' lang='lat' dir='ltr'><strong><em>omnia</em></strong></span> <span class='ocrx_word' id='word_1_514' title='bbox 1256 3676 1375 3733; x_wconf 59' lang='lat' dir='ltr'><strong><em>quae</em></strong></span> <span class='ocrx_word' id='word_1_515' title='bbox 1390 3680 1575 3721; x_wconf 84' lang='lat' dir='ltr'><strong><em>sumus</em></strong></span> <span class='ocrx_word' id='word_1_516' title='bbox 1602 3683 1767 3738; x_wconf 90' lang='lat' dir='ltr'><strong><em>opera</em></strong></span> <span class='ocrx_word' id='word_1_517' title='bbox 1796 3684 1997 3739; x_wconf 90' lang='lat' dir='ltr'><strong><em>sumus,</em></strong></span> <span class='ocrx_word' id='word_1_518' title='bbox 2028 3687 2149 3742; x_wconf 91' lang='lat' dir='ltr'><strong><em>spe-</em></strong></span> 
     </span>
    </p>
   </div>
   <div class='ocr_carea' id='block_1_64' title="bbox 566 3748 2143 3829">
    <p class='ocr_par' dir='ltr' id='par_1_64' title="bbox 566 3748 2143 3829">
     <span class='ocr_line' id='line_1_64' title="bbox 566 3748 2143 3829; baseline 0.008 -24"><span class='ocrx_word' id='word_1_519' title='bbox 566 3748 753 3806; x_wconf 66' lang='lat' dir='ltr'><strong><em>ciosus</em></strong></span> <span class='ocrx_word' id='word_1_520' title='bbox 773 3750 949 3805; x_wconf 75' lang='lat' dir='ltr'><strong><em>forma</em></strong></span> <span class='ocrx_word' id='word_1_521' title='bbox 993 3754 1288 3823; x_wconf 81' lang='lat' dir='ltr'><strong><em>apparebit,</em></strong></span> <span class='ocrx_word' id='word_1_522' title='bbox 1332 3764 1385 3810; x_wconf 88' lang='lat' dir='ltr'><strong><em>et</em></strong></span> <span class='ocrx_word' id='word_1_523' title='bbox 1424 3757 1645 3826; x_wconf 75' lang='lat' dir='ltr'><strong><em>praeerit</em></strong></span> <span class='ocrx_word' id='word_1_524' title='bbox 1686 3759 1813 3815; x_wconf 81' lang='lat' dir='ltr'><strong><em>ﬁliis</em></strong></span> <span class='ocrx_word' id='word_1_525' title='bbox 1851 3761 2143 3829; x_wconf 84' lang='lat' dir='ltr'><strong><em>hominum,</em></strong></span> 
     </span>
    </p>
   </div>
   <div class='ocr_carea' id='block_1_65' title="bbox 574 3842 2142 3922">
    <p class='ocr_par' dir='ltr' id='par_1_65' title="bbox 574 3842 2142 3922">
     <span class='ocr_line' id='line_1_65' title="bbox 574 3842 2142 3922; baseline 0.008 -26"><span class='ocrx_word' id='word_1_526' title='bbox 574 3842 848 3911; x_wconf 79' lang='lat' dir='ltr'><strong><em>speciosus</em></strong></span> <span class='ocrx_word' id='word_1_527' title='bbox 868 3842 1058 3912; x_wconf 81' lang='lat' dir='ltr'><strong><em>forma,</em></strong></span> <span class='ocrx_word' id='word_1_528' title='bbox 1083 3844 1134 3899; x_wconf 90' lang='lat' dir='ltr'><strong><em>id</em></strong></span> <span class='ocrx_word' id='word_1_529' title='bbox 1155 3854 1255 3912; x_wconf 89' lang='lat' dir='ltr'><strong><em>est,</em></strong></span> <span class='ocrx_word' id='word_1_530' title='bbox 1276 3847 1517 3915; x_wconf 84' lang='lat' dir='ltr'><strong><em>virginea</em></strong></span> <span class='ocrx_word' id='word_1_531' title='bbox 1534 3847 1705 3904; x_wconf 82' lang='lat' dir='ltr'><strong><em>forma</em></strong></span> <span class='ocrx_word' id='word_1_532' title='bbox 1721 3851 1824 3906; x_wconf 88' lang='lat' dir='ltr'><strong><em>erit</em></strong></span> <span class='ocrx_word' id='word_1_533' title='bbox 1844 3860 1992 3907; x_wconf 88' lang='lat' dir='ltr'><strong><em>ortus</em></strong></span> <span class='ocrx_word' id='word_1_534' title='bbox 2012 3852 2142 3922; x_wconf 91' lang='lat' dir='ltr'><strong><em>ejus.</em></strong></span> 
     </span>
    </p>
   </div>
   <div class='ocr_carea' id='block_1_66' title="bbox 568 3931 2148 4013">
    <p class='ocr_par' dir='ltr' id='par_1_66' title="bbox 568 3931 2148 4013">
     <span class='ocr_line' id='line_1_66' title="bbox 568 3931 2148 4013; baseline 0.009 -28"><span class='ocrx_word' id='word_1_535' title='bbox 568 3931 641 3987; x_wconf 72' lang='lat' dir='ltr'><strong><em>Et</em></strong></span> <span class='ocrx_word' id='word_1_536' title='bbox 664 3933 831 3990; x_wconf 63' lang='lat' dir='ltr'><strong><em>emiss</em></strong></span> <span class='ocrx_word' id='word_1_537' title='bbox 851 3936 1027 4004; x_wconf 74' lang='lat' dir='ltr'><strong><em>gratia</em></strong></span> <span class='ocrx_word' id='word_1_538' title='bbox 1073 3950 1105 3991; x_wconf 85' lang='lat' dir='ltr'><strong><em>a</em></strong></span> <span class='ocrx_word' id='word_1_539' title='bbox 1149 3936 1301 3992; x_wconf 85' lang='lat' dir='ltr'><strong><em>labiis</em></strong></span> <span class='ocrx_word' id='word_1_540' title='bbox 1328 3936 1443 4007; x_wconf 85' lang='lat' dir='ltr'><strong><em>ejus</em></strong></span> <span class='ocrx_word' id='word_1_541' title='bbox 1474 3940 1811 4009; x_wconf 76' lang='lat' dir='ltr'><strong><em>egredietur,</em></strong></span> <span class='ocrx_word' id='word_1_542' title='bbox 1850 3957 1951 4013; x_wconf 90' lang='lat' dir='ltr'><strong><em>per</em></strong></span> <span class='ocrx_word' id='word_1_543' title='bbox 1988 3958 2148 4012; x_wconf 90' lang='lat' dir='ltr'><strong><em>quam</em></strong></span> 
     </span>
    </p>
   </div>
   <div class='ocr_carea' id='block_1_67' title="bbox 570 4023 2147 4105">
    <p class='ocr_par' dir='ltr' id='par_1_67' title="bbox 570 4023 2147 4105">
     <span class='ocr_line' id='line_1_67' title="bbox 570 4023 2147 4105; baseline 0.008 -26"><span class='ocrx_word' id='word_1_544' title='bbox 570 4023 883 4081; x_wconf 77' lang='lat' dir='ltr'><strong><em>benedictus</em></strong></span> <span class='ocrx_word' id='word_1_545' title='bbox 930 4026 1039 4082; x_wconf 83' lang='lat' dir='ltr'><strong><em>erit</em></strong></span> <span class='ocrx_word' id='word_1_546' title='bbox 1085 4027 1138 4081; x_wconf 89' lang='lat' dir='ltr'><strong><em>in</em></strong></span> <span class='ocrx_word' id='word_1_547' title='bbox 1184 4036 1463 4084; x_wconf 61' lang='lat' dir='ltr'><strong><em>aeternum.</em></strong></span> <span class='ocrx_word' id='word_1_548' title='bbox 1516 4029 1584 4085; x_wconf 87' lang='lat' dir='ltr'><strong><em>Et</em></strong></span> <span class='ocrx_word' id='word_1_549' title='bbox 1634 4032 1861 4102; x_wconf 85' lang='lat' dir='ltr'><strong><em>accingit</em></strong></span> <span class='ocrx_word' id='word_1_550' title='bbox 1913 4035 2147 4105; x_wconf 83' lang='lat' dir='ltr'><strong><em>gladium</em></strong></span> 
     </span>
    </p>
   </div>
   <div class='ocr_carea' id='block_1_68' title="bbox 568 4119 2147 4192">
    <p class='ocr_par' dir='ltr' id='par_1_68' title="bbox 568 4119 2147 4192">
     <span class='ocr_line' id='line_1_68' title="bbox 568 4119 2147 4192; baseline 0.009 -21"><span class='ocrx_word' id='word_1_551' title='bbox 568 4129 727 4171; x_wconf 82' lang='lat' dir='ltr'><strong><em>suum</em></strong></span> <span class='ocrx_word' id='word_1_552' title='bbox 754 4132 915 4187; x_wconf 83' lang='lat' dir='ltr'><strong><em>super</em></strong></span> <span class='ocrx_word' id='word_1_553' title='bbox 940 4119 1138 4185; x_wconf 77' lang='lat' dir='ltr'><strong><em>femur,</em></strong></span> <span class='ocrx_word' id='word_1_554' title='bbox 1170 4120 1238 4174; x_wconf 85' lang='lat' dir='ltr'><strong><em>ad</em></strong></span> <span class='ocrx_word' id='word_1_555' title='bbox 1277 4123 1628 4192; x_wconf 75' lang='lat' dir='ltr'><strong><em>amputandus</em></strong></span> <span class='ocrx_word' id='word_1_556' title='bbox 1656 4140 1843 4181; x_wconf 89' lang='lat' dir='ltr'><strong><em>omnes</em></strong></span> <span class='ocrx_word' id='word_1_557' title='bbox 1880 4127 2147 4188; x_wconf 84' lang='lat' dir='ltr'><strong><em>libidines.</em></strong></span> 
     </span>
    </p>
   </div>
   <div class='ocr_carea' id='block_1_69' title="bbox 566 4203 2144 4284">
    <p class='ocr_par' dir='ltr' id='par_1_69' title="bbox 566 4203 2144 4284">
     <span class='ocr_line' id='line_1_69' title="bbox 566 4203 2144 4284; baseline 0.01 -26"><span class='ocrx_word' id='word_1_558' title='bbox 566 4203 872 4262; x_wconf 80' lang='lat' dir='ltr'><strong><em>Ostendens</em></strong></span> <span class='ocrx_word' id='word_1_559' title='bbox 898 4210 1131 4277; x_wconf 83' lang='lat' dir='ltr'><strong><em>speciem</em></strong></span> <span class='ocrx_word' id='word_1_560' title='bbox 1148 4226 1322 4277; x_wconf 84' lang='lat' dir='ltr'><strong><em>suam,</em></strong></span> <span class='ocrx_word' id='word_1_561' title='bbox 1342 4211 1400 4265; x_wconf 89' lang='lat' dir='ltr'><strong><em>id</em></strong></span> <span class='ocrx_word' id='word_1_562' title='bbox 1420 4220 1521 4277; x_wconf 86' lang='lat' dir='ltr'><strong><em>est,</em></strong></span> <span class='ocrx_word' id='word_1_563' title='bbox 1544 4215 1893 4272; x_wconf 78' lang='lat' dir='ltr'><strong><em>manifestans</em></strong></span> <span class='ocrx_word' id='word_1_564' title='bbox 1911 4214 2144 4284; x_wconf 79' lang='lat' dir='ltr'><strong><em>Patrem,</em></strong></span> 
     </span>
    </p>
   </div>
   <div class='ocr_carea' id='block_1_70' title="bbox 572 4294 2217 4374">
    <p class='ocr_par' dir='ltr' id='par_1_70' title="bbox 572 4294 2217 4374">
     <span class='ocr_line' id='line_1_70' title="bbox 572 4294 2217 4374; baseline 0.01 -27"><span class='ocrx_word' id='word_1_565' title='bbox 572 4300 632 4347; x_wconf 83' lang='lat' dir='ltr'><strong><em>et</em></strong></span> <span class='ocrx_word' id='word_1_566' title='bbox 652 4294 1101 4363; x_wconf 64' lang='lat' dir='ltr'><strong><em>pulchritudinem</em></strong></span> <span class='ocrx_word' id='word_1_567' title='bbox 1128 4313 1301 4364; x_wconf 63' lang='lat' dir='ltr'><strong><em>sitam,</em></strong></span> <span class='ocrx_word' id='word_1_568' title='bbox 1326 4301 1500 4365; x_wconf 85' lang='lat' dir='ltr'><strong><em>idest,</em></strong></span> <span class='ocrx_word' id='word_1_569' title='bbox 1520 4311 1578 4358; x_wconf 86' lang='lat' dir='ltr'><strong><em>et</em></strong></span> <span class='ocrx_word' id='word_1_570' title='bbox 1600 4302 1857 4374; x_wconf 89' lang='lat' dir='ltr'><strong><em>Spiritum</em></strong></span> <span class='ocrx_word' id='word_1_571' title='bbox 1882 4316 2144 4363; x_wconf 85' lang='lat' dir='ltr'><strong><em>sanctum.</em></strong></span> <span class='ocrx_word' id='word_1_572' title='bbox 2214 4308 2217 4309; x_wconf 61' lang='grc'><strong><em>⁷</em></strong></span> 
     </span>
    </p>
   </div>
   <div class='ocr_carea' id='block_1_71' title="bbox 568 4382 2145 4471">
    <p class='ocr_par' dir='ltr' id='par_1_71' title="bbox 568 4382 2145 4471">
     <span class='ocr_line' id='line_1_71' title="bbox 568 4382 2145 4471; baseline 0.01 -33"><span class='ocrx_word' id='word_1_573' title='bbox 568 4382 793 4455; x_wconf 70' lang='lat' dir='ltr'><strong><em>Species</em></strong></span> <span class='ocrx_word' id='word_1_574' title='bbox 836 4386 977 4440; x_wconf 72' lang='lat' dir='ltr'><strong><em>extim</em></strong></span> <span class='ocrx_word' id='word_1_575' title='bbox 1022 4385 1142 4441; x_wconf 80' lang='lat' dir='ltr'><strong><em>Filii</em></strong></span> <span class='ocrx_word' id='word_1_576' title='bbox 1178 4386 1339 4444; x_wconf 83' lang='lat' dir='ltr'><strong><em>Pater</em></strong></span> <span class='ocrx_word' id='word_1_577' title='bbox 1382 4399 1484 4457; x_wconf 88' lang='lat' dir='ltr'><strong><em>est,</em></strong></span> <span class='ocrx_word' id='word_1_578' title='bbox 1518 4400 1581 4447; x_wconf 83' lang='lat' dir='ltr'><strong><em>et</em></strong></span> <span class='ocrx_word' id='word_1_579' title='bbox 1622 4395 1964 4464; x_wconf 86' lang='lat' dir='ltr'><strong><em>pulchritudo</em></strong></span> <span class='ocrx_word' id='word_1_580' title='bbox 1998 4399 2145 4471; x_wconf 80' lang='lat' dir='ltr'><strong><em>ejus,</em></strong></span> 
     </span>
    </p>
   </div>
   <div class='ocr_carea' id='block_1_72' title="bbox 566 4475 2217 4560">
    <p class='ocr_par' dir='ltr' id='par_1_72' title="bbox 566 4475 2217 4560">
     <span class='ocr_line' id='line_1_72' title="bbox 566 4475 2217 4560; baseline 0.01 -30"><span class='ocrx_word' id='word_1_581' title='bbox 566 4475 805 4545; x_wconf 72' lang='lat' dir='ltr'><strong><em>Spiritus</em></strong></span> <span class='ocrx_word' id='word_1_582' title='bbox 824 4485 1046 4533; x_wconf 76' lang='lat' dir='ltr'><strong><em>sanctus</em></strong></span> <span class='ocrx_word' id='word_1_583' title='bbox 1074 4495 1087 4531; x_wconf 91' lang='lat'><strong>:</strong></span> <span class='ocrx_word' id='word_1_584' title='bbox 1114 4487 1174 4535; x_wconf 79' lang='lat' dir='ltr'><strong><em>et</em></strong></span> <span class='ocrx_word' id='word_1_585' title='bbox 1199 4479 1253 4533; x_wconf 91' lang='lat' dir='ltr'><strong><em>in</em></strong></span> <span class='ocrx_word' id='word_1_586' title='bbox 1281 4480 1366 4536; x_wconf 72' lang='lat' dir='ltr'><strong><em>his</em></strong></span> <span class='ocrx_word' id='word_1_587' title='bbox 1391 4482 1618 4547; x_wconf 81' lang='lat' dir='ltr'><strong><em>intendit</em></strong></span> <span class='ocrx_word' id='word_1_588' title='bbox 1654 4493 1711 4540; x_wconf 90' lang='lat' dir='ltr'><strong><em>et</em></strong></span> <span class='ocrx_word' id='word_1_589' title='bbox 1735 4502 1992 4558; x_wconf 87' lang='lat' dir='ltr'><strong><em>prospere</em></strong></span> <span class='ocrx_word' id='word_1_590' title='bbox 2014 4505 2146 4560; x_wconf 89' lang='lat' dir='ltr'><strong><em>pro-</em></strong></span> <span class='ocrx_word' id='word_1_591' title='bbox 2207 4501 2217 4510; x_wconf 87' lang='lat'>&#39;</span> 
     </span>
    </p>
   </div>
   <div class='ocr_carea' id='block_1_73' title="bbox 2244 3307 3801 3394">
    <p class='ocr_par' dir='ltr' id='par_1_73' title="bbox 2244 3307 3801 3394">
     <span class='ocr_line' id='line_1_73' title="bbox 2244 3307 3801 3394; baseline 0.011 -32"><span class='ocrx_word' id='word_1_592' title='bbox 2244 3307 2462 3380; x_wconf 82' lang='lat' dir='ltr'><strong><em>Myrrha</em></strong></span> <span class='ocrx_word' id='word_1_593' title='bbox 2491 3319 2544 3366; x_wconf 91' lang='lat' dir='ltr'><strong><em>ct</em></strong></span> <span class='ocrx_word' id='word_1_594' title='bbox 2562 3318 2710 3381; x_wconf 90' lang='lat' dir='ltr'><strong><em>gutta</em></strong></span> <span class='ocrx_word' id='word_1_595' title='bbox 2744 3324 2797 3368; x_wconf 91' lang='lat' dir='ltr'><strong><em>et</em></strong></span> <span class='ocrx_word' id='word_1_596' title='bbox 2836 3315 2978 3369; x_wconf 89' lang='lat' dir='ltr'><strong><em>casia</em></strong></span> <span class='ocrx_word' id='word_1_597' title='bbox 3015 3331 3044 3369; x_wconf 88' lang='lat' dir='ltr'><strong><em>a</em></strong></span> <span class='ocrx_word' id='word_1_598' title='bbox 3071 3317 3404 3376; x_wconf 86' lang='lat' dir='ltr'><strong><em>vestimentis</em></strong></span> <span class='ocrx_word' id='word_1_599' title='bbox 3428 3320 3561 3390; x_wconf 88' lang='lat' dir='ltr'><strong><em>ejus.</em></strong></span> <span class='ocrx_word' id='word_1_600' title='bbox 3604 3320 3801 3394; x_wconf 81' lang='lat' dir='ltr'><strong><em>Myrrha</em></strong></span> 
     </span>
    </p>
   </div>
   <div class='ocr_carea' id='block_1_74' title="bbox 2246 3400 3800 3475">
    <p class='ocr_par' dir='ltr' id='par_1_74' title="bbox 2246 3400 3800 3475">
     <span class='ocr_line' id='line_1_74' title="bbox 2246 3400 3800 3475; baseline 0.008 -22"><span class='ocrx_word' id='word_1_601' title='bbox 2246 3400 2301 3453; x_wconf 90' lang='lat' dir='ltr'><strong><em>in</em></strong></span> <span class='ocrx_word' id='word_1_602' title='bbox 2328 3403 2747 3473; x_wconf 89' lang='lat' dir='ltr'><strong><em>assumptionem</em></strong></span> <span class='ocrx_word' id='word_1_603' title='bbox 2774 3407 3035 3475; x_wconf 90' lang='lat' dir='ltr'><strong><em>corporis.</em></strong></span> <span class='ocrx_word' id='word_1_604' title='bbox 3067 3404 3228 3462; x_wconf 87' lang='lat' dir='ltr'><strong><em>Gutta</em></strong></span> <span class='ocrx_word' id='word_1_605' title='bbox 3254 3425 3376 3464; x_wconf 91' lang='lat' dir='ltr'><strong><em>cum</em></strong></span> <span class='ocrx_word' id='word_1_606' title='bbox 3417 3418 3615 3467; x_wconf 88' lang='lat' dir='ltr'><strong><em>attactu</em></strong></span> <span class='ocrx_word' id='word_1_607' title='bbox 3650 3412 3800 3468; x_wconf 86' lang='lat' dir='ltr'><strong><em>vesti-</em></strong></span> 
     </span>
    </p>
   </div>
   <div class='ocr_carea' id='block_1_75' title="bbox 2246 3495 3798 3565">
    <p class='ocr_par' dir='ltr' id='par_1_75' title="bbox 2246 3495 3798 3565">
     <span class='ocr_line' id='line_1_75' title="bbox 2246 3495 3798 3565; baseline 0.009 -19"><span class='ocrx_word' id='word_1_608' title='bbox 2246 3500 2548 3549; x_wconf 85' lang='lat' dir='ltr'><strong><em>mentorum</em></strong></span> <span class='ocrx_word' id='word_1_609' title='bbox 2571 3495 2955 3565; x_wconf 47' lang='lat' dir='ltr'><strong><em>ejus&#39;homines</em></strong></span> <span class='ocrx_word' id='word_1_610' title='bbox 2982 3500 3342 3557; x_wconf 88' lang='lat' dir='ltr'><strong><em>salvabantur.</em></strong></span> <span class='ocrx_word' id='word_1_611' title='bbox 3363 3500 3516 3558; x_wconf 88' lang='lat' dir='ltr'><strong><em>Casia</em></strong></span> <span class='ocrx_word' id='word_1_612' title='bbox 3544 3520 3652 3560; x_wconf 90' lang='lat' dir='ltr'><strong><em>cum</em></strong></span> <span class='ocrx_word' id='word_1_613' title='bbox 3672 3504 3798 3560; x_wconf 89' lang='lat' dir='ltr'><strong><em>odor</em></strong></span> 
     </span>
    </p>
   </div>
   <div class='ocr_carea' id='block_1_76' title="bbox 2248 3584 3785 3661">
    <p class='ocr_par' dir='ltr' id='par_1_76' title="bbox 2248 3584 3785 3661">
     <span class='ocr_line' id='line_1_76' title="bbox 2248 3584 3785 3661; baseline 0.008 -22"><span class='ocrx_word' id='word_1_614' title='bbox 2248 3584 2368 3640; x_wconf 62' lang='lat' dir='ltr'><strong><em>vita:</em></strong></span> <span class='ocrx_word' id='word_1_615' title='bbox 2395 3586 2733 3644; x_wconf 89' lang='lat' dir='ltr'><strong><em>credentibus</em></strong></span> <span class='ocrx_word' id='word_1_616' title='bbox 2760 3592 3034 3660; x_wconf 89' lang='lat' dir='ltr'><strong><em>probatur.</em></strong></span> <span class='ocrx_word' id='word_1_617' title='bbox 3058 3592 3258 3649; x_wconf 87' lang='lat' dir='ltr'><strong><em>Contra</em></strong></span> <span class='ocrx_word' id='word_1_618' title='bbox 3279 3595 3389 3651; x_wconf 85' lang='lat' dir='ltr'><strong><em>hoc</em></strong></span> <span class='ocrx_word' id='word_1_619' title='bbox 3402 3598 3554 3661; x_wconf 89' lang='lat' dir='ltr'><strong><em>venit,</em></strong></span> <span class='ocrx_word' id='word_1_620' title='bbox 3578 3602 3627 3651; x_wconf 91' lang='lat' dir='ltr'><strong><em>ut</em></strong></span> <span class='ocrx_word' id='word_1_621' title='bbox 3642 3596 3785 3651; x_wconf 85' lang='lat' dir='ltr'><strong><em>dica-</em></strong></span> 
     </span>
    </p>
   </div>
   <div class='ocr_carea' id='block_1_77' title="bbox 2247 3675 3785 3756">
    <p class='ocr_par' dir='ltr' id='par_1_77' title="bbox 2247 3675 3785 3756">
     <span class='ocr_line' id='line_1_77' title="bbox 2247 3675 3785 3756; baseline 0.008 -25"><span class='ocrx_word' id='word_1_622' title='bbox 2247 3683 2352 3744; x_wconf 90' lang='lat' dir='ltr'><strong><em>tur,</em></strong></span> <span class='ocrx_word' id='word_1_623' title='bbox 2383 3685 2437 3733; x_wconf 89' lang='lat' dir='ltr'><strong><em>et</em></strong></span> <span class='ocrx_word' id='word_1_624' title='bbox 2462 3675 2626 3753; x_wconf 70' lang='lat' dir='ltr'><strong><em>ludas</em></strong></span> <span class='ocrx_word' id='word_1_625' title='bbox 2649 3682 3023 3738; x_wconf 85' lang='lat' dir='ltr'><strong><em>vestimentum</em></strong></span> <span class='ocrx_word' id='word_1_626' title='bbox 3053 3683 3167 3754; x_wconf 89' lang='lat' dir='ltr'><strong><em>ejus</em></strong></span> <span class='ocrx_word' id='word_1_627' title='bbox 3188 3686 3362 3755; x_wconf 86' lang='lat' dir='ltr'><strong><em>tetigit</em></strong></span> <span class='ocrx_word' id='word_1_628' title='bbox 3387 3694 3438 3742; x_wconf 84' lang='lat' dir='ltr'><strong><em>et</em></strong></span> <span class='ocrx_word' id='word_1_629' title='bbox 3458 3685 3625 3756; x_wconf 69' lang='lat' dir='ltr'><strong><em>perit.</em></strong></span> <span class='ocrx_word' id='word_1_630' title='bbox 3651 3684 3785 3741; x_wconf 66' lang='lat' dir='ltr'><strong><em>Eili-</em></strong></span> 
     </span>
    </p>
   </div>
   <div class='ocr_carea' id='block_1_78' title="bbox 2247 3758 3796 3847">
    <p class='ocr_par' dir='ltr' id='par_1_78' title="bbox 2247 3758 3796 3847">
     <span class='ocr_line' id='line_1_78' title="bbox 2247 3758 3796 3847; baseline 0.006 -25"><span class='ocrx_word' id='word_1_631' title='bbox 2247 3776 2330 3823; x_wconf 86' lang='lat' dir='ltr'><strong><em>tes</em></strong></span> <span class='ocrx_word' id='word_1_632' title='bbox 2356 3777 2533 3824; x_wconf 89' lang='lat' dir='ltr'><strong><em>autem</em></strong></span> <span class='ocrx_word' id='word_1_633' title='bbox 2574 3773 2739 3826; x_wconf 87' lang='lat' dir='ltr'><strong><em>etiam</em></strong></span> <span class='ocrx_word' id='word_1_634' title='bbox 2776 3758 3129 3843; x_wconf 88' lang='lat' dir='ltr'><strong><em>possederunt</em></strong></span> <span class='ocrx_word' id='word_1_635' title='bbox 3167 3778 3538 3833; x_wconf 89' lang='lat' dir='ltr'><strong><em>vestimentum</em></strong></span> <span class='ocrx_word' id='word_1_636' title='bbox 3573 3776 3703 3847; x_wconf 85' lang='lat' dir='ltr'><strong><em>ejus.</em></strong></span> <span class='ocrx_word' id='word_1_637' title='bbox 3727 3775 3796 3832; x_wconf 81' lang='lat' dir='ltr'><strong><em>Et</em></strong></span> 
     </span>
    </p>
   </div>
   <div class='ocr_carea' id='block_1_79' title="bbox 2246 3859 3799 3937">
    <p class='ocr_par' dir='ltr' id='par_1_79' title="bbox 2246 3859 3799 3937">
     <span class='ocr_line' id='line_1_79' title="bbox 2246 3859 3799 3937; baseline 0.008 -24"><span class='ocrx_word' id='word_1_638' title='bbox 2246 3873 2346 3929; x_wconf 90' lang='lat' dir='ltr'><strong><em>pro</em></strong></span> <span class='ocrx_word' id='word_1_639' title='bbox 2371 3859 2475 3916; x_wconf 92' lang='lat' dir='ltr'><strong><em>hoc</em></strong></span> <span class='ocrx_word' id='word_1_640' title='bbox 2504 3861 2677 3931; x_wconf 89' lang='lat' dir='ltr'><strong><em>ipsum</em></strong></span> <span class='ocrx_word' id='word_1_641' title='bbox 2702 3862 2769 3920; x_wconf 90' lang='lat' dir='ltr'><strong><em>ad</em></strong></span> <span class='ocrx_word' id='word_1_642' title='bbox 2796 3865 3068 3921; x_wconf 90' lang='lat' dir='ltr'><strong><em>interitum</em></strong></span> <span class='ocrx_word' id='word_1_643' title='bbox 3103 3877 3228 3922; x_wconf 89' lang='lat' dir='ltr'><strong><em>sunt</em></strong></span> <span class='ocrx_word' id='word_1_644' title='bbox 3253 3869 3507 3926; x_wconf 88' lang='lat' dir='ltr'><strong><em>devoluti.</em></strong></span> <span class='ocrx_word' id='word_1_645' title='bbox 3535 3869 3799 3937; x_wconf 84' lang='lat' dir='ltr'><strong><em>Quomodo</em></strong></span> 
     </span>
    </p>
   </div>
   <div class='ocr_carea' id='block_1_80' title="bbox 2246 3952 3801 4033">
    <p class='ocr_par' dir='ltr' id='par_1_80' title="bbox 2246 3952 3801 4033">
     <span class='ocr_line' id='line_1_80' title="bbox 2246 3952 3801 4033; baseline 0.008 -26"><span class='ocrx_word' id='word_1_646' title='bbox 2246 3965 2375 4021; x_wconf 89' lang='lat' dir='ltr'><strong><em>ergo</em></strong></span> <span class='ocrx_word' id='word_1_647' title='bbox 2415 3952 2581 4009; x_wconf 92' lang='lat' dir='ltr'><strong><em>odore</em></strong></span> <span class='ocrx_word' id='word_1_648' title='bbox 2622 3956 3060 4014; x_wconf 87' lang='lat' dir='ltr'><strong><em>vestimentorum</em></strong></span> <span class='ocrx_word' id='word_1_649' title='bbox 3102 3959 3217 4030; x_wconf 90' lang='lat' dir='ltr'><strong><em>ejus</em></strong></span> <span class='ocrx_word' id='word_1_650' title='bbox 3243 3961 3386 4018; x_wconf 89' lang='lat' dir='ltr'><strong><em>salus</em></strong></span> <span class='ocrx_word' id='word_1_651' title='bbox 3415 3963 3603 4025; x_wconf 69' lang='lat' dir='ltr'><strong><em>anima:</em></strong></span> <span class='ocrx_word' id='word_1_652' title='bbox 3626 3964 3801 4033; x_wconf 60' lang='lat' dir='ltr'><strong><em>gigneo</em></strong></span> 
     </span>
    </p>
   </div>
   <div class='ocr_carea' id='block_1_81' title="bbox 2244 4041 3805 4126">
    <p class='ocr_par' dir='ltr' id='par_1_81' title="bbox 2244 4041 3805 4126">
     <span class='ocr_line' id='line_1_81' title="bbox 2244 4041 3805 4126; baseline 0.007 -29"><span class='ocrx_word' id='word_1_653' title='bbox 2244 4041 2421 4098; x_wconf 87' lang='lat' dir='ltr'><strong><em>batur.</em></strong></span> <span class='ocrx_word' id='word_1_654' title='bbox 2452 4041 2587 4100; x_wconf 84' lang='lat' dir='ltr'><strong><em>Audi</em></strong></span> <span class='ocrx_word' id='word_1_655' title='bbox 2617 4045 2930 4117; x_wconf 83' lang='lat' dir='ltr'><strong><em>Apostolum</em></strong></span> <span class='ocrx_word' id='word_1_656' title='bbox 2959 4049 3223 4107; x_wconf 89' lang='lat' dir='ltr'><strong><em>dicentem</em></strong></span> <span class='ocrx_word' id='word_1_657' title='bbox 3257 4071 3268 4105; x_wconf 94' lang='lat'>:</span> <span class='ocrx_word' id='word_1_658' title='bbox 3301 4053 3430 4109; x_wconf 82' lang='lat' dir='ltr'><strong><em>Aliis</em></strong></span> <span class='ocrx_word' id='word_1_659' title='bbox 3458 4054 3657 4126; x_wconf 83' lang='lat' dir='ltr'><strong><em>quidem</em></strong></span> <span class='ocrx_word' id='word_1_660' title='bbox 3684 4055 3805 4110; x_wconf 90' lang='lat' dir='ltr'><strong><em>odor</em></strong></span> 
     </span>
    </p>
   </div>
   <div class='ocr_carea' id='block_1_82' title="bbox 2246 4136 3803 4219">
    <p class='ocr_par' dir='ltr' id='par_1_82' title="bbox 2246 4136 3803 4219">
     <span class='ocr_line' id='line_1_82' title="bbox 2246 4136 3803 4219; baseline 0.008 -31"><span class='ocrx_word' id='word_1_661' title='bbox 2246 4136 2363 4190; x_wconf 72' lang='lat' dir='ltr'><strong><em>vitta</em></strong></span> <span class='ocrx_word' id='word_1_662' title='bbox 2471 4139 2644 4204; x_wconf 86' lang='lat' dir='ltr'><strong><em>vitam,</em></strong></span> <span class='ocrx_word' id='word_1_663' title='bbox 2677 4140 2797 4195; x_wconf 87' lang='lat' dir='ltr'><strong><em>aliis</em></strong></span> <span class='ocrx_word' id='word_1_664' title='bbox 2819 4159 2936 4196; x_wconf 91' lang='lat' dir='ltr'><strong><em>vero</em></strong></span> <span class='ocrx_word' id='word_1_665' title='bbox 2964 4143 3093 4219; x_wconf 81' lang='lat' dir='ltr'><strong><em>odor</em></strong></span> <span class='ocrx_word' id='word_1_666' title='bbox 3119 4147 3299 4200; x_wconf 87' lang='lat' dir='ltr'><strong><em>mortis</em></strong></span> <span class='ocrx_word' id='word_1_667' title='bbox 3319 4146 3375 4200; x_wconf 89' lang='lat' dir='ltr'><strong><em>in</em></strong></span> <span class='ocrx_word' id='word_1_668' title='bbox 3397 4155 3612 4201; x_wconf 87' lang='lat' dir='ltr'><strong><em>mortem</em></strong></span> <span class='ocrx_word' id='word_1_669' title='bbox 3631 4146 3675 4219; x_wconf 92' lang='lat' dir='ltr'><strong><em>(l</em></strong></span> <span class='ocrx_word' id='word_1_670' title='bbox 3692 4146 3803 4202; x_wconf 87' lang='lat' dir='ltr'><strong><em>Cor.</em></strong></span> 
     </span>
    </p>
   </div>
   <div class='ocr_carea' id='block_1_83' title="bbox 2247 4214 3909 4329">
    <p class='ocr_par' dir='ltr' id='par_1_83' title="bbox 2247 4214 3909 4329">
     <span class='ocr_line' id='line_1_83' title="bbox 2247 4214 3909 4329; baseline 0.008 -49"><span class='ocrx_word' id='word_1_671' title='bbox 2247 4225 2327 4296; x_wconf 87' lang='grc' dir='ltr'><strong>ιι).</strong></span> <span class='ocrx_word' id='word_1_672' title='bbox 2362 4217 2501 4281; x_wconf 76' lang='lat' dir='ltr'><strong><em>Sane</em></strong></span> <span class='ocrx_word' id='word_1_673' title='bbox 2530 4228 2659 4284; x_wconf 92' lang='lat' dir='ltr'><strong><em>illud</em></strong></span> <span class='ocrx_word' id='word_1_674' title='bbox 2680 4214 3125 4288; x_wconf 88' lang='lat' dir='ltr'><strong><em>considerandum</em></strong></span> <span class='ocrx_word' id='word_1_675' title='bbox 3153 4243 3266 4301; x_wconf 86' lang='lat' dir='ltr'><strong><em>est,</em></strong></span> <span class='ocrx_word' id='word_1_676' title='bbox 3297 4235 3437 4305; x_wconf 88' lang='lat' dir='ltr'><strong><em>quod</em></strong></span> <span class='ocrx_word' id='word_1_677' title='bbox 3466 4214 3659 4293; x_wconf 83' lang='lat' dir='ltr'><strong><em>domus</em></strong></span> <span class='ocrx_word' id='word_1_678' title='bbox 3696 4253 3809 4293; x_wconf 86' lang='lat' dir='ltr'><strong><em>eum</em></strong></span> <span class='ocrx_word' id='word_1_679' title='bbox 3892 4306 3909 4329; x_wconf 34' lang='grc' dir='ltr'>θ</span> 
     </span>
    </p>
   </div>
   <div class='ocr_carea' id='block_1_84' title="bbox 2247 4317 3811 4402">
    <p class='ocr_par' dir='ltr' id='par_1_84' title="bbox 2247 4317 3811 4402">
     <span class='ocr_line' id='line_1_84' title="bbox 2247 4317 3811 4402; baseline 0.01 -31"><span class='ocrx_word' id='word_1_680' title='bbox 2247 4317 2496 4372; x_wconf 65' lang='lat' dir='ltr'><strong><em>eburnea:</em></strong></span> <span class='ocrx_word' id='word_1_681' title='bbox 2540 4319 2827 4377; x_wconf 86' lang='lat' dir='ltr'><strong><em>delectant.</em></strong></span> <span class='ocrx_word' id='word_1_682' title='bbox 2869 4322 3115 4382; x_wconf 84' lang='lat' dir='ltr'><strong><em>Eburnea</em></strong></span> <span class='ocrx_word' id='word_1_683' title='bbox 3145 4327 3336 4384; x_wconf 82' lang='lat' dir='ltr'><strong><em>domus</em></strong></span> <span class='ocrx_word' id='word_1_684' title='bbox 3378 4338 3461 4385; x_wconf 88' lang='lat' dir='ltr'><strong><em>est</em></strong></span> <span class='ocrx_word' id='word_1_685' title='bbox 3506 4346 3707 4402; x_wconf 88' lang='lat' dir='ltr'><strong><em>corpus</em></strong></span> <span class='ocrx_word' id='word_1_686' title='bbox 3731 4345 3811 4387; x_wconf 84' lang='lat' dir='ltr'><strong><em>ca-</em></strong></span> 
     </span>
    </p>
   </div>
   <div class='ocr_carea' id='block_1_85' title="bbox 2247 4410 3810 4494">
    <p class='ocr_par' dir='ltr' id='par_1_85' title="bbox 2247 4410 3810 4494">
     <span class='ocr_line' id='line_1_85' title="bbox 2247 4410 3810 4494; baseline 0.01 -33"><span class='ocrx_word' id='word_1_687' title='bbox 2247 4415 2406 4474; x_wconf 89' lang='lat' dir='ltr'><strong><em>stum,</em></strong></span> <span class='ocrx_word' id='word_1_688' title='bbox 2436 4410 2489 4463; x_wconf 90' lang='lat' dir='ltr'><strong><em>in</em></strong></span> <span class='ocrx_word' id='word_1_689' title='bbox 2519 4425 2622 4479; x_wconf 87' lang='lat' dir='ltr'><strong><em>qua</em></strong></span> <span class='ocrx_word' id='word_1_690' title='bbox 2654 4414 2795 4469; x_wconf 89' lang='lat' dir='ltr'><strong><em>tinea</em></strong></span> <span class='ocrx_word' id='word_1_691' title='bbox 2823 4431 2930 4471; x_wconf 92' lang='lat' dir='ltr'><strong><em>non</em></strong></span> <span class='ocrx_word' id='word_1_692' title='bbox 2957 4415 3082 4472; x_wconf 81' lang='lat' dir='ltr'><strong><em>facit</em></strong></span> <span class='ocrx_word' id='word_1_693' title='bbox 3103 4419 3262 4475; x_wconf 90' lang='lat' dir='ltr'><strong><em>ullam</em></strong></span> <span class='ocrx_word' id='word_1_694' title='bbox 3291 4421 3563 4478; x_wconf 89' lang='lat' dir='ltr'><strong><em>libidinem</em></strong></span> <span class='ocrx_word' id='word_1_695' title='bbox 3593 4423 3810 4494; x_wconf 84' lang='lat' dir='ltr'><strong><em>peccati.</em></strong></span> 
     </span>
    </p>
   </div>
   <div class='ocr_carea' id='block_1_86' title="bbox 2248 4495 3815 4581">
    <p class='ocr_par' dir='ltr' id='par_1_86' title="bbox 2248 4495 3815 4581">
     <span class='ocr_line' id='line_1_86' title="bbox 2248 4495 3815 4581; baseline 0.01 -29"><span class='ocrx_word' id='word_1_696' title='bbox 2248 4495 2401 4553; x_wconf 91' lang='lat' dir='ltr'><strong><em>Unde</em></strong></span> <span class='ocrx_word' id='word_1_697' title='bbox 2445 4501 2635 4556; x_wconf 73' lang='lat' dir='ltr'><strong><em>animm</em></strong></span> <span class='ocrx_word' id='word_1_698' title='bbox 2680 4503 2892 4574; x_wconf 89' lang='lat' dir='ltr'><strong><em>dicitur,</em></strong></span> <span class='ocrx_word' id='word_1_699' title='bbox 2924 4506 2979 4560; x_wconf 91' lang='lat' dir='ltr'><strong><em>in</em></strong></span> <span class='ocrx_word' id='word_1_700' title='bbox 3017 4510 3169 4578; x_wconf 90' lang='lat' dir='ltr'><strong><em>cujus</em></strong></span> <span class='ocrx_word' id='word_1_701' title='bbox 3204 4518 3472 4581; x_wconf 90' lang='lat' dir='ltr'><strong><em>potestate</em></strong></span> <span class='ocrx_word' id='word_1_702' title='bbox 3517 4511 3705 4569; x_wconf 90' lang='lat' dir='ltr'><strong><em>datum</em></strong></span> <span class='ocrx_word' id='word_1_703' title='bbox 3741 4521 3815 4568; x_wconf 85' lang='lat' dir='ltr'><strong><em>est</em></strong></span> 
     </span>
    </p>
   </div>
   <div class='ocr_carea' id='block_1_87' title="bbox 566 4566 3818 4664">
    <p class='ocr_par' dir='ltr' id='par_1_87' title="bbox 566 4566 3818 4664">
     <span class='ocr_line' id='line_1_87' title="bbox 566 4566 3818 4664; baseline 0.012 -46"><span class='ocrx_word' id='word_1_704' title='bbox 566 4566 737 4664; x_wconf 67' lang='lat' dir='ltr'><strong><em>cedit,</em></strong></span> <span class='ocrx_word' id='word_1_705' title='bbox 857 4578 1047 4664; x_wconf 62' lang='lat' dir='ltr'><strong><em>regum</em></strong></span> <span class='ocrx_word' id='word_1_706' title='bbox 1072 4579 1295 4664; x_wconf 71' lang='lat' dir='ltr'><strong><em>propter</em></strong></span> <span class='ocrx_word' id='word_1_707' title='bbox 1318 4574 1599 4664; x_wconf 83' lang='lat' dir='ltr'><strong><em>veritatem</em></strong></span> <span class='ocrx_word' id='word_1_708' title='bbox 1631 4595 1643 4629; x_wconf 87' lang='lat'><strong>:</strong></span> <span class='ocrx_word' id='word_1_709' title='bbox 1672 4587 1893 4648; x_wconf 88' lang='lat' dir='ltr'><strong><em>propter</em></strong></span> <span class='ocrx_word' id='word_1_710' title='bbox 1917 4580 2056 4636; x_wconf 86' lang='lat' dir='ltr'><strong><em>hanc</em></strong></span> <span class='ocrx_word' id='word_1_711' title='bbox 2078 4583 2150 4639; x_wconf 82' lang='lat' dir='ltr'><strong><em>de</em></strong></span> <span class='ocrx_word' id='word_1_712' title='bbox 2178 4591 2227 4651; x_wconf 86' lang='grc' dir='ltr'><strong>ι)</strong></span> <span class='ocrx_word' id='word_1_713' title='bbox 2251 4600 2445 4658; x_wconf 89' lang='lat' dir='ltr'><strong><em>corpus</em></strong></span> <span class='ocrx_word' id='word_1_714' title='bbox 2475 4607 2487 4641; x_wconf 90' lang='lat'><strong>:</strong></span> <span class='ocrx_word' id='word_1_715' title='bbox 2520 4590 2676 4657; x_wconf 88' lang='lat' dir='ltr'><strong><em>Audi,</em></strong></span> <span class='ocrx_word' id='word_1_716' title='bbox 2710 4591 2836 4661; x_wconf 84' lang='lat' dir='ltr'><strong><em>ﬁlia,</em></strong></span> <span class='ocrx_word' id='word_1_717' title='bbox 2869 4566 2924 4650; x_wconf 80' lang='lat' dir='ltr'><strong><em>et</em></strong></span> <span class='ocrx_word' id='word_1_718' title='bbox 2951 4566 3101 4664; x_wconf 57' lang='lat' dir='ltr'><strong><em>vide:</em></strong></span> <span class='ocrx_word' id='word_1_719' title='bbox 3120 4566 3314 4655; x_wconf 77' lang='lat' dir='ltr'><strong><em>inclina</em></strong></span> <span class='ocrx_word' id='word_1_720' title='bbox 3562 4566 3715 4659; x_wconf 61' lang='lat' dir='ltr'><strong><em>tuam</em></strong></span> 
     </span>
    </p>
   </div>
   <div class='ocr_carea' id='block_1_88' title="bbox 570 4654 2150 4742">
    <p class='ocr_par' dir='ltr' id='par_1_88' title="bbox 570 4654 2150 4742">
     <span class='ocr_line' id='line_1_88' title="bbox 570 4654 2150 4742; baseline 0.011 -31"><span class='ocrx_word' id='word_1_721' title='bbox 570 4654 712 4712; x_wconf 75' lang='lat' dir='ltr'><strong><em>ciete</em></strong></span> <span class='ocrx_word' id='word_1_722' title='bbox 737 4658 1033 4727; x_wconf 56' lang='lat' dir='ltr'><strong><em>ducenda,</em></strong></span> <span class='ocrx_word' id='word_1_723' title='bbox 1060 4662 1191 4730; x_wconf 79' lang='lat' dir='ltr'><strong><em>quia</em></strong></span> <span class='ocrx_word' id='word_1_724' title='bbox 1214 4664 1450 4733; x_wconf 65' lang='lat' dir='ltr'><strong><em>petierat</em></strong></span> <span class='ocrx_word' id='word_1_725' title='bbox 1469 4680 1500 4720; x_wconf 87' lang='lat' dir='ltr'><strong><em>a</em></strong></span> <span class='ocrx_word' id='word_1_726' title='bbox 1522 4663 1650 4722; x_wconf 62' lang='lat' dir='ltr'><strong><em>ﬁliis</em></strong></span> <span class='ocrx_word' id='word_1_727' title='bbox 1674 4668 1950 4725; x_wconf 77' lang='lat' dir='ltr'><strong><em>hominum</em></strong></span> <span class='ocrx_word' id='word_1_728' title='bbox 1981 4689 1993 4724; x_wconf 88' lang='lat'><strong>:</strong></span> <span class='ocrx_word' id='word_1_729' title='bbox 2022 4687 2150 4742; x_wconf 89' lang='lat' dir='ltr'><strong><em>pro-</em></strong></span> 
     </span>
    </p>
   </div>
   <div class='ocr_carea' id='block_1_89' title="bbox 574 4752 2149 4831">
    <p class='ocr_par' dir='ltr' id='par_1_89' title="bbox 574 4752 2149 4831">
     <span class='ocr_line' id='line_1_89' title="bbox 574 4752 2149 4831; baseline 0.012 -28"><span class='ocrx_word' id='word_1_730' title='bbox 574 4757 694 4819; x_wconf 79' lang='lat' dir='ltr'><strong><em>pter</em></strong></span> <span class='ocrx_word' id='word_1_731' title='bbox 718 4752 856 4808; x_wconf 82' lang='lat' dir='ltr'><strong><em>hanc</em></strong></span> <span class='ocrx_word' id='word_1_732' title='bbox 896 4754 1128 4822; x_wconf 69' lang='lat' dir='ltr'><strong><em>praecede</em></strong></span> <span class='ocrx_word' id='word_1_733' title='bbox 1145 4796 1160 4821; x_wconf 97' lang='lat'><strong><em>,</em></strong></span> <span class='ocrx_word' id='word_1_734' title='bbox 1190 4764 1247 4811; x_wconf 89' lang='lat' dir='ltr'><strong><em>et</em></strong></span> <span class='ocrx_word' id='word_1_735' title='bbox 1268 4769 1435 4826; x_wconf 77' lang='lat' dir='ltr'><strong><em>regna</em></strong></span> <span class='ocrx_word' id='word_1_736' title='bbox 1463 4768 1683 4831; x_wconf 66' lang='lat' dir='ltr'><strong><em>propter</em></strong></span> <span class='ocrx_word' id='word_1_737' title='bbox 1707 4763 2009 4819; x_wconf 80' lang='lat' dir='ltr'><strong><em>veritatem.</em></strong></span> <span class='ocrx_word' id='word_1_738' title='bbox 2039 4764 2149 4822; x_wconf 88' lang='lat' dir='ltr'><strong><em>Nec</em></strong></span> 
     </span>
    </p>
   </div>
   <div class='ocr_carea' id='block_1_90' title="bbox 568 4840 2147 4924">
    <p class='ocr_par' dir='ltr' id='par_1_90' title="bbox 568 4840 2147 4924">
     <span class='ocr_line' id='line_1_90' title="bbox 568 4840 2147 4924; baseline 0.011 -29"><span class='ocrx_word' id='word_1_739' title='bbox 568 4840 744 4896; x_wconf 67' lang='lat' dir='ltr'><strong><em>sutum</em></strong></span> <span class='ocrx_word' id='word_1_740' title='bbox 770 4851 992 4914; x_wconf 75' lang='lat' dir='ltr'><strong><em>propter</em></strong></span> <span class='ocrx_word' id='word_1_741' title='bbox 1014 4847 1325 4915; x_wconf 70' lang='lat' dir='ltr'><strong><em>veritatem,</em></strong></span> <span class='ocrx_word' id='word_1_742' title='bbox 1354 4850 1454 4905; x_wconf 85' lang='lat' dir='ltr'><strong><em>sed</em></strong></span> <span class='ocrx_word' id='word_1_743' title='bbox 1485 4859 1545 4907; x_wconf 82' lang='lat' dir='ltr'><strong><em>et</em></strong></span> <span class='ocrx_word' id='word_1_744' title='bbox 1580 4862 1802 4924; x_wconf 80' lang='lat' dir='ltr'><strong><em>propter</em></strong></span> <span class='ocrx_word' id='word_1_745' title='bbox 1838 4865 2147 4913; x_wconf 87' lang='lat' dir='ltr'><strong><em>mansuetu—</em></strong></span> 
     </span>
    </p>
   </div>
   <div class='ocr_carea' id='block_1_91' title="bbox 566 4932 2145 5015">
    <p class='ocr_par' dir='ltr' id='par_1_91' title="bbox 566 4932 2145 5015">
     <span class='ocr_line' id='line_1_91' title="bbox 566 4932 2145 5015; baseline 0.011 -28"><span class='ocrx_word' id='word_1_746' title='bbox 566 4932 772 5001; x_wconf 71' lang='lat' dir='ltr'><strong><em>dinem,</em></strong></span> <span class='ocrx_word' id='word_1_747' title='bbox 800 4944 858 4990; x_wconf 85' lang='lat' dir='ltr'><strong><em>et</em></strong></span> <span class='ocrx_word' id='word_1_748' title='bbox 878 4945 1101 5007; x_wconf 69' lang='lat' dir='ltr'><strong><em>propter</em></strong></span> <span class='ocrx_word' id='word_1_749' title='bbox 1124 4938 1397 5009; x_wconf 68' lang='lat' dir='ltr'><strong><em>justitiam</em></strong></span> <span class='ocrx_word' id='word_1_750' title='bbox 1426 4941 1657 5000; x_wconf 83' lang='lat' dir='ltr'><strong><em>Trinitas</em></strong></span> <span class='ocrx_word' id='word_1_751' title='bbox 1684 4954 1888 5015; x_wconf 85' lang='lat' dir='ltr'><strong><em>regnat.</em></strong></span> <span class='ocrx_word' id='word_1_752' title='bbox 1931 4946 2035 5003; x_wconf 84' lang='lat' dir='ltr'><strong><em>Pro</em></strong></span> <span class='ocrx_word' id='word_1_753' title='bbox 2063 4948 2145 5006; x_wconf 89' lang='lat' dir='ltr'><strong><em>his</em></strong></span> 
     </span>
    </p>
   </div>
   <div class='ocr_carea' id='block_1_92' title="bbox 574 5027 2145 5115">
    <p class='ocr_par' dir='ltr' id='par_1_92' title="bbox 574 5027 2145 5115">
     <span class='ocr_line' id='line_1_92' title="bbox 574 5027 2145 5115; baseline 0.011 -35"><span class='ocrx_word' id='word_1_754' title='bbox 574 5027 742 5083; x_wconf 88' lang='lat' dir='ltr'><strong><em>tribus</em></strong></span> <span class='ocrx_word' id='word_1_755' title='bbox 769 5030 1049 5098; x_wconf 89' lang='lat' dir='ltr'><strong><em>speciebus</em></strong></span> <span class='ocrx_word' id='word_1_756' title='bbox 1070 5032 1124 5087; x_wconf 89' lang='lat' dir='ltr'><strong><em>in</em></strong></span> <span class='ocrx_word' id='word_1_757' title='bbox 1142 5029 1397 5115; x_wconf 65' lang='lat' dir='ltr'><strong><em>Christo,</em></strong></span> <span class='ocrx_word' id='word_1_758' title='bbox 1410 5045 1634 5108; x_wconf 78' lang='lat' dir='ltr'><strong><em>propter</em></strong></span> <span class='ocrx_word' id='word_1_759' title='bbox 1660 5040 1959 5107; x_wconf 88' lang='lat' dir='ltr'><strong><em>veritatem,</em></strong></span> <span class='ocrx_word' id='word_1_760' title='bbox 1984 5039 2145 5096; x_wconf 88' lang='lat' dir='ltr'><strong><em>Pater</em></strong></span> 
     </span>
    </p>
   </div>
   <div class='ocr_carea' id='block_1_93' title="bbox 571 5117 2143 5203">
    <p class='ocr_par' dir='ltr' id='par_1_93' title="bbox 571 5117 2143 5203">
     <span class='ocr_line' id='line_1_93' title="bbox 571 5117 2143 5203; baseline 0.012 -35"><span class='ocrx_word' id='word_1_761' title='bbox 571 5117 812 5173; x_wconf 87' lang='lat' dir='ltr'><strong><em>veritatis</em></strong></span> <span class='ocrx_word' id='word_1_762' title='bbox 840 5125 942 5173; x_wconf 90' lang='lat' dir='ltr'><strong><em>est.</em></strong></span> <span class='ocrx_word' id='word_1_763' title='bbox 976 5118 1204 5191; x_wconf 86' lang='lat' dir='ltr'><strong><em>Propter</em></strong></span> <span class='ocrx_word' id='word_1_764' title='bbox 1222 5126 1679 5182; x_wconf 86' lang='lat' dir='ltr'><strong><em>mansuetudinem</em></strong></span> <span class='ocrx_word' id='word_1_765' title='bbox 1708 5128 1899 5197; x_wconf 86' lang='lat' dir='ltr'><strong><em>Filius,</em></strong></span> <span class='ocrx_word' id='word_1_766' title='bbox 1924 5132 2011 5203; x_wconf 87' lang='lat' dir='ltr'><strong><em>qui</em></strong></span> <span class='ocrx_word' id='word_1_767' title='bbox 2030 5133 2143 5187; x_wconf 74' lang='lat' dir='ltr'><strong><em>exi-</em></strong></span> 
     </span>
    </p>
   </div>
   <div class='ocr_carea' id='block_1_94' title="bbox 570 5208 2142 5293">
    <p class='ocr_par' dir='ltr' id='par_1_94' title="bbox 570 5208 2142 5293">
     <span class='ocr_line' id='line_1_94' title="bbox 570 5208 2142 5293; baseline 0.011 -33"><span class='ocrx_word' id='word_1_768' title='bbox 570 5208 766 5264; x_wconf 88' lang='lat' dir='ltr'><strong><em>nanivit</em></strong></span> <span class='ocrx_word' id='word_1_769' title='bbox 801 5210 1041 5280; x_wconf 86' lang='lat' dir='ltr'><strong><em>seipsum,</em></strong></span> <span class='ocrx_word' id='word_1_770' title='bbox 1073 5217 1127 5265; x_wconf 86' lang='lat' dir='ltr'><strong><em>et</em></strong></span> <span class='ocrx_word' id='word_1_771' title='bbox 1155 5227 1275 5267; x_wconf 91' lang='lat' dir='ltr'><strong><em>cum</em></strong></span> <span class='ocrx_word' id='word_1_772' title='bbox 1311 5224 1453 5270; x_wconf 88' lang='lat' dir='ltr'><strong><em>esset</em></strong></span> <span class='ocrx_word' id='word_1_773' title='bbox 1487 5218 1704 5286; x_wconf 57' lang='lat' dir='ltr'><strong><em>aequalis</em></strong></span> <span class='ocrx_word' id='word_1_774' title='bbox 1732 5216 1895 5286; x_wconf 84' lang='lat' dir='ltr'><strong><em>Patri,</em></strong></span> <span class='ocrx_word' id='word_1_775' title='bbox 1921 5224 2142 5293; x_wconf 77' lang='lat' dir='ltr'><strong><em>formam</em></strong></span> 
     </span>
    </p>
   </div>
   <div class='ocr_carea' id='block_1_95' title="bbox 569 5299 2142 5381">
    <p class='ocr_par' dir='ltr' id='par_1_95' title="bbox 569 5299 2142 5381">
     <span class='ocr_line' id='line_1_95' title="bbox 569 5299 2142 5381; baseline 0.01 -30"><span class='ocrx_word' id='word_1_776' title='bbox 569 5300 700 5353; x_wconf 85' lang='lat' dir='ltr'><strong><em>servi</em></strong></span> <span class='ocrx_word' id='word_1_777' title='bbox 727 5300 947 5370; x_wconf 85' lang='lat' dir='ltr'><strong><em>suscepit</em></strong></span> <span class='ocrx_word' id='word_1_778' title='bbox 968 5299 1132 5371; x_wconf 86' lang='lat' dir='ltr'><strong><em>(Phil.</em></strong></span> <span class='ocrx_word' id='word_1_779' title='bbox 1166 5302 1245 5370; x_wconf 78' lang='grc' dir='ltr'><strong>ιι),</strong></span> <span class='ocrx_word' id='word_1_780' title='bbox 1275 5303 1329 5357; x_wconf 90' lang='lat' dir='ltr'><strong><em>in</em></strong></span> <span class='ocrx_word' id='word_1_781' title='bbox 1357 5320 1462 5373; x_wconf 91' lang='lat' dir='ltr'><strong><em>qua</em></strong></span> <span class='ocrx_word' id='word_1_782' title='bbox 1488 5308 1759 5376; x_wconf 88' lang='lat' dir='ltr'><strong><em>speciosus</em></strong></span> <span class='ocrx_word' id='word_1_783' title='bbox 1792 5313 2055 5381; x_wconf 88' lang='lat' dir='ltr'><strong><em>apparuit,</em></strong></span> <span class='ocrx_word' id='word_1_784' title='bbox 2087 5321 2142 5368; x_wconf 89' lang='lat' dir='ltr'><strong><em>et</em></strong></span> 
     </span>
    </p>
   </div>
   <div class='ocr_carea' id='block_1_96' title="bbox 569 5391 2142 5465">
    <p class='ocr_par' dir='ltr' id='par_1_96' title="bbox 569 5391 2142 5465">
     <span class='ocr_line' id='line_1_96' title="bbox 569 5391 2142 5465; baseline 0.01 -23"><span class='ocrx_word' id='word_1_785' title='bbox 569 5396 787 5459; x_wconf 81' lang='lat' dir='ltr'><strong><em>propter</em></strong></span> <span class='ocrx_word' id='word_1_786' title='bbox 807 5391 1066 5460; x_wconf 78' lang='lat' dir='ltr'><strong><em>justitiam</em></strong></span> <span class='ocrx_word' id='word_1_787' title='bbox 1089 5392 1205 5462; x_wconf 81' lang='lat' dir='ltr'><strong><em>ejus</em></strong></span> <span class='ocrx_word' id='word_1_788' title='bbox 1225 5394 1453 5465; x_wconf 78' lang='lat' dir='ltr'><strong><em>Spiritus</em></strong></span> <span class='ocrx_word' id='word_1_789' title='bbox 1479 5407 1723 5465; x_wconf 82' lang='lat' dir='ltr'><strong><em>sanctus;</em></strong></span> <span class='ocrx_word' id='word_1_790' title='bbox 1745 5403 1823 5457; x_wconf 89' lang='lat' dir='ltr'><strong><em>sic</em></strong></span> <span class='ocrx_word' id='word_1_791' title='bbox 1849 5403 1991 5457; x_wconf 83' lang='lat' dir='ltr'><strong><em>enim</em></strong></span> <span class='ocrx_word' id='word_1_792' title='bbox 2014 5403 2142 5460; x_wconf 87' lang='lat' dir='ltr'><strong><em>dicit</em></strong></span> 
     </span>
    </p>
   </div>
   <div class='ocr_carea' id='block_1_97' title="bbox 568 5478 2140 5562">
    <p class='ocr_par' dir='ltr' id='par_1_97' title="bbox 568 5478 2140 5562">
     <span class='ocr_line' id='line_1_97' title="bbox 568 5478 2140 5562; baseline 0.01 -29"><span class='ocrx_word' id='word_1_793' title='bbox 568 5478 634 5533; x_wconf 79' lang='lat' dir='ltr'><strong><em>ad</em></strong></span> <span class='ocrx_word' id='word_1_794' title='bbox 660 5478 921 5537; x_wconf 76' lang='lat' dir='ltr'><strong><em>Joannem</em></strong></span> <span class='ocrx_word' id='word_1_795' title='bbox 950 5496 1071 5539; x_wconf 74' lang='lat' dir='ltr'><strong><em>om</em></strong></span> <span class='ocrx_word' id='word_1_796' title='bbox 1099 5485 1491 5556; x_wconf 82' lang='lat' dir='ltr'><strong><em>baptizaretur,</em></strong></span> <span class='ocrx_word' id='word_1_797' title='bbox 1522 5489 1612 5544; x_wconf 75' lang='lat' dir='ltr'><strong><em>Sic</em></strong></span> <span class='ocrx_word' id='word_1_798' title='bbox 1638 5492 1779 5545; x_wconf 82' lang='lat' dir='ltr'><strong><em>decet</em></strong></span> <span class='ocrx_word' id='word_1_799' title='bbox 1810 5509 1906 5547; x_wconf 74' lang='lat' dir='ltr'><strong><em>nos</em></strong></span> <span class='ocrx_word' id='word_1_800' title='bbox 1928 5494 2140 5562; x_wconf 85' lang='lat' dir='ltr'><strong><em>implere</em></strong></span> 
     </span>
    </p>
   </div>
   <div class='ocr_carea' id='block_1_98' title="bbox 560 5573 2141 5651">
    <p class='ocr_par' dir='ltr' id='par_1_98' title="bbox 560 5573 2141 5651">
     <span class='ocr_line' id='line_1_98' title="bbox 560 5573 2141 5651; baseline 0.011 -29"><span class='ocrx_word' id='word_1_801' title='bbox 560 5583 769 5625; x_wconf 70' lang='lat' dir='ltr'><strong><em>metu</em></strong></span> <span class='ocrx_word' id='word_1_802' title='bbox 788 5573 1042 5641; x_wconf 77' lang='lat' dir='ltr'><strong><em>justitiam</em></strong></span> <span class='ocrx_word' id='word_1_803' title='bbox 1064 5574 1276 5645; x_wconf 67' lang='lat' dir='ltr'><strong><em>(Matth.</em></strong></span> <span class='ocrx_word' id='word_1_804' title='bbox 1307 5579 1406 5650; x_wconf 88' lang='grc' dir='ltr'><strong>ιιι).</strong></span> <span class='ocrx_word' id='word_1_805' title='bbox 1439 5578 1507 5633; x_wconf 88' lang='lat' dir='ltr'><strong><em>Et</em></strong></span> <span class='ocrx_word' id='word_1_806' title='bbox 1522 5580 1607 5635; x_wconf 85' lang='lat' dir='ltr'><strong><em>his</em></strong></span> <span class='ocrx_word' id='word_1_807' title='bbox 1632 5582 1791 5637; x_wconf 86' lang='lat' dir='ltr'><strong><em>dictis</em></strong></span> <span class='ocrx_word' id='word_1_808' title='bbox 1819 5584 1989 5651; x_wconf 89' lang='lat' dir='ltr'><strong><em>aperti</em></strong></span> <span class='ocrx_word' id='word_1_809' title='bbox 2017 5593 2141 5639; x_wconf 89' lang='lat' dir='ltr'><strong><em>sunt</em></strong></span> 
     </span>
    </p>
   </div>
   <div class='ocr_carea' id='block_1_99' title="bbox 563 5658 2143 5742">
    <p class='ocr_par' dir='ltr' id='par_1_99' title="bbox 563 5658 2143 5742">
     <span class='ocr_line' id='line_1_99' title="bbox 563 5658 2143 5742; baseline 0.011 -31"><span class='ocrx_word' id='word_1_810' title='bbox 563 5658 711 5726; x_wconf 67' lang='lat' dir='ltr'><strong><em>culi,</em></strong></span> <span class='ocrx_word' id='word_1_811' title='bbox 736 5669 798 5714; x_wconf 84' lang='lat' dir='ltr'><strong><em>et</em></strong></span> <span class='ocrx_word' id='word_1_812' title='bbox 816 5662 875 5716; x_wconf 73' lang='lat' dir='ltr'><strong><em>in</em></strong></span> <span class='ocrx_word' id='word_1_813' title='bbox 894 5666 1077 5732; x_wconf 72' lang='lat' dir='ltr'><strong><em>specie</em></strong></span> <span class='ocrx_word' id='word_1_814' title='bbox 1097 5667 1355 5724; x_wconf 70' lang='lat' dir='ltr'><strong><em>coluuibaa</em></strong></span> <span class='ocrx_word' id='word_1_815' title='bbox 1377 5671 1523 5724; x_wconf 84' lang='lat' dir='ltr'><strong><em>venit</em></strong></span> <span class='ocrx_word' id='word_1_816' title='bbox 1543 5671 1597 5725; x_wconf 90' lang='lat' dir='ltr'><strong><em>in</em></strong></span> <span class='ocrx_word' id='word_1_817' title='bbox 1622 5687 1744 5725; x_wconf 90' lang='lat' dir='ltr'><strong><em>eum</em></strong></span> <span class='ocrx_word' id='word_1_818' title='bbox 1764 5672 1997 5742; x_wconf 88' lang='lat' dir='ltr'><strong><em>Spiritus</em></strong></span> <span class='ocrx_word' id='word_1_819' title='bbox 2014 5689 2143 5729; x_wconf 90' lang='lat' dir='ltr'><strong><em>san-</em></strong></span> 
     </span>
    </p>
   </div>
   <div class='ocr_carea' id='block_1_100' title="bbox 561 5747 2141 5835">
    <p class='ocr_par' dir='ltr' id='par_1_100' title="bbox 561 5747 2141 5835">
     <span class='ocr_line' id='line_1_100' title="bbox 561 5747 2141 5835; baseline 0.011 -31"><span class='ocrx_word' id='word_1_820' title='bbox 561 5753 711 5804; x_wconf 63' lang='grc' dir='ltr'><strong><em>αι.</em></strong></span> <span class='ocrx_word' id='word_1_821' title='bbox 732 5747 863 5807; x_wconf 62' lang='grc' dir='ltr'><strong>Μ</strong></span> <span class='ocrx_word' id='word_1_822' title='bbox 886 5752 1003 5810; x_wconf 67' lang='lat' dir='ltr'><strong><em>hac</em></strong></span> <span class='ocrx_word' id='word_1_823' title='bbox 1016 5754 1247 5813; x_wconf 69' lang='lat' dir='ltr'><strong><em>deduxit</em></strong></span> <span class='ocrx_word' id='word_1_824' title='bbox 1262 5759 1391 5816; x_wconf 77' lang='lat' dir='ltr'><strong><em>cum</em></strong></span> <span class='ocrx_word' id='word_1_825' title='bbox 1414 5761 1731 5818; x_wconf 68' lang='lat' dir='ltr'><strong><em>mirabilitm&#39;</em></strong></span> <span class='ocrx_word' id='word_1_826' title='bbox 1756 5762 1978 5819; x_wconf 78' lang='lat' dir='ltr'><strong><em>dextera</em></strong></span> <span class='ocrx_word' id='word_1_827' title='bbox 1999 5764 2141 5835; x_wconf 84' lang='lat' dir='ltr'><strong><em>ejus,</em></strong></span> 
     </span>
    </p>
   </div>
   <div class='ocr_carea' id='block_1_101' title="bbox 2246 4678 3819 4767">
    <p class='ocr_par' dir='ltr' id='par_1_101' title="bbox 2246 4678 3819 4767">
     <span class='ocr_line' id='line_1_101' title="bbox 2246 4678 3819 4767; baseline 0.012 -35"><span class='ocrx_word' id='word_1_828' title='bbox 2246 4678 2443 4745; x_wconf 89' lang='lat' dir='ltr'><strong><em>verbis,</em></strong></span> <span class='ocrx_word' id='word_1_829' title='bbox 2475 4688 2531 4735; x_wconf 88' lang='lat' dir='ltr'><strong><em>ut</em></strong></span> <span class='ocrx_word' id='word_1_830' title='bbox 2559 4682 2888 4741; x_wconf 88' lang='lat' dir='ltr'><strong><em>obliviscaris</em></strong></span> <span class='ocrx_word' id='word_1_831' title='bbox 2912 4689 3186 4757; x_wconf 91' lang='lat' dir='ltr'><strong><em>populum,</em></strong></span> <span class='ocrx_word' id='word_1_832' title='bbox 3218 4690 3270 4746; x_wconf 90' lang='lat' dir='ltr'><strong><em>id</em></strong></span> <span class='ocrx_word' id='word_1_833' title='bbox 3297 4700 3397 4758; x_wconf 89' lang='lat' dir='ltr'><strong><em>est,</em></strong></span> <span class='ocrx_word' id='word_1_834' title='bbox 3427 4696 3677 4765; x_wconf 83' lang='lat' dir='ltr'><strong><em>exempla</em></strong></span> <span class='ocrx_word' id='word_1_835' title='bbox 3701 4710 3819 4767; x_wconf 89' lang='lat' dir='ltr'><strong><em>pec-</em></strong></span> 
     </span>
    </p>
   </div>
   <div class='ocr_carea' id='block_1_102' title="bbox 2249 4773 3819 4850">
    <p class='ocr_par' dir='ltr' id='par_1_102' title="bbox 2249 4773 3819 4850">
     <span class='ocr_line' id='line_1_102' title="bbox 2249 4773 3819 4850; baseline 0.013 -26"><span class='ocrx_word' id='word_1_836' title='bbox 2249 4773 2501 4836; x_wconf 89' lang='lat' dir='ltr'><strong><em>cantium,</em></strong></span> <span class='ocrx_word' id='word_1_837' title='bbox 2549 4782 2603 4828; x_wconf 89' lang='lat' dir='ltr'><strong><em>et</em></strong></span> <span class='ocrx_word' id='word_1_838' title='bbox 2641 4776 2858 4832; x_wconf 87' lang='lat' dir='ltr'><strong><em>domum</em></strong></span> <span class='ocrx_word' id='word_1_839' title='bbox 2903 4780 3071 4850; x_wconf 87' lang='lat' dir='ltr'><strong><em>patris</em></strong></span> <span class='ocrx_word' id='word_1_840' title='bbox 3102 4783 3205 4846; x_wconf 91' lang='lat' dir='ltr'><strong><em>tui,</em></strong></span> <span class='ocrx_word' id='word_1_841' title='bbox 3240 4782 3291 4838; x_wconf 92' lang='lat' dir='ltr'><strong><em>id</em></strong></span> <span class='ocrx_word' id='word_1_842' title='bbox 3326 4793 3434 4850; x_wconf 89' lang='lat' dir='ltr'><strong><em>est,</em></strong></span> <span class='ocrx_word' id='word_1_843' title='bbox 3465 4785 3819 4844; x_wconf 86' lang='lat' dir='ltr'><strong><em>imitationem</em></strong></span> 
     </span>
    </p>
   </div>
   <div class='ocr_carea' id='block_1_103' title="bbox 2248 4860 3819 4947">
    <p class='ocr_par' dir='ltr' id='par_1_103' title="bbox 2248 4860 3819 4947">
     <span class='ocr_line' id='line_1_103' title="bbox 2248 4860 3819 4947; baseline 0.013 -33"><span class='ocrx_word' id='word_1_844' title='bbox 2248 4860 2375 4916; x_wconf 67' lang='lat' dir='ltr'><strong><em>Adae</em></strong></span> <span class='ocrx_word' id='word_1_845' title='bbox 2402 4864 2573 4933; x_wconf 88' lang='lat' dir='ltr'><strong><em>patris</em></strong></span> <span class='ocrx_word' id='word_1_846' title='bbox 2601 4866 2677 4920; x_wconf 89' lang='lat' dir='ltr'><strong><em>tui</em></strong></span> <span class='ocrx_word' id='word_1_847' title='bbox 2719 4869 3010 4925; x_wconf 90' lang='lat' dir='ltr'><strong><em>secundum</em></strong></span> <span class='ocrx_word' id='word_1_848' title='bbox 3039 4888 3274 4929; x_wconf 89' lang='lat' dir='ltr'><strong><em>carnem.</em></strong></span> <span class='ocrx_word' id='word_1_849' title='bbox 3307 4874 3482 4942; x_wconf 89' lang='lat' dir='ltr'><strong><em>Quare</em></strong></span> <span class='ocrx_word' id='word_1_850' title='bbox 3518 4877 3664 4935; x_wconf 80' lang='lat' dir='ltr'><strong><em>hoc?</em></strong></span> <span class='ocrx_word' id='word_1_851' title='bbox 3692 4879 3819 4947; x_wconf 87' lang='lat' dir='ltr'><strong><em>Quia</em></strong></span> 
     </span>
    </p>
   </div>
   <div class='ocr_carea' id='block_1_104' title="bbox 2246 4952 3824 5031">
    <p class='ocr_par' dir='ltr' id='par_1_104' title="bbox 2246 4952 3824 5031">
     <span class='ocr_line' id='line_1_104' title="bbox 2246 4952 3824 5031; baseline 0.011 -26"><span class='ocrx_word' id='word_1_852' title='bbox 2246 4952 2552 5023; x_wconf 67' lang='lat' dir='ltr'><strong><em>concupivit</em></strong></span> <span class='ocrx_word' id='word_1_853' title='bbox 2590 4970 2690 5015; x_wconf 79' lang='lat' dir='ltr'><strong><em>rex</em></strong></span> <span class='ocrx_word' id='word_1_854' title='bbox 2735 4956 2987 5015; x_wconf 89' lang='lat' dir='ltr'><strong><em>decorem</em></strong></span> <span class='ocrx_word' id='word_1_855' title='bbox 3031 4970 3196 5017; x_wconf 89' lang='lat' dir='ltr'><strong><em>tuum.</em></strong></span> <span class='ocrx_word' id='word_1_856' title='bbox 3247 4963 3377 5031; x_wconf 88' lang='lat' dir='ltr'><strong><em>Quis</em></strong></span> <span class='ocrx_word' id='word_1_857' title='bbox 3423 4966 3525 5023; x_wconf 88' lang='lat' dir='ltr'><strong><em>iste</em></strong></span> <span class='ocrx_word' id='word_1_858' title='bbox 3563 4984 3664 5024; x_wconf 81' lang='lat' dir='ltr'><strong><em>rex</em></strong></span> <span class='ocrx_word' id='word_1_859' title='bbox 3713 4969 3824 5025; x_wconf 84' lang='lat' dir='ltr'><strong><em>est?</em></strong></span> 
     </span>
    </p>
   </div>
   <div class='ocr_carea' id='block_1_105' title="bbox 2234 5040 3824 5127">
    <p class='ocr_par' dir='ltr' id='par_1_105' title="bbox 2234 5040 3824 5127">
     <span class='ocr_line' id='line_1_105' title="bbox 2234 5040 3824 5127; baseline 0.01 -29"><span class='ocrx_word' id='word_1_860' title='bbox 2234 5040 2415 5110; x_wconf 76' lang='lat' dir='ltr'><strong><em>Quem</em></strong></span> <span class='ocrx_word' id='word_1_861' title='bbox 2460 5044 2702 5112; x_wconf 88' lang='lat' dir='ltr'><strong><em>adorant,</em></strong></span> <span class='ocrx_word' id='word_1_862' title='bbox 2743 5049 2933 5119; x_wconf 88' lang='lat' dir='ltr'><strong><em>inquit,</em></strong></span> <span class='ocrx_word' id='word_1_863' title='bbox 2977 5050 3095 5107; x_wconf 81' lang='lat' dir='ltr'><strong><em>ﬁliae</em></strong></span> <span class='ocrx_word' id='word_1_864' title='bbox 3128 5052 3348 5127; x_wconf 75' lang='lat' dir='ltr'><strong><em>&#39;Tyri’in</em></strong></span> <span class='ocrx_word' id='word_1_865' title='bbox 3387 5060 3727 5116; x_wconf 87' lang='lat' dir='ltr'><strong><em>muneribus.</em></strong></span> <span class='ocrx_word' id='word_1_866' title='bbox 3769 5059 3824 5114; x_wconf 89' lang='lat' dir='ltr'><strong><em>Si</em></strong></span> 
     </span>
    </p>
   </div>
   <div class='ocr_carea' id='block_1_106' title="bbox 2245 5134 3825 5210">
    <p class='ocr_par' dir='ltr' id='par_1_106' title="bbox 2245 5134 3825 5210">
     <span class='ocr_line' id='line_1_106' title="bbox 2245 5134 3825 5210; baseline 0.013 -23"><span class='ocrx_word' id='word_1_867' title='bbox 2245 5135 2384 5189; x_wconf 89' lang='lat' dir='ltr'><strong><em>enim</em></strong></span> <span class='ocrx_word' id='word_1_868' title='bbox 2431 5134 2628 5208; x_wconf 88' lang='lat' dir='ltr'><strong><em>Tyrus,</em></strong></span> <span class='ocrx_word' id='word_1_869' title='bbox 2658 5140 2776 5208; x_wconf 73' lang='lat' dir='ltr'><strong><em>quin</em></strong></span> <span class='ocrx_word' id='word_1_870' title='bbox 2812 5144 3234 5210; x_wconf 88' lang='lat' dir='ltr'><strong><em>superstitiosior</em></strong></span> <span class='ocrx_word' id='word_1_871' title='bbox 3271 5148 3478 5203; x_wconf 66' lang='lat' dir='ltr'><strong><em>caeteris</em></strong></span> <span class='ocrx_word' id='word_1_872' title='bbox 3513 5151 3825 5209; x_wconf 86' lang='lat' dir='ltr'><strong><em>civitatibus</em></strong></span> 
     </span>
    </p>
   </div>
   <div class='ocr_carea' id='block_1_107' title="bbox 2243 5225 3823 5298">
    <p class='ocr_par' dir='ltr' id='par_1_107' title="bbox 2243 5225 3823 5298">
     <span class='ocr_line' id='line_1_107' title="bbox 2243 5225 3823 5298; baseline 0.013 -20"><span class='ocrx_word' id='word_1_873' title='bbox 2243 5238 2456 5295; x_wconf 82' lang='lat' dir='ltr'><strong><em>semper</em></strong></span> <span class='ocrx_word' id='word_1_874' title='bbox 2482 5225 2598 5294; x_wconf 79' lang='lat' dir='ltr'><strong><em>fuit,</em></strong></span> <span class='ocrx_word' id='word_1_875' title='bbox 2629 5228 2721 5283; x_wconf 89' lang='lat' dir='ltr'><strong><em>dat</em></strong></span> <span class='ocrx_word' id='word_1_876' title='bbox 2746 5231 3032 5289; x_wconf 87' lang='lat' dir='ltr'><strong><em>adorantes</em></strong></span> <span class='ocrx_word' id='word_1_877' title='bbox 3060 5236 3267 5292; x_wconf 87' lang='lat' dir='ltr'><strong><em>animas</em></strong></span> <span class='ocrx_word' id='word_1_878' title='bbox 3310 5235 3557 5296; x_wconf 66' lang='lat' dir='ltr'><strong><em>Christo.</em></strong></span> <span class='ocrx_word' id='word_1_879' title='bbox 3607 5250 3667 5296; x_wconf 91' lang='lat' dir='ltr'><strong><em>et</em></strong></span> <span class='ocrx_word' id='word_1_880' title='bbox 3704 5257 3823 5298; x_wconf 85' lang='lat' dir='ltr'><strong><em>mu-</em></strong></span> 
     </span>
    </p>
   </div>
   <div class='ocr_carea' id='block_1_108' title="bbox 2242 5316 3826 5400">
    <p class='ocr_par' dir='ltr' id='par_1_108' title="bbox 2242 5316 3826 5400">
     <span class='ocr_line' id='line_1_108' title="bbox 2242 5316 3826 5400; baseline 0.011 -30"><span class='ocrx_word' id='word_1_881' title='bbox 2242 5331 2371 5371; x_wconf 89' lang='lat' dir='ltr'><strong><em>nera</em></strong></span> <span class='ocrx_word' id='word_1_882' title='bbox 2400 5316 2706 5389; x_wconf 76' lang='lat' dir='ltr'><strong><em>oﬂ&#39;erentes,</em></strong></span> <span class='ocrx_word' id='word_1_883' title='bbox 2733 5316 3131 5400; x_wconf 78' lang='lat' dir='ltr'><strong><em>quaiitomagis</em></strong></span> <span class='ocrx_word' id='word_1_884' title='bbox 3159 5328 3360 5383; x_wconf 87' lang='lat' dir='ltr'><strong><em>vultum</em></strong></span> <span class='ocrx_word' id='word_1_885' title='bbox 3384 5329 3500 5399; x_wconf 90' lang='lat' dir='ltr'><strong><em>ejus</em></strong></span> <span class='ocrx_word' id='word_1_886' title='bbox 3518 5334 3826 5389; x_wconf 83' lang='lat' dir='ltr'><strong><em>adorabunt</em></strong></span> 
     </span>
    </p>
   </div>
   <div class='ocr_carea' id='block_1_109' title="bbox 2245 5411 3825 5496">
    <p class='ocr_par' dir='ltr' id='par_1_109' title="bbox 2245 5411 3825 5496">
     <span class='ocr_line' id='line_1_109' title="bbox 2245 5411 3825 5496; baseline 0.012 -34"><span class='ocrx_word' id='word_1_887' title='bbox 2245 5424 2432 5466; x_wconf 87' lang='lat' dir='ltr'><strong><em>omnes</em></strong></span> <span class='ocrx_word' id='word_1_888' title='bbox 2452 5411 2642 5469; x_wconf 90' lang='lat' dir='ltr'><strong><em>divites</em></strong></span> <span class='ocrx_word' id='word_1_889' title='bbox 2665 5415 2872 5485; x_wconf 88' lang='lat' dir='ltr'><strong><em>plebis?</em></strong></span> <span class='ocrx_word' id='word_1_890' title='bbox 2898 5417 3041 5475; x_wconf 88' lang='lat' dir='ltr'><strong><em>Sane</em></strong></span> <span class='ocrx_word' id='word_1_891' title='bbox 3067 5421 3293 5490; x_wconf 88' lang='lat' dir='ltr'><strong><em>gloriam</em></strong></span> <span class='ocrx_word' id='word_1_892' title='bbox 3320 5437 3533 5478; x_wconf 89' lang='lat' dir='ltr'><strong><em>omnem</em></strong></span> <span class='ocrx_word' id='word_1_893' title='bbox 3572 5440 3744 5496; x_wconf 81' lang='lat' dir='ltr'><strong><em>quam</em></strong></span> <span class='ocrx_word' id='word_1_894' title='bbox 3766 5427 3825 5481; x_wconf 86' lang='lat' dir='ltr'><strong><em>in</em></strong></span> 
     </span>
    </p>
   </div>
   <div class='ocr_carea' id='block_1_110' title="bbox 2245 5501 3826 5572">
    <p class='ocr_par' dir='ltr' id='par_1_110' title="bbox 2245 5501 3826 5572">
     <span class='ocr_line' id='line_1_110' title="bbox 2245 5501 3826 5572; baseline 0.013 -20"><span class='ocrx_word' id='word_1_895' title='bbox 2245 5501 2467 5566; x_wconf 86' lang='lat' dir='ltr'><strong><em>gemmis</em></strong></span> <span class='ocrx_word' id='word_1_896' title='bbox 2494 5503 2689 5572; x_wconf 72' lang='lat' dir='ltr'><strong><em>regium</em></strong></span> <span class='ocrx_word' id='word_1_897' title='bbox 2732 5506 3111 5566; x_wconf 76' lang='lat' dir='ltr'><strong><em>circumferunt</em></strong></span> <span class='ocrx_word' id='word_1_898' title='bbox 3156 5510 3485 5570; x_wconf 77' lang='lat' dir='ltr'><strong><em>extrinsecus</em></strong></span> <span class='ocrx_word' id='word_1_899' title='bbox 3531 5515 3601 5569; x_wconf 88' lang='lat' dir='ltr'><strong><em>ad</em></strong></span> <span class='ocrx_word' id='word_1_900' title='bbox 3630 5516 3826 5572; x_wconf 89' lang='lat' dir='ltr'><strong><em>viden-</em></strong></span> 
     </span>
    </p>
   </div>
   <div class='ocr_carea' id='block_1_111' title="bbox 2246 5588 3828 5675">
    <p class='ocr_par' dir='ltr' id='par_1_111' title="bbox 2246 5588 3828 5675">
     <span class='ocr_line' id='line_1_111' title="bbox 2246 5588 3828 5675; baseline 0.011 -32"><span class='ocrx_word' id='word_1_901' title='bbox 2246 5588 2372 5643; x_wconf 91' lang='lat' dir='ltr'><strong><em>dum</em></strong></span> <span class='ocrx_word' id='word_1_902' title='bbox 2417 5591 2737 5660; x_wconf 88' lang='lat' dir='ltr'><strong><em>hominibus,</em></strong></span> <span class='ocrx_word' id='word_1_903' title='bbox 2780 5598 2867 5654; x_wconf 88' lang='lat' dir='ltr'><strong><em>hic</em></strong></span> <span class='ocrx_word' id='word_1_904' title='bbox 2907 5615 3122 5657; x_wconf 89' lang='lat' dir='ltr'><strong><em>omnem</em></strong></span> <span class='ocrx_word' id='word_1_905' title='bbox 3144 5602 3369 5671; x_wconf 86' lang='lat' dir='ltr'><strong><em>gloriam</em></strong></span> <span class='ocrx_word' id='word_1_906' title='bbox 3417 5603 3537 5659; x_wconf 74' lang='lat' dir='ltr'><strong><em>ﬁlim</em></strong></span> <span class='ocrx_word' id='word_1_907' title='bbox 3577 5607 3733 5675; x_wconf 87' lang='lat' dir='ltr'><strong><em>regis</em></strong></span> <span class='ocrx_word' id='word_1_908' title='bbox 3760 5604 3828 5661; x_wconf 89' lang='lat' dir='ltr'><strong><em>ab</em></strong></span> 
     </span>
    </p>
   </div>
   <div class='ocr_carea' id='block_1_112' title="bbox 2246 5680 3831 5771">
    <p class='ocr_par' dir='ltr' id='par_1_112' title="bbox 2246 5680 3831 5771">
     <span class='ocr_line' id='line_1_112' title="bbox 2246 5680 3831 5771; baseline 0.013 -36"><span class='ocrx_word' id='word_1_909' title='bbox 2246 5680 2389 5738; x_wconf 88' lang='lat' dir='ltr'><strong><em>intus</em></strong></span> <span class='ocrx_word' id='word_1_910' title='bbox 2417 5698 2534 5740; x_wconf 90' lang='lat' dir='ltr'><strong><em>esse</em></strong></span> <span class='ocrx_word' id='word_1_911' title='bbox 2569 5689 2685 5742; x_wconf 87' lang='lat' dir='ltr'><strong><em>vult</em></strong></span> <span class='ocrx_word' id='word_1_912' title='bbox 2722 5689 2775 5744; x_wconf 91' lang='lat' dir='ltr'><strong><em>in</em></strong></span> <span class='ocrx_word' id='word_1_913' title='bbox 2796 5694 3166 5760; x_wconf 87' lang='lat' dir='ltr'><strong><em>penetralibus</em></strong></span> <span class='ocrx_word' id='word_1_914' title='bbox 3192 5697 3406 5771; x_wconf 88' lang='lat' dir='ltr'><strong><em>mentis,</em></strong></span> <span class='ocrx_word' id='word_1_915' title='bbox 3439 5696 3511 5753; x_wconf 89' lang='lat' dir='ltr'><strong><em>ibi</em></strong></span> <span class='ocrx_word' id='word_1_916' title='bbox 3553 5712 3684 5753; x_wconf 89' lang='lat' dir='ltr'><strong><em>eam</em></strong></span> <span class='ocrx_word' id='word_1_917' title='bbox 3712 5698 3831 5755; x_wconf 88' lang='lat' dir='ltr'><strong><em>vult</em></strong></span> 
     </span>
    </p>
   </div>
   <div class='ocr_carea' id='block_1_113' title="bbox 2250 5772 3833 5848">
    <p class='ocr_par' dir='ltr' id='par_1_113' title="bbox 2250 5772 3833 5848">
     <span class='ocr_line' id='line_1_113' title="bbox 2250 5772 3833 5848; baseline 0.013 -21"><span class='ocrx_word' id='word_1_918' title='bbox 2250 5772 2305 5827; x_wconf 89' lang='lat' dir='ltr'><strong><em>in</em></strong></span> <span class='ocrx_word' id='word_1_919' title='bbox 2350 5773 2571 5835; x_wconf 80' lang='lat' dir='ltr'><strong><em>ﬁmbriis</em></strong></span> <span class='ocrx_word' id='word_1_920' title='bbox 2625 5781 2802 5837; x_wconf 87' lang='lat' dir='ltr'><strong><em>aureis</em></strong></span> <span class='ocrx_word' id='word_1_921' title='bbox 2855 5781 3173 5843; x_wconf 71' lang='lat' dir='ltr'><strong><em>circumdari</em></strong></span> <span class='ocrx_word' id='word_1_922' title='bbox 3223 5787 3481 5848; x_wconf 86' lang='lat' dir='ltr'><strong><em>varietate</em></strong></span> <span class='ocrx_word' id='word_1_923' title='bbox 3532 5787 3833 5848; x_wconf 66' lang='lat' dir='ltr'><strong><em>virtutium</em></strong></span> 
     </span>
    </p>
   </div>
  </div>
