4108 6348
217 561 237 612 ἓ

285 302 398 362 389

1187 253 1659 362 COMMENTARII
1697 301 1762 358 ΙΝ
1801 301 2129 359 ΡΒΑωίοδ.
2173 301 2362 358 PSAL.
2407 303 2607 360 XLVII.

288 425 446 480 Tunc
468 421 810 496 adducentur
834 422 1098 492 virgines,
1129 421 1437 495 incorrupta
1479 425 1638 490 lides,
1669 423 1876 494 patien-
1905 427 1952 484 Α
1979 436 2166 475 eorum
2193 428 2510 486 conteram,
2541 429 2598 475 et
2638 433 2788 474 arma
2833 435 3020 478 eorum
3065 423 3419 495 confringant.

287 518 384 584 tia,
419 516 724 586 prudentia,
756 525 810 571 et
838 517 1093 588 proxima:
1121 532 1305 572 earum
1335 518 1662 573 adducentur
1700 517 1754 571 in
1785 516 1876 571 la:-

227 608 235 683 ξ
281 608 463 662 titiam
492 615 547 663 et
567 608 974 664 exsultationem
994 647 1008 672 ,
1034 616 1092 663 ut
1121 608 1321 665 intrent
1348 609 1402 662 in
1432 609 1690 678 templum
1716 609 1875 677 regis.

284 700 393 757 Ubi
423 716 522 771 pro
549 700 830 756 duodecim
863 702 1182 772 patriarchis
1211 702 1322 756 nati
1360 711 1486 757 sunt
1512 701 1626 757 Deo
1654 700 1744 756 ﬁlii
1786 700 1876 756 alii

283 792 571 848 duodecim
594 832 608 858 ,
659 807 794 862 quos
839 793 1117 848 constituit
1164 785 1452 864 principes‘
1475 793 1629 850 Iesus
1652 833 1667 860 ,
1717 807 1878 864 super

281 900 507 940 ommm
537 891 733 940 terram
763 901 1033 941 memores
1063 887 1294 941 nominis
1328 888 1408 941 sui
1439 888 1494 942 in
1521 889 1666 942 omni
1693 895 1870 956 gente,

282 989 410 1030 cum
441 976 519 1030 eis
543 975 772 1042 diceret,
797 975 1072 1047 Baptisate
1099 994 1273 1032 omnes
1305 987 1479 1050 gentes
1511 978 1702 1051 (Marc.
1736 979 1869 1049 xvi).

283 1065 583 1138 Propterea
623 1069 807 1140 populi
836 1069 1162 1125 conﬁtentur
1186 1070 1300 1127 Deo
1339 1073 1392 1126 in
1419 1080 1708 1139 aeternum,
1736 1082 1789 1128 et
1819 1073 1872 1128 in

281 1159 468 1214 omnia
496 1159 687 1214 saecula
710 1159 1046 1215 saeculorum.
1072 1160 1262 1216 Amen.

824 1293 1046 1350 PSALM
1055 1295 1136 1351 US
1173 1295 1334 1352 XLV.

585 1411 643 1467 in
671 1411 834 1469 ﬁnem
862 1413 984 1469 ﬁliis
1011 1415 1188 1471 Chore
1208 1431 1308 1486 pro
1335 1415 1564 1471 arcanis.

355 1522 495 1578 Deus
523 1533 695 1580 noster
721 1527 974 1598 refugium
1003 1538 1053 1581 et
1078 1530 1236 1582 virtus
1254 1567 1270 1593 ,
1300 1527 1511 1599 adjutor
1556 1529 1610 1581 in
1648 1527 1869 1580 tribula-

1979 518 2083 574 boc
2111 518 2346 573 faciunt?
2374 520 2467 588 qui
2497 529 2690 574 vacant
2717 522 2787 577 ab
2821 521 3068 576 omnibus
3095 519 3276 575 mundi
3317 519 3478 587 curis,
3508 529 3564 575 et
3642 549 3650 560 --

1979 593 2177 666 vident.
2181 613 2438 681 quoniam
2469 613 2587 682 ipse
2613 623 2696 668 est
2717 612 2859 669 Deus
2884 614 2976 686 qui
3001 621 3225 684 negatur
3243 629 3275 668 ιι
3292 613 3560 682 gentibus,

1977 705 2070 780 qui
2099 720 2128 758 a
2156 703 2354 760 Iudicis
2381 705 2729 774 cruciﬁgitur,
2759 706 2846 761 hic
2883 717 3128 763 nostrum
3161 705 3444 776 refugium,
3475 705 3562 760 hic
3642 697 3654 767 ἱ

1978 805 2164 851 nostra
2192 797 2380 862 virtus,
2413 797 2500 852 hic
2527 805 2712 852 noster
2737 797 2970 866 adjutor,
3002 799 3091 854 hic
3116 797 3259 854 Deus
3284 798 3579 862 virtutum,-

1978 891 2068 946 hic
2108 900 2388 961 susceptor
2433 900 2617 945 noster
2643 899 2744 956 est,
2785 891 2877 959 qui
2907 899 2989 945 est
3011 893 3174 946 etiam
3214 889 3356 946 Deus
3398 888 3562 945 Jacob

1977 996 2208 1051 regnans
2235 999 2356 1038 cum
2385 980 2546 1037 Patre
2574 991 2629 1037 et
2652 981 2853 1052 Spiritu
2881 990 3070 1037 sancto
3092 999 3235 1038 nunc
3255 989 3309 1038 et
3329 997 3560 1052 semper,

1977 1080 2035 1129 et
2053 1073 2105 1129 in
2136 1075 2315 1130 omnia
2336 1074 2530 1130 saacula
2559 1075 2894 1128 seculorum.
2930 1072 3120 1128 Amen.

2497 1205 2813 1264 PSALMUS
2851 1205 3034 1264 XLVI.

2153 1321 2212 1376 in
2239 1320 2398 1376 ﬁnem
2425 1337 2524 1393 pro
2555 1323 2677 1376 iiliis
2701 1320 2898 1388 Chore,
2930 1320 3166 1392 psalmus
3188 1318 3374 1374 David.

2049 1433 2244 1489 Omnes
2272 1446 2444 1507 gentes
2466 1436 2695 1506 plaudite
2713 1434 2970 1501 manibus,
2993 1434 3214 1504 jubilate
3237 1431 3346 1486 Deo
3368 1434 3421 1486 in
3447 1448 3562 1487 voce

1973 1529 2357 1583 exsultationis.
2394 1527 2650 1593 Quoniam
2700 1528 2950 1584 Dominus
2999 1528 3252 1591 excelsus,
3295 1525 3560 1591 terribilis,

280 1619 505 1674 tionibus
551 1635 666 1692 qua:
709 1621 1014 1674 invenerunt
1060 1638 1152 1677 nos
1207 1623 1380 1676 nimis.
1433 1620 1720 1692 Propterea
1765 1637 1870 1675 non
1974 1638 2067 1675 rex
2111 1639 2329 1694 magnus
2369 1639 2519 1693 super
2566 1640 2768 1676 omnem
2817 1633 3024 1675 terram.
3070 1619 3301 1691 Subjecit
3347 1619 3562 1690 papulas

279 1709 566 1765 timebimus
595 1709 716 1764 dum
747 1709 1029 1766 turbabitur
1059 1721 1212 1791 terra,
1242 1720 1293 1765 et
1321 1714 1696 1784 transferentur
1722 1728 1870 1766 mon-
1974 1714 2141 1778 nobis,
2174 1723 2221 1768 et
2249 1724 2424 1786 gentes
2453 1713 2545 1768 sub
2584 1713 2796 1786 pedibus
2826 1716 3039 1769 nostris.
3073 1712 3244 1784 Elegit
3283 1710 3429 1766 nobis
3458 1711 3563 1766 lun-

278 1809 355 1856 tes
398 1804 453 1856 in
502 1819 591 1856 cor
635 1805 812 1858 maris.
860 1803 1156 1860 Sonuerunt
1202 1814 1252 1858 et
1293 1803 1516 1858 turbatae
1562 1816 1682 1858 sunt
1718 1821 1867 1877 aqua
1900 1802 1950 1863 B
1976 1806 2244 1859 reditatem
2269 1823 2415 1860 suam
2443 1809 2663 1877 speciem
2691 1805 2854 1860 ,Ιαεοὺ
2895 1819 3050 1877 quam
3078 1803 3278 1860 dilexit.
3324 1803 3564 1858 Ascendit

276 1911 472 1962 eorum,
499 1895 788 1952 conturbati
807 1907 928 1952 sunt
952 1906 1153 1952 montes
1175 1901 1231 1952 in
1255 1899 1556 1970 fortitudine
1583 1899 1712 1970 ejus.
1745 1899 1871 1954 Flu-

273 1989 436 2042 minis
465 1991 682 2060 impetus
712 1989 942 2061 laatiﬁcat
969 1992 1226 2045 civitatem
1256 1990 1380 2058 Dei,
1414 1994 1755 2063 sanctificavit
1787 2002 1867 2046 ta-

273 2077 608 2134 bernaculum
636 2098 782 2135 suum
820 2083 1134 2138 Altissimus.
1171 2083 1309 2138 Deus
1338 2087 1392 2138 in
1434 2087 1604 2140 medio
1630 2087 1741 2156 ejus
1767 2103 1870 2140 non

271 2172 708 2237 commovebitur,
761 2172 1030 2243 adjuvabit
1068 2191 1183 2227 eam
1232 2173 1366 2229 Deus
1419 2193 1572 2229 mane
1626 2177 1869 2230 diluculo.

272 2261 612 2318 Conturbatee
635 2272 756 2317 sunt
780 2274 975 2335 gentes,
1007 2273 1056 2318 et
1082 2266 1340 2319 inclinata
1367 2275 1490 2320 sunt
1517 2283 1697 2337 regna,
1735 2268 1874 2321 dedit

269 2376 447 2415 mem
476 2376 647 2426 suum,
675 2368 819 2416 mota
841 2370 917 2416 est
947 2370 1105 2424 terra,
1141 2361 1396 2416 Dominus
1424 2363 1666 2416 virtut-um
1694 2363 1871 2416 nobis-

268 2467 421 2517 cum,
452 2461 719 2523 susceptor
761 2463 936 2508 noster
982 2451 1123 2509 Deus
1159 2452 1342 2508 Jacob'.
1399 2453 1577 2508 Venite
1619 2464 1669 2509 et
1708 2456 1906 2510 videte

267 2561 437 2616 opera
463 2543 700 2610 Domini,
720 2561 834 2616 quia
868 2547 1036 2610 posuit
1063 2547 1300 2618 prodigia
1329 2563 1482 2617 super
1517 2557 1725 2612 terram,
1769 2563 1865 2600 au-

275 2635 448 2706 ferent
491 2634 626 2690 bella
661 2653 818 2708 usque
844 2638 912 2690 ad
949 2638 1107 2707 finem
1147 2648 1317 2692 terrm.
1348 2639 1537 2691 Arcum
1566 2649 1790 2693 conteret
1814 2649 1866 2693 et

270 2728 571 2798 confringet
604 2744 771 2794 arma,
815 2739 865 2783 et
903 2741 1048 2784 scuta
1093 2730 1355 2786 comburet
1392 2733 1522 2804 igni.
1577 2732 1767 2787 Vacate
1812 2743 1863 2789 et

265 2819 456 2885 videte,
485 2821 727 2891 quoniam
769 2839 864 2894 ego
885 2839 998 2878 sum
1027 2824 1186 2892 Deus,
1219 2825 1492 2881 exaltaber
1518 2827 1573 2880 in
1604 2827 1856 2899 gentibus,

260 2917 317 2962 et
366 2909 640 2966 exaltabor
680 2915 735 2966 in
781 2923 939 2969 terra.
987 2915 1240 2972 Dominus
1285 2919 1530 2974 virtutum
1571 2921 1856 2988 nobiscum,

260 3012 534 3074 susceptor
560 3016 736 3062 noster
755 3007 897 3063 Dens
923 3008 1108 3064 Iacob.

832 3119 1269 3162 COIIENTARIUI.

1976 1897 2116 1953 Deus
2145 1901 2198 1954 in
2222 1899 2407 1970 jnbilo,
2437 1909 2486 1953 et
2513 1899 2766 1955 Dominus
2796 1903 2848 1953 in
2880 1915 2999 1953 voce
3027 1898 3179 1952 tuba.
3213 1897 3429 1950 Psallite
3457 1894 3566 1950 Deo

1976 2005 2182 2058 nostro,
2231 1997 2437 2063 psallite
2484 1997 2587 2064 regi
2639 2005 2846 2059 nostro,
2895 1993 3120 2064 psallite.
3174 1989 3432 2054 Quoniam
3478 2003 3567 2041 res

1978 2086 2144 2138 omnis
2189 2093 2342 2138 terrae
2387 2085 2524 2138 Deus
2544 2126 2557 2150 ,
2589 2086 2798 2155 psallite
2821 2087 3101 2154 sapienter.
3149 2079 3402 2152 liegnabit
3430 2078 3568 2132 Deus

1980 2192 2133 2247 super
2159 2187 2352 2247 gentes,
2387 2176 2526 2231 Deus
2557 2177 2698 2231 sedet
2739 2193 2890 2247 super
2931 2177 3100 2230 sedem
3144 2183 3376 2228 sanctam
3402 2189 3568 2227 suum.

1981 2264 2255 2337 Principes
2283 2269 2588 2338 populorum
2617 2270 2914 2340 congregati
2953 2277 3072 2321 sunt
3100 2283 3216 2320 cum
3250 2265 3362 2319 Deo
3401 2265 3568 2319 Abra-

1979 2356 2122 2423 Ιιαηι,
2179 2361 2424 2430 quoniam
2472 2358 2544 2413 dii
2599 2361 2760 2430 fortes
2816 2367 2966 2413 teme
3017 2357 3337 2412 vehementer
3388 2354 3570 2409 elevati

1977 2457 2115 2502 sum.

2545 2536 2978 2578 COIIEN'I'ARIUI.

2043 2629 2242 2689 Omnes
2271 2642 2477 2700 gentes,
2509 2634 2748 2703 plaudite
2777 2634 3043 2688 manibus.
3075 2632 3226 2686 Sicut
3253 2630 3308 2685 in
3336 2628 3568 2686 adventu

1968 2725 2169 2781 diaboli
2199 2726 2451 2782 omnibus
2479 2727 2728 2795 gentibus
2769 2726 3018 2796 planctus
3049 2725 3280 2779 indictus
3313 2731 3398 2777 est
3423 2740 3434 2773 :
3461 2720 3569 2774 Au—

1968 2818 2201 2874 divimus
2233 2821 2375 2874 enim
2406 2835 2594 2875 vocem
2625 2821 2693 2874 de
2721 2820 2862 2873 cmlo
2900 2818 3191 2879 dicentem,
3229 2815 3317 2870 γω
3347 2824 3498 2869 teme
3523 2823 3571 2868 et

1968 2913 2123 2976 mari,
2157 2913 2278 2983 quia
2308 2912 2572 2981 projectus
2609 2919 2687 2963 est
2717 2910 2952 2965 diabolus
2991 2910 3064 2972 ad
3084 2925 3172 2963 vos
3213 2907 3395 2978 (Apoc.
3431 2907 3564 2976 xu);

1970 3001 2046 3055 ita
2078 3003 2132 3055 in
2163 3002 2396 3056 adventu
2427 3001 2637 3056 Domini
2667 3001 2814 3068 Jesu,
2845 3002 2897 3056 in
2929 3016 3062 3056 voce
3088 2998 3464 3055 exsultationis
3483 2997 3566 3055 di-

1968 3092 2151 3147 citur:
2181 3091 2381 3147 Omnes
2409 3101 2596 3162 gentes
2648 3092 2886 3164 plaudite
2933 3093 3202 3157 manibus,
3233 3090 3376 3145 Deus
3425 3091 3569 3145 enim

336 3191 564 3259 Quando
591 3195 649 3250 in
685 3195 938 3268 lacrymis
960 3207 1016 3252 et
1055 3198 1110 3252 in
1139 3200 1303 3253 animi
1336 3199 1682 3255 tribulatione
1710 3199 1857 3256 fude-

1971 3197 2232 3251 summus,
2275 3183 2416 3239 Deus
2449 3185 2719 3252 terribilis,
2751 3186 2844 3255 qui
2873 3193 2959 3240 est
2988 3199 3212 3254 magnus
3251 3199 3416 3254 super
3454 3198 3568 3238 om-

257 3283 339 3340 ris
368 3285 671 3342 orationem
700 3286 832 3354 Deo,
866 3303 1090 3344 securus
1136 3299 1274 3353 esto,
1308 3291 1452 3360 quod
1501 3291 1641 3346 Deus
1683 3293 1779 3347 tibi
1807 3303 1863 3349 et

258 3377 526 3446 refugium
569 3377 658 3444 ﬁt,
703 3389 758 3433 et
797 3381 966 3434 virtus
1011 3381 1259 3436 efﬁcitur.
1304 3371 1500 3452 Incipis
1528 3398 1634 3436 non
1667 3384 1858 3440 timere

257 3471 389 3527 dum
417 3473 774 3528 conturbatur
804 3482 945 3528 terra
975 3475 1218 3547 corporis
1245 3477 1341 3531 tui.
1365 3475 1499 3544 Quia
1521 3477 1855 3534 transferun-

257 3571 353 3619 tur
376 3573 591 3621 montes
621 3567 851 3636 apostoli
879 3566 1111 3632 Domini,
1145 3568 1481 3624 altitudinem
1512 3571 1631 3640 ejus
1659 3572 1852 3641 przodi-

257 3645 466 3712 cantes.
500 3657 606 3730 Ipsi
638 3658 1047 3727 transferuntur,
1073 3661 1127 3715 iu
1153 3661 1317 3716 corde
1353 3663 1545 3729 maris,
1580 3664 1633 3717 in
1661 3666 1855 3719 menti-

258 3747 366 3803 bus
391 3750 572 3805 saacuii
600 3749 926 3815 fluctuantis,
958 3755 1299 3822 quantumvis
1331 3764 1526 3810 sonent
1550 3765 1606 3809 et
1635 3757 1856 3811 turben-

257 3847 353 3897 tur
381 3855 532 3910 aqua!
561 3842 694 3910 ejus,
725 3853 779 3898 et
807 3846 1196 3900 conturbentur
1223 3847 1388 3900 etiam
1415 3847 1514 3915 ipsi
1545 3855 1777 3912 montes,
1804 3849 1856 3902 id

257 3943 368 4000 est,
401 3936 635 4004 apostoli
667 3937 721 3990 in
765 3936 1080 3991 fortitudine
1107 3937 1243 4006 ejus,
1281 3937 1335 3990 id
1375 3946 1478 3999 est,
1523 3939 1576 3991 in
1605 3939 1857 4006 passione

259 4027 402 4094 ejus,
433 4028 716 4095 quantavis
738 4038 957 4098 peccata
984 4029 1091 4083 sint
1119 4043 1237 4097 qua:
1276 4031 1594 4084 conturbent
1628 4029 1854 4096 animas,

258 4126 323 4175 et
349 4119 764 4189 praedicantibus
789 4121 1064 4189 apostolis,
1097 4121 1152 4174 hi
1174 4123 1265 4188 qui
1305 4128 1646 4191 peccatorum
1676 4120 1860 4192 oppri-

253 4219 486 4266 muntur
511 4211 840 4266 conscientia
864 4251 878 4277 ,
918 4211 1266 4278 tribulentur;
1299 4228 1435 4268 unus
1476 4213 1704 4283 impetus
1731 4212 1854 4269 Jor-

247 4304 416 4369 danis
442 4303 537 4358 dat
563 4305 844 4359 remissam
886 4313 1258 4374 peccatorum,
1292 4315 1347 4361 et
1389 4305 1623 4362 laetiﬁcat
1666 4307 1852 4362 civita-

248 4404 368 4452 tem
396 4395 514 4462 Dei,
545 4411 669 4451 cum
711 4397 1008 4452 sanctiﬁcat
1045 4399 1445 4467 tabernaculum
1489 4401 1731 4466 corporis
1774 4403 1848 4455 tui

246 4488 488 4558 Spiritus
515 4498 749 4544 sanctus.
783 4489 923 4545 Deus
945 4489 1057 4560 jam
1097 4492 1150 4545 in
1181 4497 1235 4546 te
1260 4506 1367 4546 non
1399 4494 1846 4560 commovebitur,

249 4595 379 4636 cum
421 4581 635 4651 adjuvat
671 4583 902 4637 annnam
943 4590 1088 4637 tuam
1129 4581 1273 4638 Deus
1314 4591 1537 4654 aspectu
1583 4601 1700 4640 suo.
1735 4585 1846 4642 He-

248 4674 431 4730 bmus
452 4673 580 4730 dicit
613 4693 627 4727 :
659 4673 943 4744 Adjuvavit
970 4691 1093 4730 eum
1133 4675 1276 4730 Deus
1309 4692 1468 4731 mane
1494 4678 1757 4745 diluculo,
1791 4680 1846 4734 id

250 4774 481 4822 esteem
509 4767 745 4821 tenebrae
791 4775 1134 4836 peccatorum
1171 4783 1269 4838 per
1307 4767 1538 4824 fluminis
1586 4771 1844 4841 impetum

247 4860 598 4923 transierint,
641 4857 811 4924 Deus,
843 4859 935 4928 qui
963 4859 1057 4915 lux
1085 4867 1193 4925 est,
1227 4860 1437 4915 initium
1488 4861 1621 4916 lucis
1667 4861 1759 4916 dat
1788 4863 1844 4918 in

250 4963 353 5005 cor
379 4951 514 5020 ejus,
546 4958 600 5006 et
628 4951 847 5020 adjuvat
875 4966 1014 5018 eam,
1041 4952 1093 5006 id
1122 4960 1221 5018 est,
1264 4954 1495 5007 animam
1525 4969 1645 5023 qua:
1665 4953 1795 5010 dicit
1825 4974 1840 5008 :

247 5041 512 5103 Dominus
539 5043 794 5098 virtutum
826 5044 1131 5110 nobiscum,
1163 5053 1446 5116 susceptor
1490 5055 1676 5102 noster
1701 5047 1851 5103 Deus

245 5136 439 5201 Jacob,
471 5147 943 5208 quantumcunque
971 5140 1361 5194 conturbentur
1388 5147 1597 5208 gentes,
1643 5141 1696 5196 id
1741 5149 1846 5205 est,

248 5227 395 5285 idola
425 5229 662 5284 colentes
703 5228 958 5285 adversus
986 5237 1250 5302 martyres
1278 5229 1512 5296 Domini,
1549 5239 1844 5301 quantum-

248 5321 333 5376 vis
363 5322 684 5377 inclinentur
710 5337 874 5392 regna
903 5324 974 5378 ad
1016 5325 1448 5394 persecutionem
1496 5340 1701 5393 eorum,
1750 5327 1843 5382 dat

246 5427 440 5476 vocem
465 5429 616 5467 suam
646 5413 948 5469 Altissimus
977 5414 1029 5468 in
1059 5415 1221 5470 corde
1243 5430 1450 5483 eorum,
1484 5422 1538 5470 et
1566 5417 1637 5470 ita
1664 5433 1842 5473 move-

247 5514 339 5560 tur
360 5511 502 5560 terra
531 5505 774 5575 corporis
800 5521 1009 5570 eorum,
1041 5514 1099 5558 ut
1127 5506 1340 5575 penitus
1370 5524 1471 5560 non
1512 5509 1721 5561 timeant
1748 5526 1836 5564 eos

245 5601 335 5674 qui
373 5598 613 5654 occidunt
651 5613 837 5668 corpus
877 5613 894 5649 :
946 5596 1181 5649 timentes
1228 5605 1400 5651 autem
1442 5597 1612 5662 illum,
1664 5600 1750 5670 qui
1788 5608 1841 5652 et

245 5691 480 5746 astimam
524 5700 573 5745 et
613 5705 800 5762 corpus
845 5694 1010 5759 potest
1054 5687 1270 5755 perdere
1309 5689 1365 5742 in
1415 5691 1719 5759 gehennam.
1762 5689 1838 5743 ita

245 5791 608 5841 contemnunt
631 5782 838 5839 animas
866 5796 1075 5851 eorum,
1106 5789 1166 5836 ut
1185 5780 1524 5848 passionibus
1551 5780 1662 5835 suis
1682 5797 1843 5837 arcus

1971 3294 2096 3334 nem
2145 3287 2374 3345 terram,
2407 3280 2492 3335 hic
2536 3279 2766 3348 subjecit
2810 3281 3041 3350 populos
3089 3280 3266 3333 nobis.
3299 3277 3412 3333 Hoc
3439 3293 3569 3347 apo.

1969 3370 2097 3426 stoli
2139 3369 2323 3426 dicunt
2354 3391 2364 3424 :
2399 3370 2639 3442 Subjecit
2667 3370 2899 3442 populos
2949 3371 3126 3436 nobis,
3159 3380 3214 3424 et
3254 3377 3442 3438 gentes
3469 3368 3570 3422 sub

1967 3463 2195 3533 pedibus
2246 3464 2462 3520 nostris.
2515 3462 2743 3529 Quando
2791 3463 2894 3517 hoc
2943 3461 3102 3515 fecit?
3144 3459 3372 3525 Quando
3410 3457 3571 3526 elegit

1969 3557 2127 3612 nobis
2181 3557 2551 3612 luereditatem
2603 3571 2760 3610 suam
2809 3556 2863 3609 in
2911 3555 3092 3624 specie
3135 3551 3352 3620 larius,
3406 3563 3568 3621 quam

1967 3649 2158 3703 dilexit
2187 3648 2419 3719 Spiritus
2448 3657 2700 3712 sanctus,
2745 3654 2871 3702 tunc
2901 3647 3140 3703 ascendit
3171 3647 3224 3702 iu
3254 3647 3485 3716 strepitu
3513 3654 3568 3700 et

1969 3742 2022 3797 in
2055 3757 2185 3797 voce
2216 3741 2374 3796 tuine.
2409 3740 2944 3807 Herodesturbatur,
2978 3749 3224 3811 pastores
3273 3748 3564 3804 terrentur,

1967 3836 2110 3903 magi
2159 3833 2383 3903 fugiunt,
2421 3835 2648 3890 infantes
2697 3833 3034 3898 occiduntur,
3086 3833 3261 3900 angeli
3311 3831 3565 3900 psallunt,

1969 3925 2211 3980 dicentes
2245 3944 2256 3978 :
2294 3925 2472 3980 Gloria
2505 3926 2615 3980 Deo
2635 3929 2690 3979 in
2717 3924 2968 3987 excelsis;
3000 3924 3089 3992 qui
3121 3922 3306 3974 dicunt
3334 3920 3568 3991 pastori-

1971 4020 2098 4084 bus,
2124 4020 2249 4088 quia
2280 4034 2406 4073 eccc
2431 4027 2620 4086 regnat
2639 4017 2783 4072 Deus
2810 4030 2974 4086 super
2993 4029 3182 4069 omnes
3203 4020 3410 4081 gentes,
3431 4011 3570 4066 Deus

1967 4110 2123 4166 sedet
2150 4125 2313 4182 super
2342 4109 2524 4167 sedem
2557 4118 2797 4167 sanctam
2828 4123 2998 4163 suam.
3037 4106 3092 4162 Si
3121 4105 3280 4160 sedes
3310 4106 3427 4175 ejus
3451 4104 3565 4159 ubi-

1968 4221 2182 4276 cunque
2231 4206 2508 4274 virginitas
2554 4204 2756 4259 illibata
2806 4203 2994 4267 lberit,
3043 4208 3247 4272 quanto
3297 4200 3467 4268 magis
3513 4198 3567 4254 in

1967 4293 2173 4349 Maria?
2203 4293 2478 4366 Principes
2526 4293 2847 4366 populorum
2888 4297 3256 4348 convenerunt
3300 4305 3422 4344 cum
3452 4288 3566 4344 Deo

1965 4388 2255 4444 Abraham.
2308 4388 2585 4459 Principes
2625 4388 2728 4444 hoc
2776 4388 2897 4443 loco
2947 4386 3166 4455 angelos
3207 4384 3438 4448 indicat,
3471 4383 3562 4452 qui

1959 4495 2083 4536 cum
2114 4481 2227 4536 Deo
2259 4481 2531 4540 Abraham
2561 4480 2628 4534 ad
2657 4479 2880 4535 Mariam
2907 4484 3315 4540 convenerunt,
3347 4475 3564 4545 quando

1873 4551 1934 4617 ’
1958 4574 2546 4643 gloriamcecinerunt.
2583 4569 2652 4626 Ut
2679 4571 2808 4641 quid
2838 4579 3018 4625 autem
3050 4579 3210 4625 natus
3239 4568 3308 4623 sit
3336 4581 3432 4620 rex
3456 4579 3565 4618 ma-

1957 4679 2122 4736 gnus,
2173 4674 2228 4720 et
2276 4674 2333 4719 ut
2381 4663 2510 4736 quid
2559 4671 2928 4720 convenerunt
2974 4664 3246 4733 principes
3287 4674 3408 4714 cum
3450 4657 3563 4712 Deo

1958 4760 2247 4825 Abraham,
2283 4759 2585 4814 audiamus.
2617 4756 2763 4823 Ideo,
2789 4756 2980 4824 inquit,
3015 4757 3404 4816 convenerunt,
3435 4749 3561 4818 quia

1957 4853 2028 4912 dii
2061 4853 2228 4910 fortes
2261 4862 2416 4909 terra:
2445 4854 2498 4907 in
2522 4849 2997 4921 superstitionibus
3025 4847 3156 4910 suis,
3191 4854 3245 4900 et
3275 4845 3325 4899 in
3349 4843 3563 4914 templis

1958 4949 2071 5004 suis
2102 4948 2324 5002 nimium
2373 4943 2570 4999 elevati
2600 4950 2758 5004 sunt,
2788 4947 2848 4994 ut
2876 4939 2959 4992 his
2990 4937 3231 5008 expulsis
3280 4944 3442 5005 atque
3469 4937 3562 4990 de-

1954 5041 2132 5112 jectis,
2168 5045 2358 5108 regnet
2398 5035 2661 5090 Dominus
2705 5030 2861 5087 Jesus
2889 5027 3137 5088 Christus
3182 5043 3348 5100 super
3373 5041 3562 5082 omnes

1957 5141 2146 5204 gentes
2177 5132 2227 5186 in
2253 5129 2444 5185 smcula
2473 5125 2811 5182 szecuiorum.
2846 5124 3035 5180 Amen.

2483 5262 2799 5320 PSALMUS
2837 5262 3041 5318 XLVII.

2086 5381 2330 5439 Psalmus
2356 5380 2552 5437 cantici
2583 5378 2705 5434 ﬁliis
2731 5375 2911 5432 Chore
2941 5371 3177 5429 secunda
3206 5360 3437 5421 sabbati.

1984 5528 2001 5539 -
2031 5497 2256 5571 Magnus
2285 5494 2539 5556 Dominus
2569 5501 2618 5548 et
2639 5488 2916 5546 laudabilis
2946 5485 3118 5544 nimis,
3143 5479 3198 5530 in
3229 5469 3558 5571 civitate-Dei

1953 5564 2146 5651 nostri
2171 5596 2227 5648 in
2269 5600 2442 5649 monte
2487 5597 2668 5645 sancto
2716 5584 2844 5653 ejus.
2891 5573 3168 5630 Fundatur
3212 5564 3559 5622 exsultatione

1955 5663 2208 5743 universa
2256 5695 2406 5740 terrae
2447 5696 2597 5736 mons
2645 5674 2796 5734 Sion,
2847 5669 3011 5721 latera
3058 5657 3330 5733 Aquilonis
3377 5659 3558 5718 civitas

1958 5787 2095 5847 regis
2132 5779 2330 5846 magni.
2371 5775 2502 5829 Deus
2542 5772 2598 5823 in
2628 5760 2864 5819 domibus
2905 5757 3016 5828 ejus
3060 5756 3394 5825 coynoscetur
3439 5769 3560 5810 cum
