4108 6348
649 294 750 353 391
785 293 799 305 ’

1993 292 2263 352 ΔΙΝΟΒΙῙ
2299 293 2599 352 JUNIORIS

3813 294 3914 356 δθῖ

646 409 891 487 suscipiet
931 431 1062 469 eam.
1096 413 1350 478 Quoniam
1393 427 1510 469 ecce
1549 431 1695 488 reges
1743 423 1894 470 terra:
1926 410 2232 486 congregati
2255 413 2308 474 Α
2333 427 2490 468 mons
2515 411 2667 479 Sion,
2699 411 2907 465 letatur
2934 408 3192 476 Ecclesia,
3223 417 3280 464 et
3305 407 3574 466 exsultant
3599 408 3727 490 lilia:
3743 407 3905 477 luds,

646 515 786 572 sunt,
813 513 1150 560 convenerunt
1168 506 1225 558 in
1251 508 1432 558 unum.
1464 503 1577 576 Ipsi
1603 506 1833 560 videntes
1860 507 1936 560 sic
1977 505 2228 558 admirati

644 609 783 666 sunt,
814 598 1100 653 conturbati
1127 607 1264 663 sunt,
1291 599 1530 653 commoti
1552 609 1690 664 sunt,
1725 609 1913 654 tremor
1935 579 2224 669 apprehen-

643 689 720 743 dit
753 707 860 744 eos.
893 687 974 744 Ibi
1020 689 1224 744 dolores
1269 699 1327 743 ut
1365 691 1719 761 parturientis,
1767 692 1822 743 in
1858 690 2045 760 spiritu
2079 686 2227 768 vehe-

638 787 798 838 menti
845 792 1072 839 conteres
1114 801 1272 839 naves
1321 782 1552 838 Tharsis.
1604 783 1752 838 Sicut
1794 782 2102 843 audivimus,
2153 780 2226 832 sic

637 870 857 930 vidimus
883 876 938 929 in
976 877 1180 930 civitate
1218 874 1431 930 Domini
1474 876 1750 939 virtutum,
1781 876 1837 927 in
1879 875 2082 927 civitate
2125 871 2225 924 Dei

636 970 824 1034 nostri,
866 966 1007 1022 Deus
1038 968 1275 1040 fundavit
1318 985 1433 1022 eam
1470 970 1526 1021 in
1555 977 1823 1022 internum.
1871 968 2222 1038 Suscepimus,

637 1057 799 1125 Deus,
843 1059 1254 1114 misericordiam
1302 1069 1461 1126 tuam,
1509 1061 1563 1113 in
1592 1060 1760 1114 medio
1790 1059 1966 1130 templi
2005 1060 2096 1112 tui.
2130 1057 2228 1112 Se-

634 1151 865 1206 cundum
910 1169 1096 1207 nomen
1148 1161 1307 1217 tuum,
1351 1151 1510 1218 Deus,
1553 1153 1626 1206 sic
1670 1161 1719 1206 et
1754 1152 1867 1205 laus
1897 1161 1983 1204 tua
2010 1153 2066 1204 in
2094 1151 2226 1220 ﬁnes

636 1250 810 1311 terra,
846 1245 1056 1315 justitia
1101 1245 1255 1314 plena
1295 1252 1370 1297 est
1406 1243 1618 1297 dextera
1662 1252 1768 1297 tua.
1812 1241 2042 1298 Lcetetur
2078 1258 2227 1296 mons

635 1337 790 1403 Sion,
840 1347 890 1391 et
936 1337 1194 1392 exsultent
1238 1337 1366 1408 ﬁliae
1409 1336 1580 1401 Judw,
1609 1345 1820 1408 propter
1861 1335 2063 1406 judicia
2111 1344 2220 1399 tua,

636 1428 878 1484 Domine.
910 1429 1233 1483 Circumdate
1262 1428 1392 1484 Sion
1437 1437 1485 1482 et
1514 1428 1912 1499 complectimini
1940 1445 2075 1494 eam,
2101 1443 2224 1480 nar-

636 1522 827 1576 ratein
867 1520 1089 1574 turribus
1129 1521 1261 1591 ejus.
1293 1518 1482 1573 Ponite
1517 1517 1678 1574 corda
1726 1526 1896 1572 vestra
1937 1518 1994 1571 in
2041 1519 2227 1571 virtute

637 1616 770 1686 ejus,
799 1621 849 1667 et
877 1613 1163 1667 distribuite
1189 1612 1369 1666 domos
1403 1613 1546 1682 ejus,
1579 1619 1634 1663 ut
1659 1610 1911 1664 enarretis
1949 1611 2000 1662 in
2039 1626 2224 1680 proge-

600 1741 605 1746 ο
637 1708 724 1761 nie
751 1707 935 1760 altera.
971 1704 1231 1770 Quoniam
1257 1705 1341 1758 hic
1368 1711 1448 1758 est
1474 1703 1616 1757 Deus
1645 1697 1822 1758 noster
1867 1703 1922 1756 in
1952 1710 2218 1762 aeternum,

635 1806 688 1852 et
712 1798 768 1852 in
787 1796 1030 1852 saeculum
1049 1794 1244 1862 seculi,
1273 1796 1384 1866 ipse
1407 1800 1548 1865 reget
1575 1810 1670 1848 nos
1697 1795 1752 1847 in
1779 1793 1990 1849 secula.

1216 1940 1650 1982 COIIBNTABIUI.

705 2065 930 2137 Magnus
953 2063 1213 2121 Dominus
1240 2070 1296 2119 et
1322 2059 1603 2117 laudabilis
1631 2057 1808 2113 nimis.
1841 2055 1984 2110 Laus
2012 2053 2224 2108 Domini

634 2175 738 2233 pro
763 2158 1075 2215 diversitate
1106 2155 1372 2211 donorum
1412 2153 1530 2223 ejus
1557 2159 1613 2206 et
1649 2165 1874 2221 operum
1903 2155 1988 2203 est
2028 2147 2223 2217 praedi-

613 2252 830 2309 canda.
863 2249 1134 2305 Laudatur
1181 2248 1235 2302 in
1281 2246 1509 2313 sanctis,
1542 2243 1791 2298 laudatur
1819 2241 1874 2296 in
1920 2238 2078 2295 donis
2119 2237 2226 2292 cibi

633 2345 841 2403 carnali
861 2355 926 2400 et
950 2341 1228 2414 spiritalis,
1260 2340 1508 2395 laudatur
1533 2339 1588 2392 in
1615 2337 1820 2391 fabrica
1857 2333 2063 2399 mundi,
2088 2338 2143 2386 et
2171 2331 2225 2384 in

637 2437 883 2502 diversis,
914 2443 974 2491 ut
1001 2434 1252 2498 diximus,
1282 2429 1656 2500 largitionibus
1675 2466 1677 2468 -
1699 2441 1812 2481 sua:
1839 2422 2226 2479 inaestimabilis

640 2527 875 2598 pietatis.
902 2525 962 2579 ln
991 2525 1096 2578 isto
1126 2531 1307 2576 autem
1333 2521 1543 2591 psalmo
1562 2560 1576 2585 ,
1609 2532 1714 2588 qua
1742 2517 1810 2572 de
1844 2530 2004 2570 causa
2043 2513 2226 2567 lauda-

639 2617 923 2684 tur?‘Quia
951 2614 1211 2678 dilatavit,
1259 2612 1450 2682 inquit,
1500 2609 1914 2672 exsultationem
1964 2605 2226 2660 universa:

639 2723 796 2770 teme
825 2729 856 2767 a
877 2719 1064 2768 monte
1090 2709 1241 2775 Sion,
1269 2724 1300 2762 a
1339 2708 1508 2762 latere
1536 2705 1817 2776 Aquilonis
1848 2722 1860 2757 :
1886 2704 1958 2758 ibi
1987 2711 2072 2758 est
2099 2701 2227 2756 civi-

639 2813 721 2862 tas
746 2804 926 2878 magni
954 2791 1115 2871 regis,
1149 2800 1339 2856 civitas
1367 2797 1662 2853 Bethleem.
1696 2796 1755 2850 In
1799 2794 1958 2864 hujus
1995 2791 2226 2848 civitatis

636 2897 906 2967 gravibus,
937 2894 989 2949 id
1017 2901 1120 2958 est,
1150 2893 1204 2946 in
1229 2891 1313 2946 his
1341 2890 1433 2959 qui
1462 2889 1609 2943 nulla
1637 2895 1762 2942 sunt
1790 2885 2010 2941 levitate
2037 2897 2228 2954 super-

639 2989 758 3057 llui,
789 2991 844 3044 in
891 2989 974 3042 his
1011 2987 1258 3055 cognitus
1299 2990 1382 3039 est
1409 2982 1688 3047 Dominus,
1731 2979 1946 3051 quando
1991 2978 2228 3048 suscepit

639 3095 776 3136 eam.
809 3079 981 3146 Quam
1009 3078 1166 3133 eam?
1193 3074 1624 3130 Exsultationem
1655 3069 1868 3140 utique,
1899 3085 2060 3139 quam
2088 3069 2225 3123 dila-

2329 519 2516 559 omnes
2558 503 2749 557 animae
2789 517 2855 556 ex
2892 509 3048 556 utero
3091 499 3344 556 Ecclesia:
3389 500 3580 556 iterata
3625 499 3907 556 nativitatc

2313 595 2637 666 .progenitae,
2669 604 2891 666 propter
2923 594 3123 664 judicia
3150 602 3261 662 tua,
3293 593 3539 660 Domine,
3570 593 3770 665 quibus
3809 596 3902 651 hoc

2322 686 2598 754 iudicasti,
2628 695 2687 741 ut
2713 687 2987 742 diabolum
3024 680 3360 756 subjugares,
3391 694 3448 741 et
3490 687 3702 741 animas
3742 687 3902 751 homi-

2327 779 2759 835 numliberares.
2789 778 2940 833 Nunc
2965 794 3081 844 vos,
3104 794 3137 833 o
3160 779 3609 834 animmliberatm
3637 787 3696 835 et
3720 779 3899 836 iterum

2325 871 2538 938 genitae,
2570 869 2894 925 circumdate
2914 877 3142 924 matrem
3168 878 3398 925 vestram
3427 869 3579 937 Sion,
3595 879 3658 926 et
3686 871 3898 926 duonnn

2328 968 2774 1014 testamentorum
2803 960 2959 1030 plena
3000 960 3228 1015 lactibus
3256 961 3420 1015 ubera
3460 961 3665 1029 sugite,
3697 970 3897 1018 narrate

2328 1051 2383 1106 in
2441 1052 2678 1106 turribus
2741 1051 2857 1120 ejus
2912 1052 3355 1117 misericordiam,
3408 1067 3570 1122 quam
3633 1054 3895 1108 consecuti

2328 1141 2475 1196 estis.
2523 1141 2581 1196 In
2611 1141 2848 1197 turribus
2887 1142 2979 1205 qui
3007 1150 3152 1206 sunt,
3182 1141 3456 1203 civitatem
3501 1139 3823 1208 defendunt.
3851 1151 3896 1197 et

2327 1230 2570 1285 hostibus
2619 1231 2890 1286 resistunt.
2942 1229 3134 1285 Ponite
3180 1230 3341 1286 corda
3385 1237 3564 1286 vestra
3614 1231 3673 1285 in
3719 1232 3895 1287 virtute

2328 1323 2461 1392 ejus.
2495 1322 2847 1379 Considerate
2892 1339 2996 1393 qua
3026 1324 3224 1380 virtute
3265 1339 3363 1394 pro
3404 1325 3558 1379 vobis
3605 1333 3821 1394 pugnat,
3848 1334 3892 1381 et

2325 1413 2629 1468 distribuite
2671 1414 2867 1482 gradus
2893 1413 3037 1482 ejus,
3069 1429 3504 1484 unumquemque
3542 1431 3649 1485 pro
3677 1431 3774 1470 suo
3799 1432 3891 1470 me-

2327 1504 2432 1559 rito
2461 1504 2621 1560 tacite
2650 1505 2716 1558 ad
2741 1504 2964 1573 gradum
2993 1505 3270 1571 accedere,
3314 1514 3372 1559 ut
3410 1505 3486 1560 illi
3513 1505 3668 1574 juste
3705 1507 3888 1577 episco-

2325 1604 2483 1666 patus
2530 1596 2734 1663 sedem,
2767 1597 2844 1651 illi
2879 1597 3023 1667 juste
3070 1599 3390 1670 presbyterii
3435 1599 3667 1667 gradum
3713 1599 3884 1655 tradas.

2327 1687 2416 1744 Sic
2444 1690 2746 1746 distribuite
2775 1691 2974 1761 gradus
2999 1691 3136 1774 ejus,
3169 1693 3286 1748 sine
3327 1692 3574 1762 pecunia,
3612 1693 3730 1747 sine
3759 1707 3886 1770 acce-

2250 1791 2299 1850 B
2325 1785 2512 1856 ptione
2541 1801 2799 1856 persona),
2831 1795 2891 1840 ut
2912 1767 3175 1853 enarretis
3197 1788 3251 1841 in
3269 1773 3531 1857 progenie
3556 1786 3752 1840 altera.
3776 1767 3884 1852 Quia

2328 1878 2419 1933 hic
2445 1885 2526 1932 est
2554 1877 2812 1933 Dominus
2837 1876 2981 1933 Deus
3019 1886 3242 1953 noster,
3262 1878 3355 1948 qui
3385 1885 3575 1946 regnat
3604 1893 3727 1933 cum
3755 1875 3885 1930 Patre

2313 1977 2384 2027 .et
2426 1968 2631 2040 Spiritu
2657 1978 2847 2026 sancto
2875 1969 3042 2026 Filius
3068 1968 3196 2036 Dei,
3229 1971 3346 2042 ipse
3391 1977 3544 2040 reget
3584 1985 3690 2025 nos
3733 1969 3781 2024 in
3805 1984 3884 2024 sar-

2326 2061 2469 2117 cula.
2503 2061 2694 2117 Amen.

2823 2129 3139 2189 PSALMUS
3174 2131 3402 2190 XLVIII.

2475 2217 2552 2302 Ἰιι
2583 2245 2743 2302 ﬁnem
2771 2262 2870 2318 pro
2898 2246 3018 2304 ﬁliis
3046 2245 3256 2313 Chore,
3287 2246 3527 2318 psalmus
3549 2245 3733 2305 David.

2399 2363 2583 2416 Audite
2603 2364 2728 2428 haec,
2763 2378 2938 2417 omnes
2965 2373 3169 2436 gentes,
3200 2365 3408 2417 auribus
3435 2365 3693 2435 κτείνειε,
3724 2377 3875 2416 omnes

2328 2455 2414 2526 qui
2443 2455 2690 2509 habitatis
2717 2451 2907 2510 orbem.
2935 2453 3132 2528 Quique
3153 2458 3421 2528 terrigena:
3438 2466 3488 2510 et
3505 2457 3606 2527 ﬁlii
3630 2457 3872 2523 hominum,

2328 2548 2481 2600 simul
2498 2549 2551 2600 in
2582 2565 2739 2601 unum
2769 2549 2906 2602 dives
2927 2557 2977 2602 et
3003 2565 3216 2620 pauper.
3262 2547 3334 2603 Os
3363 2565 3532 2603 meum
3559 2551 3778 2622 loquetur
3802 2566 3876 2603 sa-

2327 2640 2608 2710 pientiam,
2648 2649 2696 2694 et
2723 2642 2988 2695 meditatio
3023 2641 3190 2696 cordis
3219 2643 3318 2696 mei
3351 2641 3699 2713 prudentiam.
3742 2640 3876 2707 Incli-

2327 2731 2464 2785 nabo
2484 2733 2538 2786 in
2577 2732 2878 2802 parabolam
2915 2748 3091 2787 aurem
3113 2751 3306 2799 nteant,
3331 2735 3566 2804 aperiam
3592 2735 3650 2787 in
3671 2734 3874 2804 psalterio

2327 2825 2734 2894 propositionem
2765 2840 2951 2878 meam.
3004 2821 3109 2877 Cur
3137 2823 3318 2879 timebo
3341 2825 3396 2889 in
3431 2825 3516 2878 die
3533 2826 3694 2889 mala,
3717 2822 3874 2893 iniqui-

2333 2923 2414 2968 tas
2455 2915 2684 2968 calcanei
2724 2916 2823 2968 mei
2863 2900 3197 2968 circumdabit
3236 2933 3332 2970 me.
3409 2913 3511 2979 Qui
3553 2916 3803 2985 conﬁdunt
3833 2913 3875 2966 in

2325 3007 2512 3061 virtute
2535 3023 2628 3060 sua
2646 3046 2662 3071 ,
2681 3016 2741 3059 ‘et
2767 3007 2820 3059 in
2850 3005 3178 3059 multitudine
3223 3006 3518 3060 divitiarum
3555 3022 3755 3060 suarum
3785 3004 3875 3074 glo-

2327 3100 2553 3152 riantur.
2595 3097 2786 3152 Frater
2809 3114 2914 3152 non
2934 3098 3170 3163 redimit,
3201 3099 3414 3152 redimet
3440 3099 3613 3165 homo,
3643 3116 3739 3153 non
3764 3096 3875 3150 dabit

638 3173 773 3262 “Vi!
801 3170 946 3225 omni
976 3176 1153 3262 wn?“
1184 3166 1243 3220 In
1271 3164 1722 3262 gravulusllsque
1741 3160 1915 3262 Podie
1940 3160 2224 3262 cf’gnqscif
2251 3163 2296 3227 ε
2332 3191 2441 3246 Deo
2468 3192 2812 3256 placationem
2840 3207 3007 3244 suam.
3049 3189 3120 3244 Et
3144 3160 3364 3262 pretium
3394 3160 3750 3261 redemptionis
3779 3190 3874 3243 ani-

609 3273 728 3320 -tur
749 3261 1032 3316 Dominus.
1065 3257 1217 3313 Sicut
1245 3256 1389 3312 enim
1416 3256 1462 3309 si
1493 3253 1676 3309 videas
1707 3252 1944 3320 aliquem
1970 3250 2144 3304 levem
2173 3256 2230 3302 et

637 3369 854 3420 vanum,
885 3353 960 3408 ibi
1005 3349 1290 3420 cognoscis
1319 3346 1620 3412 diabolum;
1653 3344 1732 3400 sic
1758 3343 1803 3398 si
1832 3357 1992 3412 quem
2030 3339 2226 3396 videris

606 3483 608 3486 ›
636 3446 899 3516 gravitate
924 3441 1294 3512 conspicuum,
1321 3439 1394 3494 ibi
1421 3436 1703 3507 cognoscis
1729 3433 2016 3489 Dominum
2044 3430 2226 3486 Jesum

637 3535 928 3600 Christum.
979 3532 1130 3588 Sicut
1178 3541 1304 3587 tunc
1351 3529 1600 3598 cognitus
1639 3533 1721 3582 est
1768 3525 1822 3578 in
1868 3523 2137 3592 gravibus,
2172 3521 2226 3575 in

638 3626 818 3682 naria:
846 3625 1182 3692 integritate,
1214 3629 1268 3676 et
1295 3622 1350 3676 in
1377 3619 1578 3689 Joseph
1608 3617 1874 3674 castitate.
1909 3614 2101 3669 Statim
2131 3629 2227 3670 au-

588 3734 593 3742 '
639 3727 749 3775 tem
775 3726 836 3772 ut
865 3716 919 3771 in
946 3716 1031 3770 his
1057 3714 1302 3782 cognitus
1341 3721 1444 3777 est,
1475 3725 1631 3792 reges
1669 3719 1825 3765 teme
1853 3709 2051 3763 turbati
2078 3715 2220 3762 sunt.

641 3808 916 3864 Venerunt
942 3805 1088 3860 enim
1127 3803 1396 3874 principes
1444 3801 1786 3855 sacerdotum
1829 3807 1883 3853 et
1911 3798 2100 3853 scribze
2128 3813 2226 3866 po-

636 3900 746 3974 puli
787 3899 856 3954 ad
905 3901 1107 3967 regem,
1152 3901 1206 3950 et
1252 3893 1322 3949 ad
1369 3893 1536 3948 stellze
1585 3891 1840 3946 indicium
1887 3885 2222 3958 interrogati,

604 4035 605 4038 η
636 3992 888 4047 dixerunt
918 3997 1101 4044 natum
1129 3986 1398 4043 Christum
1427 3987 1482 4040 in
1511 3984 1771 4039 Bethleem
1811 3982 1964 4038 Judte
2004 3999 2022 4036 :
2053 3981 2222 4045 Tunc,

609 4082 827 4152 inquit,
859 4099 952 4136 rex
983 4079 1211 4134 turbatus
1233 4086 1327 4144 est,
1351 4086 1400 4132 et
1422 4077 1588 4131 omnis
1627 4074 1996 4146 Hierosolyma
2025 4091 2139 4128 cum
2165 4090 2225 4127 eo

638 4172 854 4244 (Matth.
885 4171 966 4243 ιι).
991 4171 1167 4225 Etiam
1189 4171 1289 4240 ipsi
1319 4169 1563 4225 videntes
1591 4168 1804 4224 stellam
1833 4175 1960 4222 tunc
1977 4164 2226 4221 admirati

639 4272 784 4330 sunt,
814 4273 870 4319 et
896 4273 1099 4319 tremor
1140 4263 1495 4333 apprehendit
1523 4276 1644 4328 eos,
1678 4262 1751 4316 ita
1781 4268 1840 4315 ut
1867 4259 2128 4316 admoniti
2174 4259 2226 4314 in

638 4357 842 4416 somnis
870 4372 978 4412 non
1006 4355 1242 4411 redirent
1269 4353 1335 4408 ad
1364 4353 1634 4408 Herodem
1654 4367 1857 4422 regem.
1886 4351 2029 4406 Misit
2049 4358 2227 4404 autem

639 4463 739 4506 rex
765 4456 820 4503 et
847 4447 1043 4505 occidit
1090 4461 1278 4502 omnes
1323 4443 1554 4500 infantes
1583 4453 1639 4500 et
1685 4444 1756 4498 ibi
1798 4452 1997 4498 matres
2042 4458 2229 4497 eorum

604 4540 898 4596 dolebant
941 4540 995 4594 in
1039 4554 1172 4594 nece
1218 4552 1435 4602 eorum,
1467 4537 1603 4591 sicut
1649 4535 2012 4605 parturientes
2037 4533 2229 4589 dolue—

638 4641 781 4690 rant.
814 4630 1081 4688 Dolebant
1105 4640 1288 4687 autem
1317 4630 1372 4684 in
1397 4630 1590 4698 spiritu
1616 4629 1942 4684 vehementi.
1970 4627 2226 4684 Contritae

639 4730 764 4778 sunt
814 4723 975 4778 etiam
1008 4734 1172 4774 naves
1200 4717 1438 4773 Tharsis.
1472 4717 1864 4789 Etymo‘logiam
1894 4717 2020 4773 fecit
2064 4733 2228 4774 naves

605 4864 608 4867 .
639 4810 862 4869 Tharsis
890 4810 1238 4877 nominando,
1270 4809 1417 4880 quod
1463 4817 1708 4880 tempore
1753 4825 1861 4879 quo
1899 4826 2008 4866 non
2036 4818 2118 4866 est
2145 4811 2227 4865 in-

641 4914 834 4962 ventus
857 4903 1134 4969 Dominus,
1169 4911 1225 4958 et
1253 4901 1482 4958 infantes
1504 4902 1668 4958 occisi
1692 4911 1848 4970 sunt,
1882 4904 2046 4959 etiam
2074 4904 2226 4959 navi-

638 4997 727 5067 gia
753 4997 902 5065 regio
941 5003 1066 5051 sunt
1100 4993 1257 5064 jussu
1280 5001 1508 5060 vexata,
1538 4993 1732 5062 quibus
1779 4993 1952 5062 magi,
1981 4992 2075 5062 qui
2119 5009 2228 5048 non

639 5087 915 5145 redierant
941 5085 1010 5141 ad
1052 5099 1234 5154 regem
1278 5083 1570 5140 credebant
1616 5084 1800 5153 fugere
1828 5086 2086 5156 potuisse.
2119 5085 2228 5142 Nos

639 5187 823 5235 autem
867 5178 1007 5233 sicut
1033 5175 1334 5231 audivimus
1373 5175 1441 5230 ab
1479 5175 1559 5230 eis
1603 5182 1789 5230 natum
1817 5174 2039 5245 Regem,
2069 5177 2144 5231 ita
2173 5185 2229 5232 et

638 5269 868 5326 vidimus
896 5269 950 5322 in
978 5267 1200 5323 civitate
1225 5264 1323 5320 Dei
1353 5266 1541 5329 nostri,
1573 5281 1736 5335 quam
1774 5266 2018 5322 fundavit
2045 5266 2230 5321 Domi-

639 5379 742 5418 nus
769 5362 823 5416 in
843 5367 1124 5416 mternum.
1154 5357 1234 5414 lbi
1254 5358 1592 5436 suscipimus,
1618 5357 1779 5425 Deus,
1806 5361 2225 5416 misericordiam

639 5462 805 5518 tuam,
838 5455 892 5508 in
920 5452 1099 5508 medio
1143 5450 1332 5521 templi
1359 5451 1438 5505 tui
1483 5452 1777 5508 secundum
1815 5469 2012 5507 nomen
2053 5461 2224 5522 tuum,

641 5561 749 5614 quo
777 5544 1023 5601 Salvator
1068 5543 1282 5612 diceris,
1317 5544 1390 5598 ita
1426 5550 1482 5598 et
1521 5543 1640 5599 laus
1669 5553 1760 5599 tua
1790 5546 1843 5600 in
1877 5545 2008 5601 ﬁnes
2041 5527 2228 5616 terra};

637 5634 842 5705 iustitia
894 5638 1038 5693 enim
1083 5637 1245 5708 plena
1291 5643 1374 5691 est
1411 5635 1652 5700 dextera,
1697 5652 1803 5706 qua
1852 5653 1952 5691 nos
1993 5638 2230 5706 dignaris

641 5739 835 5784 ornere
879 5737 936 5783 et
958 5730 1251 5788 diabolum
1296 5729 1584 5801 subjugare
1617 5749 1631 5786 τ
1675 5745 1784 5802 quo
1831 5728 1978 5798 facto,
2017 5730 2232 5789 laetatur

2329 3299 2430 3337 ma!
2449 3299 2554 3337 sum
2573 3291 2622 3336 et
2637 3281 2890 3337 laborabit
2909 3285 2962 3335 in
2983 3291 3248 3346 internum,
3265 3289 3314 3335 et
3332 3282 3462 3335 vivet
3474 3281 3638 3335 adhuc
3655 3284 3706 3336 in
3724 3283 3876 3352 ﬁnem.

2331 3369 2455 3426 Non
2475 3369 2661 3425 videbit
2692 3372 2955 3426 interitum
2979 3388 3092 3425 cum
3118 3370 3300 3425 viderit
3325 3373 3584 3442 sapientes
3610 3372 3874 3436 morientes,

2327 3464 2484 3518 simul
2510 3464 2762 3534 insipiens
2791 3471 2838 3516 et
2868 3461 3054 3517 stultus
3079 3461 3331 3535 peribunt.
3375 3460 3444 3516 Et
3477 3461 3749 3534 relinquent
3766 3461 3880 3515 alie-

2329 3557 2412 3610 nis
2433 3554 2635 3608 divitias
2654 3570 2809 3619 suas;
2851 3563 2899 3608 et
2936 3553 3174 3626 sepulcra
3211 3571 3393 3618 eorum
3424 3555 3594 3610 domus
3609 3553 3802 3623 illorum
3821 3553 3872 3606 in

2329 3657 2595 3702 internum.
2641 3645 2999 3701 Tabernacula
3036 3663 3213 3702 eorum
3263 3649 3319 3702 in
3361 3647 3582 3720 progenie
3616 3655 3663 3698 et
3693 3658 3868 3715 proge-

2329 3740 2486 3805 niem,
2516 3747 2823 3794 vocaverunt
2850 3740 3062 3793 nomina
3089 3756 3184 3794 sua
3211 3741 3267 3793 in
3309 3741 3453 3810 terris
3493 3739 3608 3794 suis.
3649 3734 3714 3790 Et
3735 3736 3877 3790 homo

2329 3849 2446 3886 cum
2465 3834 2521 3886 in
2548 3832 2741 3886 honore
2773 3841 2906 3885 esset
2931 3849 3034 3886 non
3062 3833 3333 3899 intellexit,
3373 3839 3688 3904 comparatus
3707 3839 3780 3884 est
3800 3827 3880 3898 ju-

2330 3925 2513 3977 mentis
2559 3922 2951 3994 insipientibus,
2998 3932 3049 3977 et
3085 3924 3268 3987 similis
3300 3925 3467 3995 factus
3495 3931 3568 3978 est
3608 3921 3730 3978 illis.
3769 3917 3884 3972 Hec

2328 4016 2413 4070 via
2435 4015 2639 4069 illorum
2667 4015 2969 4072 scandalum
2996 4015 3157 4086 ipsis,
3186 4023 3235 4069 et
3266 4024 3444 4086 postea
3473 4017 3528 4068 in
3553 4030 3640 4068 ore
3657 4029 3745 4067 suo
3765 4027 3883 4064 com-

2331 4105 2622 4177 placebunt.
2672 4105 2822 4162 Sicut
2855 4123 2967 4160 oves
2998 4108 3054 4160 in
3074 4108 3279 4179 inferno
3300 4109 3454 4178 positi
3493 4115 3632 4172 sunt,
3659 4121 3790 4159 mors
3812 4103 3882 4155 de-

2332 4207 2504 4269 pascet
2525 4216 2629 4252 eos.
2700 4197 2770 4251 Et
2791 4200 3192 4254 dominabuntur
3219 4216 3392 4269 eorum
3408 4201 3540 4271 justi
3567 4199 3623 4253 in
3639 4186 3880 4269 matutino,

2332 4299 2381 4344 et
2401 4290 2652 4345 auxilium
2671 4306 2845 4345 eorum
2866 4299 3143 4355 veterascet
3167 4292 3221 4347 in
3250 4293 3453 4364 inferno
3479 4308 3512 4345 α
3529 4292 3701 4364 gloria
3720 4304 3884 4345 eorum.

2344 4381 2705 4436 Verumtamen
2755 4383 2894 4437 Deus
2939 4384 3154 4438 redimet
3198 4386 3429 4438 animam
3467 4400 3638 4438 meum
3681 4383 3741 4437 de
3762 4394 3886 4435 manu

2333 4475 2510 4546 inferi,
2545 4492 2659 4529 cum
2701 4464 2976 4547 acceperit.
2998 4494 3096 4532 me.
3141 4475 3227 4531 Ne
3257 4479 3488 4532 timueris
3515 4493 3636 4532 cum
3663 4478 3790 4553 dives
3823 4475 3889 4543 {a-

2255 4545 2308 4606 D
2334 4545 2443 4622 ctus
2474 4569 2628 4640 fuerit
2655 4545 2837 4635 homo,
2867 4581 2915 4622 et
2935 4586 3050 4623 cum
3073 4570 3414 4640 multiplicata
3444 4571 3607 4641 fuerit
3628 4551 3791 4641 gloria
3815 4565 3893 4618 do-

2331 4675 2444 4714 mus
2467 4661 2598 4731 ejus.
2652 4658 2911 4726 Quoniam
2952 4677 3067 4716 cum
3110 4663 3363 4716 interierit
3388 4678 3492 4716 non
3531 4673 3706 4717 sumet
3727 4662 3891 4720 omnia»

2321 4768 2493 4822 neque
2519 4751 2788 4806 descendet
2813 4769 2928 4806 cum
2947 4770 3006 4807 eo
3026 4753 3194 4825 gloria
3220 4754 3398 4808 domus
3423 4754 3558 4826 ejus.
3594 4752 3733 4820 Quia
3753 4753 3898 4806 animt

2331 4843 2445 4914 ejus
2473 4844 2528 4896 in
2571 4841 2675 4896 vita
2715 4844 2875 4914 ipsius
2916 4843 3259 4911 benedicetur,
3285 4844 3638 4917 conﬁtebitur
3687 4843 3773 4898 tibi
3805 4855 3899 4895 cus!

2334 4934 2644 5007 benefeceris
2691 4937 2756 4989 ei.
2815 4934 3060 4992 Introibit
3102 4955 3259 5009 usque
3314 4940 3368 4992 in
3406 4939 3686 5010 progenies
3723 4925 3931 5010 patruis.

2315 5046 2563 5094 .suorum,
2593 5039 2642 5082 et
2670 5045 2826 5100 usque
2844 5030 2900 5083 in
2925 5039 3170 5085 aeternum
3191 5047 3291 5085 non
3324 5027 3507 5085 videbit
3524 5030 3727 5086 lumen.
3759 5029 3906 5082 Hom

2337 5137 2452 5176 cum
2482 5121 2536 5175 in
2558 5121 2750 5176 honore
2767 5130 2898 5174 esset
2923 5138 3027 5176 non
3065 5122 3350 5189 intellexit,
3381 5131 3722 5193 comparatus
3748 5129 3820 5177 est
3837 5120 3907 5190 ju-

2337 5215 2522 5269 mentis
2548 5213 2930 5284 insipientibus,
2953 5223 3003 5268 et
3027 5214 3212 5269 similis
3231 5216 3398 5285 factus
3419 5222 3497 5268 est
3522 5213 3637 5272 illis
3954 5195 3965 5214 ’

2879 5369 2882 5372 ’
2911 5363 3326 5404 (ΞΟΜΙΕΝΤΔΠῙΙΙΙ

2413 5457 2540 5514 Sola
2570 5458 2769 5516 Christi
2797 5466 2905 5517 vox
2931 5477 3120 5518 omnes
3147 5460 3303 5518 vocat
3331 5461 3488 5518 simul
3517 5462 3574 5516 in
3608 5477 3802 5527 unum,
3830 5473 3916 5514 ex-

2341 5550 2488 5607 clusa
2518 5553 2663 5607 omni
2692 5553 3004 5623 acceptione
3022 5569 3264 5624 personae
3283 5553 3499 5609 divitem
3529 5560 3588 5608 et
3608 5564 3918 5625 pauperem.

2341 5639 2575 5697 nobilem
2605 5652 2662 5698 et
2692 5643 3001 5712 ignobilem,
3036 5660 3134 5699 nec
3160 5659 3374 5699 omnem
3401 5645 3628 5700 omnino
3657 5653 3922 5701 terrenum

2343 5733 2548 5804 apicem
2577 5733 2850 5808 dignitatis
2873 5735 3196 5806 excludens;
3225 5751 3413 5794 omnes
3438 5736 3659 5809 invitat,
3690 5752 3763 5796 ex
3781 5749 3928 5811 atun
