4108 6348
600 380 729 438 -5θ5

1938 352 2212 411 ARNODH
2248 342 2567 409 δυΝιοιιις

3802 312 3963 403 396'

620 510 744 555 οεεθ
769 487 1027 561 εωρετίι,
1064 476 1457 558 annuntiabunt
1484 473 1539 530 hi
1567 485 1759 528 omnes
1773 467 2044 561 justitiam
2068 460 2203 536 ejus,
2235 469 2286 529 Α
2314 467 2493 561 tritum
2511 477 2559 522 et
2583 461 3112 561 ltumiliatunt,-Deus,
3131 478 3235 518 non
3256 461 3527 561 despicies.
3546 461 3781 561 Benigne
3796 466 3898 536 fac,

621 588 717 660 qui
761 557 1054 657 prsidicant
1090 585 1236 629 nunc
1262 564 1697 625 misericordiam
1722 560 1879 660 ej_ns.‘
1910 557 2209 660 Audi-ergo

621 648 746 746 hoc,
763 648 1006 748 'populns
1052 679 1235 731 meus,
1265 660 1473 719 audiet
1506 659 1716 730 loquar.
1760 653 1923 748 Tunc.
1951 648 2213 748 testiﬁcor

622 784 676 829 te
815 743 1102 823 venturum
1129 772 1250 815 esse
1291 754 1361 811 ad
1385 749 1763 825 iudicandum,
1795 746 1888 818 qui
1916 760 2061 802 nunc
2086 743 2211 799 veni

619 862 688 920 ad
713 855 1105 919 redimendum.
1146 848 1260 920 Ego
1286 847 1473 917 utique
1498 843 1644 900 Dens
1674 836 1816 907 tuus,
1847 854 1955 895 non
1978 835 2213 893 aestimes
2278 908 2285 919 .

618 953 745 1028 quia
774 953 829 1008 in
848 943 1125 1021 sacriﬁciis
1149 954 1374 1012 arguam
1398 944 1486 1005 te;
1509 933 1872 1028 obedientiam
1891 930 2015 1028 volo
2040 927 2211 998 magis

617 1023 782 1118 quam
810 1037 1151 1100 sacriﬁcium.
1185 1031 1459 1102 Praecepta
1487 1042 1609 1084 mea
1646 1023 1907 1118 custodiri
1933 1036 2097 1094 super
2123 1034 2211 1076 sa-

617 1117 820 1197 crificia
867 1130 1052 1189 statui.
1093 1127 1215 1183 Non
1240 1123 1385 1180 enim
1422 1117 1761 1176 manducabo
1801 1129 1994 1173 carnes
2019 1121 2209 1169 tauro-

616 1246 759 1296 rum,
792 1233 886 1283 aut
909 1219 1228 1292 sanguinem
1251 1215 1527 1271 hircorum
1550 1209 1776 1283 putabo,
1807 1204 2067 1278 quidquid
2095 1220 2210 1260 am-

614 1324 770 1381 bulat
792 1327 850 1376 et
875 1316 1044 1379 volat,
1087 1325 1266 1368 meum
1298 1314 1400 1364 est.
1456 1304 1593 1374 Quid
1616 1302 1750 1359 mihi
1777 1315 1958 1359 meum
1984 1313 2085 1372 pro
2117 1305 2209 1354 tuo

616 1409 901 1486 porriges?
930 1405 1046 1462 Hoc
1074 1410 1223 1459 tuum
1250 1404 1360 1466 est,
1402 1397 1448 1452 si
1487 1410 1624 1467 puro
1664 1392 1829 1486 corde
1862 1390 1996 1447 mihi
2016 1388 2210 1486 laudes

616 1480 861 1562 etlundas
878 1541 894 1567 ,
925 1507 982 1557 et
1004 1496 1198 1557 reddas
1225 1492 1356 1550 mihi
1383 1497 1600 1554 votum,
1630 1485 1775 1558 quod
1803 1485 1857 1540 in
1884 1480 2209 1554 baptismate

618 1598 828 1673 positus
866 1590 1134 1651 devovisti
1156 1629 1171 1654 ,
1238 1600 1349 1656 quo
1394 1591 1467 1673 te
1506 1579 1946 1673 Arennntiaturnm
1991 1573 2208 1642 diabolo

617 1671 993 1761 spopondisti,
1038 1687 1096 1737 et
1140 1691 1261 1733 mea
1296 1671 1595 1746 promisisti
1633 1676 1976 1726 servaturum
2006 1672 2063 1722 te

619 1759 891 1838 mandata.
932 1774 1045 1832 Hoc
1070 1772 1199 1829 dum
1227 1769 1457 1834 feceris,
1486 1766 1678 1822 invoca
1712 1779 1802 1820 me
1838 1762 1895 1818 in
1919 1762 2010 1818 die
2036 1759 2206 1823 tribuo

2312 556 2537 614 Domine
2557 601 2571 626 ,
2618 557 2676 613 in
2707 557 2841 613 bona
2870 556 3127 613 uoluntate
3158 564 3247 610 tua
3285 554 3451 621 Sion,
3492 564 3551 609 at
3582 556 3904 627 aedificentur

2310 652 2446 708 nutri
2470 652 2780 709 Jerusalem.
2827 650 2968 706 Tunc
2996 648 3288 722 acceptabis
3320 650 3641 722 sacriﬁcium
3661 651 3900 722 justitite,

2311 742 2623 802 oblationem
2647 754 2698 800 et
2725 744 3056 808 holocausta,
3090 751 3210 798 tunc
3244 741 3513 813 imponent
3548 759 3705 814 super
3742 744 3900 802 altare

2313 845 2454 893 tuum
2480 838 2683 894 vitulos.
3022 902 3025 907 ⁴
3278 902 3285 909 ι

2885 923 3323 965 COMIENTABIUI.

2381 1020 2608 1089 Quando
2635 1023 2784 1080 venit
2811 1021 3021 1079 Nathan
3062 1023 3330 1093 propheta
3375 1021 3445 1094 ad
3489 1036 3676 1093 regem
3717 1021 3895 1087 David,

2310 1129 2419 1170 non
2447 1114 2723 1173 inchoavit
2747 1123 3031 1187 peccatum
3059 1128 3306 1185 arguere,
3334 1113 3431 1172 sed
3456 1115 3625 1187 capit
3645 1114 3896 1186 judicium

2310 1202 2584 1276 ﬂagitare,
2624 1206 2810 1263 dicens
2839 1225 2852 1260 :
2885 1205 3077 1263 Audivi
3105 1214 3158 1262 te
3186 1207 3475 1264 habentem
3503 1220 3700 1277 greges
3726 1207 3897 1263 ovium

2306 1302 2366 1352 et
2389 1304 2634 1353 armenta
2661 1296 2847 1365 multa,
2878 1296 3147 1355 sublatam
3173 1312 3333 1353 unam
3356 1298 3633 1354 ovicuiam
3659 1299 3891 1370 pauperi,

2309 1389 2481 1462 ipsam
2507 1390 2678 1446 solam
2719 1391 2957 1447 habenti.
3008 1389 3242 1458 Questus
3260 1390 3427 1462 judici
3456 1390 3604 1460 regi,
3636 1389 3789 1445 dedit
3810 1406 3892 1447 rex

2309 1484 2632 1541 sententiam
2674 1483 2895 1555 dignum
2933 1499 3054 1540 esse
3100 1492 3276 1541 morte
3321 1499 3446 1540 eum
3488 1484 3582 1553 qui
3609 1482 3743 1539 fecit
3767 1483 3892 1540 hanc

2307 1590 2444 1632 rem.
2514 1574 2665 1633 Tunc
2705 1574 2955 1631 Nathan:
3018 1574 3094 1630 Tu
3143 1592 3217 1641 es,
3250 1574 3450 1647 inquit,
3480 1575 3559 1630 vir
3606 1576 3705 1645 qui
3737 1575 3890 1632 fecisti

2308 1667 2449 1724 hanc
2474 1684 2591 1724 rem
2618 1687 2630 1723 :
2662 1667 2853 1725 Uriam
2873 1668 3149 1725 Hetlueum
3169 1667 3424 1735 occidisti,
3455 1678 3505 1723 et
3535 1684 3759 1724 uxorem
3792 1670 3889 1741 ejus

2309 1764 2569 1836 accepisti.
2595 1761 2726 1819 Hac
2753 1762 2883 1817 dicit
2917 1761 3171 1817 Dominus
3197 1779 3213 1818 :
3245 1760 3372 1817 Non
3397 1760 3597 1817 recedet
3615 1762 3820 1834 gladius
3835 1762 3888 1817 de

597 1843 836 1933 ~lationis
852 1913 867 1940 ,
894 1881 1140 1942 tempore
1174 1881 1284 1939 quo
1310 1863 1379 1920 de
1406 1863 1512 1918 isto
1539 1873 1772 1931 corpore
1799 1857 1986 1914 exies:
2018 1863 2076 1912 et
2101 1855 2209 1912 eri-
2235 1859 2293 1931 Β
2312 1856 2465 1913 domo
2490 1863 2581 1911 tua
2600 1856 2657 1910 in
2680 1863 2953 1912 uernum.
2985 1855 3196 1911 Invenit
3220 1870 3371 1911 reum
3396 1854 3695 1921 sententia,
3730 1864 3786 1911 et
3804 1871 3887 1911 rex

616 1969 763 2041 piam
791 1973 844 2022 te
885 1963 955 2020 de
981 1960 1230 2019 manibus
1254 1957 1588 2019 daemonum,
1632 1959 1690 2008 et
1726 1947 2094 2020 magniﬁcahis
2118 1965 2215 2022 me
2308 1948 2409 2005 sub
2432 1955 2748 2041 accusatore
2776 1947 3001 2041 positus,
3016 1946 3273 2041 "deposita
3300 1954 3571 2041 potestate
3589 1984 3605 2009 ,
3636 1962 3742 2041 suo
3762 1946 3887 2041 judi-

618 2063 673 2118 in
698 2059 859 2116 donis
885 2055 1055 2113 meis.
1085 2053 1169 2109 Tu
1194 2058 1375 2107 autem
1403 2047 1496 2118 qui
1522 2046 1673 2102 lucra
1696 2042 1957 2100 sectando
1982 2041 2207 2112 gradum

615 2150 944 2216 sacerdotii,
990 2156 1089 2204 aut
1128 2155 1188 2202 tu
1212 2144 1307 2215 qui
1334 2140 1563 2213 gloriam
1589 2139 1882 2195 hmanam
1908 2136 2202 2201 desideras,

615 2253 713 2302 aut
736 2242 830 2314 qui
870 2241 926 2296 in
975 2238 1119 2294 furto
1144 2231 1521 2307 participaris,
1554 2236 1610 2286 et
1636 2229 1683 2285 si
1710 2228 1828 2299 ipse
1863 2226 2076 2283 adulter
2095 2243 2205 2284 non

612 2354 696 2405 es,
726 2347 908 2392 tamen
935 2348 1060 2390 cum
1087 2328 1345 2386 adulteris
1375 2326 1530 2382 vivis.
1583 2323 1761 2391 Quare
1789 2328 1850 2377 tu
1874 2334 2097 2377 enarras
2118 2319 2207 2390 ju-

615 2430 820 2487 stitiam
845 2439 1052 2487 meam,
1082 2421 1214 2477 dicit
1237 2418 1529 2484 Dominus,
1554 2429 1678 2472 cum
1702 2412 1961 2470 adversus
1983 2410 2206 2471 fratrem

617 2531 769 2579 tuum
789 2517 1069 2583 detrahas,
1105 2521 1163 2569 et
1185 2511 1499 2569 scandalum
1526 2507 1733 2580 ponas?
1755 2506 1837 2561 An
1866 2504 2205 2565 taciturnita-

616 2622 729 2670 tem
757 2625 934 2667 meam
953 2616 1327 2669 contemnens,
1359 2617 1548 2674 speras
1566 2616 1656 2659 me
1675 2600 1777 2657 tibi
1792 2614 1915 2656 esse
1939 2598 2207 2655 similem?

614 2705 734 2775 Ego
761 2716 981 2774 arguam
1011 2708 1092 2766 te,
1138 2706 1197 2756 et
1241 2704 1477 2753 statuam
1516 2694 1634 2753 haec
1661 2700 1787 2749 ante
1812 2691 2008 2749 faciem
2036 2698 2203 2758 tuam,
2242 2704 2249 2711 '

617 2796 786 2853 nolite
826 2791 1111 2858 oblivisci,
1155 2788 1387 2847 Domino
1431 2785 1578 2858 quod
1626 2784 1953 2858 promisistis
1976 2782 2202 2851 reddite,

614 2902 685 2944 ne
714 2885 890 2957 rapiat
915 2883 1058 2939 sicut
1084 2881 1201 2947 leo,
1231 2887 1289 2936 et
1312 2894 1426 2937 non
1452 2878 1526 2934 sit
1549 2877 1645 2949 qui
1671 2875 1884 2947 eripiat.
1924 2873 2072 2930 Finis
2100 2874 2205 2929 ita-

530 2992 544 3005 '
611 2992 721 3047 que
759 2974 977 3045 semper
1020 2981 1149 3029 ante
1194 2971 1385 3029 oculos
1432 2977 1516 3026 est
1560 2966 1840 3024 habendus
1860 3006 1876 3033 ,
1922 2974 1981 3023 et
2024 2966 2080 3021 in
2106 2964 2206 3021 Dei

612 3069 863 3125 laudibus
907 3063 1352 3139 permanendum.
1412 3062 1493 3119 Ibi
1533 3062 1680 3118 enim
1725 3068 1810 3116 est
1854 3060 1957 3115 iter
2002 3059 2057 3114 in
2095 3073 2205 3128 quo

609 3159 917 3217 ostenditur
952 3158 1189 3215 salutare
1215 3155 1352 3222 Dei,
1389 3154 1484 3225 qui
1512 3162 1703 3224 regnet
1729 3154 1784 3210 in
1811 3153 2006 3210 smcula
2033 3167 2205 3209 samu-

612 3253 807 3310 lorum.
840 3249 1033 3308 Arnen.

1196 3337 1418 3395 PSALN
1428 3336 1513 3394 US
1549 3337 1611 3393 L.

603 3434 855 3493 Psalmus
876 3435 930 3490 in
945 3432 1108 3490 linem
1124 3430 1315 3498 David,
1336 3429 1556 3500 quando
1575 3429 1725 3500 venit
1743 3428 1810 3484 ad
1839 3442 1963 3500 eum
1991 3426 2202 3484 Nathan

770 3507 1058 3579 propheta,
1095 3502 1313 3575 quando
1343 3499 1564 3557 intravit
1589 3499 1659 3556 ad
1685 3499 2030 3556 Bersaheam.

678 3620 929 3676 Miserere
946 3619 1079 3682 mei,
1109 3614 1278 3675 Deus,
1312 3613 1592 3671 secundum
1617 3628 1867 3685 magnam
1900 3611 2200 3668 misericor-

495 3758 504 3767 .
604 3711 751 3766 diam
779 3718 943 3764 tuom.
984 3706 1058 3763 Et
1084 3707 1366 3763 secundum
1396 3704 1780 3761 multitudinem
1807 3703 2199 3759 nsiserationum

603 3814 833 3869 uarum,
877 3800 991 3856 dele
1025 3798 1354 3872 iniquitatem
1396 3812 1584 3852 meam.
1624 3795 1862 3867 Amplius
1886 3796 2104 3851 lavem
2130 3794 2196 3848 ab

599 3895 874 3967 iniquitate
909 3906 1026 3948 mea
1042 3931 1057 3957 ,
1092 3900 1141 3946 et
1158 3907 1195 3945 α
1221 3899 1432 3962 peccato
1461 3904 1574 3943 meo
1597 3887 1792 3942 munda
1810 3903 1910 3943 me.
1936 3883 2197 3951 Quoniam

964 4000 1134 4040 meam
1175 3998 1271 4055 ego
1308 3992 1597 4054 cognosco,
1646 3988 1696 4034 et
1722 3988 1987 4052 peccatum
2024 3988 2195 4033 meum

596 4089 778 4136 contra
798 4095 881 4134 me
900 4086 975 4134 est
1001 4088 1223 4146 semiper.
1252 4074 1369 4129 Tibi
1388 4073 1490 4130 soli
1515 4073 1722 4145 peccaui
1739 4111 1755 4137 ,
1784 4082 1835 4128 et
1869 4071 2068 4127 ntalem
2098 4087 2190 4127 oo-

596 4180 712 4225 ram
743 4178 790 4240 te
815 4168 933 4240 feci,
962 4177 1018 4221 ut
1040 4166 1345 4238 justiﬁceris
1370 4165 1428 4220 in
1455 4165 1779 4222 sermonibus
1796 4164 1918 4231 tuis,
1948 4172 1998 4218 et
2017 4163 2192 4218 obeas

596 4272 715 4316 cum
740 4258 1017 4330 iudiceris.
1079 4255 1215 4311 Ecce
1240 4255 1401 4310 enim'
1423 4256 1481 4309 in
1521 4254 1880 4327 iniquitatibus
1917 4262 2191 4325 conceptus

598 4366 734 4413 sum,
762 4358 811 4404 et
831 4348 886 4402 in
914 4348 1138 4419 peccatis
1160 4346 1391 4417 concepit
1410 4362 1494 4400 me
1520 4356 1688 4402 mater
1715 4361 1847 4401 mea.
1898 4344 2036 4401 Ecce
2052 4346 2195 4405 enim

594 4441 862 4497 reritatem
908 4438 1177 4504 dilexisti,
1220 4438 1421 4492 incerta
1466 4444 1516 4491 et
1540 4437 1742 4492 occulta
1779 4438 2051 4509 sapientia:
2090 4447 2191 4494 tua:

595 4532 948 4605 monifestasti
965 4530 1368 4603 mihiAsperges
1380 4529 1726 4597 me,Domine,
1741 4531 1964 4602 hyssope
1980 4541 2189 4587 etman-

2308 2042 2394 2097 cio
2413 2039 2824 2105 condemnatur.
2855 2038 3000 2096 Deus
3023 2039 3170 2095 enim
3196 2038 3344 2094 venit
3362 2038 3429 2093 ad
3455 2053 3581 2094 eum
3606 2038 3817 2095 abditus
3838 2038 3884 2092 in

2308 2131 2540 2197 Nathan,
2568 2132 2814 2188 occultus
2838 2132 2894 2187 in
2921 2131 3207 2203 propheta,
3239 2138 3297 2186 et
3323 2131 3439 2202 ipse
3465 2146 3563 2200 per
3581 2130 3881 2201 prophetam

2308 2224 2604 2296 postulavit
2638 2222 2902 2295 judicium
2948 2223 3147 2290 homo,
3199 2222 3326 2279 vicit
3366 2221 3528 2278 Deus.
3587 2221 3731 2295 Deus
3754 2221 3880 2276 enim

2301 2314 2625 2387 justillcatus
2651 2324 2738 2372 est
2763 2316 2817 2371 iu
2845 2300 3183 2377 sermonibus
3207 2314 3347 2381 suis,
3378 2315 3573 2384 quibus
3597 2313 3664 2369 ab
3683 2313 3882 2368 homins

2308 2407 2571 2480 ﬂagitavit
2597 2408 2917 2465 sententiam
2938 2449 2953 2475 ,
2983 2406 3239 2477 judicavit
3265 2409 3536 2473 sententia
3566 2407 3697 2462 inter
3720 2404 3877 2460 Deum

2309 2501 2632 2558 irascentem
2669 2509 2724 2556 et
2751 2501 3024 2556 hominem
3062 2501 3497 2573 delinquentem,
3528 2510 3583 2557 et
3610 2501 3729 2557 vicit
3750 2499 3880 2556 Deus

2303 2591 2574 2663 judicatus
2612 2593 2680 2649 ab
2709 2592 2953 2648 homine.
2987 2591 3131 2648 Dixit
3158 2593 3303 2648 enim
3343 2593 3509 2648 homo
3537 2611 3549 2646 :
3590 2593 3785 2662 Dignus
3808 2599 3878 2647 est

2309 2692 2486 2742 morte
2530 2686 2613 2740 vir
2657 2686 2749 2756 qui
2796 2685 2922 2742 fecit
2962 2685 3103 2741 hanc
3129 2701 3262 2742 rem.
3316 2685 3473 2741 Dens.
3488 2700 3620 2755 ergo
3646 2686 3737 2756 qui
3761 2685 3877 2739 hante

2311 2779 2525 2834 volebat
2550 2780 2601 2834 in
2630 2795 2781 2835 reum
2810 2779 3153 2851 promulgare
3180 2781 3525 2846 sententiam,
3555 2780 3702 2836 venit
3726 2778 3875 2848 adju-

2308 2870 2525 2939 dicium,
2559 2878 2637 2938 ut,
2671 2871 2717 2927 si
2739 2870 3038 2941 judicatqu
3067 2871 3255 2939 fuisset
3297 2887 3405 2927 non
3452 2870 3653 2927 debere
3689 2872 3786 2926 hoc
3812 2868 3875 2923 la-

2306 2973 2455 3021 ctum
2483 2965 2704 3029 ulcisci,
2752 2981 2861 3021 non
2885 2964 3276 3035 justiﬁearetur
3322 2965 3377 3019 in
3401 2964 3741 3020 sermonibus
3764 2964 3873 3028 suis,

2308 3067 2364 3115 et
2392 3076 2501 3117 non
2530 3061 2771 3116 vinceret
2805 3059 3097 3130 judicatus.
3139 3060 3207 3114 At
3236 3059 3326 3117 ubi
3362 3058 3567 3115 dictum
3597 3068 3707 3115 est:
3728 3057 3876 3113 Morte

2305 3153 2500 3223 dignus
2526 3162 2613 3210 est
2638 3154 2719 3209 vir
2744 3155 2839 3223 qui
2867 3154 2995 3210 fecit
3023 3154 3164 3210 hanc
3190 3169 3303 3210 rem
3320 3195 3335 3219 ,
3376 3151 3522 3209 Deus
3556 3153 3652 3223 qui
3678 3158 3875 3208 venerat

2226 3245 2277 3311 α
2307 3246 2379 3302 ad
2398 3246 2660 3317 judicium
2685 3246 3006 3317 judicandus
3028 3287 3045 3313 ,
3091 3244 3418 3317 justiticatus
3442 3254 3530 3303 est
3558 3246 3611 3301 in
3636 3243 3874 3303 sermoni-

2304 3338 2407 3394 bus
2453 3340 2594 3403 suis,
2636 3347 2694 3394 et
2740 3339 2871 3396 vicit
2916 3339 3045 3396 dum
3086 3332 3374 3409 iudicatur.
3439 3336 3723 3393 Videamus
3751 3349 3875 3391 nunc

2303 3430 2436 3501 quid
2455 3431 2566 3501 egit
2585 3431 2810 3488 victoria
2837 3430 2966 3496 Dei,
2998 3416 3169 3488 tenuit
3197 3432 3573 3502 imperath
3600 3429 3872 3499 captivum,

2303 3530 2361 3581 et
2388 3521 2604 3578 tradidit
2629 3523 2911 3578 sententia:
2931 3537 3101 3577 reum.
3137 3521 3282 3578 Reus
3309 3520 3377 3576 ad
3404 3519 3729 3577 clementiam
3757 3532 3874 3573 cono

2304 3614 2451 3669 volat
2472 3655 2487 3680 ,
2520 3622 2576 3669 et
2600 3629 2807 3669 exuens
2834 3629 2893 3669 se
2920 3628 3187 3685 purpura,
3216 3611 3392 3668 induit
3416 3626 3473 3666 se
3495 3609 3689 3671 cilicio,
3717 3606 3865 3661 cinc-

2300 3722 2417 3772 rem
2455 3716 2709 3778 tanquam
2756 3723 2951 3779 panem
2997 3706 3331 3763 manducans
3353 3747 3368 3773 ,
3413 3710 3467 3759 et
3505 3709 3684 3775 potum
3709 3715 3868 3756 suum

2301 3800 2554 3873 lacrymis
2594 3801 2846 3857 miscens.
2887 3799 3152 3867 Ostende,
3182 3800 3389 3869 inquit,
3414 3795 3660 3859 Domine,
3682 3793 3874 3876 quibus

2298 3892 2457 3949 factis
2483 3900 2723 3949 mutetur
2750 3893 3038 3948 sententia.
3080 3891 3137 3947 Si
3166 3892 3312 3949 enim
3341 3890 3471 3946 mihi
3502 3889 3550 3943 in
3582 3888 3680 3942 hac
3705 3885 3872 3941 huniio

2297 3986 2450 4043 litate
2492 3986 2672 4058 posito
2712 3985 2963 4055 dignatus
2996 3984 3160 4043 fueris
3202 3967 3511 4053 indulgere,
3539 3981 3699 4037 etiam
3733 3977 3871 4048 impii

2242 4082 2245 4085 ’
2296 4079 2366 4135 ad
2395 4086 2451 4135 te
2495 4087 2899 4136 convertentur.
2951 4077 3205 4133 Miserere
3227 4117 3244 4143 ,
3273 4076 3502 4131 obsecro
3525 4112 3541 4137 ,
3591 4071 3872 4129 secundum

2295 4186 2546 4241 magnam
2588 4171 3024 4229 misericordiam.
3043 4178 3188 4225 tuam
3213 4206 3230 4236 ,
3260 4168 3519 4239 quoniam
3550 4167 3871 4238 iniquitatem

2294 4278 2470 4320 meum
2497 4280 2601 4335 ego
2626 4278 2879 4334 agnosco.
2928 4264 3180 4331 Agnosco
3193 4261 3338 4332 justo
3365 4261 3561 4316 iratum
3592 4269 3665 4325 te,
3699 4257 3873 4328 injuste

2294 4356 2468 4425 egisse
2496 4372 2602 4412 me.
2666 4356 2785 4414 Tibi
2805 4356 2907 4413 soli
2940 4355 3163 4427 peccavi
3188 4373 3201 4408 :
3231 4354 3408 4412 omnis
3434 4353 3528 4423 qui
3558 4353 3662 4409 sub
3686 4350 3872 4422 judicio

2292 4448 2446 4515 vivit,
2476 4463 2600 4505 cum
2627 4447 2917 4518 deliquerit
2935 4489 2952 4515 ,
2994 4454 3187 4519 peccat
3215 4446 3348 4515 Deo,
3379 4454 3574 4518 peccat
3599 4453 3658 4502 et
3685 4445 3875 4514 legibus

2292 4538 2498 4596 mundi.
2558 4537 2658 4596 Hic
2704 4546 2883 4595 autem
2930 4554 3028 4595 rex
3074 4539 3175 4595 sub
3201 4538 3350 4594 nullo
3376 4538 3485 4593 alio
3513 4536 3620 4593 nisi
3650 4537 3751 4592 sub
3777 4534 3878 4590 Dee

594 4624 779 4687 dabor,
808 4623 1009 4681 locabis
1037 4639 1146 4690 me,
1175 4633 1227 4679 et
1260 4636 1415 4695 super
1443 4623 1611 4679 nivem
1628 4621 1930 4679 dealbabor.
1972 4623 2187 4679 Audiui
2211 4625 2408 4693 ﬁsolo
2432 4643 2616 4700 agens,
2648 4630 2822 4701 ipsum
2852 4630 3026 4687 solum
3054 4646 3218 4702 super
3240 4637 3564 4701 potestatem
3593 4638 3754 4685 suam
3777 4641 3879 4681 me

588 4733 703 4773 meo
753 4713 901 4772 dabis
945 4712 1191 4788 gaudium
1223 4725 1276 4772 et
1313 4716 1583 4779 laetitiam,
1613 4725 1662 4771 et
1685 4715 2017 4775 exsultabant
2057 4734 2180 4775 ossa

590 4808 884 4864 Immiliato.
940 4809 1125 4865 Aser-te
1169 4807 1364 4881 faciant
1400 4817 1546 4865 tuom
1590 4825 1626 4863 a
1665 4809 1893 4880 peccatis
1925 4812 2084 4877 meis;
2126 4822 2181 4868 et

588 4916 767 4956 omnes
787 4902 1088 4973 utiquitates
1108 4918 1255 4958 meas
1273 4901 1404 4958 dele.
1445 4898 1550 4957 Cor
1580 4900 1830 4959 modum
1848 4918 1967 4959 crea
1996 4903 2051 4958 in
2075 4919 2178 4968 me,

588 4991 757 5059 Deus,
789 5002 838 5046 et
877 4994 1116 5064 spiritum
1153 5002 1349 5051 rectum
1376 4994 1567 5051 iuncea
1617 4994 1675 5049 in
1707 4994 1985 5051 visceribus
2029 4995 2175 5051 meis.

587 5081 677 5140 Ne
703 5084 955 5157 projicias
972 5099 1054 5141 me
1073 5102 1108 5139 a
1128 5085 1263 5156 facie
1285 5093 1396 5151 tua,
1428 5095 1479 5140 ct
1499 5085 2019 5158 Spiritum'sanetum
2038 5095 2180 5142 tuum

585 5194 652 5232 ne
679 5178 895 5255 auferas
919 5192 953 5231 a
979 5193 1080 5233 me.
1134 5175 1313 5236 Redde
1351 5177 1479 5233 milii
1513 5177 1753 5234 latitia»:
1788 5178 2038 5234 salutaris
2079 5180 2176 5245 tui,

586 5279 633 5325 et
651 5269 843 5342 spiritu
861 5268 1145 5341 principali
1171 5267 1426 5339 conﬁrma
1461 5285 1561 5324 nte.
1604 5267 1808 5324 Docebo
1842 5270 2049 5343 iniquos
2067 5271 2179 5325 uias

585 5373 722 5430 tuas,
744 5371 795 5418 et
815 5363 964 5434 itttpii
990 5362 1062 5419 ad
1102 5371 1153 5417 te
1176 5369 1553 5423 convertentur.
1604 5360 1796 5419 Libera
1837 5380 1919 5418 me
1960 5364 2025 5418 de
2046 5379 2176 5418 san-

583 5456 844 5529 guinibas,
879 5456 1043 5524 Deus,
1067 5455 1211 5513 Deus
1232 5456 1421 5532 salutis
1442 5472 1595 5522 mea,
1623 5467 1675 5513 et
1700 5458 1979 5514 exsultabit
1997 5458 2179 5532 lingua

584 5564 701 5601 mea
721 5549 982 5619 justitiam
1003 5558 1165 5615 tum.
1205 5546 1449 5612 Domine,
1477 5548 1619 5604 labia
1645 5565 1762 5604 mea
1790 5550 2010 5620 aperies,
2041 5558 2094 5604 et
2117 5566 2177 5605 os

511 5658 514 5662 λ
584 5653 753 5693 meum
772 5638 1103 5695 annmtiabit
1129 5639 1339 5697 tandem
1366 5649 1525 5697 luent.
1569 5636 1830 5705 Quoniam
1855 5641 1903 5695 si
1929 5641 2176 5697 voluisses

585 5728 901 5795 sacriﬁcium
938 5730 1190 5785 dedissem
1232 5732 1407 5803 utique
1428 5769 1444 5795 ,
1475 5731 1789 5789 holocaustis
1817 5748 1921 5787 non
1956 5733 2174 5790 delecta-

586 5814 737 5871 beris.
782 5816 1115 5888 Sacriﬁcium
1141 5819 1253 5883 Deo
1275 5821 1490 5893 spiritus
1513 5822 1908 5892 contribulatus,
1933 5842 2022 5882 cor
2050 5844 2172 5884 cou-

1978 6043 2022 6058 ια

2290 4731 2468 4789 tuens,
2495 4721 2611 4779 Deo
2639 4723 2743 4779 soli
2771 4724 3033 4793 peccavit.
3093 4721 3294 4781 Maium
3314 4763 3332 4789 ,
3361 4720 3573 4792 inquit,
3616 4736 3806 4778 coram
3832 4725 3881 4775 to

2291 4817 2426 4884 feci,
2461 4832 2570 4873 non
2597 4815 2708 4887 fugi
2736 4833 2768 4873 a
2796 4816 2935 4874 facie
2967 4827 3077 4874 tua.
3147 4818 3304 4875 Volui
3351 4818 3498 4873 enim
3524 4825 3587 4873 ut
3610 4815 3882 4887 judicares

2290 4925 2377 4967 me
2404 4910 2826 4981 delinquentem,
2850 4913 3031 4983 potius
3049 4928 3213 4982 quam
3234 4912 3430 4983 ligarcs
3449 4928 3540 4968 me
3563 4911 3876 4984 fugientem.

2288 5001 2346 5058 ln
2374 5001 2744 5072 iniquitatibus
2771 5012 3067 5075 conceptus
3105 5020 3244 5061 sum.
3303 5004 3551 5061 Servavit
3590 5005 3648 5060 in
3678 5004 3883 5062 confes-

2287 5096 2441 5152 sione
2485 5111 2582 5151 sua
2632 5095 2908 5153 Creatoris
2953 5098 3175 5154 bonum.
3233 5097 3351 5155 Non
3373 5099 3519 5155 enim
3560 5098 3729 5166 dixit,
3756 5097 3884 5155 Cum

2286 5187 2658 5258 iniquitatibus
2680 5229 2698 5255 ,
2749 5196 2844 5249 aut
2888 5200 3016 5247 cum
3062 5190 3298 5261 peccatis
3344 5191 3531 5260 genuit
3575 5207 3671 5248 me
3721 5199 3887 5247 mater

2287 5296 2427 5346 mea,
2458 5280 2575 5347 sed,
2606 5280 2664 5337 In
2695 5280 3069 5357 iniquitatibus
3095 5292 3391 5356 conceptus
3417 5301 3560 5351 stin»,
3590 5295 3647 5343 et
3679 5287 3737 5341 in
3762 5299 3885 5357 pec-

2285 5372 2421 5428 catis
2447 5372 2633 5441 genuit
2655 5354 2948 5441 me‘mater
2971 5389 3111 5430 mea.
3184 5354 3425 5432 Dicendo
3463 5377 3614 5434 enim
3658 5354 3887 5434 lintrem

2283 5466 2339 5521 in
2366 5466 2479 5522 suis
2507 5466 2881 5536 iniquitatibus
2920 5478 3048 5525 eum
3090 5470 3445 5541 concepisse,
3474 5478 3530 5526 et
3559 5471 3616 5526 in
3644 5470 3888 5542 peccatis

2282 5557 2462 5613 maeuii
2511 5557 2818 5628 peperisse,
2876 5558 3127 5628 signavit.
3200 5559 3339 5628 Quia
3383 5572 3546 5618 omne
3598 5570 3888 5632 peccatum

2282 5649 2446 5706 corde
2485 5650 2806 5721 concipitur,
2852 5660 2910 5708 et
2944 5668 3046 5709 ore
3086 5660 3514 5710 consummatur.
3567 5653 3670 5709 llic
3696 5662 3887 5710 autem

2282 5742 2372 5811 qui
2397 5742 2654 5808 nascitur,
2684 5745 3009 5800 sententiam
3047 5744 3181 5801 Min
3204 5747 3405 5811 habet,
3431 5755 3725 5817 peccaturi:
3759 5762 3888 5804 vero

2283 5852 2437 5893 suum
2484 5853 2592 5894 non
2640 5837 2818 5895 habet.
2863 5838 2960 5905 Tu,
2994 5838 3244 5904 Domine,
3285 5841 3573 5896 veritatem
3616 5839 3872 5897 dilexisti

2270 6026 2316 6039 ’Ἃ
