4108 6348
226 357 330 417 597

1191 308 1663 410 counsurann
1699 351 1767 408 IN
1806 349 2132 408 rsamos.
2178 352 2369 409 PSAL.
2412 354 2496 410 ιι.

2723 286 2967 312 ’.νηοῦ-οη
2996 301 3007 307 ,
3045 302 3055 311 ,

3400 356 3507 416 398

227 474 498 545 Tempore
543 487 651 543 quo
697 483 800 540 ego
849 468 1132 527 falsitatem
1158 470 1438 541 composui
1464 511 1479 536 ,
1524 478 1586 524 ut
1614 470 1667 524 in
1695 483 1817 539 gra-
1844 472 1894 531 Α
1920 470 2048 526 mihi
2095 471 2175 527 sic
2222 471 2348 527 fecit
2393 470 2577 528 Deus?
2624 473 2803 542 Quare
2850 470 2996 533 hoc?
3042 475 3182 533 Ecce
3222 476 3390 545 iniqui
3420 493 3510 533 re-

229 566 369 622 viori
396 579 574 636 pugna
623 569 934 634 poneretur.
997 560 1186 626 Urias,
1217 562 1321 618 hoc
1354 562 1615 618 incertum
1646 568 1703 617 et
1727 577 1819 617 oc-

226 659 432 716 cultum
482 659 536 714 in
582 657 820 729 peccatis
861 656 1034 724 meis,
1082 656 1230 726 quod
1272 663 1390 711 erat
1421 655 1476 710 in
1504 655 1669 711 corde
1696 671 1820 711 meo

228 748 589 805 manifestasti
638 749 802 814 mihi,
852 758 910 804 et
937 747 1013 803 ita
1040 745 1395 802 manifestasti
1422 746 1552 801 mihi
1575 785 1591 810 ,
1630 753 1691 800 ut
1719 759 1821 814 ego

151 870 158 881 -
229 852 423 900 contra
452 842 716 913 meipsum
744 839 1043 912 proferrem
1079 838 1422 897 sententiam.
1462 836 1661 893 Verum
1691 836 1819 906 quia

218 935 544 1008 aspersione
566 934 788 1007 hyssopi
818 931 1246 1005 purificationem
1279 931 1395 987 fieri
1423 930 1657 987 sordium
1684 943 1822 1001 prte-

227 1029 443 1101 cepisti,
475 1026 745 1101 Asperges
766 1043 855 1084 me
886 1028 1140 1100 hyssopo,
1165 1034 1221 1083 et
1245 1025 1585 1092 mtmdabor;
1618 1024 1823 1079 lavabis

227 1137 317 1178 me
346 1129 405 1177 et
450 1136 612 1191 super
657 1120 837 1176 nivem
883 1118 1194 1176 dealbabor.
1236 1118 1351 1174 Hoc
1378 1115 1470 1172 ﬁet
1493 1156 1509 1183 ,
1549 1118 1597 1173 si
1618 1116 1825 1173 aeditui

230 1228 360 1268 meo
389 1211 603 1267 dederis
628 1211 869 1266 lmtitiam
892 1249 909 1275 ,
953 1224 1076 1264 cum
1103 1208 1305 1265 dictum
1334 1206 1494 1263 fuerit
1518 1207 1650 1263 mihi
1675 1224 1689 1261 :
1721 1204 1824 1261 Pa-

1923 574 2124 635 gnantz,
2171 566 2301 637 justi
2348 564 2675 636 afﬂiguntur,
2725 570 2892 625 vincit
2937 586 3059 626 cum
3104 569 3387 640 judicatur.
3436 568 3511 625 Ut

1924 658 2162 713 medicus
2207 657 2299 727 qui
2345 658 2645 730 desperatis
2685 657 2840 728 jubet
2886 659 2952 714 ad
2998 660 3135 716 velle
3184 661 3399 723 serviri,
3453 668 3511 716 et

1926 748 2104 803 omnia
2152 763 2273 819 quae
2315 747 2659 815 desiderant,
2712 751 2956 821 pra-cipit
2993 766 3099 806 non
3129 752 3331 822 negari.
3364 752 3512 821 Quos

1924 848 2104 895 autem
2152 842 2253 897 scit
2298 854 2460 912 posse
2486 841 2680 897 salvari
2703 884 2718 909 ,
2759 842 2913 912 jubet
2941 859 3036 899 eos
3065 845 3281 912 arctari,
3313 846 3514 902 amaris

1925 933 2234 1003 potionibus
2260 934 2437 1006 potari
2461 977 2476 1003 ,
2525 935 2671 991 ferro
2700 936 2903 1003 secari,
2936 938 3243 993 cauteriari.
3276 939 3365 996 Sic
3393 937 3507 1005 ﬁet,

1927 1032 1985 1081 ut
2011 1025 2136 1082 dum
2165 1026 2355 1082 salvati
2385 1026 2584 1083 fuerint
2610 1027 2971 1096 abstinentes,
3004 1038 3059 1084 et
3086 1032 3284 1086 mortui
3314 1030 3513 1089 fuerint

1925 1117 2204 1175 desideriis
2230 1120 2462 1191 propriis
2498 1120 2901 1189 acquiescentes
2924 1161 2940 1186 ,
2983 1119 3364 1191 justilicabitur
3391 1139 3511 1178 me-

1926 1208 2079 1266 dicus
2106 1210 2160 1264 in
2188 1210 2531 1266 sermonibus
2566 1212 2696 1267 suis.
2743 1209 2948 1268 Dicitur
2975 1211 3059 1268 ei:
3092 1211 3201 1268 Nos
3230 1222 3284 1269 te
3314 1212 3514 1284 injuste

225 1312 349 1359 stor
374 1303 577 1369 ovium,
608 1300 813 1358 Nuntio
844 1300 936 1356 tibi
957 1299 1203 1373 gaudium
1221 1316 1484 1373 magnum,
1514 1300 1636 1371 quia
1672 1308 1823 1354 natus
1926 1301 2453 1374 culpabamus,-dum
2482 1300 2677 1373 ligares
2696 1345 2711 1370 ,
2743 1304 2869 1359 dum
2896 1318 3111 1360 secares
3139 1305 3385 1360 homines
3412 1306 3512 1361 bo-

224 1404 309 1449 est
338 1394 494 1449 hodie
530 1392 788 1450 Dominus
830 1409 897 1466 ea:
941 1392 1139 1449 semine
1182 1392 1354 1448 David
1390 1391 1668 1446 “cundum
1709 1404 1826 1446 car-
1928 1409 2060 1460 nos,
2116 1400 2172 1449 et
2218 1394 2389 1450 malos
2438 1410 2538 1451 nec
2566 1410 2811 1461 secares,
2844 1410 2945 1451 nec
2973 1392 3259 1464 aﬂligeres,
3292 1394 3513 1466 insuper

227 1505 351 1542 nem
382 1485 530 1554 (Luc.
564 1504 602 1543 ιι
630 1504 645 1554 ;
678 1485 834 1543 Rom.
866 1486 930 1556 ι).
970 1484 1110 1545 Ecce
1150 1484 1402 1556 gaudium
1438 1499 1540 1556 per
1565 1481 1710 1554 quod
1729 1494 1826 1539 ει·
1928 1485 2090 1541 etiam
2140 1486 2482 1557 permitteres
2524 1487 2637 1542 suis
2685 1485 2966 1543 desideriis
3003 1485 3126 1542 frui.
3158 1484 3275 1542 Huc
3303 1485 3515 1542 accedit

227 1580 442 1635 sultent
470 1594 592 1634 ossa
622 1578 897 1633 humiliata
916 1618 930 1643 ,
986 1576 1084 1649 per
1128 1576 1275 1648 quod
1300 1577 1521 1639 avertis,
1550 1575 1715 1641 Deus,
1746 1574 1829 1629 fa-
1928 1587 1986 1635 ut
2014 1578 2255 1636 dicamus
2281 1579 2349 1636 de
2376 1578 2491 1639 Deo
2512 1620 2528 1646 ,
2575 1580 2702 1650 quia
2729 1596 2877 1651 quem
2902 1580 3072 1652 diligit
3101 1578 3355 1634 Dominus
3394 1595 3514 1634 cor-

224 1673 370 1729 ciem
403 1680 546 1727 tuam
575 1688 606 1726 a
635 1672 874 1753 peccatis
901 1671 1074 1738 meis;
1104 1686 1202 1744 per
1227 1669 1375 1741 quod
1413 1683 1603 1725 omnes
1630 1666 1828 1738 iniqui-
1928 1675 2052 1747 ripit
2076 1672 2256 1746 (Prov.
2285 1673 2385 1746 ιιι).
2434 1672 2541 1729 Sed
2568 1678 2820 1744 rogemus
2847 1680 2907 1728 ut
2933 1671 3188 1743 corripiat
3214 1687 3314 1727 nos
3334 1670 3514 1742 justus

226 1776 375 1825 tates
414 1781 575 1845 meas
610 1766 761 1823 deles
781 1807 798 1833 ,
848 1781 944 1837 per
974 1766 1156 1836 ipsum
1182 1780 1280 1821 cor
1309 1762 1568 1819 mundum
1596 1776 1748 1818 creas
1766 1760 1823 1818 in
1855 1821 1901 1845 η
1926 1766 1982 1821 in
2029 1765 2399 1822 misericordia
2445 1780 2577 1832 sua,
2630 1772 2689 1821 ut
2710 1757 2924 1836 judicia'
2954 1764 3072 1835 ejus
3110 1764 3364 1834 adjuvent
3391 1779 3512 1828 nos,

226 1873 344 1923 me,
391 1842 575 1925 Deus,
615 1821 722 1928 perv
974 1821 1227 1928 spiritum
1272 1864 1481 1911 rectum
1513 1856 1740 1910 innovas
1767 1854 1823 1909 in
1855 1821 1904 1883 Β
1926 1871 2025 1927 per
2052 1821 2340 1913 Dominum
2368 1821 2617 1912 nostrum
2644 1821 3131 1915 JesumVChri'stum
3153 1821 3194 1923 ,'
3208 1855 3301 1927 qui
3328 1821 3523 1925 regnat

228 1948 531 2004 visceribus
576 1949 712 2004 meis
737 1989 753 2015 ,
804 1957 865 2004 ut
908 1948 1178 2005 desiderio
1222 1946 1452 2018 spiritali
1496 1945 1825 2001 desiderium
1928 1946 1983 2002 in
2008 1946 2204 2003 saecula
2234 1945 2569 2003 szeculomm.
2596 1945 2785 2003 Amen.

226 2042 454 2097 carnale
482 2040 787 2108 excludam,
818 2048 875 2096 et
902 2040 974 2095 ita
1004 2037 1265 2110 quidquid
1290 2052 1602 2109 perversum
1630 2042 1715 2091 est
1738 2050 1830 2091 ex-

226 2149 437 2202 secrer,
469 2141 528 2190 ut
554 2131 817 2203 quidquid
861 2138 1069 2186 rectum
1118 2144 1304 2186 coram
1342 2136 1397 2184 te
1423 2128 1686 2198 probatur
1712 2141 1832 2181 am-

228 2226 462 2297 plectar.
502 2224 631 2280 Haec
655 2223 1038 2295 deprecantem
1085 2237 1196 2279 non
1241 2235 1327 2276 me
1356 2219 1611 2291 projicias
1635 2233 1667 2273 a
1695 2216 1833 2274 facie

231 2326 328 2399 tua
353 2360 368 2385 ,
417 2326 473 2372 et
500 2316 766 2389 Spiritum
811 2322 1061 2372 sanctum
1108 2322 1262 2369 tuum
1300 2328 1369 2369 ne
1409 2311 1622 2368 auferas
1661 2326 1693 2367 a
1721 2325 1827 2366 me.

231 2408 344 2465 Sed
374 2408 543 2465 redde
570 2408 705 2465 mihi
731 2400 975 2463 lanitium
1003 2421 1167 2478 quam
1193 2404 1437 2476 perdidi,
1491 2410 1548 2460 et
1583 2403 1831 2474 spiritum

234 2518 405 2571 quem
444 2502 515 2557 ad
560 2497 1404 2567 confirmandam'indulgentiam
1449 2495 1641 2552 tribuis
1662 2535 1678 2561 ,
1729 2509 1827 2565 per

241 2594 427 2667 ipsum
449 2590 710 2649 conﬁrma
739 2606 847 2647 me.
907 2589 1089 2645 Tertio
1134 2596 1314 2645 autem
1362 2587 1607 2658 spiritum
1647 2586 1825 2642 nomi-

243 2685 444 2751 nando,
507 2684 825 2741 Trinitatem
868 2683 922 2738 in
952 2682 1157 2738 unitate
1184 2695 1306 2737 esse
1334 2678 1634 2751 perdocuit.
1690 2676 1829 2733 Cum

235 2794 392 2850 ergo,
421 2778 626 2847 inquit,
652 2791 741 2831 me
767 2773 1190 2839 confirmaveris,
1219 2770 1413 2828 deinde
1440 2769 1829 2840 indulgentiam

236 2880 388 2932 tuam
416 2871 624 2927 docebo
644 2876 697 2925 et
719 2883 821 2939 ego
846 2860 1072 2937 iniduos,
1103 2866 1229 2936 quia
1260 2863 1534 2920 misereris
1563 2873 1621 2918 et
1646 2860 1828 2917 indul-

234 2979 333 3034 ges
383 2963 565 3034 impiis
611 2961 1035 3033 pmnitentibus:
1069 2968 1125 3013 et
1176 2957 1291 3013 haec
1338 2955 1621 3011 audientes
1661 2952 1829 3022 impii,

235 3070 337 3125 per
362 3053 733 3125 paenitentiam
763 3051 830 3107 ad
876 3060 929 3105 te
976 3055 1379 3107 convertentur.
1434 3045 1625 3101 Libera
1652 3058 1740 3098 me
1765 3042 1836 3098 de

234 3144 611 3214 sanguinibus.
662 3142 740 3197 De
786 3142 888 3197 hac
933 3140 1120 3210 utique
1167 3138 1436 3193 sententia
1475 3150 1583 3205 qua
1610 3132 1831 3191 dixisti:

2502 2059 2819 2117 PSAIJIUS
2858 2061 2941 2115 LI.

1932 2154 1989 2209 ιιι
2022 2154 2182 2210 linem
2215 2153 2518 2210 intellectus
2548 2153 2736 2218 David,
2768 2170 2889 2210 cum
2924 2154 3071 2210 venit
3094 2153 3161 2209 ad
3189 2167 3312 2209 eum
3334 2151 3523 2209 Doech

2000 2224 2282 2292 Idumaeos,
2297 2232 2352 2280 et
2371 2225 2639 2280 nuntiavit
2654 2223 2804 2280 Sauli
2828 2240 2842 2279 :
2861 2222 3019 2280 Venit
3034 2223 3199 2279 David
3221 2223 3274 2281 in
3298 2222 3522 2280 domum

2006 2295 2372 2353 Achimelech.

2004 2408 2145 2476 Quid
2155 2409 2397 2482 gloriaris
2421 2409 2476 2463 in
2491 2410 2709 2475 malitia,
2728 2410 2814 2481 qui
2833 2417 3016 2481 potens
3056 2425 3109 2463 es
3130 2409 3184 2463 in
3212 2404 3524 2481 iniquitate!

1933 2504 2061 2561 Tota
2082 2503 2164 2557 die
2182 2503 2490 2574 injustitiam
2518 2502 2761 2574 cogitavit
2779 2501 2957 2574 lingua
2982 2511 3086 2565 tua,
3110 2502 3244 2556 sicut
3263 2497 3525 2555 novanda

1928 2605 2081 2653 acuta
2110 2596 2277 2669 fecisti
2306 2595 2500 2651 dolum.
2536 2593 2777 2649 Dilexisti
2821 2593 3075 2648 malitiam
3102 2609 3256 2664 super
3283 2591 3523 2664 benigni-

1929 2698 2107 2756 tatem,
2136 2689 2460 2761 iniquitatem
2496 2688 2662 2758 magis
2698 2703 2852 2758 quam
2898 2686 3036 2757 loqui
3083 2685 3392 2755 a'quitatem.
3426 2680 3525 2736 Di—

1930 2783 2102 2838 texisti
2127 2782 2302 2837 omnia
2323 2779 2473 2835 verba
2494 2778 2942 2849 praecipitationis,
2966 2776 3144 2846 lingua
3173 2773 3371 2828 dolosa.
3392 2770 3527 2826 Pro~

1912 2882 2109 2946 ‘pterea
2136 2872 2276 2928 Deus
2306 2872 2533 2927 destruet
2566 2880 2612 2924 te
2639 2872 2695 2924 in
2720 2870 2898 2939 ﬁnem,
2930 2868 3109 2922 evellet
3129 2875 3176 2921 te
3212 2874 3261 2920 et
3300 2866 3530 2940 emigra-

1936 2966 2009 3020 bit
2050 2974 2098 3019 te
2125 2964 2189 3019 de
2235 2960 2570 3017 tabernaculo
2611 2968 2725 3025 tuo,
2767 2968 2817 3012 et
2851 2958 3079 3012 radicem
3103 2964 3255 3020 ,tuam
3295 2956 3359 3010 de
3391 2965 3529 3011 terra

1936 3058 2226 3113 viventium.
2262 3051 2521 3110 Videbunt
2532 3053 2664 3126 justi
2683 3062 2733 3106 et
2762 3048 3024 3116 timebunt,
3056 3059 3105 3104 et
3131 3066 3287 3121 super
3313 3066 3428 3105 eum
3456 3050 3529 3103 ri-

1938 3148 2127 3204 debunt
2150 3156 2218 3202 et’
2243 3147 2434 3211 dicent,
2465 3142 2603 3199 Ecce
2628 3144 2780 3199 homo
2808 3144 2893 3215 qui
2915 3158 3018 3197 non
3049 3143 3217 3212 posuit
3237 3139 3401 3195 Deum
3432 3138 3531 3194 ad—

399 3234 601 3291 recedet
625 3233 832 3305 gladius
854 3232 916 3286 de
946 3199 1099 3287 domo
1129 3240 1219 3283 tua
1259 3226 1325 3300 (ll
1353 3199 1636 3299 Reg-xu),
1667 3224 1833 3281 libera

2387 3199 2497 3293 S’ed
2521 3237 2746 3308 speravit
2782 3199 2838 3288 in
2879 3199 3206 3288 multitudine
3231 3231 3532 3285 divitiarum

202 3345 330 3384 -me
358 3328 426 3383 ab
470 3328 575 3384 bac
618 3324 886 3393 sententia
910 3365 925 3389 ,
977 3330 1036 3378 ut
1063 3320 1299 3378 exsultet
1326 3319 1507 3389 lingua
1535 3332 1655 3374 mea
1677 3316 1834 3388 justi-

237 3420 375 3475 tiam
400 3428 566 3474 tuam.
590 3416 758 3473 Labia
784 3424 963 3472 autem
982 3429 1104 3470 mea
1132 3427 1251 3484 qua:
1279 3426 1311 3467 a
1330 3418 1483 3468 reatu
1508 3426 1631 3466 meo
1650 3409 1836 3466 clausa

237 3519 392 3578 sunt,
424 3519 481 3566 tu
510 3525 574 3565 ea
603 3510 815 3581 aperies
843 3507 1175 3581 indulgentia
1204 3512 1296 3560 tua
1321 3542 1336 3570 ,
1358 3503 1572 3575 quibus
1610 3501 1832 3573 apertis,

238 3620 312 3659 os
355 3619 535 3659 meum
582 3601 865 3657 annuntiat
913 3600 1126 3656 laudem
1172 3606 1336 3654 tuam.
1390 3595 1593 3651 Verum
1630 3594 1757 3663 quia
1781 3594 1837 3648 in

239 3682 368 3765 lege
396 3703 486 3751 tua
514 3697 775 3767 scriptum
811 3703 897 3752 est
937 3693 1083 3766 quod
1112 3689 1438 3748 sacriﬁcium
1464 3704 1565 3759 pro
1593 3701 1841 3755 unoquo-

240 3808 357 3863 que
386 3799 612 3862 peccato
640 3789 821 3845 offerri
850 3789 1083 3851 debeat,
1116 3801 1261 3841 nunc
1284 3798 1418 3839 vero
1446 3780 1648 3852 placari
1675 3778 1844 3834 sacri-

243 3884 392 3941 ﬁciis
421 3900 531 3939 non
558 3884 663 3945 vis,
695 3881 840 3952 quod
887 3881 1076 3948 utique
1120 3878 1165 3931 si
1194 3876 1363 3930 velles
1399 3871 1688 3937 oﬂ‘errem;
1718 3869 1845 3939 quia

245 3988 387 4041 ergo
414 3972 501 4026 his
527 3984 636 4024 non
655 3969 955 4034 delectaris,
988 3965 1160 4023 offero
1189 3964 1283 4019 tibi
1310 3964 1365 4018 in
1393 3960 1660 4017 sacrificio
1689 3960 1848 4029 Spiri-

251 4072 375 4118 tum
396 4059 832 4125 contribulatum,
862 4073 959 4113 cor
985 4054 1277 4112 contritum
1304 4060 1361 4109 et
1388 4050 1760 4113 humiliatum,
1790 4050 1851 4102 ut

246 4151 493 4221 benigne
536 4148 706 4205 facias
746 4150 799 4204 in
826 4149 971 4204 bona
997 4134 1274 4203 voluntate
1294 4152 1383 4200 tua
1412 4156 1577 4213 super
1602 4139 1762 4206 Sion,
1791 4146 1852 4194 ut

245 4244 472 4303 auferas
498 4244 737 4314 gladium
767 4244 836 4301 ab
864 4257 960 4308 ea,
989 4256 1152 4311 quem
1179 4254 1280 4311 pro
1306 4242 1534 4309 peccato
1561 4251 1684 4292 meo
1711 4250 1849 4291 con-

220 4338 478 4397 vstituisti
500 4378 517 4403 ,
550 4346 609 4392 ut
634 4352 745 4392 non
779 4335 1148 4400 destruantur,
1179 4332 1275 4389 sed
1314 4331 1487 4400 magis
1520 4328 1852 4386 adiﬁcantur

246 4430 396 4488 muri
423 4428 745 4485 Jerusalem.
796 4426 949 4483 Tunc
991 4424 1066 4480 ibi
1111 4430 1332 4494 accepta
1379 4429 1539 4477 erum
1584 4417 1848 4477 sacrificia

247 4522 475 4596 iustitia:
518 4521 573 4575 in
626 4518 988 4575 oblationibus
1033 4516 1254 4586 spiritus
1300 4512 1676 4580 contribulati,
1708 4520 1763 4567 et
1791 4511 1885 4596 ini

256 4615 595 4672 holocaustis
640 4612 823 4669 cordis
861 4610 1146 4667 humiliati.
1208 4607 1278 4663 Et
1302 4622 1469 4679 super
1495 4606 1667 4661 altare
1694 4614 1847 4661 tuum

258 4710 617 4779 imponentur
643 4704 834 4769 vituli,
875 4701 928 4758 id
955 4709 1080 4767 est,
1114 4700 1343 4770 juvenes
1386 4698 1481 4768 qui
1519 4704 1852 4767 cognoscunt

256 4800 361 4857 tibi
389 4799 657 4881 luxuriam
685 4799 757 4853 ita
785 4796 1088 4867 displicere,
1119 4801 1182 4850 ut
1209 4792 1434 4864 punias,
1465 4799 1523 4867 et
1549 4807 1647 4863 per
1674 4792 1851 4863 lacry-

253 4908 380 4959 mas
424 4892 649 4962 spiritus
692 4889 1039 4946 contribulati
1083 4887 1339 4944 delictum
1386 4886 1503 4956 ejus
1548 4886 1847 4955 indulgeas.

254 4984 331 5040 lii
357 4984 511 5039 vituli
557 4983 651 5052 qui
699 4979 981 5036 inferiores
1024 4979 1172 5035 vitiis
1215 4978 1441 5034 luxuriae
1487 4984 1672 5039 erant,
1705 4988 1736 5030 a
1765 4991 1855 5030 se-

256 5074 510 5145 metipsis
555 5072 835 5128 voluntate
879 5084 1043 5140 super
1087 5069 1259 5124 altare
1306 5076 1495 5133 tuum,
1545 5066 1601 5121 id
1628 5074 1749 5131 est,
1800 5065 1855 5118 in

257 5166 545 5222 altitudine
603 5164 742 5221 casti
790 5162 1005 5220 consilii
1053 5162 1421 5231 imponentur.
1471 5156 1627 5227 Quod
1673 5165 1856 5213 autem

258 5258 438 5316 solam
464 5256 748 5313 historiam
775 5253 1124 5312 tractavimus
1170 5250 1287 5322 ejus
1333 5248 1583 5306 versiculi
1622 5263 1736 5320 quo
1770 5247 1858 5317 ju-

260 5347 529 5407 stiﬁcatur
576 5346 720 5404 Dem
764 5346 820 5402 in
864 5345 1205 5404 sermonibus
1251 5343 1401 5410 suis,
1446 5349 1503 5400 et
1530 5341 1696 5398 vincit
1723 5340 1851 5397 dum

262 5441 568 5514 iudicatur:
602 5440 718 5496 hmo
744 5452 833 5495 res
860 5438 915 5492 in
938 5436 1142 5507 judicio
1165 5435 1465 5492 Salvatoris
1494 5434 1715 5505 impleta
1744 5442 1849 5498 est,

263 5535 392 5593 vicit
419 5533 563 5588 enim
591 5547 715 5590 cum
759 5529 1030 5600 judicatus
1057 5536 1142 5584 est
1169 5528 1221 5582 in
1250 5526 1505 5598 passione
1531 5540 1629 5582 sua
1648 5566 1661 5591 ,
1695 5532 1750 5580 et
1774 5526 1853 5579 sic

264 5628 435 5693 vicit,
464 5634 524 5681 ut
551 5626 821 5682 obtineret
858 5636 1074 5676 omnem
1102 5609 1461 5690 principatum
1484 5660 1499 5686 ,
1532 5627 1586 5674 et
1614 5625 1853 5688 potesta-

266 5730 396 5788 tem,
429 5730 485 5775 et
512 5720 796 5774 virtutem:
832 5724 1010 5771 tamen
1058 5722 1113 5768 et
1159 5713 1399 5782 quotidie
1436 5712 1727 5781 indicatur,
1759 5710 1856 5765 sed

266 5814 391 5870 dum
417 5812 687 5885 judicatur
714 5804 895 5866 vincit.
938 5807 1127 5863 Dicere
1156 5806 1299 5860 enim
1328 5806 1593 5871 solemus,
1632 5802 1699 5857 Ut
1725 5803 1856 5871 quid

1936 3350 2168 3397 suarum,
2197 3342 2249 3387 et
2264 3329 2540 3403 prwvaluit
2565 3330 2622 3382 in
2650 3329 2878 3383 vanitate
2898 3343 3010 3380 sua.
3044 3322 3158 3395 Ego
3186 3332 3359 3380 autem
3403 3323 3535 3376 sicut

1937 3428 2071 3482 oliva
2100 3424 2372 3497 fructifera
2393 3422 2451 3475 in
2489 3419 2641 3475 domo
2680 3416 2801 3482 Dei,
2839 3416 3044 3497 speravi
3081 3415 3148 3468 in
3175 3411 3536 3467 misericordia

1941 3517 2041 3573 Dei
2058 3495 2113 3571 in
2137 3523 2403 3577 (sternam,
2432 3512 2562 3565 etin
2592 3508 2836 3564 sacculum
2877 3495 3077 3561 seaculi.
3114 3502 3414 3576 Conﬁtebor
3443 3500 3535 3557 tibi

1940 3610 1996 3661 in
2034 3605 2298 3667 meatum,
2340 3604 2463 3674 quia
2502 3602 2691 3674 fecisti,
2729 3608 2780 3653 et
2806 3594 3115 3669 exspectabo
3143 3611 3331 3674 nomen
3371 3602 3531 3660 tuum,

1944 3700 2187 3772 quoniam
2213 3673 2399 3752 bonum
2417 3695 2472 3749 in
2501 3698 2775 3763 conspectu
2805 3699 3098 3744 sanctorum
3130 3673 3353 3742 tuorum.

2517 3838 2956 3883 οοιιειιτηιυιι.

2021 3961 2254 4030 Fugiens
2280 3959 2449 4016 David
2476 3974 2508 4013 a
2529 3955 2665 4012 facie
2685 3952 2884 4018 Saulis,
2912 3951 3060 4009 venit
3092 3949 3161 4005 ad
3189 3946 3538 4006 Achimelech

1953 4053 2311 4118 sacerdotem,
2363 4058 2419 4106 et
2462 4063 2631 4121 panes
2669 4054 2886 4103 sanctos
2914 4043 3212 4107 inveniens,
3246 4040 3542 4111 assumpsit

1954 4146 2069 4217 ipse
2097 4150 2154 4199 et
2180 4142 2273 4213 qui
2300 4156 2424 4198 cum
2451 4155 2520 4196 eo
2558 4145 2733 4196 erant.
2763 4137 2934 4204 Quem
2963 4150 3085 4191 cum
3114 4131 3430 4206 prohiberet
3458 4146 3546 4186 sa-

1954 4236 2162 4300 cerdos,
2208 4230 2530 4305 prohibendi
2556 4244 2773 4286 causam
2802 4227 2971 4283 David
3011 4225 3265 4298 prodidit,
3309 4224 3541 4280 dicens:

1954 4328 2143 4383 Mundi
2165 4342 2339 4382 sumus
2360 4341 2454 4396 ego
2475 4331 2525 4379 st
2545 4323 2691 4393 pueri
2710 4321 2809 4375 mei
2829 4337 2862 4374 a
2881 4319 3178 4374 mulieribus
3197 4317 3239 4390 (ι
3256 4316 3385 4390 Reg.
3406 4316 3542 4388 ut).

1951 4418 2089 4476 Cum
2117 4433 2247 4489 ergo
2276 4417 2476 4489 fugeris
2511 4412 2746 4483 gladium
2771 4410 3029 4483 principis
3053 4408 3259 4475 mundi,
3290 4415 3345 4463 et
3373 4407 3439 4462 ad
3470 4408 3548 4462 al-

1954 4520 2070 4568 tare
2095 4508 2485 4573 convolaveris,
2518 4514 2573 4561 et
2593 4503 2823 4560 mundus
2845 4516 3038 4573 panem
3061 4509 3309 4557 sanctum
3340 4514 3549 4554 assum-

1952 4607 2141 4680 pseris,
2174 4620 2282 4662 non
2307 4601 2483 4659 deerit
2508 4599 2601 4669 qui
2644 4606 2697 4653 te
2732 4596 2933 4652 diaboli
2974 4594 3295 4666 impulsione
3324 4590 3547 4660 afﬂigat,

1953 4705 2329 4772 persequatur,
2360 4696 2597 4763 detegat.
2628 4690 2698 4745 Et
2736 4691 2863 4759 quia
2909 4688 3015 4743 hoc
3042 4689 3217 4757 ipsum
3265 4700 3373 4740 non
3415 4684 3553 4741 alius

1957 4793 2058 4847 nisi
2087 4789 2333 4846 diabolus
2359 4790 2637 4857 operatur,
2679 4780 2783 4851 ipsi
2810 4776 3028 4834 diabolo
3062 4785 3176 4832 tota
3202 4777 3364 4832 verba
3392 4775 3554 4846 hujus

1956 4884 2147 4956 psalmi
2175 4890 2327 4940 stans
2353 4880 2408 4934 in
2437 4876 2687 4933 oratione
2715 4870 2979 4937 cantabis,
3006 4868 3191 4926 dicens
3217 4887 3231 4924 :
3257 4868 3398 4938 Quid
3437 4871 3543 4939 glo-

1958 4976 2118 5032 riaris
2137 4975 2192 5029 in
2216 4971 2442 5035 malitia,
2464 4968 2560 5039 qui
2587 4973 2783 5038 potens
2810 4978 2870 5020 es
2896 4963 2950 5017 in
2972 4962 3274 5036 iniquitate,
3298 4970 3411 5019 tota
3442 4961 3549 5021 dic,

1960 5069 2012 5122 id
2034 5074 2137 5131 est,
2161 5052 2309 5121 omni
2336 5061 2443 5128 die,
2468 5057 2731 5129 injustitia
2748 5058 2803 5113 in
2824 5056 3239 5135 cogitationibus
3259 5055 3390 5125 agis.
3422 5052 3550 5106 Lin-

1960 5172 2061 5228 gua
2106 5167 2196 5210 tua
2242 5168 2349 5209 non
2387 5158 2563 5208 cessat
2601 5156 2789 5206 contra
2824 5148 3089 5220 justitiam
3132 5141 3554 5217 cogitationibus

1962 5252 2269 5307 ministrare
2297 5246 2540 5303 consilia.
2572 5243 2723 5301 Sicut
2749 5242 3009 5299 novacula
3040 5248 3197 5296 acuta
3228 5235 3428 5289 faciens
3456 5229 3557 5283 do~~

1959 5344 2092 5409 lum,
2121 5347 2273 5396 tanto
2294 5337 2539 5394 acumine
2558 5335 2853 5393 concinnas
2875 5332 3048 5395 dolos,
3073 5335 3134 5384 ut
3152 5328 3318 5381 homo
3339 5323 3454 5391 ipse
3474 5319 3559 5373 sui

1966 5435 2025 5490 in
2061 5431 2358 5503 perniciem
2401 5428 2671 5491 elaboret,
2711 5430 2767 5479 et
2806 5434 2971 5490 agens
3004 5412 3357 5503 praecipitium
3400 5425 3559 5503 suum

1963 5500 2212 5596 gaudeat.
2238 5520 2467 5592 Propter
2490 5519 2595 5574 hoc
2620 5518 2760 5571 Deus
2785 5512 3028 5567 destruet
3048 5513 3101 5596 te
3131 5503 3184 5556 in
3216 5500 3395 5559 linem.
3420 5502 3556 5596 Cum

1965 5593 2107 5673 enim
2138 5613 2296 5669 linem
2330 5611 2516 5667 fecerit
2538 5609 2702 5661 homo
2730 5596 2966 5671 peccatis
2993 5593 3104 5649 suis
3129 5606 3160 5644 a
3191 5599 3243 5645 te
3264 5594 3559 5663 persuasis,

1965 5711 2107 5764 Deus
2133 5708 2373 5761 destruet
2394 5709 2465 5763 te,
2485 5708 2540 5752 et
2566 5694 2764 5761 evellet
2797 5697 2849 5742 te
2868 5686 2935 5739 de
2963 5682 3127 5739 corde
3148 5680 3284 5752 eius,
3301 5688 3440 5757 quia
3461 5688 3564 5741 hoc

1966 5810 2045 5857 est
2088 5790 2490 5851 tabernaculum
2518 5784 2632 5847 Dei,
2679 5789 2733 5836 et
2763 5774 2999 5834 radicem
3032 5782 3177 5830 tuam
3209 5773 3278 5828 de
3307 5786 3451 5833 ιριιιςο
3480 5770 3562 5830 vi;
