4108 6348
560 375 668 434 599

1828 318 1833 327 ’
1887 354 2161 426 annosa
2198 365 2502 424 JUNIORIS

3744 368 3857 427 400

563 454 821 559 vectium,
856 490 906 548 id
932 497 1036 555 est,
1066 489 1132 546 de
1156 503 1385 560 corpore
1408 488 1701 543 viventium
1724 480 1855 542 Deo.
1879 483 2150 540 Videbunt
2175 489 2225 547 Α
2324 474 2531 560 inissent
2567 485 2805 560 Cyphazi,
2835 492 2891 542 et
2929 486 3271 560 nuntiassent
3305 485 3477 553 Sauli,
3515 488 3710 544 Nonne
3746 488 3858 544 Da-

564 588 691 659 jusli
729 586 952 642 astutias
991 592 1126 648 luas,
1174 589 1231 637 et
1270 581 1535 637 timebunt
1562 579 1868 648 Dominum,
1896 584 1953 632 et
1989 589 2152 646 super

512 746 517 750 ἓ
564 678 934 747 suggestioncs
960 685 1078 730 tuas
1113 673 1381 739 ridebunt,
1428 679 1485 727 et
1522 670 1740 726 dicent:
1773 668 1881 724 Nos
1908 667 1962 724 in
2004 667 2151 724 onmi

564 786 730 844 opere
741 769 904 827 Deum
925 768 976 823 in
991 766 1247 822 auxilium
1263 763 1616 837 postulamus.
1625 761 1704 816 'l'u
1716 777 1843 818 vero
1857 775 1993 831 opus
2007 757 2153 829 quod

564 870 875 933 perpctrare
903 859 1116 924 suades,
1142 874 1250 913 non
1277 856 1496 928 ponitur
1518 854 1588 910 ibi
1619 854 1759 910 Deus
1787 852 1841 907 in
1861 848 2155 922 adiutorio,

482 938 488 943 ’
564 944 661 1006 sed
685 950 776 1021 qui
802 957 1097 1020 operantur
1118 949 1253 1013 huic,
1280 946 1396 1003 sine
1426 945 1536 1001 Deo
1564 952 1708 1010 sunt,
1739 958 1894 1027 spem
1912 954 2064 997 suam
2100 938 2155 995 in

565 1041 767 1097 divitiis
806 1040 991 1096 mundi
1021 1046 1315 1111 ponentes;
1355 1038 1401 1095 si
1429 1037 1620 1093 divites
1661 1042 1805 1101 sunt,
1851 1034 1919 1089 de
1957 1030 2157 1088 divitiis

567 1132 748 1186 mundi
797 1118 1214 1203 praasun'tcutes;
1261 1131 1306 1188 si
1354 1144 1619 1201 pauperes
1654 1134 1806 1193 sunt,
1836 1142 1869 1182 a
1905 1124 2159 1181 divitibus

566 1222 773 1286 mundi,
798 1231 981 1278 etnon
1003 1240 1033 1278 a
1055 1222 1441 1281 Deo‘auxilium
1470 1221 1821 1292 postulantes.
1860 1216 2161 1273 Praevalcnt

568 1317 623 1371 in
658 1315 892 1371 vanitate
921 1333 1047 1383 sua;
1091 1315 1185 1371 sed
1214 1316 1296 1373 his
1323 1313 1710 1377 deficientibus,
1751 1310 1852 1379 Qui
1895 1317 2077 1381 sperat
2104 1309 2160 1363 in

569 1407 941 1463 misericordia
972 1406 1087 1473 Dei,
1119 1408 1224 1462 erit
1265 1407 1404 1462 sicut
1431 1405 1572 1461 oliva
1601 1402 1875 1460 fructifera
1915 1401 1970 1456 in
1998 1400 2161 1457 domo

572 1499 688 1563 Dei,
710 1490 936 1569 Vsperans
961 1500 1014 1553 in
1036 1488 1398 1557 misericordia
1419 1487 1535 1566 ejus
1556 1496 1608 1553 in
1630 1504 1890 1551 :cternum
1912 1510 1927 1559 ;
1949 1500 2005 1548 et
2026 1507 2161 1548 con-

575 1588 809 1644 litebitur
830 1589 1056 1645 Domino
1077 1589 1131 1644 in
1152 1576 1405 1665 Suedium
1429 1584 1689 1644 beneﬁcia
1717 1585 1835 1655 ejus
1856 1584 1907 1640 in
1935 1597 2164 1654 conspe-

575 1690 664 1737 ctu
690 1683 925 1738 omnium
949 1668 1403 1769 sanctorunifDei,
1427 1680 1515 1751 qui
1538 1688 1726 1750 regnat
1755 1679 1807 1734 in
1837 1676 2031 1735 secula
2059 1689 2164 1732 sa:-

577 1773 843 1831 culorum.
888 1774 1078 1829 Amen.
1196 1805 1213 1821 ο
1392 1811 1400 1819 -

1136 1834 1455 1900 ΡΞΑΙΜΗΞ
1484 1842 1590 1897 Lll.

743 1938 801 1993 In
841 1937 1001 1994 linem
1039 1920 1361 1994 intellectus
1378 1922 1550 1992 David
1580 1952 1679 2007 pro
1717 1933 1992 1989 Amalech.

648 2054 797 2110 Dixit
822 2055 1073 2126 insipiens
1094 2056 1147 2127 in
1178 2051 1334 2135 cprde
1346 2036 1465 2116 suo,
1500 2067 1602 2105 non
1632 2058 1708 2104 est
1734 2048 1888 2103 Deus.
1922 2044 2165 2116 Corrupti

573 2156 695 2203 sunt
712 2158 761 2202 et
787 2146 1153 2215 abominabiles
1176 2148 1302 2219 facti
1326 2153 1445 2199 sunt
1472 2146 1526 2198 in
1554 2143 1941 2217 iniquitatibus:
1963 2157 2067 2195 non
2088 2146 2168 2193 est

574 2240 661 2311 qui
690 2239 849 2315 faciat
878 2238 1085 2292 bonum;
1117 2236 1254 2292 Deus
1283 2236 1346 2290 de
1391 2236 1514 2291 cwlo
1544 2234 1807 2307 prospexit
1830 2248 1984 2304 super
2027 2230 2166 2301 ﬁlios

575 2330 861 2394 hominum,
906 2340 962 2383 ut
1004 2329 1173 2402 videat
1220 2330 1263 2383 si
1311 2337 1387 2382 est
1428 2326 1723 2398 intelligens
1772 2332 1862 2379 aut
1902 2323 2167 2393 requirens

575 2421 761 2477 Deum.
790 2420 979 2475 Omnes
1009 2420 1414 2485 declinaverunt,
1445 2416 1596 2471 simul
1636 2415 1844 2470 inutiles
1873 2414 2000 2485 facti
2025 2418 2164 2476 sunt,

577 2529 682 2567 non
727 2521 802 2566 est
849 2513 935 2583 qui
979 2513 1142 2583 faciat
1188 2510 1408 2574 bonum,
1449 2524 1554 2562 non
1590 2516 1667 2561 est
1707 2522 1862 2575 usque
1891 2502 1960 2557 ad
1986 2517 2165 2556 unum.

580 2604 774 2661 Nonne
801 2607 960 2659 scient
988 2620 1164 2659 omnes
1192 2604 1277 2674 qui
1307 2609 1592 2671 operantur
1613 2599 1957 2670 iniquitatem,
1981 2595 2066 2667 qui
2088 2594 2171 2649 de-

579 2709 763 2755 uorant
780 2698 976 2770 plebem
999 2713 1163 2751 nteant
1193 2706 1249 2750 ut
1275 2695 1439 2749 cibum
1466 2692 1657 2763 panis?
1694 2689 1857 2745 Deum
1885 2706 1992 2743 non
2034 2689 2172 2741 iitro-

580 2798 841 2854 caverunt,
867 2788 972 2842 illic
994 2788 1377 2859 trepidaverunt
1399 2787 1599 2848 timore,
1631 2782 1716 2837 ubi
1742 2798 1843 2836 non
1868 2782 1965 2853 fuit
1996 2782 2168 2835 timor.

580 2880 837 2948 Quoniam
889 2879 1026 2935 Deus
1056 2880 1326 2952 dissipavit
1364 2895 1485 2933 ossa
1530 2892 1705 2933 eorum
1749 2876 1834 2949 qui
1882 2872 2171 2928 hominibus

579 2976 803 3046 placent,
829 2974 1030 3046 confusi
1069 2982 1208 3036 sunt,
1240 2971 1482 3043 quoniam
1518 2968 1652 3025 Deus
1683 2968 1880 3039 sprerit
1903 2982 2011 3020 eos.
2042 2963 2171 3028 Quis

582 3064 726 3120 dabit
758 3082 823 3119 ex
867 3066 997 3120 Sion
1035 3062 1267 3119 'salutare
1310 3061 1497 3126 Israel,
1528 3077 1644 3114 cum
1687 3058 1989 3114 converterit
2031 3054 2169 3111 Deus

584 3159 928 3229 captiritatem
966 3157 1127 3229 plebis
1165 3172 1292 3218 sum,
1336 3153 1613 3211 exsultabit
1650 3151 1837 3219 Jacob,
1877 3161 1926 3206 et
1968 3151 2171 3205 (aletur

585 3247 778 3305 Israel.

1154 3332 1593 3372 COMMENTARIUH.

654 3432 880 3500 Quando
907 3431 1164 3509 Dominus
1183 3431 1251 3487 dc
1280 3432 1420 3488 coelo
1449 3430 1726 3502 prospexit
1752 3445 1849 3502 per
1874 3427 2055 3484 .lcsum
2085 3444 2171 3483 su-

583 3541 683 3598 per
710 3523 847 3580 ﬁlios
875 3525 1176 3590 hominum,
1207 3523 1396 3579 videns
1434 3538 1558 3578 eum
1599 3523 1793 3578 stultus
1821 3520 2051 3592 pepulus
2078 3518 2174 3574 Ju-

588 3616 845 3678 dasormn,
874 3615 1005 3669 dicit
1046 3615 1100 3670 in
1127 3615 1291 3672 corde
1329 3631 1428 3671 suo
1462 3633 1475 3668 :
1509 3614 1625 3669 Non
1656 3623 1739 3669 est
1778 3614 1940 3669 Deus.
1979 3611 2178 3668 0.nncs

588 3706 848 3776 corrupti,
875 3719 1065 3760 omnes
1092 3704 1480 3760 abominabiles
1511 3705 1632 3760 l'acti
1661 3712 1804 3769 sunt,
1845 3720 1953 3760 non
1982 3703 2176 3757 volun-

589 3806 699 3856 tate
722 3797 835 3859 Dei,
867 3795 960 3852 sed
991 3796 1042 3851 in
1072 3795 1440 3851 voluntatibus
1466 3795 1595 3862 suis,
1629 3796 1700 3850 ita
1727 3804 1786 3849 ut
1815 3811 1919 3849 non
1950 3801 2095 3849 esset
2124 3792 2178 3847 in

587 3889 686 3954 eis,
709 3889 800 3959 qui
822 3887 1062 3943 lacerent
1081 3886 1223 3943 bona
1254 3901 1422 3957 usque
1444 3886 1509 3941 ad
1542 3902 1725 3940 unum.
1752 3880 1995 3940 Dioeudo’
2010 3900 2181 3955 usque

586 3978 657 4035 ad
686 3995 868 4044 unum,
897 3979 966 4034 de
993 3978 1077 4035 his
1105 3978 1239 4033 diuit
1266 3978 1355 4050 qui
1387 3977 1572 4034 dicunt
1598 3976 1665 4033 de
1691 3975 1927 4043 Christo,
1961 3975 2075 4031 Non
2096 3984 2182 4032 est

587 4072 753 4127 Deus.
806 4071 937 4126 Nam
999 4072 1044 4126 si
1089 4071 1157 4126 de
1213 4071 1462 4127 omnibus
1507 4071 1813 4127 hominibus
1859 4070 2183 4142 generaliter

589 4163 832 4226 dixisset,
856 4178 961 4217 non
987 4163 1191 4221 diceret
1219 4178 1341 4217 esse
1371 4162 1580 4233 plebem
1611 4179 1784 4226 suam,
1808 4178 1929 4232 qua:
1956 4161 2183 4217 devora-

592 4263 680 4310 tur
707 4255 774 4308 ab
801 4254 881 4307 eis
905 4254 1046 4308 sicut
1072 4268 1196 4309 esca
1224 4254 1395 4323 panis.
1429 4255 1510 4309 Ab
1555 4255 1638 4308 his
1668 4255 1850 4324 utique
1891 4254 1982 4323 qui
2014 4255 2182 4308 Deum

591 4360 717 4399 cum
756 4359 864 4399 non
907 4343 1311 4409 invocaverunt,
1343 4344 1436 4414 qui
1476 4344 1548 4398 ibi
1587 4344 1927 4415 trepidabant
1967 4345 2182 4407 timore,

2326 554 2415 611 vid
2452 554 2799 613 absconditus
2834 565 2919 613 est
2955 557 3098 628 apud
3133 558 3272 614 nos?

2326 667 2488 734 Deus,
2517 670 2574 723 in
2602 671 2809 724 nomine
2836 681 2921 724 tuo
2948 669 3145 724 salvum
3173 686 3254 724 me
3275 671 3384 741 fac,
3406 680 3456 724 et
3481 671 3535 724 in
3559 672 3747 725 uirtute
3769 681 3859 725 tua

2256 759 2419 816 libera
2445 776 2543 815 nte.
2568 759 2711 816 Deus
2736 761 2928 814 exaudi
2956 762 3246 816 orationem
3272 777 3461 826 meam,
3492 759 3709 815 auribus
3737 780 3857 832 per-

2256 853 2369 924 cipe
2390 852 2543 907 verba
2573 854 2680 908 oris
2713 854 2833 907 mei.
2866 849 3126 918 Quoniam
3152 853 3310 907 alieni
3334 854 3734 908 insurrexerunt
3760 855 3857 907 ad-
3938 854 3947 862 '

2256 960 2458 999 uersum
2484 960 2584 1011 me,
2606 954 2657 998 et
2684 946 2843 1016 fortes
2861 946 3177 1017 quasimnt
3203 946 3433 1000 animum
3455 962 3645 1011 meam,
3674 954 3727 999 et
3756 963 3857 1001 non

2259 1045 2637 1108 proposuerunt
2663 1034 2830 1091 Deum
2856 1045 2977 1091 ante
3004 1045 3331 1110 conspectum
3350 1054 3519 1092 suum.
3554 1036 3697 1091 Ecce
3726 1039 3857 1091 enim

2259 1127 2402 1184 Deus
2422 1129 2634 1200 adjuvat
2653 1147 2753 1196 me,
2769 1138 2818 1185 et
2839 1128 3095 1186 Dominus
3117 1138 3382 1201 susceptor
3398 1140 3477 1185 est
3494 1132 3693 1185 citima:
3712 1147 3854 1185 mea.

2258 1207 2442 1276 Averte
2466 1221 2608 1276 mala
2635 1222 2859 1276 inimicis
2886 1222 3035 1282 meis.
3065 1231 3118 1276 et
3154 1223 3211 1276 in
3241 1222 3455 1276 ueritate
3493 1231 3581 1275 tua
3619 1221 3859 1293 disperde

2259 1311 2399 1368 illos.
2439 1310 2746 1367 Voluntarie
2773 1311 3082 1383 sacriﬁcabo
3108 1312 3220 1379 tibi,
3251 1322 3301 1367 et
3336 1312 3621 1385 conﬁtebor
3663 1315 3859 1369 nomini

2265 1412 2372 1468 tuo,
2401 1401 2643 1470 Domine,
2672 1404 2918 1476 quoniam
2944 1402 3133 1458 bonum
3168 1413 3263 1458 est.
3311 1401 3569 1469 Quoniam
3614 1421 3685 1458 ea:
3724 1406 3857 1458 omni

2267 1492 2601 1550 tribulatione
2637 1495 2873 1566 eripuisti
2912 1511 3023 1562 me,
3063 1504 3114 1549 et
3140 1512 3294 1567 super
3318 1497 3558 1551 inimicos
3596 1512 3742 1550 meos
3769 1496 3853 1550 de-

2265 1589 2435 1661 spexit
2468 1588 2647 1645 oculus
2674 1605 2838 1643 meus.
3076 1572 3087 1584 ’

2839 1698 3281 1750 concursatori,

2338 1775 2503 1843 Deus,
2535 1775 2589 1831 in
2631 1774 2851 1832 nomine
2893 1784 2987 1831 tuo
3023 1776 3231 1832 salvum
3275 1791 3362 1831 me
3402 1775 3504 1831 fac.
3537 1776 3648 1839 lste
3687 1794 3856 1833 senno

2195 1874 2241 1935 Β
2267 1866 2528 1923 orationis
2561 1882 2755 1928 causas
2782 1882 2909 1924 suas
2935 1868 3266 1938 exsequitur.
3300 1866 3494 1923 Libera
3525 1884 3635 1935 me,
3668 1869 3853 1940 inquit,

2268 1960 2396 2031 quia
2425 1961 2587 2018 alieni
2616 1962 3026 2019 insurrexerunt
3053 1963 3107 2018 in
3136 1979 3246 2030 me,
3269 1970 3324 2019 et
3351 1962 3518 2018 fortes
3534 1961 3855 2033 qmierunt

2269 2052 2505 2109 animam
2551 2070 2762 2122 meam;
2794 2055 2848 2110 hi
2876 2056 2971 2127 qui
3011 2072 3118 2112 non
3164 2064 3475 2128 proponunt
3519 2056 3690 2111 Deum
3739 2066 3852 2112 ante

2269 2145 2457 2201 oculos
2475 2161 2623 2201 suos.
2648 2145 2789 2202 Dicit
2817 2146 3019 2213 titulus,
3049 2139 3104 2202 ei
3122 2147 3214 2217 qui
3236 2147 3417 2211 alieni,
3442 2155 3498 2202 et
3520 2147 3615 2216 qui
3640 2147 3749 2202 sint
3769 2147 3849 2218 qui

2267 2244 2516 2307 quatrunt
2555 2237 2791 2292 animam
2829 2236 2964 2307 ejus.
3006 2236 3110 2305 Qui
3148 2237 3453 2294 ostenditur
3495 2238 3565 2293 ad
3614 2238 3848 2294 inimicos

2267 2344 2398 2386 suos
2429 2330 2555 2397 isse,
2597 2338 2654 2386 et
2682 2346 2781 2402 per
2806 2344 2902 2386 eos
2926 2332 3159 2387 evadere
3186 2330 3448 2409 voluisse.
3480 2330 3631 2396 Vide,
3661 2332 3841 2394 amice,

2269 2437 2339 2478 ne
2367 2431 2422 2478 te
2447 2422 2638 2479 credas
2666 2422 2894 2479 inimicis
2923 2423 2976 2478 in
3006 2430 3143 2487 toto,
3175 2422 3296 2477 vide
3335 2438 3405 2478 ne
3444 2422 3498 2477 in
3543 2422 3845 2479 necessitate

2269 2513 2479 2585 positus
2508 2513 2707 2569 furtum
2750 2513 2937 2579 facias,
2969 2522 3025 2570 et
3052 2529 3121 2570 eo
3141 2507 3203 2569 ἰθ
3231 2522 3388 2585 putes
3411 2529 3573 2584 posse
3600 2514 3762 2579 relici,
3788 2529 3849 2569 ne

2239 2607 2419 2662 dicas
2460 2606 2527 2662 de
2569 2606 2716 2663 bono
2752 2609 2879 2678 quia
2918 2608 3093 2661 malus
3135 2613 3245 2672 est,
3276 2605 3411 2661 dum
3450 2606 3532 2661 vis
3559 2606 3850 2662 horninibus

2271 2698 2632 2769 complacere,
2665 2713 2734 2755 ne
2761 2715 2793 2753 a
2823 2699 3114 2754 virtutibus
3136 2713 3328 2770 pergas
3349 2698 3417 2753 ad
3448 2698 3603 2762 vitia,
3636 2698 3846 2755 faciente

2272 2794 2453 2864 aliqua
2483 2795 2826 2860 necessitate,
2857 2794 2969 2849 noli
3008 2802 3063 2849 te
3090 2794 3171 2849 eis
3199 2792 3443 2848 credere.
3484 2792 3614 2849 Ideo
3642 2794 3778 2848 enim
3802 2801 3847 2848 te

2272 2863 2591 2957 suscipiunt,
2624 2893 2684 2940 ut
2710 2887 2965 2941 simulent
2993 2886 3090 2942 tibi
3127 2863 3427 2941 laﬁbulum.
3456 2884 3725 2942 Czeterum
3746 2893 3845 2941 trs-

2271 2977 2403 3036 dere
2431 2987 2485 3033 te
2511 2978 2701 3033 volunt
2740 2978 2793 3033 in
2822 2977 3017 3048 gaudio
3048 2979 3098 3033 ei
3123 2978 3214 3049 qui
3244 2985 3299 3033 te
3327 2978 3687 3048 persequitur.
3719 2976 3846 3033 Felix

2266 3071 2319 3133 si
2343 3087 2450 3126 non
2482 3082 2535 3126 te
2559 3071 2851 3127 credideris
2881 3071 2979 3127 eis.
3012 3071 3068 3126 Si
3099 3086 3230 3126 vero
3261 3070 3578 3138 credideris,
3610 3074 3773 3129 clama
3799 3080 3848 3127 ut

2277 3170 2500 3235 propter
2527 3179 2723 3219 nomen
2772 3179 2928 3219 suum
2958 3164 3163 3218 salvum
3194 3172 3248 3218 te
3292 3162 3457 3219 faciat
3507 3164 3777 3227 Dominus,
3799 3169 3848 3216 ut

2196 3240 2256 3307 δ’
2275 3257 2606 3310 voluntatem
2648 3264 2795 3310 tuam
2852 3255 3076 3310 liberam
3121 3253 3298 3318 faciat.
3344 3253 3480 3322 Quia
3527 3255 3757 3326 quandiu
3800 3254 3845 3308 in

2212 3404 2213 3407 η
2272 3345 2525 3401 vitiorum
2555 3361 2827 3401 consensu
2852 3344 3017 3415 jacet,
3050 3346 3221 3402 libera
3246 3362 3354 3402 non
3387 3355 3491 3402 est.
3523 3346 3656 3402 Cum
3680 3354 3847 3401 autem

2276 3436 2535 3492 Dominus
2563 3435 2900 3505 adjuvaverit
2929 3445 3003 3504 te,
3032 3436 3280 3493 inimicos
3321 3445 3444 3493 tuos
3468 3437 3845 3507 disperdiderit,

2278 3537 2406 3583 tunc
2432 3528 2736 3584 voluntarie
2759 3522 3088 3586 sacrilicabis
3114 3529 3185 3597 ei,
3208 3545 3339 3585 cum
3368 3544 3431 3585 es
3467 3527 3606 3582 οηιηί
3632 3528 3842 3581 tribula-

2280 3623 2426 3678 tione
2446 3621 2723 3694 eripuerit,
2753 3630 2808 3679 et
2829 3623 3075 3679 inimicos
3094 3629 3219 3679 tuos
3238 3623 3485 3696 despiciet
3505 3621 3681 3679 oculos
3703 3618 3836 3690 ejus,

2278 3714 2371 3785 qui
2397 3720 2589 3783 regnat
2618 3715 2670 3769 in
2692 3714 2886 3770 saecula
2909 3713 3249 3770 saeculorum.
3283 3714 3469 3770 Amen.

2832 3850 3151 3908 PSALMUS
3190 3850 3321 3907 LIV.

2438 3961 2497 4016 In
2538 3962 2699 4017 linem
2739 3963 2792 4019 in
2831 3964 3161 4020 carminibus
3200 3963 3506 4021 intellectus
3545 3961 3724 4017 David.

2356 4075 2587 4141 Exaudi,
2638 4076 2797 4141 Deus,
2844 4078 3133 4132 orationem
3173 4092 3358 4140 meam,
3389 4083 3440 4128 et
3481 4090 3547 4128 ne
3582 4072 3856 4143 despexeris

2286 4168 2697 4238 deprecationem
2721 4184 2907 4231 meam,
2932 4167 3141 4221 intende
3169 4167 3296 4222 mihi
3317 4176 3366 4220 et
3392 4166 3588 4220 exaudi
3608 4182 3707 4218 me.
3734 4161 3856 4217 Con-

2289 4262 2521 4315 tristatus
2562 4262 2618 4314 in
2659 4263 3028 4316 exercitatione
3066 4278 3197 4326 mea,
3227 4270 3279 4316 et
3316 4260 3658 4315 conturbatus
3698 4273 3802 4312 sum
3831 4270 3859 4305 tt

2285 4369 2406 4407 uoce
2431 4353 2647 4419 inimici,
2671 4363 2719 4407 et
2747 4370 2781 4407 a
2810 4352 3139 4408 tribulatione
3166 4354 3467 4425 peccatoris.
3502 4350 3761 4416 Quoniam
3783 4347 3860 4400 de-

594 4437 685 4493 ιιὺί
712 4452 818 4492 n0n
845 4444 931 4493 εει
960 4435 1138 4501 “mor.
1165 4435 1216 4490 id
1246 4443 1347 4502 εει,
1381 4435 1435 4490 in
1464 4435 1702 4492 ουδιοάίθ
1738 4435 1977 4501 sabbati.
2002 4435 2061 4491 in
2090 4436 2186 4490 δει-
2289 4443 2611 4498 εσηαυεηυη
2646 4446 2700 4499 in
2737 4462 2819 4500 me
2844 4446 3161 4516 iniquitates,
3194 4455 3242 4499 et
3282 4447 3337 4500 in
3366 4447 3450 4499 ira
3487 4446 3695 4500 molesti
3733 4448 3860 4496 eram

595 4529 1743 4601 ptisznatibuscalicum,cturceorum.Deus
1763 4538 1943 4585 autem
1963 4529 2187 4601 dissipat
2291 4518 2437 4590 mihi.
2482 4535 2583 4591 Cor
2623 4553 2793 4591 meum
2828 4538 3190 4592 conturbatum
3217 4547 3293 4592 est
3335 4538 3389 4590 iu
3433 4553 3533 4603 me,
3577 4547 3630 4590 et
3661 4531 3865 4606 fumido

594 4639 716 4681 ossa
763 4638 953 4681 eorum
1000 4622 1094 4695 qui
1138 4623 1444 4678 hominibus
1481 4623 1715 4694 placent.
1751 4621 1903 4678 Unde
1929 4624 2188 4692 magister
2212 4616 2265 4677 D
2288 4626 2472 4681 mortis
2508 4624 2692 4680 cecidit
2719 4642 2873 4697 super
2895 4643 2992 4681 me.
3028 4625 3203 4681 Timor
3230 4637 3278 4681 et
3306 4637 3498 4681 tremor
3525 4637 3771 4682 venerunt
3795 4640 3869 4679 su-

594 4724 781 4772 nostcr
808 4713 1007 4771 Paulus
1033 4714 1162 4770 dicit
1196 4733 1209 4768 :
1242 4712 1356 4786 Ego
1385 4715 1430 4767 si
1472 4714 1640 4768 adhuc
1677 4714 1854 4769 vellem
1893 4712 2186 4769 hominibus

596 4810 815 4881 placere,
847 4809 1038 4864 Christi
1068 4825 1243 4864 servus
1272 4825 1376 4864 non
1412 4825 1577 4863 essent
1605 4806 1747 4880 (Gal.
1778 4813 1843 4879 ι).
1883 4806 2040 4876 Ergo,
2058 4806 2186 4862 dum

596 4900 771 4954 alhuc
812 4897 1025 4955 Iudaeus
1062 4910 1233 4967 esset,
1278 4899 1517 4956 ostendit
1556 4899 1859 4955 hominibus
1898 4899 2183 4971 placuisse.

596 4990 699 5060 Qui
721 4999 901 5045 autem
931 4990 1037 5047 illis
1052 4992 1267 5062 placere
1294 4993 1504 5057 volunt,
1539 4992 1732 5062 inquit,
1769 4990 2183 5056 confundentur,

594 5088 721 5158 quia
752 5086 893 5141 Deus
919 5087 1123 5156 sprevit
1150 5102 1263 5141 eos.
1306 5085 1409 5152 Qui
1437 5085 1616 5141 Deus?
1643 5084 1745 5153 Qui
1783 5084 1931 5141 dedit
1958 5100 2026 5140 es
2054 5084 2186 5140 Sion

596 5180 825 5249 salutem
882 5177 1079 5243 Israel;
1133 5175 1302 5233 Iacob
1348 5178 1736 5248 supplantator,
1787 5175 1951 5232 Israel
1998 5175 2188 5231 videns

595 5272 765 5328 Deum
790 5271 1194 5345 interpretatur.
1220 5269 1362 5339 Ergo
1390 5277 1447 5325 et
1463 5267 1630 5325 Jacob
1653 5270 1879 5335 lactetur,
1904 5269 2028 5340 quia
2060 5283 2188 5339 snp-

596 5366 843 5437 plantant
888 5364 1197 5428 inimicum;
1246 5369 1302 5419 et
1330 5361 1493 5418 Israel
1521 5362 1774 5424 exsultet,
1819 5363 1946 5431 quia
1976 5361 2187 5416 videtur

597 5456 878 5513 invisibilis
915 5455 1056 5511 Deus
1095 5455 1148 5527 in
1187 5469 1386 5524 genere
1426 5452 1541 5523 ejus
1581 5453 1717 5508 facie
1757 5452 1824 5507 ad
1856 5452 2064 5518 facient,
2095 5452 2187 5522 qui

599 5556 789 5615 regnat
810 5548 861 5601 in
885 5548 1077 5604 szecula
1100 5546 1440 5603 saeculorum.
1466 5546 1657 5600 Amen.

1139 5679 1456 5769 PSALMIJS
1494 5677 1623 5733 LIII.

606 5810 663 5867 In
704 5809 860 5865 linem
900 5810 951 5867 iu
990 5813 1317 5868 carminibus
1353 5796 1655 5870 intellectus
1694 5810 1893 5878 David,
1916 5790 2057 5867 cum
2094 5825 2186 5868 ve-

2294 4735 2386 4790 per
2413 4736 2511 4783 me,
2542 4729 2593 4774 et
2620 4728 2957 4775 contexerunt
2983 4737 3065 4775 me
3094 4720 3330 4776 tenebraz.
3354 4719 3426 4775 Et
3452 4721 3568 4774 dixi
3584 4760 3600 4787 ,
3638 4720 3764 4786 Quis
3791 4717 3871 4772 ds-

2293 4811 2369 4865 bit
2402 4812 2527 4867 milii
2553 4828 2754 4883 pennas
2787 4814 2918 4867 sicut
2944 4813 3213 4878 columba,
3252 4822 3304 4867 et
3339 4811 3539 4878 volabo,
3586 4823 3641 4867 et
3690 4812 3872 4885 requie-

2293 4920 2457 4959 scam.
2492 4904 2627 4959 Ecce
2653 4905 2892 4977 elongari
2920 4908 3140 4979 fugiens,
3185 4915 3236 4961 et
3278 4908 3448 4962 mansi
3486 4908 3543 4961 in
3585 4907 3870 4963 solitudine.

2292 4994 2677 5067 Exspectabam
2695 5013 2812 5051 eum
2831 4999 2917 5070 qui
2937 4998 3139 5053 salvum
3157 5015 3239 5053 me
3257 4999 3386 5070 facit
3404 5015 3437 5051 a
3457 4998 3877 5069 pusillanimitate

2291 5090 2503 5161 spiritus
2534 5098 2584 5143 et
2625 5096 2944 5161 tempestate.
2978 5088 3278 5160 Prcecipita,
3310 5087 3556 5151 Domine,
3598 5088 3771 5142 divide
3793 5085 3880 5138 liu-

2290 5196 2420 5251 guas
2448 5195 2646 5242 eorum,
2678 5180 2924 5251 quoniam
2951 5179 3055 5233 vidi
3082 5180 3407 5251 iniquitatem
3434 5187 3484 5233 et
3522 5175 3883 5233 contradictio-

2290 5285 2409 5323 nem
2448 5270 2504 5323 in
2533 5269 2754 5325 civitate.
2782 5267 2882 5323 Die
2908 5284 2970 5322 ac
2998 5278 3146 5324 nocte
3177 5269 3517 5324 circumdabit
3547 5285 3712 5333 etim;
3741 5280 3882 5338 super

2292 5375 2464 5415 muros
2493 5361 2605 5431 ejus
2638 5362 2904 5433 iniquitas,
2934 5371 2983 5415 et
3010 5361 3158 5415 labor
3184 5362 3240 5414 in
3267 5358 3436 5416 medio
3460 5362 3578 5434 ejus
3604 5371 3657 5414 et
3686 5357 3884 5431 injusti—

2295 5451 2385 5504 tia.
2422 5449 2489 5505 Et
2516 5467 2621 5507 non
2647 5452 2833 5524 defecit
2858 5453 2924 5506 de
2942 5453 3127 5524 plateis
3150 5453 3265 5524 ejus
3292 5468 3452 5508 usura
3479 5460 3530 5507 et
3549 5451 3726 5506 dolus.
3753 5447 3885 5514 Quo-

2297 5542 2436 5596 niam
2464 5542 2508 5595 si
2537 5542 2776 5596 inimicns
2811 5559 2951 5597 meus
2979 5542 3332 5597 maledixisset
3353 5543 3501 5609 mihi,
3528 5542 3884 5596 sustinuissent

2297 5632 2485 5704 utique.
2521 5630 2586 5685 Et
2622 5633 2667 5687 si
2695 5632 2780 5703 qui
2808 5631 2991 5687 oderat
3018 5650 3116 5695 me,
3148 5650 3303 5706 super
3338 5652 3418 5689 me
3455 5649 3652 5705 magna
3694 5632 3884 5685 locum

2296 5722 2494 5794 fuisset,
2523 5720 2903 5777 abscondissent
2933 5739 3013 5776 me
3041 5724 3266 5795 forsitan
3294 5722 3360 5777 ab
3379 5741 3459 5778 eo.
3492 5720 3563 5776 Tu
3597 5739 3719 5776 vero
3740 5721 3885 5773 homo

2295 5815 2577 5879 unanimis,
2611 5817 2716 5869 dna:
2746 5831 2904 5881 meus,
2929 5826 2977 5872 et
3007 5826 3159 5872 notus
3193 5816 3355 5873 meus.
3392 5816 3489 5880 Qui
3515 5814 3674 5870 simul
3694 5815 3888 5869 mecum
