4108 6348
287 317 385 380 ιω

1264 325 1732 382 COMMENTARII
1773 325 1835 380 ΙΝ
1879 323 2208 380 PSALMOS.
2254 325 2444 381 PSAL.
2489 326 2596 382 LV.

3466 323 3569 380 40!

284 444 460 497 dulces
486 442 723 514 capiebas
766 443 923 506 cibos,
965 445 1014 496 in
1044 444 1196 497 domo
1227 442 1322 497 Dei
1355 443 1726 497 ambulavimus
1758 458 1873 494 cum
1902 442 1951 501 Α
1979 443 2346 496 contaminant
2389 458 2485 513 per
2528 457 2848 497 consensum
2891 449 3132 496 nostrum
3187 449 3565 496 testamentum

282 551 556 591 consensu.
614 533 798 589 Veniat
838 552 975 589 mors
1015 552 1168 608 super
1207 537 1345 601 illos,
1387 545 1438 589 et
1481 535 1794 589 descendant
1822 537 1875 589 in

280 628 546 697 infernum
567 629 800 682 timentes.
829 627 1086 695 Quoniam
1116 630 1344 700 nequitia
1372 630 1427 683 in
1451 627 1758 683 habitaculis
1784 644 1873 682 eo-

279 736 421 783 rum,
457 718 510 772 in
538 719 708 773 medio
749 736 947 774 eorum.
987 719 1103 793 Ego
1131 721 1202 776 ad
1231 720 1513 776 Dominum
1548 721 1789 783 clamavi,
1825 728 1875 773 et

278 809 542 865 Dominus
580 809 798 865 saloabil
837 828 936 866 me.
981 811 1222 883 Vespere,
1256 821 1305 867 et
1338 829 1510 879 mane,
1550 821 1599 866 et
1637 812 1870 876 meridie,

279 901 514 959 narrabo
542 910 588 957 et
623 902 968 971 annuntiabo,
999 913 1048 959 et
1079 906 1323 960 exaudiet
1352 921 1521 978 copem
1551 922 1738 959 meam.
1767 903 1874 958 lle-

277 994 443 1050 dimet
463 995 516 1048 in
543 1012 673 1066 pace
699 996 932 1050 animam
956 1013 1124 1051 meam
1149 995 1215 1050 ab
1247 997 1329 1052 his
1349 998 1436 1069 qui
1456 998 1875 1069 appropinquant

276 1089 431 1155 milii,
471 1090 718 1160 quoniam
754 1092 890 1144 inter
928 1092 1116 1146 multos
1164 1101 1313 1146 eram
1350 1108 1567 1169 mecum.
1609 1090 1873 1146 Est-audiet

280 1178 444 1242 Deus,
469 1189 516 1232 et
537 1181 830 1236 humiliabit
850 1182 988 1248 illos,
1013 1183 1100 1255 qui
1118 1192 1192 1238 est
1214 1192 1335 1237 ante
1353 1184 1562 1238 secula.
1591 1181 1715 1238 Non
1735 1183 1874 1238 enim

276 1279 354 1324 est
385 1270 488 1326 illis
516 1273 867 1338 commutatio,
901 1281 950 1326 et
979 1290 1083 1328 non
1113 1273 1390 1340 tirnuerunt
1423 1273 1606 1339 Deum,
1639 1273 1872 1329 extendit

276 1381 495 1418 manum
533 1383 680 1420 suam
710 1367 764 1422 in
802 1365 1150 1422 retribuendo.
1183 1365 1677 1422 Contaminaverunt
1714 1375 1873 1421 testa-

276 1467 507 1513 mentum
544 1460 675 1530 ejus,
707 1459 859 1514 divisi
882 1469 1003 1515 sunt
1039 1460 1103 1513 ab
1126 1461 1208 1514 ira
1245 1460 1415 1514 vultus
1436 1461 1569 1532 ejus,
1597 1468 1645 1514 et
1677 1477 1872 1532 appro-

276 1551 546 1623 pinquat'it
578 1570 670 1607 cor
711 1554 874 1607 illius.
917 1551 1110 1608 Molliti
1142 1562 1261 1608 sunt
1287 1569 1548 1608 sermones
1578 1554 1689 1624 eju's
1719 1570 1872 1624 super

275 1644 468 1710 oleum,
491 1653 539 1698 et
563 1644 664 1716 ipsi
683 1655 802 1700 sunt
817 1647 1016 1718 jacula.
1039 1647 1195 1700 Jacta
1216 1662 1368 1717 super
1390 1646 1673 1701 Dominum
1693 1663 1871 1701 curans

276 1748 444 1803 tuam,
487 1748 534 1792 et
573 1741 680 1810 ipse
718 1748 766 1793 te
804 1742 1044 1808 enutriet,
1077 1759 1180 1796 non
1212 1741 1355 1796 dabit
1395 1743 1450 1796 in
1491 1752 1741 1797 aeternum
1769 1745 1870 1813 ﬂu-

1980 536 2117 604 ejus,
2148 545 2203 590 et
2230 536 2476 606 quamvis
2512 535 2669 591 divisi
2711 538 2817 591 sint
2862 535 2929 590 ab
2971 536 3047 590 ira
3078 535 3254 590 vultus
3281 533 3415 604 ejus,
3438 537 3564 606 quia

1981 630 2323 701 impassibilis
2358 638 2459 697 est,
2487 639 2667 685 tamen
2695 632 2980 702 appropiat
3007 647 3101 687 cor
3131 630 3264 701 ejus.
3298 629 3414 686 Non
3443 647 3567 686 eum

1979 724 2128 789 latet,
2155 724 2280 794 quia
2310 724 2558 779 molliunt
2595 725 2998 794 suggestionum
3028 741 3245 781 suarum
3288 741 3568 781 sermones

1977 835 2141 889 super
2161 818 2361 882 oleum,
2386 826 2440 872 et
2469 817 2569 888 ipsi
2600 825 2724 871 sunt
2741 817 2940 884 jacula.
2964 817 3044 873 'l'u
3064 834 3214 884 vero,
3239 816 3564 878 Christiane.

1971 909 2118 978 jacta
2139 910 2193 964 in
2219 909 2384 964 Deum
2406 909 2788 978 cogitationem
2816 924 2988 974 suam,
3021 919 3076 966 et
3098 911 3210 982 ipse
3232 919 3285 966 te
3311 911 3561 966 enutriet.

1976 1002 2096 1057 Noli
2117 1002 2318 1063 dicere,
2346 1003 2484 1070 Quid
2510 1000 2854 1067 manducabo,
2875 1002 3001 1073 quid
3023 1001 3212 1068 bibam,
3242 1021 3342 1074 quo
3362 1005 3568 1075 operiar

1977 1093 2191 1164 (Natta.
2224 1093 2316 1164 v)?
2333 1091 2435 1148 Per
2463 1094 2592 1149 istas
2618 1093 2760 1148 enim
2790 1093 3149 1162 cogitationes
3175 1093 3449 1151 dzemones
3466 1095 3566 1165 ipsi

1974 1194 2100 1241 sunt
2119 1185 2315 1255 jacula,
2339 1200 2478 1255 quos
2498 1184 2734 1242 deducet
2761 1184 3018 1240 Dominus
3047 1186 3099 1239 in
3129 1192 3350 1256 puteum
3379 1187 3566 1241 interi~

1975 1288 2080 1345 tus,
2111 1279 2155 1334 si
2187 1288 2243 1333 tu
2275 1279 2326 1333 in
2356 1279 2467 1334 Deo
2488 1279 2779 1347 jactaveris
2803 1280 3098 1349 cogitatum
3128 1287 3279 1335 tuum
3323 1299 3335 1332 :
3379 1290 3433 1336 et
3470 1280 3565 1336 tibi

1971 1373 2189 1443 quidem
2228 1371 2380 1427 tollet
2415 1372 2837 1436 ﬂuctuationem,
2871 1372 2991 1426 illos
3017 1387 3149 1426 vero
3177 1372 3322 1427 viros
3347 1373 3565 1439 sangui-

1975 1481 2100 1519 num
2149 1473 2205 1519 et
2249 1463 2468 1519 dolosos
2513 1481 2619 1519 non
2670 1463 2945 1534 permittet
2985 1477 3086 1518 nec
3125 1461 3409 1517 dimidiam
3449 1462 3566 1518 dies

1971 1571 2117 1621 suos,
2160 1555 2211 1609 id
2253 1564 2355 1619 est,
2401 1555 2466 1609 ad
2509 1563 2768 1625 quantum
2811 1555 3138 1609 tentationes
3178 1562 3405 1623 parant,
3455 1570 3563 1608 non

1971 1647 2235 1718 permittit
2263 1663 2378 1710 eos,
2421 1663 2519 1702 nec
2555 1647 2838 1701 dimidiare
2867 1647 2918 1699 in
2948 1655 3021 1710 te,
3052 1647 3097 1700 si
3131 1646 3332 1702 dixeris
3362 1647 3413 1700 in
3446 1654 3562 1699 toto

1971 1739 2135 1796 corde
2162 1759 2173 1793 :
2200 1739 2312 1808 Ego
2335 1740 2386 1794 in
2417 1749 2468 1794 te
2491 1755 2671 1811 spero,
2699 1739 2940 1803 Domine,
2963 1740 3056 1809 qui
3077 1754 3268 1806 regnas
3293 1740 3344 1795 in
3367 1740 3561 1794 sa‘cula

277 1835 591 1889 ctuationem
609 1835 773 1906 justo.
795 1835 870 1889 Tu
890 1852 1027 1899 vero,
1052 1834 1211 1899 Deus,
1236 1835 1452 1890 dedsti-es
1472 1853 1557 1891 eos
1582 1837 1636 1890 in
1662 1845 1868 1907 puteum
1901 1816 1945 1879 Β
1972 1834 2310 1890 seculorum.
2338 1835 2526 1890 Amen.

278 1927 538 1981 interitus.
583 1927 694 1981 Viri
725 1928 1040 1999 sanguinum
1081 1936 1129 1980 et
1167 1926 1335 1982 dolosi
1375 1943 1486 1981 non
1519 1927 1867 1982 dimidiabunt

279 2021 390 2076 dies
418 2038 561 2087 suos,
589 2039 681 2094 ego
711 2029 882 2075 autem
905 2019 1124 2091 sperabo
1159 2021 1213 2074 in
1247 2030 1314 2083 te,
1343 2019 1577 2078 Domine.

857 2174 1292 2213 COIIENTABICI.

355 2291 567 2349 Primus
609 2292 1041 2349 conversationis
1083 2299 1258 2346 status
1301 2300 1406 2354 est,
1438 2299 1495 2345 ut
1531 2291 1877 2346 contristetur

280 2384 446 2441 homo
476 2385 530 2438 in
556 2384 944 2440 exercitatione
963 2383 1306 2447 delictorum,
1330 2391 1384 2436 et
1406 2382 1758 2437 conturbetur
1781 2399 1876 2452 po-

283 2477 392 2531 tius
433 2491 595 2545 quam
624 2475 921 2530 delectetur
951 2469 984 2529 a'
1009 2491 1146 2530 voce
1191 2474 1410 2537 inimici,
1443 2481 1497 2529 et
1530 2473 1874 2528 tribulatione

285 2575 652 2639 peccatorum.
690 2567 883 2622 Veniat
922 2567 1153 2623 formido
1194 2567 1384 2622 mortis
1429 2580 1594 2636 super
1630 2581 1771 2630 eum,
1803 2580 1870 2619 ne

290 2660 343 2714 in
367 2660 599 2729 peccatis
627 2659 904 2724 moriatur,
935 2667 990 2714 et
1018 2667 1307 2727 contegant
1334 2675 1456 2714 eum
1494 2657 1715 2713 tenebrce
1736 2667 1871 2712 exte-

286 2751 470 2815 riores,
488 2749 574 2804 ubi
593 2759 666 2804 est
680 2752 831 2820 ﬂetus
849 2757 896 2803 et
910 2749 1106 2804 stridor
1117 2747 1344 2804 dentium
1361 2749 1510 2822 (Luc.
1529 2766 1648 2815 xm;
1675 2749 1863 2804 Matth.

283 2843 384 2913 ut).
415 2841 518 2898 Sed
546 2844 592 2897 si
621 2844 735 2898 lieri
762 2851 956 2914 potest,
983 2844 1214 2914 accipiat
1241 2849 1445 2916 pennas
1472 2846 1636 2900 animi
1666 2845 1717 2900 in
1747 2845 1867 2916 Spi-

280 2939 386 2993 ritu
411 2949 620 3008 sancto,
642 2941 782 2996 sicut
811 2935 1074 2998 columba:
1100 2941 1477 2998 descendentis
1513 2942 1581 2996 de
1621 2942 1782 3006 cmlo,
1813 2950 1870 2996 et

278 3031 459 3086 evolet
485 3029 690 3101 fugiens
717 3032 1058 3088 inimicorum
1084 3043 1297 3098 mantis,
1317 3033 1474 3101 longe
1500 3033 1679 3098 vadat,
1705 3031 1872 3102 fugiat

277 3139 310 3178 a
341 3134 586 3194 peccato,
617 3133 672 3182 et
698 3125 951 3196 quasi-in
995 3124 1286 3180 solitudine
1325 3127 1553 3196 positus,
1593 3127 1673 3181 sic
1711 3126 1871 3181 nullis

2545 1924 2860 1982 PSALMUS
2899 1925 3008 1981 LV.

1972 2042 2028 2096 In
2046 2040 2216 2124 tinem
2232 2057 2348 2124 pro
2375 2041 2597 2124 populo,
2638 2042 2731 2122 «ιμί
2761 2041 3020 2124 {insane-tis
3050 2040 3207 2124 longe
3247 2039 3417 2124 factus
3454 2048 3556 2102 est,

2046 2113 2097 2166 in
2131 2111 2267 2166 tituli
2299 2111 2646 2182 inscriptione
2678 2112 2776 2182 ipsi
2801 2111 2987 2174 David,
3017 2127 3137 2165 cum
3169 2119 3411 2164 tenerent
3440 2125 3560 2163 cum

2047 2182 2315 2253 Allophyli
2346 2183 2398 2236 in
2436 2182 2594 2236 Geth.

2051 2294 2300 2348 Miserere
2327 2295 2447 2359 mei,
2472 2292 2630 2359 Dens,
2655 2297 2897 2365 quoniam
2929 2297 3249 2349 σωτηρίων]
3280 2312 3360 2350 me
3388 2295 3561 2359 homo,

1974 2391 2083 2443 tota
2123 2388 2206 2441 die
2237 2388 2550 2457 impugnans
2579 2386 2845 2441 tribulacit
2874 2404 2971 2441 me.
3005 2386 3449 2442 Conculcai-errust
3484 2404 3564 2442 me

1972 2481 2171 2535 inimici
2193 2483 2292 2534 mei
2313 2489 2420 2535 tota
2444 2480 2543 2543 die,
2561 2481 2806 2552 quoniam
2837 2481 2987 2534 multi
3018 2479 3262 2533 bellantes
3291 2481 3562 2534 adversum

1971 2591 2068 2628 me.
2101 2573 2178 2626 Ab
2207 2573 2480 2627 altitudine
2508 2573 2610 2626 diei
2638 2570 2844 2634 timebo,
2873 2588 2968 2643 ego
3004 2588 3120 2626 vero
3151 2573 3203 2625 in
3244 2580 3291 2624 te
3320 2571 3558 2642 sperabo.

1975 2661 2038 2716 In
2083 2662 2192 2716 Deo
2223 2661 2445 2716 laudabo
2474 2678 2735 2716 sermones
2765 2679 2923 2724 meos,
2955 2662 3008 2715 in
3053 2661 3162 2715 Deo
3202 2664 3424 2731 sperari,
3458 2681 3562 2715 non

1969 2755 2155 2810 timebo
2184 2756 2307 2828 quid
2345 2757 2508 2826 faciat
2538 2755 2664 2808 mihi
2693 2772 2839 2808 caro.
2875 2753 3006 2807 Tota
3037 2754 3119 2806 die
3143 2753 3294 2806 verba
3325 2769 3436 2805 mea
3466 2769 3562 2805 ex-

1969 2848 2329 2910 secrabantur,
2374 2846 2645 2899 adversum
2684 2861 2764 2898 me
2805 2861 2982 2898 omnes
3013 2843 3353 2913 cogitationes
3386 2860 3566 2897 eorum

1971 2943 2026 2994 in
2056 2941 2270 2995 malum.
2307 2937 2679 2994 lnltabitabnnt
2699 2946 2748 2991 et
2776 2938 3114 3002 abscondent,
3139 2938 3240 3008 ipsi
3260 2941 3567 2998 calcaneuus

1973 3049 2141 3087 meum
2173 3030 2535 3087 observabant.
2569 3031 2717 3085 Sient
2739 3031 3091 3085 sustinuerunt
3118 3032 3350 3086 animam
3373 3045 3566 3097 mauu.

1973 3141 2067 3194 pro
2095 3124 2256 3179 nihilo
2277 3123 2450 3194 salvos
2473 3123 2634 3196 [aries
2663 3123 2802 3188 illos,
2826 3123 2880 3177 in
2905 3122 2984 3176 ira
3003 3105 3222 3193 populos
3241 3124 3562 3195 confringet.

277 3219 424 3273 euris
444 3218 752 3275 involvatur
769 3219 1041 3275 humanis.
1059 3218 1208 3275 Tunc
1228 3219 1371 3274 enim
1401 3227 1682 3289 exspectat
1704 3219 1870 3274 Deum
1898 3201 1945 3265 (ἶ
1977 3213 2136 3279 Dens,
2171 3217 2327 3269 vitam
2357 3229 2523 3268 meam
2563 3216 2869 3269 annuntiari
2903 3215 3015 3278 tibi,
3048 3216 3267 3285 posuisti
3302 3215 3566 3287 laergmas

279 3313 371 3382 qui
407 3313 583 3367 salvat
621 3328 745 3368 eum
791 3328 821 3367 a
866 3311 1308 3382 pusillahimitate
1359 3321 1415 3366 et
1443 3320 1785 3382 tempestate,
1816 3320 1874 3368 ut

279 3406 579 3476 pnecipitet
607 3405 885 3469 Dominus,
919 3414 976 3460 et
1015 3404 1219 3460 dividat
1248 3405 1456 3475 linguas
1484 3420 1693 3460 eorum.
1727 3405 1873 3473 Quo-

281 3496 422 3550 niam
450 3496 585 3551 vidit
613 3497 972 3566 iniquitatem,
1007 3503 1061 3550 et
1088 3495 1568 3551 contradictionem
1601 3495 1651 3551 in
1679 3496 1871 3550 civita-

282 3597 408 3653 tem,
438 3604 559 3659 qua:
589 3588 864 3659 iniquitas,
899 3596 955 3642 et
991 3587 1081 3643 die
1124 3595 1179 3646 et
1220 3597 1378 3644 nocte
1417 3588 1712 3644 circumdat
1751 3604 1871 3642 eam

280 3696 444 3750 super
463 3695 648 3737 .‘Juros
671 3681 809 3752 ejus,
837 3681 887 3736 id
916 3691 1018 3747 est,
1043 3681 1288 3737 diabolus
1313 3681 1611 3736 circumdat
1637 3681 1871 3735 animam

281 3787 444 3843 super
465 3789 648 3829 muros
675 3773 814 3842 ejus,
839 3773 1142 3844 ubicunque
1187 3788 1246 3828 se
1277 3773 1422 3827 vitiis
1449 3785 1748 3842 repugnare
1776 3787 1874 3840 po-

282 3867 470 3920 suerit.
497 3864 565 3920 Et
589 3883 696 3920 non
736 3865 932 3921 defecit
958 3866 1026 3921 de
1046 3866 1240 3936 plateis
1261 3864 1398 3934 ejus,
1429 3863 1482 3918 id
1503 3873 1605 3926 est,
1641 3863 1692 3917 in
1722 3865 1874 3929 cogi-

286 3959 582 4013 tationibus
609 3960 726 4028 ejus
757 3975 918 4014 usura
950 3968 1006 4015 et
1041 3959 1218 4014 dolus.
1251 3957 1516 4024 Quoniam
1542 3956 1588 4009 si
1631 3956 1877 4010 inimicus

289 4050 656 4104 maledixisset
677 4052 827 4117 mihi,
853 4051 904 4104 id
927 4059 1030 4114 est,
1053 4051 1098 4104 si
1127 4051 1239 4119 ipse
1267 4047 1515 4102 diabolus
1535 4061 1630 4116 per
1649 4063 1708 4101 se
1738 4047 1876 4101 mala

289 4139 605 4208 loqueretur
627 4140 910 4196 adversum
950 4156 1057 4205 me,
1088 4141 1216 4210 quia
1243 4148 1424 4195 certus
1452 4154 1590 4204 sum,
1620 4137 1763 4208 quod
1795 4153 1881 4192 me

285 4233 486 4298 odiret,
519 4233 906 4289 absconderem
938 4249 1024 4289 me
1053 4233 1122 4289 ab
1152 4249 1236 4288 eo.
1264 4232 1417 4288 Nunc
1438 4248 1565 4287 vero
1595 4241 1652 4287 tu
1682 4235 1877 4289 unani-

284 4329 408 4393 mis,
436 4328 542 4384 dux
575 4344 746 4393 meus,
780 4338 835 4383 et
867 4339 1025 4383 notus
1053 4343 1225 4392 meus,
1271 4325 1324 4383 id
1359 4335 1458 4391 est,
1502 4327 1668 4381 homo
1701 4341 1873 4392 meus,

284 4422 526 4476 exterior
556 4422 740 4487 homo,
774 4422 960 4491 utique
995 4421 1316 4492 corporalis,
1346 4420 1438 4491 qui
1477 4419 1632 4474 simul
1665 4434 1874 4474 mecum

284 4511 468 4567 dulces
487 4513 855 4567 communicas
877 4512 1026 4567 cibos
1050 4512 1104 4566 in
1126 4526 1311 4565 mensa
1334 4511 1594 4582 mysterii,
1613 4518 1669 4564 tu
1684 4518 1873 4565 contra

1975 3326 2116 3364 meas
2152 3311 2206 3364 in
2242 3319 2517 3380 conspectu
2553 3319 2661 3364 tuo.
2706 3310 2855 3364 Sient
2892 3319 2938 3363 et
2977 3311 3030 3363 in
3068 3311 3414 3382 promissione
3450 3319 3562 3372 tua,

1973 3413 2095 3457 tunc
2117 3412 2478 3458 convertentur
2505 3402 2704 3457 inimici
2731 3403 2830 3455 mei
2853 3409 3154 3455 retrorsum.
3179 3399 3241 3454 In
3263 3416 3566 3472 quacunque

1974 3497 2057 3550 die
2078 3497 2378 3551 invocarem
2409 3505 2476 3561 te,
2505 3512 2617 3549 ecce
2643 3494 2860 3564 cognovi
2888 3494 3132 3563 quoniam
3157 3491 3295 3545 Dens
3315 3506 3459 3546 meus
3485 3508 3559 3544 es.

1977 3585 2043 3641 In
2091 3587 2197 3641 Deo
2242 3586 2466 3640 laudabo
2518 3585 2756 3649 verbum,
2804 3586 2858 3637 in
2903 3582 3129 3644 Domino
3179 3583 3402 3637 laudabo
3451 3598 3564 3636 ser—

1974 3695 2173 3739 mones,
2207 3679 2260 3730 in
2303 3676 2412 3731 Deo
2457 3677 2679 3745 speravi,
2715 3692 2817 3729 non
2861 3671 3047 3728 timebo
3080 3673 3206 3744 quid
3239 3672 3402 3744 [ariat
3436 3672 3568 3726 mihi

1975 3768 2145 3821 Iconio.
2176 3766 2239 3820 In
2265 3783 2344 3820 me
2370 3775 2508 3829 sunt,
2536 3764 2696 3829 Deus,
2734 3774 2851 3820 vota
2873 3774 2981 3828 tua,
3005 3780 3119 3836 qua!
3139 3764 3356 3817 reddam
3373 3764 3565 3818 lauda-

1975 3861 2141 3915 tiones
2171 3859 2282 3914 tibi.
2316 3860 2570 3926 Quoniam
2591 3858 2827 3928 eripuisti
2851 3859 3082 3910 animant
3106 3870 3269 3908 meam
3297 3855 3360 3906 de
3382 3862 3562 3908 morte.

1976 3958 2023 4002 et
2054 3951 2204 4018 pedes
2234 3966 2373 4004 meos
2411 3950 2472 4002 de
2504 3951 2676 4019 lapsu,
2706 3957 2759 3999 ut
2789 3929 3020 4018 placeam
3050 3962 3227 3999 coram
3258 3944 3364 4000 Deo
3397 3946 3449 3998 in
3483 3945 3566 3998 lu-

1979 4043 2117 4095 ntine
2142 4040 2430 4095 viventium.

2558 4125 2994 4166 COIIENTAMUI.

2051 4224 2107 4278 Si
2141 4223 2410 4278 tenuerint
2438 4233 2490 4278 te
2520 4222 2806 4294 Allophyli,
2839 4231 2895 4277 et
2923 4237 2952 4276 a
2994 4221 3195 4276 sanctis
3222 4220 3570 4289 cogitationi-

1979 4320 2077 4376 bus
2105 4318 2262 4385 longe
2290 4315 2532 4380 iecerint,
2551 4315 2721 4370 clama
2752 4314 2820 4368 ad
2842 4313 3031 4373 Deum.
3059 4312 3243 4390 dicens
3278 4331 3290 4365 :
3317 4311 3572 4366 Miserere

1977 4413 2103 4474 mei,
2138 4411 2380 4476 Domine,
2404 4411 2656 4479 quoniam
2687 4409 3020 4463 conculcavit
3045 4424 3130 4461 me
3169 4409 3350 4472 homo,
3386 4408 3575 4476 utiun

1979 4507 2236 4563 e'xterior.
2262 4503 2365 4559 Per
2385 4514 2438 4559 te
2465 4504 2608 4558 enim
2640 4511 2803 4570 agunt
2831 4509 3018 4557 contra
3052 4510 3123 4562 te,
3146 4516 3239 4569 per
3263 4499 3432 4569 ipsum
3458 4507 3569 4552 tota

285 4615 375 4656 me
401 4601 534 4670 agis,
566 4609 626 4654 tu
653 4615 775 4656 cum
805 4601 1037 4656 inimicis
1066 4601 1202 4655 meis
1231 4573 1521 4656 deleciaris
1551 4573 1603 4654 in
1635 4601 1875 4655 consiliis
1907 4573 1953 4634 θ
1979 4599 2066 4653 die
2091 4604 2331 4668 pugnant
2359 4595 2642 4650 adversum
2675 4603 2727 4648 te
2757 4593 2954 4648 inimici
2987 4593 3083 4646 tui.
3115 4592 3220 4645 Sed
3252 4591 3305 4645 hi
3337 4592 3426 4660 qui
3458 4591 3571 4643 bet-

286 4711 496 4760 eorum,
524 4709 622 4765 per
642 4703 695 4749 te
725 4695 945 4750 veniunt
964 4693 1032 4749 ad
1060 4710 1166 4760 me,
1190 4693 1371 4749 veniat
1398 4708 1544 4747 mors
1569 4707 1734 4762 super
1755 4708 1870 4746 eos.

287 4783 357 4838 Et
383 4785 509 4854 quia
538 4793 727 4840 natura
750 4783 1081 4840 immortales
1109 4793 1254 4848 sunt,
1271 4782 1601 4839 descendant
1629 4783 1682 4837 in
1712 4782 1877 4838 infer-

291 4891 417 4931 num
446 4878 706 4942 viventes,
739 4877 863 4946 quia
904 4877 1140 4946 nequitia
1182 4877 1235 4930 in
1279 4875 1523 4944 hospitiis
1549 4891 1736 4930 eorum
1770 4893 1781 4926 :
1823 4875 1875 4928 in

292 4967 469 5024 medio
490 4983 696 5035 eorum,
722 4967 772 5022 id
801 4976 904 5033 est,
936 4969 988 5024 in
1013 4969 1444 5038 suggestionibus
1463 4982 1672 5028 eorum,
1699 4967 1752 5021 id
1772 4974 1876 5028 est,

294 5062 346 5116 in
377 5061 554 5116 medio
580 5061 981 5130 suggestionum
1011 5076 1218 5118 eorum.
1250 5060 1307 5115 Si
1337 5073 1466 5129 ergo
1493 5060 1560 5114 ad
1590 5059 1876 5114 Dominum

292 5153 628 5217 clamaveris,
653 5162 708 5208 et
737 5153 816 5208 vis
845 5162 902 5207 ut
935 5153 1191 5208 Dominus
1219 5151 1374 5207 Jesus
1401 5150 1654 5207 exaudiat
1685 5159 1754 5216 te,
1789 5167 1880 5207 ve-

292 5260 472 5314 spere,
504 5253 559 5298 et
591 5260 767 5310 mane,
800 5253 855 5300 et
883 5244 1124 5309 meridie,
1149 5243 1249 5314 ipsi
1279 5242 1546 5307 narrabis,
1578 5243 1678 5313 ipsi
1708 5243 1879 5297 conli-

295 5337 517 5401 teberis,
545 5335 643 5406 ipsi
674 5352 863 5407 preces
891 5335 1148 5400 elTundes,
1180 5343 1236 5389 ct
1276 5334 1393 5390 sine
1419 5334 1585 5388 dubio
1614 5334 1686 5388 ita
1716 5349 1882 5389 exau-

295 5427 407 5481 diet
435 5443 622 5483 vocem
665 5436 834 5493 tuam,
864 5437 922 5482 ut
959 5428 1149 5484 liberet
1175 5443 1206 5481 a
1251 5427 1394 5483 bello
1420 5442 1609 5482 eorum
1645 5427 1882 5481 animam

296 5529 466 5585 tuam,
491 5522 560 5575 ab
581 5523 664 5576 his
683 5522 774 5590 qui
797 5523 1176 5592 approximant
1194 5521 1264 5576 ei.
1285 5520 1351 5575 Et
1371 5521 1513 5576 inter
1540 5521 1737 5575 multos
1760 5521 1878 5585 hos,

295 5614 414 5686 ipse
452 5615 555 5668 erit
595 5622 772 5668 tecum
808 5613 900 5682 qui
939 5613 1183 5667 humiliet
1220 5628 1348 5676 eos,
1383 5613 1476 5681 qui
1517 5627 1573 5666 se
1612 5626 1882 5681 nunquam

293 5717 528 5772 mutant,
552 5709 642 5777 qui
665 5722 940 5777 nunquam
962 5707 1149 5762 timent
1171 5695 1357 5762 Deum.
1387 5705 1640 5760 Extendit
1669 5719 1884 5759 manum

291 5819 450 5864 suam
492 5803 650 5868 Deus,
695 5803 748 5856 in
791 5799 1134 5856 retribuendo
1171 5801 1277 5866 eis,
1320 5800 1444 5870 quia
1490 5799 1589 5869 ipsi
1629 5806 1748 5853 sunt
1792 5800 1885 5868 qui

1980 4693 2093 4746 la’nt
2120 4691 2402 4748 adversum
2434 4696 2507 4751 te,
2532 4688 2814 4749 timebunt,
2837 4686 2886 4741 si
2906 4685 3110 4739 dixeris
3138 4683 3250 4736 Deo
3271 4701 3281 4734 :
3304 4681 3436 4748 Ego,
3462 4680 3571 4733 Do-

1980 4788 2144 4850 mine,
2178 4787 2230 4839 in
2260 4793 2315 4839 te
2333 4781 2612 4862 _§perabo,
2666 4794 2773 4832 non
2829 4777 3033 4830 timebo
3087 4774 3214 4842 quid
3253 4773 3413 4827 faciat
3443 4775 3572 4830 mihi

1981 4893 2127 4933 caro.
2157 4875 2363 4930 Inimici
2394 4872 2498 4927 mei
2526 4870 2689 4926 verba
2721 4883 2839 4923 mea
2869 4873 3245 4926 exsecrantur;
3290 4865 3529 4922 dicentes
3558 4884 3569 4917 :

1982 4971 2058 5026 lta
2081 4973 2181 5026 iste
2201 4968 2501 5022 castitatem
2531 4963 2712 5025 docet,
2743 4960 3068 5015 seminemus
3097 4959 3145 5043 ei
3176 4959 3461 5015 libidines:
3487 4959 3575 5012 hic

1985 5062 2078 5131 qui
2105 5057 2472 5128 contemptum
2516 5053 2699 5109 mundi
2746 5052 3022 5124 praedicat,
3056 5068 3295 5108 amorem
3336 5051 3576 5123 pecunim

1988 5152 2337 5208 immittamus
2364 5148 2434 5202 ei.
2462 5144 2754 5200 Adversum
2783 5154 2836 5199 te
2865 5158 2992 5214 ergo
3018 5153 3144 5204 sunt
3168 5145 3319 5215 justi,
3352 5139 3574 5195 consilia

1987 5261 2173 5300 eorum
2204 5245 2256 5299 in
2287 5242 2423 5297 mala
2443 5283 2458 5307 ,
2488 5249 2638 5296 tanta
2672 5239 2966 5295 subtilitate
2995 5247 3233 5307 agentes,
3263 5243 3322 5288 ut
3350 5233 3571 5310 absona.

1987 5338 2083 5392 diti
2115 5336 2208 5390 tibi
2233 5335 2368 5400 sint;
2397 5332 2544 5404 quod
2570 5333 2843 5389 daemones
2861 5331 2988 5394 sint,
3013 5339 3171 5400 putas
3199 5335 3379 5380 autem
3408 5334 3572 5387 ange-

1991 5431 2070 5485 los
2098 5429 2190 5484 Dei
2221 5429 2527 5484 miuistrare
2572 5427 2876 5484 consilium.
2910 5423 2988 5476 Illi
3027 5430 3204 5476 autem
3253 5413 3451 5469 inimici
3501 5415 3574 5470 tui

1987 5531 2145 5587 sunt,
2176 5520 2490 5577 calcaneum
2536 5527 2687 5573 tuum
2737 5516 3119 5572 observantes,
3171 5505 3223 5559 id
3263 5512 3382 5568 est,
3416 5501 3574 5561 linem

1988 5624 2139 5668 tuum
2182 5620 2580 5684 exspectantes.
2611 5607 2854 5663 Sustinet
2903 5600 3136 5653 animam
3182 5604 3326 5650 tuam
3363 5612 3464 5666 pro
3494 5601 3574 5653 ni-

1986 5707 2098 5762 hilo
2121 5744 2137 5768 ,
2168 5713 2226 5759 ut
2253 5703 2382 5758 dum
2419 5718 2480 5756 se
2529 5700 2686 5753 vilem
2725 5692 2973 5751 aestimat,
3011 5703 3110 5760 pro
3139 5685 3290 5758 parvi
3319 5691 3579 5760 temiioris

1986 5798 2403 5859 delectamento,
2427 5797 2606 5863 pereat
2634 5789 2686 5841 in
2713 5792 2990 5840 :eternum.
3027 5781 3213 5836 Anima
3245 5789 3424 5836 autem
3452 5783 3580 5844 dum
