4108 6348
611 247 714 329 495
1572 314 1578 321 ο
1956 236 2226 295 ARNOBll
2263 238 2562 297 JUNlORlS
3767 252 3870 313 40A

608 367 920 420 vulneratur
947 380 1045 436 pro
1073 363 1237 418 nihilo
1261 404 1275 428 ,
1321 363 1393 417 illi
1433 363 1524 433 qui
1554 377 1674 416 eam
1707 361 2019 425 vulnerant,
2051 356 2182 411 salvi
2212 360 2257 416 A
2289 359 2523 429 alioquin
2569 361 2621 415 in
2649 362 2766 416 aliis
2794 361 3094 429 conﬁdens,
3119 365 3373 419 mentitur
3394 364 3526 430 Deo,
3557 364 3741 420 dicens
3773 366 3864 422 :ln

607 458 685 511 sic
714 473 831 512 esse
860 458 1144 513 videntur:
1174 454 1400 510 victoria
1431 456 1574 510 enim
1631 455 1868 510 hostium
1920 454 2064 509 salus
2104 462 2188 508 est
2292 461 2342 506 te
2366 454 2597 508 conﬁdet
2621 455 2796 508 anima
2828 470 2966 511 mea.
2991 455 3049 510 Si
3072 471 3199 511 vero
3222 457 3275 511 in
3307 456 3425 526 ipso
3444 453 3684 521 conﬁdit,
3709 458 3866 528 eripit

607 552 858 606 hostium.
888 551 967 607 Ne
994 563 1122 619 ergo
1151 548 1389 614 eveniat,
1413 548 1586 603 clama
1612 546 1680 602 ad
1707 546 1897 613 Deum,
1928 547 2113 601 nuntia
2134 548 2183 603 ei

605 643 767 696 vitam
790 649 969 707 tuam,
1025 655 1167 711 pone
1206 640 1469 711 lacrymas
1495 646 1617 694 tuas
1644 638 1697 693 in
1725 645 2017 708 conspectu
2046 637 2179 708 ejus,

603 740 658 786 et
683 732 820 788 sicut
843 730 1107 802 promisit,
1138 730 1392 800 quoniam
1411 729 1501 800 qui
1527 722 1707 800 sperat
1726 728 1778 784 in
1806 744 1911 793 me,
1943 716 2182 784 liberabo

602 839 741 878 eum.
773 822 922 878 Sicut
949 824 1005 878 in
1032 822 1392 894 promissione
1415 837 1510 877 sua
1537 822 1807 893 pollicitus
1833 828 1933 887 est,
1954 821 2026 876 ita
2046 837 2180 877 con-

599 922 773 969 vertat
801 914 1048 969 inimicos
1068 919 1193 969 tuos
1213 923 1361 969 retro
1392 931 1404 966 :
1436 922 1497 968 ut
1523 927 1819 983 cognoscas
1846 915 1972 984 quia
2001 922 2179 969 tecum

597 1014 679 1059 est
701 1005 842 1060 Deus
871 1012 1013 1068 tuus,
1059 1013 1115 1060 et
1164 1006 1389 1076 incipias
1418 1005 1471 1059 in
1519 1006 1631 1061 Deo
1661 1006 1847 1062 laudes
1885 994 2097 1087 canere,
2124 1017 2179 1064 et

598 1114 705 1153 non
754 1098 946 1153 timere
992 1098 1122 1168 quid
1167 1097 1328 1154 faciat
1366 1099 1462 1153 tibi
1499 1099 1691 1165 homo,
1719 1100 1832 1154 sive
1859 1114 2017 1164 caro,
2064 1101 2178 1156 sive

594 1192 711 1260 ipse
739 1193 829 1262 qui
866 1192 1113 1248 inimicus
1163 1194 1328 1248 homo
1363 1194 1415 1248 in
1462 1193 1774 1263 Evangeliis
1801 1194 1998 1252 Christi
2027 1195 2178 1250 dete-

595 1285 739 1352 gitur
768 1284 946 1340 tritico
989 1286 1350 1355 supersevisse
1394 1287 1624 1342 zizanias
1657 1305 1668 1340 :
1702 1296 1828 1343 tunc
1875 1301 2002 1356 ergo
2049 1298 2173 1345 vota

595 1384 687 1430 tua
713 1374 907 1431 reddes
942 1376 1189 1442 Domino,
1218 1392 1335 1447 quae
1363 1378 1415 1432 in
1444 1379 1711 1449 baptismo
1738 1377 1944 1449 positus
1970 1380 2173 1449 promi-

595 1469 740 1535 sisti,
783 1470 1092 1525 renuntiare
1121 1480 1174 1525 te
1201 1471 1449 1539 diabolo,
1491 1480 1545 1526 et
1573 1474 1822 1528 omnibus
1858 1474 2093 1544 pompis,
2119 1481 2174 1528 et

595 1563 910 1619 criminibus
936 1564 1071 1633 ejus.
1097 1563 1264 1631 Tunc,
1296 1564 1529 1634 inquam,
1562 1581 1681 1620 cum
1712 1566 1969 1636 eripuerit
2000 1566 2175 1621 Domi-

595 1669 698 1709 nus
723 1655 953 1709 animam
984 1663 1128 1710 tuam
1174 1655 1242 1711 de
1269 1665 1444 1712 morte
1472 1656 1721 1723 luxuriae,
1754 1664 1807 1712 et
1835 1657 2021 1712 oculos
2049 1665 2172 1713 tuos

2287 544 2517 598 animam
2541 544 2654 615 ejus
2700 545 2767 599 de
2794 546 2970 601 medio
3010 547 3308 603 catulorum
3346 547 3591 615 leonum,
3623 548 3715 603 ubi
3742 549 3865 604 dor-

2286 636 2476 690 mierat
2504 637 2868 691 conturbatus.
2911 635 3221 709 Ubicunque
3250 638 3557 709 desperatio
3600 648 3685 694 est
3710 656 3861 696 recu-

2280 730 2613 798 perationis,
2667 746 2886 786 somnus
2950 732 3138 786 mortis
3200 731 3491 796 incumbit;
3570 733 3862 788 nominavit

2280 821 2489 875 catulos
2519 822 2750 887 leonum,
2779 836 3008 891 quorum
3036 822 3225 877 dentes
3253 823 3482 878 asseruit
3508 838 3656 878 arma
3688 832 3744 878 et
3774 840 3859 880 sa-

2280 912 2459 980 gittas,
2486 913 2783 980 etlinguam
2805 913 3036 982 gladium
3063 922 3275 969 acutum
3302 914 3400 969 tEt
3422 915 3476 970 in
3497 915 3583 970 his
3611 915 3855 983 dormivi,

2279 1003 2371 1068 ait,
2422 1005 2787 1060 conturbatus.
2818 1003 2864 1058 Ο
2886 1006 3161 1060 somnum!
3193 1005 3367 1061 Credo
3396 1007 3485 1062 hic
3513 1007 3605 1063 ille
3642 1022 3858 1065 somnus

2279 1104 2361 1148 est
2387 1095 2454 1149 de
2491 1111 2599 1165 quo
2635 1095 3088 1159 idem.Psalmista
3117 1096 3245 1153 dicit
3277 1115 3290 1150 :
3324 1096 3632 1152 Dormitavit
3688 1100 3857 1153 annua

2276 1204 2390 1241 mea
2419 1204 2528 1259 pra:
2557 1188 2708 1243 ta’dio
2732 1188 2855 1260 (Ps.
2885 1188 3087 1267 cxvrn).
3118 1189 3175 1244 Si
3211 1203 3340 1259 ergo
3368 1199 3555 1245 contra
3581 1198 3858 1272 paraturas

2277 1276 2576 1333 dzemonum
2613 1288 2858 1349 paratum
2900 1283 2995 1336 cor
3038 1281 3271 1346 habeas,
3322 1289 3377 1337 et
3440 1281 3548 1337 Deo
3594 1281 3853 1352 psalmum

2273 1368 2440 1435 dicas,
2468 1369 2686 1439 laqueos
2707 1385 2843 1440 quos
2863 1379 3191 1441 paraverunt
3218 1372 3410 1427 animae
3428 1380 3535 1427 tua:
3553 1372 3678 1443 ipsi,
3704 1386 3772 1427 ex
3785 1373 3855 1427 eis

2274 1461 2597 1530 ligabuntur,
2617 1470 2673 1517 et
2700 1464 2753 1517 in
2785 1462 2966 1518 foveas
3000 1478 3135 1532 quas
3172 1462 3420 1519 foderunt
3447 1463 3543 1518 tibi
3582 1463 3689 1534 ipsi
3726 1465 3850 1519 inci-

2232 1594 2243 1600 .
2273 1551 2409 1607 dunt
2440 1553 2521 1607 :si
2544 1561 2723 1608 tamen
2745 1554 2799 1608 in
2830 1554 3093 1624 psalterio
3117 1563 3172 1609 et
3198 1554 3401 1610 cithara
3432 1568 3698 1623 exsurgas
3726 1555 3851 1610 dilu-

2274 1645 2416 1711 culo,
2449 1645 2500 1699 id
2529 1653 2629 1711 est,
2662 1645 2909 1717 abjiciens
2926 1663 3081 1717 opera
3104 1646 3699 1712 tonebrarum,induaris
3714 1663 3850 1702 arma

591 1746 663 1801 de
690 1747 907 1802 interitu
945 1748 1392 1818 concupiscentia:
1417 1787 1431 1811 ,
1484 1757 1539 1803 et
1591 1748 1754 1818 pedes
1785 1759 1906 1804 tuos
1934 1766 1963 1803 a
1995 1750 2163 1820 lapsu,

2273 1734 2400 1789 lucis
2432 1734 2601 1807 (Eph.
2632 1753 2685 1790 vr
2708 1739 2746 1807 ),
2782 1744 2910 1791 tunc
2957 1736 3196 1791 invenies
3241 1736 3601 1792 abundantem
3640 1738 3855 1793 miseria

592 1848 721 1894 tunc
743 1838 977 1909 placebis
1007 1839 1061 1894 in
1089 1840 1288 1895 lumine
1326 1841 1619 1895 viventium
1643 1880 1657 1903 ,
1691 1840 1917 1896 faciente
1946 1841 2172 1897 Domino

588 1928 715 1985 Jesu
742 1928 973 1996 Christo,
997 1945 1096 2002 per
1121 1942 1281 2000 quem
1300 1973 1315 1998 ,
1346 1942 1401 1986 et
1429 1947 1550 1987 cum
1606 1947 1714 2000 quo
1760 1932 1855 1987 tibi
1884 1932 1995 1988 Deo
2025 1931 2171 1987 Patri

588 2035 710 2077 cum
738 2019 938 2091 Spiritu
976 2029 1166 2078 sancto
1192 2031 1276 2078 est
1302 2023 1711 2090 unadivinitas,
1742 2032 1869 2080 ante
1895 2026 2073 2080 omnia
2116 2033 2173 2081 et

586 2128 747 2177 nunc,
780 2121 835 2167 et
861 2114 914 2168 in
944 2122 1134 2170 uineta
1157 2115 1350 2170 sarcula
1380 2115 1717 2171 saeculorum.
1744 2116 1932 2171 Amen.

1119 2211 1436 2287 PSALMUS
1499 2230 1632 2285 LVI.

584 2321 640 2376 In
673 2322 860 2395 linem,
894 2338 962 2377 ne
990 2323 1263 2395 disperdas
1284 2322 1480 2395 David,
1526 2324 1578 2378 in
1621 2324 1760 2395 tituli
1785 2324 2165 2395 inscriptione,

652 2408 774 2446 cum
815 2392 1023 2461 fugeret
1069 2392 1098 2447 a
1151 2393 1285 2448 facie
1324 2393 1453 2448 Saul
1493 2395 1635 2463 regis
1662 2394 1823 2448 Israel
1854 2395 1905 2448 in
1948 2392 2164 2465 spelun-

654 2479 794 2516 eam.

657 2574 906 2630 Miserere
949 2577 1070 2639 mei,
1116 2575 1273 2641 Dem,
1328 2579 1569 2631 miserere
1611 2579 1738 2644 mei,
1782 2578 2023 2650 quoniam
2042 2579 2095 2631 in
2121 2588 2166 2631 te

584 2667 799 2737 conlidit
827 2668 1000 2722 animo
1020 2685 1153 2722 mea.
1182 2668 1249 2722 Et
1274 2670 1329 2723 in
1348 2670 1532 2724 umbra
1558 2671 1761 2724 alarum
1805 2680 2008 2724 tuarum
2050 2688 2165 2742 spe-

582 2757 728 2823 rabo,
758 2757 922 2817 donec
950 2768 1183 2813 transeat
1210 2759 1477 2831 iniquitas.
1509 2758 1756 2816 Clamabo
1785 2761 1854 2815 ad
1880 2761 2044 2815 Deum
2082 2763 2163 2815 al-

580 2849 853 2913 tissimum,
903 2848 1071 2903 Deum
1113 2851 1203 2921 qui
1240 2850 1489 2923 benefecit
1534 2853 1677 2906 mihi.
1704 2852 1854 2907 Misit
1871 2854 1937 2907 de
1963 2854 2087 2908 cmlo
2114 2861 2165 2907 et

579 2940 815 2995 liberavit
834 2959 933 3007 me,
956 2942 1099 2996 dedit
1121 2944 1176 2997 in
1202 2942 1532 3016 opprobrium
1558 2946 1917 3001 conculcantes
1942 2963 2039 3000 me.
2057 2945 2163 3000 Mi-

2276 1827 2515 1882 cordiam
2556 1828 2675 1897 ejus
2727 1845 2759 1883 a
2801 1838 2942 1884 terra
2994 1845 3163 1899 usque
3190 1830 3256 1884 ad
3290 1830 3475 1896 ctelos,
3508 1839 3563 1885 et
3589 1830 3660 1886 ad
3689 1832 3847 1886 nubes

2276 1919 2675 1985 conscendens,’
2707 1921 2945 1977 invenies
2990 1921 3272 1976 veritatem
3302 1922 3446 1990 ejus;
3474 1930 3606 1977 tunc
3651 1922 3847 1977 exalta-

2274 2017 2387 2064 tum
2435 2025 2597 2079 super
2641 2011 2808 2066 cmlos
2859 2012 3099 2066 invenies
3125 2010 3323 2075 Deum,
3355 2012 3501 2081 quod
3524 2013 3769 2069 ascendit
3798 2014 3851 2067 in

2272 2101 2412 2155 cmlo
2452 2100 2617 2156 Filius
2638 2101 2753 2167 Dei,
2786 2110 2842 2156 et
2867 2117 3028 2172 super
3056 2118 3272 2159 omnem
3296 2111 3496 2158 terram
3525 2112 3722 2173 regnat
3738 2105 3834 2174 glo-

2273 2193 2348 2248 ria
2371 2191 2487 2260 ejus
2502 2208 2622 2249 cum
2638 2191 2797 2248 Patre
2819 2201 2874 2248 et
2901 2192 3103 2264 Spiritu
3116 2203 3322 2262 sancto,
3335 2210 3435 2265 per
3456 2197 3640 2250 omnia
3660 2196 3836 2252 smcula

2270 2287 2606 2342 szeculorum.
2639 2285 2829 2341 Amen.

2806 2356 3030 2413 PSALM
3039 2355 3124 2413 US
3159 2356 3311 2413 LVII.

2304 2447 2361 2502 ln
2390 2447 2579 2513 ﬁnem,
2610 2463 2676 2504 ne
2699 2447 2976 2518 disperdas
2995 2446 3185 2513 David,
3208 2448 3271 2507 in,
3283 2447 3421 2529 tituli
3441 2448 3787 2519 inscriptione.

2342 2560 2404 2614 Si
2431 2577 2544 2615 uere
2563 2562 2735 2634 utique
2746 2562 3002 2633 justitiam
3017 2561 3303 2634 loquimini,
3330 2572 3463 2617 recte
3480 2565 3728 2635 judicate,
3748 2565 3832 2635 ﬁli

2268 2651 2550 2706 hominum.
2596 2651 2803 2707 Etenim
2839 2653 2895 2707 in
2941 2653 3095 2708 corde
3136 2655 3436 2726 iniquitates
3475 2657 3759 2723 operamini
3785 2659 3830 2709 in

2269 2753 2426 2805 terra,
2480 2744 2762 2814 injustitias
2798 2761 2981 2799 manus
3025 2754 3205 2800 vestrm
3250 2748 3584 2801 concinnant.
3628 2749 3831 2803 Alienati

2266 2846 2388 2890 sunt
2423 2845 2714 2907 peccatores
2760 2854 2793 2889 a
2838 2838 3001 2903 vulva,
3045 2848 3348 2892 erraverunt
3383 2838 3452 2892 ab
3481 2850 3651 2906 utero,
3692 2843 3831 2896 locuti

2265 2939 2385 2982 sunt
2427 2928 2582 3000 falsa.
2615 2927 2790 2983 Furor
2834 2930 2941 2984 illis
2976 2931 3257 2985 secundum
3300 2932 3693 2989 similitudinem
3738 2952 3829 2989 ser-

580 3032 647 3086 sit
690 3031 826 3086 Deus
867 3034 1276 3088 misericordiam
1315 3052 1479 3100 suam,
1529 3045 1580 3090 et
1622 3037 1886 3091 ceritatem
1912 3053 2079 3103 suam,
2111 3046 2161 3091 et

2265 3023 2452 3094 pentis,
2468 3023 2599 3077 sicut
2619 3022 2816 3093 aspidis
2830 3023 3004 3079 surda
3017 3033 3069 3078 et
3083 3025 3369 3080 obturantis
3392 3043 3546 3081 aures
3566 3045 3703 3083 suos.
3720 3026 3829 3093 Qua!

581 3126 768 3197 eripuit
816 3127 1045 3181 animam
1089 3144 1256 3182 meam
1303 3128 1366 3183 de
1406 3129 1574 3183 medio
1609 3129 1896 3184 catulorum
1933 3129 2155 3195 leonum,

2265 3129 2371 3168 non
2396 3112 2639 3174 exaudiet
2666 3130 2835 3169 uocem
2862 3116 3257 3182 incantantium,
3304 3129 3355 3172 et
3403 3122 3620 3191 uenefici
3667 3123 3830 3175 incas-

581 3217 796 3271 dormivi
814 3217 1163 3288 conturbatus.
1188 3217 1316 3273 Filii
1334 3220 1599 3274 hominum
1619 3220 1796 3275 dentes
1816 3236 1994 3275 eorum
2011 3238 2173 3275 arma.

580 3315 631 3360 et
665 3309 888 3379 sagittae,
916 3319 968 3362 et
1004 3310 1183 3382 lingua
1211 3328 1385 3365 eorum
1426 3312 1633 3383 gladius
1676 3320 1877 3367 acutus.
1910 3311 2164 3368 Exaltare

579 3414 733 3470 super
758 3400 929 3466 ctelos,
963 3402 1118 3469 Deus,
1155 3412 1204 3457 et
1228 3420 1382 3476 super
1408 3422 1609 3461 omnem
1639 3416 1830 3461 terram
1855 3407 2025 3479 gloria
2052 3417 2157 3461 tua.

578 3488 841 3561 Laqueum
887 3506 1203 3565 parauerunt
1241 3496 1453 3567 pedibus
1491 3500 1638 3566 meis,
1679 3509 1732 3553 et
1771 3501 2162 3554 incurvaverunt

578 3582 806 3636 animum
824 3601 1006 3639 meum.
1066 3585 1337 3642 Foderunt
1362 3599 1483 3644 ante
1504 3592 1687 3663 faciem
1734 3608 1900 3646 meam
1939 3594 2157 3664 foveam,

576 3684 627 3727 et
654 3675 945 3731 inciderunt
963 3678 1019 3732 in
1046 3696 1179 3734 eam.
1207 3680 1461 3736 Paratum
1490 3701 1578 3738 cor
1604 3701 1789 3751 meum,
1820 3682 1973 3749 Deus,
2005 3702 2161 3755 para-

578 3776 685 3819 tum
714 3783 803 3821 cor
838 3784 1045 3835 meum;
1075 3771 1293 3827 cantabo
1333 3782 1384 3827 et
1425 3776 1681 3845 psalmum
1708 3776 1877 3829 dicam
1910 3776 2155 3832 Domino.

573 3854 816 3929 Exsurge
851 3859 1019 3930 gloria
1071 3868 1173 3926 tua,
1223 3877 1442 3934 exsurge
1488 3864 1789 3935 psalterium
1838 3874 1886 3921 et
1937 3867 2157 3931 cithara,

570 3965 848 4022 exsurgam
888 3952 1134 4008 diluculo.
1174 3942 1491 4026 Conﬁtebor
1524 3954 1613 4011 tibi
1660 3960 1882 4030 populis,
1917 3958 2156 4022 Domine,

569 4052 620 4094 et
649 4044 903 4113 psalmum
929 4047 1095 4102 dicam
1134 4048 1224 4102 tibi
1270 4051 1325 4103 in
1372 4051 1623 4122 gentibus.
1644 4048 1917 4115 ‘Quonium
1954 4053 2161 4123 magni-

572 4134 730 4204 ﬁcata
757 4146 831 4189 est
855 4130 1010 4208 usque
1030 4140 1098 4192 ad
1116 4142 1266 4194 caelos
1297 4138 1647 4196 misericordia
1679 4152 1764 4196 tua
1779 4153 1827 4197 et
1856 4146 2159 4227 veritas‘tua

571 4227 818 4297 usquead
855 4227 1031 4282 nubes.
1067 4228 1317 4285 Exaltare
1357 4249 1510 4303 super
1529 4230 1885 4299 ca’los,Deus,
1920 4243 1969 4286 et
2007 4251 2159 4304 super

576 4330 775 4368 omnem
800 4324 989 4371 terram
1017 4319 1186 4388 gloria
1211 4330 1317 4373 tua.
1910 4320 1915 4321 ί

1149 4470 1581 4511 COIIENTARIUI.

641 4582 774 4637 Cum
816 4582 1011 4653 fugeris
1052 4600 1080 4639 a
1109 4584 1245 4641 facie
1284 4585 1540 4658 principis
1567 4588 1724 4657 hujus
1757 4588 1939 4644 mundi
1968 4605 2150 4660 perse-

568 4674 786 4744 quentis
814 4683 886 4741 te,
917 4676 1058 4731 sicut
1080 4675 1210 4753 Saul
1239 4666 1659 4747 persequebatur
1696 4681 1893 4746 David,
1936 4683 2149 4753 speluni

470 4754 479 4763 ’
569 4782 685 4823 eam
713 4767 947 4836 pete,id
966 4777 1079 4836 est,
1113 4748 1595 4836 ita.te't20nstitue,
1626 4780 1685 4826 ut
1706 4774 1775 4829 ab
1780 4748 2019 4849 jnimico
2054 4783 2149 4831 tuo

566 4858 797 4913 inveniri
816 4874 922 4914 non
945 4863 1137 4929 possis.
1169 4860 1238 4915 Et
1262 4870 1319 4915 tu
1347 4862 1559 4932 quidem
1590 4865 1860 4919 inimicum
1891 4873 2038 4920 tuum
2068 4868 2150 4921 in-

567 4956 651 5001 ter
677 4963 866 5003 manus
888 4947 1115 5017 habeas,
1148 4952 1236 5007 ille
1262 4969 1394 5009 vero
1423 4961 1475 5009 te
1501 4970 1599 5010 nec
1626 4954 1821 5010 videat.
1857 4955 1971 5011 Hoc
1999 4957 2144 5013 enim

563 5039 809 5109 eveniet,
833 5040 880 5094 si
915 5055 981 5095 ex
1012 5049 1126 5098 toto
1175 5044 1338 5099 corde
1390 5046 1539 5117 dicas
1591 5048 1742 5102 Deo:
1774 5047 1843 5121 Et
1870 5050 1924 5104 in
1953 5050 2142 5105 umbra

481 5132 487 5139 '
562 5131 771 5207 alarum
818 5137 1030 5199 tuarum
1069 5146 1248 5202 spero,
1292 5133 1481 5191 donec
1501 5146 1740 5193 transeat
1786 5139 2056 5208 iniquitas,
2088 5150 2144 5196 et

558 5221 764 5277 clames
791 5236 823 5276 a
852 5221 1021 5277 Deum
1049 5223 1363 5281 altissimum
1398 5244 1411 5280 :
1441 5228 1558 5297 ipse
1595 5230 1759 5287 mittit
1785 5230 2049 5298 de—cmlo,
2087 5241 2143 5287 et

559 5303 752 5370 liberat
772 5321 826 5370 te
846 5353 862 5381 ,
892 5322 948 5371 et
980 5314 1075 5374 dat
1112 5315 1173 5373 in.
1193 5318 1538 5387 opprobrium
1576 5324 1953 5380 conculcantes
1981 5333 2050 5380 te.
2083 5325 2141 5381 Si

558 5403 704 5471 quod
730 5403 863 5460 dicis
889 5405 1004 5463 Deo
1036 5424 1048 5460 :
1079 5402 1138 5461 In
1169 5402 1486 5469 teimhlidet
1512 5411 1689 5469 anima
1714 5428 1864 5480 mea,
1898 5431 2005 5471 non
2034 5416 2136 5471 fal-

2268 3207 2425 3260 tantis
2476 3205 2736 3275 sapienter
2789 3207 2929 3264 Deus
2971 3220 3197 3266 conteret
3253 3212 3430 3267 dentes
3465 3230 3640 3269 eorum
3675 3216 3727 3268 in
3751 3230 3828 3268 ore

2263 3302 2513 3372 ipsorum,
2545 3306 2711 3355 molas
2735 3300 2939 3357 leonum
2965 3304 3258 3375 confringet
3294 3302 3572 3359 Dominus.
3605 3305 3681 3358 Ad
3710 3305 3827 3357 nihi-

2263 3394 2370 3447 lum
2398 3394 2659 3448 decenient
2680 3403 2921 3467 tanquam
2943 3412 3079 3467 aqua
3095 3395 3405 3459 decurrens;
3432 3398 3649 3451 intendit
3663 3411 3826 3449 arcam
3853 3465 3863 3475 .

2263 3501 2409 3539 suum
2431 3485 2594 3539 donec
2621 3485 2966 3556 inﬁrmentur.
2990 3486 3275 3543 Sicut'cera
3301 3504 3417 3560 quis
3442 3488 3572 3558 ﬂuit,
3595 3489 3823 3557 auferen-

2265 3585 2377 3642 tur;
2406 3578 2746 3648 supercecidit
2773 3579 2912 3650 ignis
2935 3620 2948 3644 ,
2971 3590 3027 3633 et
3066 3596 3169 3634 non
3204 3580 3436 3635 viderunt
3454 3581 3622 3633 solem.
3649 3576 3812 3631 Priu-

2260 3684 2416 3739 quam
2439 3669 2786 3740 intelligerent
2815 3672 2980 3741 spina:
2999 3681 3193 3725 nostra
3212 3673 3472 3726 rhamnsun
3487 3688 3504 3735 ;
3522 3672 3646 3724 sicut
3658 3671 3809 3722 cireu-

2264 3772 2367 3826 tes,
2426 3765 2502 3817 sic
2551 3764 2607 3818 in
2659 3765 2741 3817 ira
2780 3761 3017 3818 absorbet
3059 3781 3166 3819 eos.
3199 3764 3479 3819 Ltetabitur
3498 3764 3659 3835 justus
3709 3776 3820 3814 cunt

2266 3855 2450 3909 uiderit
2479 3855 2776 3921 vindictam,
2806 3872 2990 3910 manus
3011 3872 3131 3910 suas
3151 3854 3346 3910 iuvabit
3372 3857 3425 3910 in
3451 3856 3693 3926 sanguine
3715 3867 3824 3923 pec-

2262 3951 2473 4004 catoris.
2496 3949 2569 4003 Et
2596 3950 2729 4005 dicet
2758 3952 2927 4016 homo,
2957 3952 3005 4005 si
3028 3954 3201 4018 utique
3218 3962 3295 4006 est
3324 3953 3541 4023 fructus.
3552 3950 3709 4020 justo,
3730 3949 3825 4001 uti-

2262 4059 2359 4115 que
2383 4053 2460 4097 est
2480 4043 2622 4098 Deus
2640 4044 2884 4114 judicans
2912 4045 2967 4098 in
2993 4052 3149 4097 terra.

2829 4191 3262 4250 COMMENTARlUlt

2330 4313 2499 4369 Judaei
2540 4311 2781 4368 videntes
2825 4311 3111 4366 Dominum
3139 4309 3321 4366 Jesum
3367 4308 3646 4365 Christum
3684 4307 3828 4367 lenas

2261 4419 2430 4460 vanas
2456 4411 2799 4473 respuentem
2821 4444 2836 4467 ,
2865 4409 2919 4457 et
2945 4401 3134 4457 diebus
3158 4401 3505 4457 sabbatorum
3532 4400 3826 4461 hominibus

2177 4470 2231 4532 D
2255 4470 2689 4559 subvenientem,
2734 4494 2814 4548 ira
2851 4500 2969 4549 erat
3004 4493 3058 4547 in
3090 4493 3195 4548 illis
3237 4492 3375 4549 sicut
3400 4492 3699 4548 similitudo
3722 4505 3823 4548 scr-

2253 4585 2450 4656 pentis,
2499 4592 2555 4640 et
2580 4585 2719 4641 sicut
2746 4584 2943 4655 aspidis
2986 4584 3182 4649 surdae,
3229 4591 3283 4641 et
3332 4584 3642 4643 obturantis
3686 4598 3833 4641 aures

2253 4693 2396 4733 suas.
2428 4678 2652 4750 Aspides
2684 4678 2803 4733 ideo
2843 4678 2911 4732 ab
2946 4676 3341 4735 incantantibus
3379 4691 3489 4733 non
3531 4679 3832 4749 capimur,

2252 4772 2379 4840 quia
2405 4778 2614 4840 ponunt
2640 4785 2802 4827 unam
2829 4784 3012 4825 aurem
3038 4770 3092 4825 in
3114 4777 3311 4825 terram
3333 4807 3353 4835 ,
3390 4776 3446 4825 et
3484 4769 3722 4828 alteram
3748 4786 3836 4825 au-

2253 4879 2367 4919 rem
2397 4864 2465 4919 de
2491 4862 2674 4919 caudae
2700 4877 2811 4918 sua:
2837 4861 3084 4919 acumine
3119 4861 3405 4924 obturant.
3432 4867 3493 4923 ut
3523 4876 3643 4918 non
3671 4876 3834 4918 exau-

2252 4958 2405 5012 diant
2423 4971 2614 5013 vocem
2641 4955 2967 5012 incantantis
2992 4954 3282 5026 sapienter.
3309 4954 3427 5010 Hoc
3450 4956 3605 5025 quod
3632 4956 3838 5027 sapien-

2250 5055 2337 5104 ter
2361 5048 2598 5112 addidit,
2630 5055 2874 5103 nostrum
2906 5046 3295 5103 incantatorem
3317 5046 3575 5112 ostendit,
3605 5048 3706 5117 qui
3733 5063 3838 5103 non

2249 5140 2479 5196 cessavit
2498 5137 2697 5195 Judmis
2721 5139 2996 5193 incantare
3017 5137 3308 5207 sapienter.
3331 5137 3410 5195 illi
3438 5144 3626 5194 autem
3640 5138 3839 5195 clausis

2248 5232 2486 5297 auribus,
2507 5231 2645 5287 sicut
2663 5229 2876 5299 aspidas
2896 5228 3070 5285 surda:
3094 5242 3348 5293 enimnon
3362 5227 3736 5289 attenderunt.
3751 5227 3839 5284 liis

2248 5323 2378 5379 dicit
2404 5322 2634 5392 Spiritus
2661 5329 2878 5378 sanctus
2905 5339 2917 5372 :
2943 5318 3000 5375 Si
3048 5334 3176 5375 vere
3211 5320 3397 5389 utique
3434 5319 3714 5387 justitiam
3761 5319 3841 5374 ιο⁴

2247 5414 2493 5485 quimini,
2512 5413 2568 5468 id
2590 5421 2693 5475 est,
2724 5413 2771 5467 si
2801 5427 2925 5467 vere
2951 5410 3246 5467 secundum
3275 5411 3446 5479 legem
3471 5411 3668 5478 agitis,
3692 5412 3839 5481 juste

559 5492 655 5556 lat,
677 5495 724 5549 si
750 5511 877 5551 vere
896 5496 1041 5566 quod
1063 5498 1117 5555 in
1145 5498 1264 5571 ipso
1288 5495 1531 5559 conﬁdas
1559 5505 1714 5561 laetis
1740 5506 2001 5562 ostendis.
2034 5506 2135 5573 Qui
2237 5502 2603 5575 judicate,ﬁlii
2622 5504 2919 5566 homimm,
2947 5501 3111 5558 dicite
3124 5503 3426 5571 culpam,et
3450 5502 3525 5555 ita
3548 5502 3684 5559 date
3710 5517 3841 5559 sen-

562 5584 704 5638 enim
747 5586 801 5641 in
842 5588 958 5657 ipso
1001 5584 1239 5660 conﬁdit,
1274 5592 1655 5651 ‘non'conﬁdet
1688 5596 1746 5651 in
1784 5596 1911 5662 alio,
1942 5612 2050 5651 non
2082 5597 2137 5652 in
2241 5597 2484 5653 tentiam.
2518 5595 2589 5651 Ut
2622 5595 2754 5664 quid
2803 5593 3117 5663 injustitiam
3144 5607 3340 5648 manus
3368 5603 3559 5655 vestra)
3601 5593 3838 5650 concin-

562 5688 721 5742 auro,
752 5692 861 5734 non
889 5682 940 5737 in
970 5687 1169 5753 praedio
1190 5732 1206 5755 ,
1238 5705 1345 5745 non
1375 5690 1426 5745 in
1451 5690 1624 5761 aliqua
1657 5690 1855 5746 virtute
1884 5697 2128 5757 terrena;
2240 5690 2404 5747 nant?
2447 5687 2766 5744 Alienamini
2810 5686 2877 5741 ab
2926 5686 3081 5740 utero
3127 5684 3315 5739 matris
3350 5682 3497 5739 Sara:
3518 5721 3536 5750 ,
3565 5684 3777 5741 erratis
3805 5698 3837 5749 tt
