4088 6346
581 359 681 411 407

1905 350 2179 409 ARNOBII
2215 352 2537 408 JUNIORIS-

3761 333 3867 413 iss

579 480 815 526 mentem
844 466 1088 524 videlicet
1118 474 1372 520 nostram.
1406 463 1509 535 Ipsi
1562 474 1739 521 autem
1791 465 2165 537 dispergentur
2190 468 2244 526 Α
2268 480 2381 520 cus.
2411 463 2479 519 Ut
2505 466 2597 533 qui
2616 463 2858 519 vastabat
2879 463 3254 534 primogenita,
3291 464 3585 535 respiciens
3604 468 3869 537 significa:

579 561 649 615 ad
674 559 1037 615 devorandum
1068 558 1400 623 festinantes,
1434 573 1604 628 usque
1641 557 1708 612 ad
1737 559 2167 614 interfectionem

581 652 793 706 animae.
825 650 951 705 Haec
989 658 1073 704 est
1123 650 1268 705 enim
1310 650 1566 705 saturitas
1611 665 1821 716 eorum,
1851 658 1910 705 ut
1958 651 2173 705 videant

580 742 1177 812 interirevpugnantem.
1212 740 1320 797 Sed
1359 742 1452 812 qui
1490 756 1676 797 servus
1704 740 1904 798 Christi
1933 749 2016 797 est
2044 740 2176 797 dicit

578 835 810 891 Domino
844 853 858 888 :
890 833 1003 906 Ego
1029 837 1261 892 cantabo
1286 837 1514 892 virtutes
1543 843 1679 900 tuas,
1712 835 1887 891 dicam
1916 824 2181 890 adversa-'
2212 873 2228 880 ο

582 929 676 983 riis
725 928 900 984 meis:
932 928 1051 984 Non
1094 944 1195 998 ego
1243 930 1312 984 de
1349 930 1549 985 virtute
1598 945 1717 985 mea
1755 930 2051 986 adversum
2075 946 2172 987 vos

583 1034 731 1073 arma
789 1021 1061 1090 corripio,
1113 1021 1210 1076 sed
1245 1021 1315 1077 de
1358 1022 1645 1077 virtutibus
1669 1021 1767 1078 Dei
1810 1023 1912 1078 mei
1957 1022 2171 1079 conﬁdo

578 1111 855 1167 exsultans
900 1127 1061 1167 mane
1116 1112 1169 1166 in
1223 1111 1588 1168 misericordia
1634 1113 1768 1181 ejus.
1824 1112 1980 1168 Mane
2027 1113 2172 1168 enim

584 1204 917 1259 exsultamus
954 1204 1010 1259 in
1038 1204 1406 1260 misericordia
1435 1204 1570 1274 ejus,
1597 1220 1718 1260 cum
1748 1205 2000 1261 tenebras
2029 1221 2060 1260 a
2081 1221 2175 1260 no-

581 1294 666 1349 bis
694 1303 1045 1365 peccatorum
1071 1296 1389 1362 abstulerit,
1420 1306 1477 1351 et
1504 1296 1713 1352 dederit
1740 1297 1914 1352 lucem
1942 1312 2091 1353 suam
2116 1297 2173 1351 in

583 1387 840 1443 cordibus
876 1388 1094 1443 nostris.
1127 1387 1470 1444 Exsultamus
1506 1389 1561 1443 in
1584 1448 1587 1451 _
1608 1388 1979 1444 misericordia
2034 1388 2196 1465 ejus,

584 1479 711 1547 quia
737 1478 910 1534 factus
939 1487 1023 1534 est
1041 1489 1322 1551 susceptor
1343 1490 1525 1537 noster
1552 1489 1608 1537 et
1635 1480 1898 1550 refugium
1929 1488 2173 1537 nostrum

587 1567 641 1620 in
692 1567 781 1623 die
827 1568 1205 1626 tribulationis.
1264 1566 1499 1641 ldjutor
1550 1586 1733 1638 meus,
1782 1571 1878 1626 tibi
1924 1572 2169 1642 psallam.

588 1657 917 1726 l’sallitDeo,
932 1662 1027 1731 qui
1050 1662 1239 1732 spiritu
1262 1670 1318 1719 et
1338 1679 1434 1719 ore
1456 1653 1654 1736 psallit.
1669 1662 1975 1722 PsallitDeo
1995 1668 2089 1737 qui
2105 1682 2171 1722 ea

584 1766 705 1822 quae
729 1753 875 1808 canit
901 1754 1064 1808 mittit
1083 1753 1137 1809 in
1161 1771 1345 1826 opera,
1364 1764 1420 1811 et
1445 1756 1563 1812 sine
1589 1759 1891 1813 cessatione
1916 1758 2048 1814 dicit
2060 1758 2173 1816 Deo

2278 556 2479 612 tionem
2499 555 2770 624 sanguinis
2791 555 2933 625 agni,
2948 571 3056 611 non
3076 556 3413 625 contingeret
3432 572 3547 613 eos.
3562 556 3717 615 Nunc
3737 573 3867 629 ergo

2276 647 2402 716 quia
2434 645 2574 701 idem
2600 661 2659 702 es
2680 646 2825 701 Deus
2848 645 2940 715 qui
2971 654 3099 702 tunc
3117 646 3503 713 fuisti,salvum
3528 664 3619 705 me
3646 650 3733 707 fac
3759 668 3869 709 non

2276 746 2398 786 mea
2425 732 2652 798 virtute,
2696 731 2792 787 sed
2843 739 2937 786 tua
2965 730 3221 798 dextera,
3270 741 3326 788 et
3352 734 3548 792 exaudi
3576 752 3685 793 me.
3727 737 3869 797 Deus

2277 825 2420 879 enim
2453 824 2666 881 locutus
2693 833 2777 880 est
2802 825 2859 880 in
2887 834 3077 881 sancto
3105 840 3205 881 suo
3233 824 3433 883 famulo
3461 827 3668 902 Moyse.
3694 827 3866 885 Laeta-

2276 915 2378 971 bor
2409 924 2465 971 et
2490 914 2724 972 dividam
2746 916 3056 982 Sicbimam,
3088 925 3143 974 et
3156 918 3457 975 convallem
3474 918 3871 979 Tabernaculo-

2276 1023 2399 1062 rum
2425 1008 2676 1064 metibor.
2700 1009 2821 1081 Ipse
2838 1009 2993 1075 dixit,
3016 1025 3169 1066 meus
3194 1019 3277 1066 est
3295 1009 3521 1078 Galaad,
3536 1020 3596 1068 et
3613 1028 3767 1079 meus
3788 1024 3869 1071 est

2278 1100 2570 1168 Manasses,
2608 1110 2663 1157 et
2682 1100 2940 1173 Ephraim
2964 1100 3223 1159 fortitudo
3251 1103 3443 1175 capitis
3473 1104 3617 1171 mei;
3647 1105 3764 1176 ipse
3789 1106 3870 1162 di-

2276 1192 2357 1247 xit
2389 1210 2402 1246 :
2438 1192 2575 1249 Juda
2612 1209 2711 1250 rex
2731 1209 2905 1250 meus.
2935 1193 3063 1251 Haec
3084 1196 3266 1251 omnia
3296 1195 3443 1253 Deus
3462 1197 3678 1253 locutus
3702 1208 3791 1254 est
3818 1200 3868 1255 in

2276 1293 2464 1340 sancto
2489 1300 2589 1341 suo
2608 1286 2898 1356 implenda,
2929 1286 2983 1342 id
3012 1295 3116 1355 est,
3157 1289 3213 1344 in
3240 1288 3472 1345 Domino
3518 1284 3710 1347 nostro
3745 1290 3869 1350 Iesu

2277 1371 2734 1448 Christo.TripIici
2747 1377 2910 1434 modo
2924 1379 2978 1433 in
2992 1388 3181 1436 sancto
3192 1380 3405 1437 locutus
3419 1392 3520 1438 est.
3536 1381 3782 1440 Locutus
3792 1394 3869 1441 est

2278 1466 2333 1520 iu
2353 1474 2541 1522 sancto
2559 1483 2677 1535 suo,
2710 1468 2763 1523 id
2787 1480 2889 1534 est,
2909 1470 2962 1525 in
2991 1470 3159 1527 Jacob
3180 1472 3393 1528 locutus
3419 1482 3505 1530 est
3528 1474 3601 1532 de
3618 1473 3867 1547 Ephraim

2275 1564 2332 1611 et
2346 1555 2607 1622 Manasse,
2633 1567 2689 1613 et
2715 1558 2783 1615 de
2809 1558 2964 1616 Juda.
2983 1560 3109 1618 Haec
3126 1562 3242 1634 ipsa
3262 1564 3473 1622 locutus
3495 1575 3582 1622 est
3601 1567 3659 1622 in
3688 1578 3867 1626 saneto

2276 1663 2394 1717 suo,
2413 1648 2715 1706 utdiximus
2731 1653 2783 1707 in
2796 1650 3007 1725 Moyse;
3036 1655 3131 1711 sed
3144 1658 3199 1712 in
3211 1657 3296 1714 his
3303 1657 3526 1714 abusive
3541 1652 3761 1717 locutus
3770 1670 3865 1727 est,

2276 1748 2336 1794 ut
2365 1741 2420 1795 in
2450 1739 2581 1797 Jesu
2610 1742 2828 1799 Christo
2854 1760 2965 1800 non
2994 1746 3236 1816 abusive,
3268 1748 3364 1805 sed
3386 1751 3608 1821 proprie
3634 1752 3865 1823 comple-

583 1860 740 1901 mens
768 1846 885 1915 ejus
916 1864 928 1921 ς
955 1846 1035 1902 Tu
1063 1863 1122 1903 es
1149 1848 1520 1905 misericordia
1551 1865 1672 1906 mea
1695 1892 1710 1919 ,
1742 1867 1840 1922 per
1863 1867 2025 1921 quam
2048 1868 2172 1923 per-

2276 1839 2482 1887 rentur.
2516 1832 2574 1888 In
2596 1834 2714 1905 ipso
2745 1836 2891 1894 enim
2918 1836 3097 1907 Iudas
3108 1853 3335 1909 regnum
3363 1841 3619 1910 obtinuit,
3645 1851 3707 1909 et
3726 1845 3865 1913 regni

584 1938 798 1992 venitur
834 1939 903 1994 ad
932 1939 1097 1994 vitam
1116 1980 1132 2006 ,
1164 1942 1340 1997 evasis
1366 1944 1617 2000 omnibus
1641 1944 1902 2014 inimicis,
1933 1946 2027 2016 qui
2074 1961 2175 2025 nos

583 2036 852 2090 conantur
898 2031 1147 2087 occidere
1182 2032 1363 2101 gladio
1399 2035 1570 2111 nostri
1603 2050 1919 2105 consensus,
1942 2037 2011 2094 de
2038 2052 2191 2107 quo:

582 2134 702 2172 rum
733 2135 832 2175 nos
856 2121 1093 2176 consiliis
1119 2131 1174 2177 et
1202 2124 1475 2180 violentiis
1514 2125 1708 2182 liberat
1733 2125 1992 2183 Dominus
2018 2127 2176 2185 Iesus

581 2211 846 2280 Christus,
875 2216 968 2284 qui
988 2226 1177 2286 regnat
1199 2233 1321 2274 cum
1348 2218 1461 2275 Deo
1486 2218 1648 2276 Patre
1675 2228 1730 2277 et
1756 2221 1958 2293 Spiritu
1986 2234 2174 2281 sancto

582 2320 682 2374 per
710 2309 890 2363 omnia
919 2311 1111 2366 saecula
1134 2313 1476 2369 saeculorum.
1511 2314 1703 2372 Amen.
1829 2326 1851 2342 ·

1138 2444 1455 2504 PSALMUS
1492 2447 1627 2503 LIX.

585 2553 644 2610 In
669 2556 829 2633 linem
856 2573 956 2633 pro
979 2559 1079 2633 bis
1104 2562 1205 2633 qui
1217 2565 1707 2633 commutabuntur,
1741 2567 1795 2622 in
1822 2568 1960 2624 tituli
1988 2570 2175 2625 inscri-

698 2628 845 2699 tione
892 2629 992 2699 ipsi
1046 2628 1211 2686 David
1251 2633 1303 2686 in
1351 2628 1854 2692 doctrinameum
1899 2640 2178 2696 succendit

710 2701 1112 2774 esopotamiarn‘
1134 2700 1302 2774 Syria:
1330 2713 1387 2758 et
1406 2703 1588 2770 Sobal,
1622 2717 1676 2761 et
1695 2710 1961 2764 convertit
1995 2708 2129 2766 Joab
2159 2730 2170 2765 :

656 2772 1014 2893 etlpercussit
1039 2771 1210 2827 Edoni
1250 2775 1304 2828 in
1348 2775 1487 2831 valle
1535 2775 1841 2834 Salinarum
1891 2780 2175 2837 duodecim

656 2855 727 2893 nu
773 2856 844 2893 ia.

655 2855 844 2895 mima.

656 2953 826 3020 Deus,
874 2958 1108 3027 re'pulisti
1135 2976 1232 3014 nos
1270 2968 1319 3014 et
1361 2961 1660 3018 destruxisti
1689 2980 1811 3030 nos,
1840 2966 2009 3041 iratus
2034 2984 2090 3022 es
2125 2977 2175 3023 et

586 3045 825 3099 misertus
871 3064 924 3100 es
966 3047 1132 3103 nobis.
1164 3048 1495 3107 Commovisti
1527 3064 1716 3110 terram
1735 3098 1749 3123 ,
1781 3065 1831 3110 et
1858 3057 2174 3114 conturbasti

586 3154 718 3203 eam,
750 3153 882 3192 sana
910 3142 1241 3196 contritiones
1269 3145 1402 3215 ejus,
1434 3147 1553 3216 quia
1582 3160 1836 3203 commota
1854 3157 1950 3204 est.
1986 3151 2174 3206 Uslen-

2278 1925 2396 1995 ejus
2424 1941 2532 1981 non
2552 1928 2655 1982 erit
2684 1928 3025 1987 finis:1udas
3048 1947 3180 2003 ergo
3204 1949 3305 1989 rex
3331 1949 3503 2003 meus,
3534 1935 3698 1993 Moab
3724 1937 3863 1994 lebes

2277 2019 2390 2090 spei
2418 2035 2571 2075 meae.
2607 2020 2795 2089 Lebes,
2819 2022 2873 2077 id
2892 2031 2995 2088 est,
3013 2023 3141 2079 olla.
3164 2023 3299 2093 Quia
3321 2025 3480 2082 Moab
3505 2029 3680 2099 stupri
3712 2027 3859 2096 filius,

2277 2119 2333 2174 in
2387 2119 2495 2175 olla
2541 2121 2908 2176 succensionis
2955 2121 3120 2178 libido
3166 2122 3301 2192 ejus,
3334 2133 3391 2178 et
3414 2124 3543 2194 quia
3588 2125 3861 2183 Idumam

2276 2222 2680 2284 occupaverunt
2723 2212 2988 2282 Moabitae,
3033 2213 3275 2285 Ejiciam,
3308 2216 3500 2286 inquit,
3544 2217 3671 2274 inde
3694 2218 3858 2286 Moab,

2277 2313 2333 2359 et
2357 2317 2460 2373 ego
2487 2304 2560 2359 ibi
2590 2303 2877 2359 extendam
2923 2306 3349 2363 calceamentum
3395 2323 3598 2365 meum.
3637 2309 3776 2380 Ergo
3810 2319 3858 2367 et

2178 2424 2183 2435 η
2278 2405 2354 2461 tu,
2389 2413 2424 2452 ο
2451 2394 2776 2464 Christiane,
2809 2399 2856 2454 si
2884 2390 3111 2470 eieceris
3137 2399 3205 2457 de
3233 2409 3377 2457 terra
3412 2417 3578 2472 quam
3606 2403 3854 2459 invaserat

2278 2488 2456 2554 Moab,
2489 2497 2554 2547 et'
2571 2493 2842 2563 captivato
2867 2500 2959 2548 aut
2988 2494 3211 2551 incenso
3239 2495 3381 2552 sicut
3407 2496 3516 2553 olla
3550 2511 3673 2567 rege
3687 2497 3855 2553 libidi-

2278 2583 2380 2647 nis,
2411 2583 2724 2657 Allophylos
2751 2586 2979 2656 coeperis
3006 2587 3208 2643 habere
3235 2588 3534 2659 subjectos,
3564 2588 3787 2645 deducet
3812 2598 3858 2644 te

2277 2677 2536 2734 Dominus
2564 2680 2617 2734 in
2637 2680 2911 2735 civitatem
2947 2680 3431 2750 circumstantium,
3455 2683 3511 2738 in
3548 2690 3700 2754 petra
3728 2682 3855 2739 refu-

2277 2770 2349 2839 gii
2380 2771 2433 2825 in
2462 2772 2666 2827 auxilio
2694 2789 2815 2839 suo,
2845 2772 2935 2828 ubi
2962 2781 3017 2828 te
3061 2773 3412 2830 circumstant
3456 2775 3632 2845 angeli
3672 2785 3729 2831 et
3769 2789 3855 2845 gu-

2186 2898 2190 2903 ι
2276 2863 2526 2932 bernaut,
2557 2880 2838 2935 quousque
2864 2866 3153 2936 pervenias
3180 2865 3249 2921 ad
3283 2866 3562 2922 civitatem
3589 2867 3853 2922 munitam.

2276 2952 2417 3011 Cum
2448 2970 2671 3026 regnum
2698 2957 2998 3043 obtinueris
3019 2972 3185 3028 super
3201 2957 3508 3025 Idummam,
3531 2974 3654 3014 cum
3682 2959 3733 3014 in
3756 2973 3856 3014 cor-

2275 3063 2410 3119 pore
2439 3057 2533 3104 tuo
2554 3048 2643 3103 ubi
2671 3048 2955 3103 abundauit
2997 3050 3264 3123 iniquitas,
3289 3050 3677 3123 superabundat
3701 3053 3854 3124 gratia

2281 3141 2457 3213 (Rom.
2482 3159 2514 3197 v
2531 3142 2571 3213 ),
2600 3141 2722 3198 vide
2751 3158 2840 3209 ne,
2870 3142 2939 3198 de
2967 3151 3061 3198 tua
3086 3142 3286 3199 virtute
3313 3159 3663 3215 praesumens,
3694 3146 3789 3200 ista
3809 3153 3855 3199 te

586 3232 708 3286 disti
736 3233 925 3305 popqu
950 3242 1034 3289 tuo
1064 3234 1214 3302 dura,
1256 3240 1444 3308 potasti
1472 3256 1570 3295 nos
1596 3242 1714 3296 vino
1744 3246 2169 3314 compunctionis.

2278 3234 2502 3304 implere
2531 3248 2692 3305 posse
2721 3233 2982 3290 confidas.
3014 3232 3197 3291 Gloria
3227 3236 3370 3291 enim
3395 3236 3629 3295 hominis
3654 3253 3755 3293 non
3780 3244 3855 3293 est

585 3322 788 3379 Dedisti
814 3326 1151 3381 metuentibus
1203 3340 1251 3382 te
1290 3330 1842 3402 signiﬁcationem,'ut
1891 3337 2093 3407 fugiant
2141 3355 2175 3392 a

585 3416 722 3486 facie
748 3433 921 3471 arcus.
946 3416 1018 3472 Et
1055 3417 1337 3475 liberentur
1375 3422 1547 3477 dilecti
1569 3425 1646 3503 tui
1663 3466 1678 3491 ,
1708 3425 1906 3481 salvum
1930 3430 2013 3499 fac
2053 3428 2173 3483 dex-

586 3517 697 3561 tera
728 3516 818 3562 tua
855 3519 904 3562 et
939 3512 1127 3566 exaudi
1150 3529 1249 3567 me.
1276 3513 1414 3570 Deus
1439 3516 1638 3573 locutus
1657 3530 1733 3573 est
1758 3521 1814 3574 in
1843 3530 2022 3575 sancto
2056 3539 2169 3590 suo,

585 3597 802 3654 ltetabor
823 3610 874 3654 et
906 3604 1140 3673 partibor
1179 3605 1464 3664 Sicbimam
1495 3620 1545 3666 et
1569 3613 1850 3668 convallem
1876 3614 2173 3671 tabernacu-

585 3689 753 3744 lorum
771 3693 1003 3749 metibor.
1030 3694 1179 3751 Meus
1203 3708 1278 3753 est
1299 3698 1524 3768 Galaad,
1546 3714 1596 3758 et
1616 3722 1756 3760 meus
1770 3716 1848 3762 est
1874 3706 2168 3774 Manasses,

585 3790 635 3834 et
666 3779 923 3853 Ephraim
975 3787 1223 3857 fortitudo
1275 3793 1458 3863 capitis
1503 3797 1622 3849 mei.
1685 3796 1826 3853 Iuda
1870 3816 1962 3854 rex
2005 3818 2167 3864 meus,

583 3870 744 3928 Moab
774 3875 880 3930 olla
908 3880 1018 3949 spei
1043 3896 1189 3937 meae.
1220 3879 1288 3936 In
1325 3881 1613 3941 Idumwam
1644 3890 1920 3945 extendam
1965 3894 2170 3948 calceos

584 3978 809 4023 mentum
836 3986 1021 4038 meum,
1056 3975 1182 4029 milii
1202 3976 1511 4050 alienigena:
1537 3979 1730 4036 subditi
1755 3994 1891 4039 sunt.
1920 3983 2046 4050 Quis
2076 3988 2168 4043 de-

584 4058 735 4113 ducet
761 4078 842 4114 me
859 4079 1019 4135 usque
1041 4065 1097 4118 in
1124 4067 1381 4122 civitatem
1403 4072 1656 4126 munitam
1673 4115 1687 4139 ,
1719 4056 1836 4145 quis
1858 4074 2072 4132 deducet
2088 4095 2171 4133 me
2194 4076 2197 4081 ’

584 4164 740 4220 usque
769 4149 1097 4209 Idumteam?
1125 4155 1317 4213 Nonne
1345 4170 1418 4227 tu,
1452 4161 1621 4229 Deus,
1652 4168 1741 4237 qui
1781 4168 2014 4240 repulisti
2043 4187 2165 4237 nos,

587 4249 635 4291 et
663 4256 767 4293 non
795 4244 1093 4312 egredieris,
1124 4245 1296 4315 Deus,
1326 4252 1379 4303 in
1408 4254 1681 4311 virtutibus
1718 4262 1928 4315 nostris.
1961 4261 2047 4316 Da
2074 4280 2169 4319 no-

587 4331 664 4383 bis
688 4333 941 4388 auxilium
963 4336 1026 4389 de
1049 4337 1407 4409 tribulatione,
1448 4346 1570 4416 quia
1595 4365 1727 4404 uana
1754 4352 1896 4407 salus
1922 4354 2162 4411 hominis.
2194 4360 2197 4367 ’

587 4424 655 4480 In
685 4426 796 4481 Deo
817 4429 1064 4500 faciemus
1089 4434 1341 4503 uirtutem,
1373 4440 1560 4510 et‘ipse
1595 4445 1667 4497 ad
1702 4446 1917 4502 nihilum
1957 4451 2169 4507 deducet

588 4516 887 4574 tribulantes
905 4538 1017 4577 nos.
2190 4532 2195 4537 ’

1163 4612 1502 4657 οοιιιεκτλιιι
1508 4619 1595 4659 UM.
1667 4624 1670 4629 “

612 4732 619 4739 .
654 4680 950 4742 Prostratis
984 4687 1244 4756 hostibus,
1275 4692 1555 4752 victoriam
1605 4713 1705 4755 nos
1731 4700 1911 4758 docuit
1938 4704 2167 4765 Domino

587 4784 864 4846 reputare;
881 4794 990 4849 quo
1004 4782 1142 4838 irato
1160 4784 1442 4852 vincimur,
1461 4804 1569 4859 quo
1583 4792 1872 4852 miserante
1883 4799 2161 4857 vincimus.
2190 4812 2195 4815 '

585 4865 706 4936 Ipse
732 4881 913 4927 movet
930 4880 1393 4949 terram'corporis
1425 4883 1614 4950 nostri,
1640 4892 1695 4939 et
1717 4889 2003 4945 conturbat
2024 4907 2195 4960 eam,"

586 4959 701 5014 sive
739 4966 1153 5025 comminatione
1192 4971 1356 5027 futuri
1396 4973 1603 5044 judicii,
1646 4978 1759 5035 sive
1802 4982 1958 5051 plaga
1988 4984 2193 5055 aliqua‘

586 5054 866 5122 pmsentis
884 5058 1051 5124 exitii,
1066 5076 1164 5129 pro
1183 5077 1287 5137 qua
1298 5079 1548 5135 rogamus
1567 5078 1627 5124 ut
1645 5079 1799 5127 sanet
1817 5054 2169 5135 contritiones
2188 5070 2191 5071 ⁷

550 5144 720 5214 ~ejus.
772 5148 1061 5204 Ostendisti
1108 5154 1250 5208 enim
1279 5158 1478 5226 populo
1524 5167 1618 5217 tuo
1646 5161 1797 5219 dura.
1843 5164 2044 5223 Durum
2073 5185 2170 5226 cor

583 5236 880 5296 Pharaonis
900 5242 953 5297 in
983 5258 1148 5313 opere
1172 5246 1326 5303 duro;
1359 5247 1560 5307 Potasti
1580 5274 1583 5277 ·
1604 5270 1705 5311 nos
1752 5257 1880 5314 vino
1908 5275 2167 5332 compun-

582 5332 791 5387 ctionis.
844 5332 1154 5406 Ubicunque
1188 5338 1507 5409 ira‘Domini
1531 5353 1588 5400 et
1608 5344 1785 5417 passio
1805 5350 2168 5422 cujuscunque

582 5422 751 5491 plaga:
774 5433 979 5492 est,aut
1005 5429 1142 5484 calix
1163 5430 1272 5498 irae,
1289 5441 1383 5487 aut
1409 5435 1587 5491 vinum
1608 5439 1887 5498 ebrietatis
1905 5459 2167 5498 memora-

583 5521 687 5577 tur,
737 5517 874 5571 sicut
914 5518 1321 5579 dicitJeremias
1348 5525 1416 5580 ad
1441 5525 1737 5602 Jerusalem
1772 5549 1784 5582 :
1814 5531 2078 5587 Inebriata
2105 5548 2166 5589 es

2277 3333 2446 3390 certa,
2491 3326 2588 3382 sed
2614 3341 2782 3393 vana;
2812 3326 2906 3382 sed
2936 3328 3176 3385 clamans
3203 3328 3271 3384 ad
3303 3328 3606 3396 Dominum,
3632 3330 3715 3387 dic
3740 3345 3853 3385 cum

2276 3419 2524 3475 omnibus
2551 3420 2751 3475 sanctis
2778 3438 2792 3473 :
2821 3421 2896 3474 Da
2928 3420 3086 3477 nobis
3111 3420 3372 3476 auxilium
3411 3421 3480 3477 de
3503 3422 3853 3488 tribulatione,

2274 3509 2400 3579 quia
2422 3524 2557 3565 vana
2585 3510 2731 3566 salus
2776 3512 2828 3566 in
2871 3511 3108 3567 homine.
3141 3511 3200 3567 In
3226 3518 3299 3578 te,
3327 3512 3567 3577 Domine,
3602 3513 3851 3570 faciemus

2274 3602 2549 3668 virtutem,
2572 3602 2697 3674 duia
2727 3611 2786 3659 tu
2813 3603 2880 3659 ad
2902 3604 3132 3659 nihilum
3156 3605 3367 3676 rediges
3382 3596 3566 3661 omnes
3595 3605 3843 3659 tribulan-

2274 3704 2356 3751 tes
2377 3712 2494 3757 nos,
2519 3697 2610 3765 qui
2639 3709 2831 3765 regnas
2858 3698 2913 3752 in
2949 3698 3143 3753 smcula
3170 3698 3493 3756 saeculorum.
3515 3696 3691 3753 Amen.

2848 3831 3163 3891 PSALMUS
3201 3833 3313 3889 LX.

2526 3926 2582 3980 in
2608 3925 2767 3981 tinem
2795 3926 2849 3983 in
2874 3927 3113 3999 hymnis,
3145 3928 3384 3999 psalmus
3407 3926 3591 3984 David.

2343 4055 2582 4123 Exaudi,
2614 4056 2782 4125 Deus,
2814 4058 3227 4132 deprecationem
3256 4076 3459 4127 meam,
3498 4059 3705 4115 intende
3739 4074 3853 4115 ora-

2272 4151 2402 4205 tioni
2419 4166 2563 4205 mem.
2596 4151 2640 4203 Α
2658 4151 2850 4222 ﬁnibus
2880 4161 3031 4207 teme
3049 4151 3119 4205 ad
3139 4159 3186 4207 te
3203 4150 3441 4218 clamaui,
3464 4152 3585 4207 dum
3613 4151 3871 4207 anxiare-'

2272 4251 2354 4295 tur
2379 4258 2469 4297 cor
2487 4259 2673 4308 meum,
2704 4244 2760 4296 in
2780 4252 2926 4315 petra
2944 4244 3190 4298 exaltasti
3206 4260 3304 4299 me.
3329 4242 3609 4299 Deduxisti
3621 4260 3721 4308 me,
3742 4243 3850 4315 quia

2272 4336 2440 4405 factus
2464 4350 2517 4388 es
2544 4351 2661 4406 spes
2698 4352 2832 4403 mea,
2863 4335 3019 4390 turris
3048 4336 3369 4407 fortitudinis
3404 4354 3438 4391 a
3464 4336 3602 4408 facie

2272 4424 2583 4481 Inhabitabo
2620 4427 2675 4480 in
2707 4426 3038 4481 tabernaculo
3067 4436 3151 4482 tuo
3196 4428 3252 4480 in
3279 4422 3489 4494 secula,
3532 4436 3773 4499 protegar
3798 4427 3847 4480 in

2270 4518 2554 4573 velamento
2599 4522 2803 4573 alarum
2847 4528 3068 4574 tuarum.
3120 4516 3377 4584 Quoniam
3416 4527 3490 4586 tu,
3519 4519 3667 4575 Deus
3701 4535 3875 4584 ms,‘

2190 4608 2245 4668 D
2268 4610 2530 4665 exaudiui
2557 4612 2840 4666 orationem
2865 4628 3055 4676 meam,
3078 4612 3264 4668 dedisti
3293 4613 3658 4668 licereditatem
3687 4615 3857 4669 timess—

2273 4700 2407 4757 tibus
2434 4719 2619 4758 nomen
2641 4713 2799 4758 tuum.
2825 4703 2947 4759 Dies
2967 4720 3118 4777 super
3134 4705 3252 4760 dies
3273 4708 3406 4777 regis
3429 4705 3677 4777 adjicies,
3700 4722 3859 4760 annos

2271 4799 2383 4870 ejus
2409 4814 2569 4871 usque
2604 4798 2658 4851 in
2691 4797 2826 4851 diem
2864 4798 3210 4869 generationis
3234 4808 3285 4852 et
3328 4800 3710 4871 generationis.
3736 4799 3860 4853 Per—

2271 4902 2445 4947 manet
2464 4891 2520 4945 in
2541 4900 2789 4945 (sternunt
2826 4890 2879 4944 in
2912 4899 3183 4962 conspectu
3220 4889 3338 4957 Dei,
3366 4891 3787 4947 misericordiam
3820 4900 3867 4944 et

2271 4984 2535 5037 ueritatem
2557 4982 2669 5052 ejus
2696 4982 2808 5054 quis
2849 4982 3105 5053 requiret?
3147 4982 3237 5038 Sic
3265 4980 3537 5054 psalmum
3565 4981 3751 5038 dicam
3780 4999 3864 5037 no-

2271 5074 2402 5129 mini
2430 5076 2599 5128 tuoin
2622 5075 2866 5129 oraculum
2913 5076 3105 5142 seaculi,
3146 5084 3203 5129 ut
3228 5075 3442 5130 reddam
3490 5084 3610 5128 rota
3657 5093 3777 5131 mea
3811 5074 3869 5129 de

2271 5166 2356 5220 die
2380 5166 2435 5219 in
2462 5164 2616 5220 diem.

2306 5300 2311 5309 ν
2834 5252 3267 5296 couuzursnwu.

2306 5380 2309 5381 ν
2344 5350 2638 5407 Ecclesiam
2684 5366 2846 5421 supra
2886 5360 3053 5421 petrze
3096 5352 3422 5408 soliditatem
3464 5352 3792 5424 fundatam,
3821 5364 3872 5413 ct

2270 5450 2475 5497 turrem
2504 5442 2831 5507 fortitudinis
2857 5442 3054 5499 factam
3079 5444 3135 5500 in
3148 5459 3259 5515 qua
3282 5444 3581 5502 redduntur
3599 5458 3740 5505 vota
3765 5450 3872 5504 Deo

2270 5531 2339 5587 de
2366 5530 2453 5588 die
2477 5533 2530 5587 in
2558 5532 2721 5599 diem,
2751 5534 2930 5590 nullus
2950 5534 3180 5603 ignorat.
3212 5536 3319 5592 Sed
3338 5544 3416 5603 tu,
3443 5548 3725 5605 oamator
3752 5541 3873 5595 vita:

583 5603 749 5658 calice
775 5606 867 5661 ira:
893 5617 949 5663 et
974 5609 1169 5668 furoris
1183 5614 1415 5669 Domini.
1438 5616 1703 5687 Tempore
1726 5633 1855 5686 ergo
1875 5635 1982 5688 quo
2010 5631 2193 5691 pota-ﬁ
2266 5636 2500 5694 retentae,
2533 5628 2579 5682 si
2628 5628 2706 5684 vis
2750 5629 2993 5685 exaudiri
3031 5629 3466 5701 deprecationem
3494 5640 3683 5699 tuam,
3717 5633 3768 5688 si
3794 5632 3877 5687 vis

584 5694 652 5746 sti
699 5712 795 5751 nos
831 5702 956 5756 vino
1003 5709 1433 5775 compunctionis
1459 5710 1512 5765 in
1543 5709 1797 5782 Egypto,
1828 5710 2019 5768 dedisti
2046 5729 2162 5769 me-
2266 5726 2325 5772 ut
2343 5707 2469 5772 dum
2499 5719 2772 5774 anxiatum
2800 5720 2960 5776 fuerit
2974 5737 3073 5777 cor
3091 5694 3263 5789 tuum,
3284 5722 3410 5779 dum
3430 5724 3635 5779 exieris
3655 5726 3734 5782 de
3753 5742 3879 5783 cor-

588 5788 858 5875 tpcntilms
906 5800 958 5848 te
1003 5798 1465 5871 significationem,
1493 5810 1549 5858 ut
1579 5803 1819 5874 fugerent
1851 5821 1879 5860 a
1910 5804 2044 5862 facie
2071 5822 2158 5863 ar-
2261 5825 2416 5884 pore,
2449 5811 2495 5867 si
2525 5812 2604 5869 vis
2641 5820 2697 5867 ut
2725 5814 2887 5870 turris
2922 5814 3015 5871 tibi
3045 5788 3371 5872 fortitudinis
3400 5816 3671 5907 Dominus
3704 5835 3893 5889 appa-.
