4088 6346
289 380 402 434 409
1244 372 1709 428 COMMENTARII
1749 371 1812 425 IN
1851 370 1903 423 Pi

1947 370 2178 424 ALMOS.
2224 367 2411 424 PSAL.
2457 367 2606 425 ΙιΧιΙΙ.
3459 364 3561 420 410

288 505 413 548 real
435 509 464 546 a
487 493 622 548 facie
643 492 858 556 inimici,
891 491 932 543 si
963 489 1038 543 vis
1070 496 1124 541 ut
1155 488 1420 542 inhabites
1448 488 1499 541 in
1530 485 1876 541 tabernaculo
1905 495 1950 551 Α
1981 485 2178 539 scimus
2196 485 2324 554 quid
2353 487 2585 541 eveniat.
2619 484 2687 540 Et
2717 484 2820 539 hoc
2849 479 3046 537 bonum
3072 478 3299 547 videtur,
3330 479 3424 534 sed
3453 496 3558 534 non

287 587 410 656 ejus
440 587 491 640 in
532 594 810 651 :eternnm,
833 583 877 638 si
915 583 996 637 vis
1016 581 1222 653 protegi
1249 581 1300 634 in
1339 580 1643 635 velamento
1672 579 1876 633 alarum
1981 578 2108 632 facit
2157 576 2354 633 Christi
2402 578 2740 648 discipulum.
2772 577 2903 632 Item
2933 575 3005 631 illi
3053 574 3224 630 vidua:
3263 572 3559 659 juvencnlze

285 677 429 747 ejus,
461 677 506 731 si
536 677 614 732 vis
634 677 876 746 accipere
898 673 1265 730 bmreditatem
1285 688 1446 742 quam
1474 679 1876 742 consequuntur
1979 669 2172 725 melius
2217 684 2316 725 nos
2351 683 2514 738 quam
2567 668 2658 723 alii
2686 669 3020 740 praebeamus
3064 668 3332 722 solatium.
3365 663 3428 718 Et
3459 666 3559 719 hoc

286 771 543 826 timentes
588 785 782 825 nomen
826 768 962 838 ejus,
1004 769 1049 823 si
1076 767 1157 822 vis
1181 775 1241 822 ut
1266 767 1380 822 dies
1407 782 1567 838 super
1591 765 1707 821 dies
1734 765 1876 834 regis
1977 763 2180 818 bonum
2209 771 2329 832 est,
2359 762 2454 818 sed
2491 761 2629 818 dolis
2655 761 2852 817 diaboli
2878 762 3114 833 plenum.
3144 759 3269 815 Haec
3313 767 3368 814 et
3394 755 3559 812 multa

282 863 509 933 adjiciat
537 879 707 918 annos
752 871 893 927 tuos,
925 869 984 916 ut
1013 861 1176 916 vitam
1209 861 1308 916 tibi
1323 869 1580 916 artemam
1609 857 1872 922 conferat,
1977 858 2062 913 his
2087 858 2279 913 similia
2308 873 2430 912 cum
2475 871 2570 913 ore
2597 871 2696 911 suo
2725 856 2822 911 tibi
2849 855 3222 911 benedixerint
3264 852 3557 916 diemoaes,

280 966 344 1010 et
374 972 687 1028 permaneas
729 957 783 1012 in
820 963 1078 1012 aeternum
1105 956 1159 1010 in
1205 963 1493 1025 conspectu
1513 953 1644 1018 Dei,
1663 951 1868 1007 miseri-
1977 949 2142 1006 corde
2161 965 2262 1005 suo
2290 949 2632 1016 maledicunt,
2665 956 2720 1003 et
2760 948 2881 1003 ideo
2906 947 2994 1003 dic
3023 947 3126 1002 illis
3152 965 3165 1000 :
3194 946 3253 1001 ln
3281 944 3392 1000 Deo
3414 943 3561 1000 salu-

278 1049 526 1104 cordiam
543 1058 596 1105 et
623 1049 904 1105 veritatem
921 1050 1181 1104 instanter
1199 1049 1425 1119 inquire.
1444 1046 1511 1102 Et
1525 1055 1874 1119 posteaquam
1978 1043 2081 1096 tari
2109 1057 2231 1097 meo
2260 1050 2343 1096 est
2367 1041 2536 1111 gloria
2585 1055 2734 1106 mea,
2766 1055 2872 1094 non
2917 1038 3160 1108 migrabo
3206 1053 3236 1092 a
3283 1036 3560 1108 pr0posito

276 1157 380 1197 eas
403 1142 592 1197 charas
619 1141 838 1208 amicas,
867 1150 922 1196 et
948 1142 1101 1212 quasi
1128 1157 1280 1212 spem
1306 1141 1429 1195 vitae
1476 1148 1580 1194 tum
1617 1136 1875 1209 possede-
1976 1147 2118 1199 meo,
2151 1149 2260 1202 quo
2289 1148 2385 1188 vos
2421 1133 2583 1187 statui
2631 1129 3071 1188 contemnendos.
3103 1127 3172 1183 Et
3197 1127 3284 1184 dic
3310 1127 3560 1183 fratribus

274 1234 380 1299 ris,
411 1234 488 1288 sic
512 1234 680 1304 psalle
721 1233 948 1290 Domino
993 1233 1103 1289 Deo
1123 1234 1174 1288 in
1208 1233 1422 1299 saeculo,
1449 1240 1505 1288 et
1534 1231 1872 1304 miseriarum
1975 1227 2112 1282 meis
2143 1226 2402 1297 :Sperate
2451 1225 2503 1280 in
2533 1240 2621 1290 eo,
2664 1225 2839 1279 omnis
2865 1229 3162 1279 conventus
3206 1220 3380 1291 plebis
3405 1234 3559 1277 metr.

273 1326 424 1381 valle
448 1326 670 1397 positus.
694 1325 764 1380 Et
801 1327 955 1396 quasi
980 1325 1219 1397 quotidie
1272 1325 1481 1381 initium
1504 1323 1704 1380 faciens
1752 1321 1871 1377 dili-
1973 1320 2203 1376 Fundite
2231 1335 2414 1375 coram
2458 1320 2550 1375 illo
2575 1318 2739 1376 corda
2789 1326 2985 1385 vestra,
3017 1317 3141 1388 quia
3167 1316 3309 1372 Deus
3347 1314 3560 1385 adjutor

271 1417 442 1488 gendi
469 1434 581 1486 eas,
612 1419 775 1476 redde
794 1428 918 1476 vota
940 1428 1030 1475 tua
1050 1420 1118 1476 de
1139 1420 1225 1474 die
1252 1419 1306 1474 in
1332 1405 1474 1473 diem
1491 1417 1719 1473 Domino
1742 1414 1872 1471 Jesu
1975 1421 2161 1467 noster
2186 1420 2286 1467 est.
2317 1410 2412 1466 His
2440 1421 2617 1466 autem
2653 1411 2744 1482 qui
2781 1409 3004 1464 audiunt
3039 1408 3262 1464 consilia
3299 1406 3559 1476 maligno-

273 1510 516 1578 Christo,
547 1511 638 1581 qui
684 1521 872 1580 regnat
914 1527 1037 1569 cum
1065 1511 1224 1567 Patre
1251 1519 1306 1566 et
1352 1510 1553 1582 Spiritu
1603 1518 1790 1566 sancto
1817 1509 1870 1564 in
1975 1519 2093 1558 rum
2123 1501 2425 1573 spirituum,
2456 1501 2559 1558 hoc
2580 1499 2767 1556 ordine
2795 1500 3017 1571 loquere
3049 1517 3060 1552 :
3093 1499 3305 1565 Venite,
3330 1497 3422 1553 lilii
3457 1497 3559 1552 ho-

271 1603 472 1658 szecula
501 1603 836 1659 saeculorum.
869 1604 1058 1660 Amen.
1859 1663 1862 1676 Ι
1973 1595 2197 1662 minum,
2245 1593 2528 1650 mendaces
2567 1595 2620 1647 in
2649 1594 2883 1657 stateris,
2916 1591 3042 1664 quid
3070 1608 3167 1647 vos
3212 1600 3398 1646 mutuo
3428 1606 3558 1646 σοιν

829 1735 1146 1793 pSALMUS
1183 1736 1320 1792 LXI.
1971 1689 2186 1793 sentitis
2214 1688 2443 1793 inimicis
2463 1688 2683 1793 vestris?‘
2705 1686 2879 1742 Nolite
2876 1702 3110 1793 sperare
3123 1687 3174 1740 in
3196 1685 3554 1793 iniquitatem,

1307 1778 1320 1792 ’
1440 1848 1472 1852 _
1558 1849 1603 1852 ,Α
1970 1781 2098 1852 quia
2125 1780 2325 1851 decipit
2353 1790 2634 1852 sperantes
2669 1781 2723 1835 in
2752 1795 2831 1835 se.
2876 1777 3137 1851 Rapinam
3165 1778 3332 1833 nolite
3359 1793 3557 1850 concu-

528 1849 586 1906 In
615 1847 774 1907 ﬁnem
800 1866 900 1922 Ρτο
917 1849 1146 1922 ῘδΥί¹¹¹¹¹¹
1176 1849 1412 1920 1³⁸⁵⁸1³³³⁸
1440 1848 1627 1904 DaVid'
1892 1861 1943 1922 Β
1969 1847 2338 1946 piscere,quia
2369 1847 2804 1943 concupiscentia
2839 1847 3049 1926 furandi
3077 1868 3328 1924 interﬁcit
3347 1847 3582 1942 amato-_

350 1963 539 2021 Nonne
565 1963 675 2020 Deo
717 1964 946 2036 subjecta
981 1965 1080 2019 erit
1125 1965 1301 2019 anima
1340 1981 1472 2027 mea,
1497 1963 1559 2018 ab
1587 1965 1702 2033 ipso
1731 1962 1868 2018 enim
1970 1985 2086 2024 rem
2128 1983 2304 2022 suum.
2355 1951 2560 2022 Divitis:
2589 1967 2635 2021 si
2678 1964 2898 2020 allluant
2927 1964 3093 2020 nolite
3131 1978 3226 2017 cor
3263 1977 3558 2033 apponere,

271 2060 504 2112 salutare
541 2073 724 2111 meum.
775 2054 914 2110 Nam
960 2065 1009 2109 et
1047 2055 1157 2126 ipse
1203 2054 1340 2110 Deus
1378 2072 1518 2110 meus
1546 2065 1595 2108 et
1621 2055 1870 2110 salutaris

1972 2062 2097 2130 quia
2127 2061 2280 2114 radix
2308 2062 2535 2114 omnium
2563 2051 2818 2113 malorum
2847 2067 2921 2111 est
2950 2057 3170 2110 avaritia
3209 2055 3263 2124 (Ι
3295 2054 3427 2109 Tim.
3458 2057 3553 2124 vl).

271 2166 437 2212 meus,
461 2157 722 2218 susceptor
751 2164 911 2211 meus,
934 2163 1039 2200 non
1061 2147 1296 2200 movebar
1324 2146 1562 2216 amplius.
1598 2144 1871 2216 Quousque
1974 2151 2090 2206 Hoc
2140 2152 2316 2207 solum
2363 2151 2508 2222 quod
2536 2151 2704 2207 semel
2741 2151 2957 2204 locutus
2985 2157 3098 2212 est,
3143 2147 3426 2216 diligenter
3463 2163 3557 2202 au-

273 2241 471 2294 iri-uitis
496 2241 552 2294 in
591 2239 843 2310 nominem
867 2238 890 2292 ?
917 2237 1206 2307 interficitis
1229 2237 1450 2290 universi
1478 2254 1583 2301 vos,
1627 2246 1872 2307 tanquam
1974 2242 2167 2307 scum,
2183 2243 2307 2312 quia
2324 2250 2566 2313 potestas
2580 2241 2676 2299 Dei
2692 2250 2794 2304 εει,
2814 2249 2868 2296 ει
2889 2240 2983 2295 Dei
2999 2240 3258 2295 arbitratu
3273 2240 3556 2309 consequi-

271 2330 465 2400 parieti
512 2329 760 2383 inclinato
825 2338 874 2382 et
926 2329 1166 2382 maceria:
1207 2326 1475 2397 depulsa?
1508 2325 1870 2381 Verumtamen
1975 2349 2096 2387 mur
2143 2332 2586 2388 misericordiam.
2614 2330 2748 2399 Quia
2792 2331 2906 2402 ipse
2932 2329 3120 2386 reddet
3158 2330 3445 2399 unicuique
3473 2343 3558 2383 se.

273 2423 498 2491 pretium
541 2437 708 2474 meum
748 2421 1096 2491 cogitaverunt
1147 2417 1407 2490 repellere,
1431 2419 1634 2495 cucurri
1671 2420 1724 2471 in
1763 2418 1867 2483 siti,

1973 2423 2206 2479 cundum
2237 2438 2400 2494 opera
2431 2438 2548 2478 sua.
2580 2420 2679 2477 Ubi
2709 2429 2888 2476 autem
2918 2421 3032 2476 haec
3060 2421 3172 2491 ipsa
3193 2419 3450 2474 Dominus
3479 2420 3557 2475 lo-

279 2526 371 2562 ore
403 2526 495 2563 suo
535 2508 913 2573 benedicebant,
939 2518 988 2563 et
1029 2509 1182 2563 corde
1218 2526 1311 2564 suo
1341 2507 1730 2564 maledicebant.
1769 2507 1867 2562 Ve-
1971 2520 2128 2569 cutus
2150 2514 2238 2578 sit,
2264 2513 2308 2567 si
2333 2511 2472 2568 forte
2492 2513 2750 2582 requires,
2777 2526 3029 2581 agnosce.
3053 2509 3108 2565 ln
3138 2510 3556 2565 Denteronomio

180 2663 186 2666 _
281 2608 569 2652 rumtameu
592 2597 699 2653 Deo
727 2597 954 2670 subjecta
980 2612 1106 2664 esto,
1138 2601 1314 2653 anima
1348 2617 1490 2665 mea,
1531 2599 1772 2670 quoniam
1801 2598 1865 2650 ab
1967 2605 2216 2658 canitur:
2251 2602 2507 2669 Quoniam
2528 2620 2621 2676 ego
2651 2601 2808 2667 Dm,
2840 2620 2932 2675 ego
2961 2602 3192 2658 occidam
3219 2602 3449 2656 εινίιιενε
3473 2605 3556 2674 [α-

285 2691 396 2760 ἰρεο
431 2692 677 2762 Ραιίεηεὶα
724 2710 854 2746 ηιεαο
891 2690 1023 2755 Quid
1062 2695 1173 2764 ἱρεε
1202 2692 1342 2748 Deut
1371 2709 1510 2747 me!“
1547 2703 1596 2747 el
1635 2693 1863 2747 salvator
1967 2699 2136 2763 ciam;
2159 2700 2459 2769 percutiam,
2491 2706 2541 2751 et
2559 2715 2653 2769 ego
2694 2697 2909 2763 satiabo,
2931 2706 2980 2750 et
3023 2713 3124 2751 non
3155 2706 3230 2750 est
3258 2699 3343 2767 qui
3371 2698 3557 2766 eripiat

278 2799 438 2848 meus,
489 2782 694 2854 adjutor
739 2800 912 2850 meus,
947 2801 1048 2838 non
1071 2786 1351 2855 migrabo.
1396 2784 1460 2838 In
1487 2783 1595 2838 Deo
1634 2786 1864 2839 salutare
1967 2790 2033 2843 de
2059 2805 2218 2843 manu
2265 2806 2380 2842 mea
2412 2787 2586 2859 (Deut.
2624 2787 2813 2856 nun).
2839 2786 2964 2842 Haec
2999 2801 3127 2855 ergo
3172 2795 3411 2857 potestas
3443 2787 3554 2851 Dei,

273 2887 440 2924 meum
464 2881 514 2925 et
550 2872 715 2944 gloria
741 2890 875 2937 mea,
916 2872 1056 2928 Deus
1085 2875 1269 2929 auxilii
1295 2875 1416 2939 mei,
1448 2885 1496 2928 et
1523 2892 1637 2945 spes
1666 2891 1779 2928 mea
1808 2875 1861 2928 in
1967 2888 2072 2941 est,
2104 2887 2160 2932 et
2188 2878 2366 2932 Patris
2388 2887 2444 2932 et
2463 2878 2582 2934 Filii
2605 2887 2660 2932 et
2685 2877 2916 2948 Spiritus
2937 2878 3129 2941 sancti,
3170 2878 3258 2947 qui
3294 2886 3479 2945 regnat
3504 2878 3555 2932 in

271 2964 384 3020 Deo
403 2974 498 3021 est.
529 2967 747 3037 Sperate
769 2969 824 3022 in
855 2966 964 3022 Deo
992 2969 1160 3022 omnis
1193 2969 1521 3040 congregatio
1551 2967 1748 3040 populi,
1781 2969 1863 3040 ef-
1968 2971 2164 3027 secula
2184 2972 2522 3026 szeculorum.
2547 2971 2736 3027 Amen.

273 3058 474 3127 fundite
509 3075 684 3167 cor‘qm
704 3056 793 3114 illo
815 3058 972 3113 corda
992 3058 1342 3167 vestrm-Delus
1369 3059 1577 3163 adjutor
1609 3069 1782 3167 noster
1807 3061 1864 3112 in
2503 3109 2820 3167 ρδΑωωδ
2856 3109 2992 3166 LXII

272 3159 538 3203 retentum.
590 3149 950 3206 Verumtamen
979 3153 1097 3205 vani
1138 3152 1239 3222 ﬁlii
1273 3152 1566 3215 hominum,
1594 3152 1864 3208 mendaces
2503 3149 2526 3164 ³
2547 3149 2725 3166 ⁸⁸³⁵³⁸³³
2737 3149 2820 3167 νυ
2856 3149 3012 3166 ⁵⁴⁴“··

271 3243 370 3315 ﬁlii
399 3242 679 3307 hominum,
697 3245 752 3297 in
773 3245 996 3308 stateris,
1045 3254 1100 3298 ut
1129 3244 1388 3314 decipiant
1418 3245 1514 3315 ipsi
1545 3245 1607 3298 de
1634 3247 1858 3299 vanitate
1884 3227 1934 3292 (ἶ
2075 3222 2318 3281 psalmus
2357 3224 2522 3282 Dav”
2550 3240 2673 3282 cum
2693 3233 2838 3281 θεδεί
2857 3226 2911 3280 in
2937 3225 3155 3281 (³⁸⁸⁸³⁵ίο
3184 3224 3442 3281 mum-

271 3314 325 3388 si:
348 3334 589 3405 idipsum.
609 3333 786 3389 Nolite
799 3353 1010 3407 sperare
1033 3337 1088 3390 in
1112 3337 1378 3408 iniquitate
1398 3314 1446 3389 et
1467 3338 1678 3407 rapinas
1702 3339 1860 3392 nolite
2038 3335 2196 3404 Deus,
2222 3337 2362 3393 Deus
2388 3355 2549 3405 meus,
2582 3338 2652 3392 ad
2673 3347 2722 3393 te
2761 3338 2824 3392 de
2857 3339 2969 3392 luce
3011 3339 3184 3410 vigilo.
3225 3337 3398 3392 Sitivit
3425 3339 3477 3390 in
3508 3346 3553 3391 te

271 3426 659 3497 concupiscere;
691 3427 883 3482 divitiae
921 3430 967 3480 si
996 3428 1237 3499 afﬂuant.
1274 3429 1431 3482 nolite
1471 3445 1558 3482 cor
1580 3447 1851 3500 apponere.
1963 3431 2140 3486 anima
2177 3448 2311 3497 mea,
2340 3447 2495 3502 quam
2521 3430 2873 3500 multipliciter
2911 3429 3002 3483 tibi
3028 3445 3148 3482 caro
3175 3446 3306 3482 mea.
3335 3427 3398 3481 In
3421 3436 3557 3481 terra

272 3519 446 3573 Semel
465 3519 662 3574 locutus
691 3530 766 3576 est
797 3520 936 3575 Deus
954 3561 969 3584 ,
1002 3521 1102 3576 duo
1126 3523 1236 3577 lucc
1265 3525 1454 3591 audivi,
1486 3527 1606 3596 quia
1633 3535 1858 3596 potestas
1967 3522 2191 3584 deserta,
2220 3523 2358 3577 invia
2381 3531 2432 3576 et
2472 3523 2754 3594 inaquosa,
2784 3521 2859 3575 sic
2887 3523 2940 3574 in
2979 3530 3158 3573 sancto
3176 3517 3414 3591 'apparui
3443 3519 3554 3586 tibi,

270 3609 368 3662 Dei
392 3619 486 3664 est.
507 3609 578 3664 Et
608 3611 716 3676 tibi,
760 3611 1003 3678 Domine,
1037 3615 1412 3677 misericordia,
1445 3617 1564 3686 quia
1597 3625 1647 3668 tu
1674 3617 1858 3670 reddes
1966 3625 2024 3668 ut
2049 3615 2272 3668 viderem
2299 3615 2532 3668 virtutem
2579 3622 2721 3668 tuam
2747 3621 2797 3666 et
2823 3614 3042 3685 gloriam
3092 3623 3248 3668 tuam.
3299 3612 3556 3678 Quoniam

269 3703 542 3773 unicuique
564 3705 719 3774 juxta
748 3721 905 3775 opera
927 3721 1036 3758 sua.
1966 3706 2156 3760 melior
2183 3715 2259 3760 est
2279 3707 2635 3762 misericordia
2663 3715 2751 3760 tua
2780 3723 2932 3777 super
2959 3707 3109 3770 vitas,
3142 3706 3280 3760 labia
3309 3723 3423 3760 mea
3444 3708 3556 3760 lau-

843 3811 1284 3850 couueunmuu.
1969 3796 2166 3850 dabunt
2193 3807 2257 3850 te.
2285 3796 2376 3852 Sic
2416 3795 2710 3851 benedicam
2740 3805 2786 3850 te
2812 3798 2867 3850 in
2894 3798 2998 3850 vita
3027 3813 3159 3860 mea,
3190 3806 3240 3848 et
3275 3798 3328 3849 in
3354 3799 3560 3850 nomine

347 3881 403 3935 ln
449 3883 696 3939 omnibus
725 3885 944 3953 psalmis
971 3888 1229 3958 mysticus
1257 3887 1518 3941 exuberat
1540 3902 1750 3954 sensus,
1771 3888 1865 3944 sed
1972 3899 2059 3943 tuo
2089 3889 2262 3944 levabo
2310 3906 2497 3942 manus
2522 3906 2685 3942 meas.
2717 3887 2865 3942 Sicut
2893 3889 3048 3958 adipe
3073 3897 3122 3940 et
3147 3888 3453 3957 pinguedine
3481 3904 3562 3940 τες

276 3971 408 4024 mihi
430 3985 558 4026 cura
586 3975 908 4042 propensior
937 3976 1002 4030 ad
1029 3977 1291 4031 moralem
1327 3977 1759 4047 explanationem
1785 3979 1868 4034 in-
1972 3983 2174 4049 pleatur
2201 3981 2375 4032 anima
2421 3995 2555 4044 mea,
2596 3988 2646 4032 et
2674 3978 2826 4032 labiis
2851 3978 3212 4042 exsultatiouis
3239 3977 3470 4040 laudabit
3505 3995 3562 4032 os

279 4059 502 4124 cumbit,
524 4062 578 4115 in
605 4076 707 4130 qua
735 4065 927 4131 agitur,
961 4075 1018 4119 ut
1055 4067 1108 4121 id
1132 4067 1276 4137 quod
1307 4067 1568 4132 canimus,
1590 4068 1865 4127 faciamus.
1971 4086 2160 4124 meum.
2188 4070 2279 4125 Sic
2305 4085 2499 4124 memor
2520 4072 2596 4143 {ui
2631 4071 2705 4124 tui
2732 4085 2884 4140 super
2907 4079 3124 4124 stratum
3152 4087 3338 4136 meum,
3369 4070 3424 4125 in
3446 4087 3562 4124 ma-

281 4149 352 4206 Ut
377 4153 430 4206 in
455 4155 734 4224 proposito
757 4155 811 4209 in
839 4170 948 4224 quo
967 4156 1078 4212 Deo
1107 4157 1318 4214 subdita
1340 4168 1423 4214 est
1447 4159 1623 4214 anima
1651 4169 1764 4225 tua,
1793 4162 1868 4217 ita
1975 4163 2154 4217 tutinis
2181 4162 2468 4218 meditabor
2502 4165 2557 4217 in
2579 4173 2642 4228 te,
2670 4164 2793 4236 quia
2820 4163 2965 4233 fuisti
2992 4163 3202 4234 adjutor
3219 4180 3377 4219 meus.
3411 4163 3482 4219 Et
3504 4167 3562 4220 in

275 4242 419 4300 fixus
439 4255 495 4299 et
523 4245 725 4301 solidus
751 4262 989 4314 maneas,
1021 4257 1208 4305 utnon
1229 4252 1494 4307 movearis
1523 4252 1780 4322 amplius,
1809 4264 1868 4308 at
1959 4255 2256 4310 velamento
2307 4255 2509 4310 alarum
2557 4265 2760 4310 tuarum
2805 4253 3104 4320 exsultabo;
3132 4256 3352 4310 adhcsit
3383 4257 3561 4311 anirna

271 4333 403 4389 dum
428 4336 672 4390 venerint
693 4337 760 4392 ad
785 4347 837 4393 te
856 4339 1071 4408 spiritus
1093 4341 1371 4409 immundi,
1388 4354 1442 4398 et
1460 4343 1726 4398 voluerint
1755 4354 1808 4400 te
1835 4363 1867 4400 a
1972 4363 2087 4400 mea
2106 4356 2223 4418 post
2253 4357 2317 4411 te,
2361 4364 2443 4401 me
2467 4348 2694 4415 suscepit
2729 4347 2941 4400 dextera
2976 4355 3082 4400 tua.
3109 4344 3222 4418 Ipsi
3248 4365 3364 4402 vero
3393 4348 3445 4402 in
3472 4365 3561 4402 va-

269 4427 493 4483 servitio
519 4427 734 4483 Domini
761 4445 1014 4500 separare
1031 4472 1045 4496 ,
1098 4433 1402 4501 ingerentes
1432 4433 1525 4489 tibi
1551 4435 1866 4490 occasiones
1971 4453 2095 4491 num
2114 4438 2426 4508 quesierunt
2457 4438 2687 4491 animam
2715 4453 2904 4500 meam,
2928 4437 3210 4492 introibant
3230 4440 3282 4492 in
3310 4439 3560 4510 inferiora

270 4520 460 4585 malas,
489 4521 842 4590 cogitationes
867 4524 1144 4593 pessimas,
1170 4525 1318 4581 dicas
1345 4526 1424 4582 eis
1451 4545 1462 4578 :
1492 4527 1634 4581 Deus
1655 4527 1870 4598 adjutor
1893 4599 1924 4602 _
1975 4538 2142 4596 terra,
2175 4529 2442 4583 tradentur
2463 4531 2517 4583 in
2538 4546 2723 4583 manus
2751 4529 2932 4600 gladii,
2949 4537 3122 4600 partes
3147 4531 3368 4602 vulpium
3388 4540 3558 4588 erunt.

270 4624 444 4676 meus,
477 4625 576 4681 ego
601 4627 700 4696 per
721 4613 892 4682 ipsum
915 4631 1021 4670 non
1058 4617 1318 4673 movebor
1344 4619 1592 4689 amplius.
1625 4618 1734 4675 Vos
1761 4637 1863 4675 au-
1891 4599 1950 4662 Ῑ)
1976 4620 2092 4676 Rex
2134 4639 2250 4678 vero
2301 4623 2581 4687 ltctabitur,
2625 4622 2680 4676 in
2711 4599 2821 4677 Deo
2869 4599 3428 4677 laudabuntur‘omnrs
3474 4623 3561 4694 qui
3637 4651 3639 4654 ι

271 4707 384 4754 tem
407 4715 687 4770 quousque
715 4702 916 4758 irruitis
934 4705 988 4759 in
1011 4706 1274 4763 homines.
1307 4706 1375 4765 Et
1393 4709 1533 4764 sicut
1552 4710 1731 4780 paries
1751 4711 1862 4765 rui-
1968 4713 2156 4782 jurant
2192 4707 2277 4766 in‘
2292 4731 2353 4766 eo
2377 4755 2391 4777 ,
2453 4714 2570 4785 quia
2611 4712 2925 4767 obstructum
2991 4724 3066 4767 est
3130 4731 3186 4768 os
3251 4715 3560 4785 loquentium

268 4793 344 4846 tis
370 4807 532 4862 super
556 4793 832 4850 universos
861 4811 976 4863 nos,
1008 4799 1098 4867 qui
1127 4807 1182 4852 et
1207 4814 1385 4864 meum
1405 4799 1668 4855 honorem
1697 4801 1865 4856 vultis
1969 4804 2169 4875 iniqua.

267 4898 298 4936 a
339 4897 421 4937 me
442 4884 718 4954 repellere,
745 4886 857 4940 sive
876 4889 1264 4956 pretiositatem
1280 4905 1454 4945 meam
1474 4892 1634 4946 vilem
1663 4892 1861 4948 facere.

1371 4906 1454 4944 am
1474 4892 1634 4946 vilem
1663 4892 1861 4948 facere.
2551 4890 2985 4930 COIIBNTAIIUI.

269 4973 344 5027 Et
362 4990 481 5029 cum
513 4977 657 5030 sitim
703 4978 927 5033 habeam
956 4982 1128 5035 sancti
1154 4983 1439 5052 propositi,
1473 4991 1528 5037 et
1547 4983 1791 5039 sitienter
1809 4985 1862 5039 in
2046 4985 2105 5040 In
2131 4994 2249 5040 toto
2274 4986 2530 5055 psalterio
2559 4999 2820 5054 nusquam
2849 4987 3106 5055 invenies,
3130 4988 3307 5046 Orabo
3347 5000 3422 5053 te,
3452 4990 3558 5044 Do—

266 5082 344 5116 en
385 5071 617 5131 curram,
670 5083 766 5123 vos
818 5085 913 5124 ore
939 5080 1121 5126 vestro
1166 5073 1512 5138 benedicitis,
1552 5074 1606 5127 id
1634 5083 1735 5137 est,
1767 5076 1866 5130 sub
1977 5079 2143 5142 mine,
2167 5078 2299 5132 hora
2321 5059 2643 5147 quacunque
2670 5078 2771 5134 alia
2790 5121 2805 5145 ,
2830 5081 2930 5137 nisi
2958 5085 3251 5149 matutino,
3293 5098 3451 5139 mane
3477 5081 3558 5134 di-

267 5157 456 5225 specie
483 5157 610 5212 boni
639 5159 843 5213 consilii
873 5161 1152 5217 suasiones
1181 5162 1401 5216 aﬂ‘ertis.
1434 5163 1540 5218 Sed
1567 5166 1732 5220 corde
1752 5181 1868 5220 ma-
1977 5168 2178 5223 Iaculo.
2211 5167 2328 5235 Quo
2357 5169 2502 5225 dicto
2531 5185 2638 5225 non
2667 5178 2878 5242 tempus
2905 5174 3188 5244 signiﬁcat,
3229 5173 3324 5228 sed
3369 5183 3559 5240 pecu-

269 5247 526 5313 lcdicitis,
554 5250 604 5305 id
625 5259 727 5314 est,
771 5252 874 5307 hoc
901 5255 1046 5322 quod
1074 5255 1274 5310 bonum
1325 5255 1500 5312 dicitis
1547 5272 1642 5312 ore
1687 5267 1867 5314 vestro
1973 5271 2155 5317 torum
2185 5272 2342 5319 nocte
2368 5273 2637 5322 transacta
2656 5309 2670 5334 ,
2701 5277 2756 5326 et
2787 5272 3124 5326 tenebrarum
3155 5269 3370 5322 exclusa
3399 5263 3558 5332 perli-

269 5338 474 5392 malum
506 5341 634 5396 mihi
660 5351 715 5396 et
735 5346 1096 5413 perniciosum
1139 5348 1414 5418 probatis.-
1433 5349 1725 5405 Audiamus
1753 5351 1864 5405 sol-
1975 5354 2063 5410 dia
2113 5364 2287 5410 cessat
2318 5355 2630 5423 dormitare,
2663 5369 2718 5414 et
2739 5361 2962 5430 vigilare
2989 5360 3188 5422 studet,
3229 5365 3284 5410 et
3313 5353 3474 5409 veluti
3503 5355 3555 5408 in

270 5430 423 5486 licite
475 5433 649 5488 locum
700 5436 881 5491 istum.
910 5438 1117 5494 Dantur
1153 5441 1307 5496 nobis
1335 5457 1364 5495 a
1404 5442 1679 5498 daemoniis
1723 5445 1866 5500 bona
1973 5446 2210 5503 diluculo
2230 5449 2438 5504 initium
2467 5451 2602 5506 lucis
2631 5459 2733 5507 tua:
2758 5453 3046 5521 accipiens,
3072 5447 3256 5514 incipit
3282 5445 3432 5500 sitire
3462 5445 3558 5502 Ιὶο-

271 5521 502 5576 consilia
532 5524 688 5594 plena
715 5525 870 5591 dolis,
895 5543 1134 5585 emamus
1161 5539 1217 5586 et
1240 5534 1613 5600 revendamus,
1637 5545 1692 5590 et
1716 5536 1860 5591 lucra
1971 5541 2201 5607 minam,
2229 5559 2335 5597 non
2383 5544 2557 5597 solum
2587 5544 2767 5596 animo
2796 5543 2890 5595 sed
2918 5549 2973 5595 et
3001 5552 3246 5606 corpore,
3284 5545 3346 5591 ut
3381 5538 3559 5595 vident

271 5615 602 5684 pauperibus
628 5631 930 5685 erogemus.
962 5620 1205 5692 Nunquid
1219 5640 1324 5679 non
1351 5627 1504 5695 quasi
1533 5628 1729 5682 bonum
1757 5638 1857 5693 est,
1971 5630 2226 5686 virtutem
2256 5633 2372 5701 ejus
2398 5642 2454 5687 et
2480 5633 2704 5700 gloriam
2749 5630 2885 5697 ejus.
2929 5627 3078 5680 Tunc
3114 5629 3389 5696 cognoscit
3434 5632 3557 5700 quia

271 5705 371 5759 sed
398 5722 503 5760 non
533 5710 796 5778 permittit
825 5719 876 5764 te
920 5711 1024 5766 hoc
1063 5729 1226 5784 opere
1265 5717 1466 5773 intrare
1513 5719 1565 5772 in
1593 5723 1860 5788 potentias
1972 5723 2168 5777 melior
2210 5716 2292 5777 est
2317 5720 2682 5777 misericordia
2731 5720 2849 5787 ejus
2877 5728 3040 5786 super
3075 5716 3259 5772 vitam.
3293 5717 3360 5773 Et
3406 5720 3560 5778 labiis

274 5798 510 5856 Domini.
565 5800 693 5854 Item
723 5795 1017 5872 prmsentes
1065 5807 1317 5873 pecunias
1344 5821 1684 5876 reponamus,
1717 5811 1858 5866 unde
1920 5814 2185 5932 ‘mundis
2208 5830 2237 5866 a
2267 5813 2394 5866 dolo
2423 5810 2602 5865 laudat
2633 5809 3154 5874 Dominum,rogans
3176 5819 3235 5866 ut
3265 5811 3335 5866 ita
3365 5815 3414 5867 ei
3441 5831 3558 5884 pro.
