4088 6346
554 319 652 388 tu

1883 307 2154 372 ARNOBH
2193 305 2499 374 JUNIORIS

3745 319 3844 377 412

552 435 732 504 veniat
771 431 1008 506 gugndiu
1055 427 1204 502 vivit,
1253 429 1328 484 sic
1370 435 1428 502 ut
1455 425 1740 498 benedicat
1767 426 2052 484 Dominum
2083 429 2135 481 in
2165 427 2214 486 Α
2243 438 2425 482 contra
2469 447 2554 484 eos
2585 431 2774 504 lingua:
2805 419 3002 484 eorum.
3055 429 3356 484 Conturbati
3385 441 3504 485 stltll
3539 449 3716 486 omnes
3761 441 3842 508 qui

551 530 660 590 vita
689 542 805 594 sua.
837 523 976 594 Elin
1001 519 1345 588 similitudine
1364 521 1540 594 crucis
1569 520 1766 578 Christi
1791 521 1934 598 levet
1947 537 2144 594 manus

551 635 698 684 suas,
723 628 780 676 ut
831 618 970 678 sicut
1011 615 1168 688 adipe
1214 621 1270 688 et
1313 611 1638 690 pinguedine
1666 613 1939 690 repleatur
1967 615 2144 692 anima

551 711 686 780 ejus.
733 709 950 782 Pinguis
989 707 1081 762 tiat
1121 709 1174 762 in
1213 722 1400 780 amore
1429 707 1542 774 Dei,
1571 714 1626 766 et
1649 707 1792 772 labia
1820 707 1936 780 ejus
1965 709 2144 770 exsul,-

553 805 754 864 tatione
781 804 960 876 plena,
1007 819 1114 860 non
1144 801 1466 860 necessitate
1494 810 1702 866 coacta,
1745 801 1840 858 sed
1869 802 2144 882 beneﬁciis

547 906 842 972 provocato
871 895 1099 966 laudent
1129 911 1323 952 nomen
1349 894 1488 964 ejus.
1521 893 1636 950 Hoc
1663 895 1714 950 ei
1741 895 1936 960 evenit,
1969 895 2016 950 si
2038 911 2144 952 mc-

547 1006 668 1052 mor
699 989 798 1044 fuit
823 987 919 1044 Dei
949 1003 1113 1060 super
1131 995 1365 1044 stratum
1397 985 1532 1058 ejus,
1563 995 1618 1042 et
1651 987 1738 1046 ubi
1770 987 1906 1042 alius
1932 1003 2140 1042 memo-

547 1091 697 1140 ratur
725 1083 970 1148 luxurizc,
1001 1096 1104 1150 ego
1131 1081 1227 1136 Dei
1257 1095 1466 1134 memor
1516 1079 1569 1136 in
1613 1079 1888 1144 matutinis
1916 1079 2142 1134 medita-

547 1177 648 1234 bor
677 1177 730 1234 in
759 1191 846 1242 eo,
872 1175 998 1246 quia
1021 1175 1135 1246 ipse
1156 1182 1241 1230 est
1269 1173 1483 1250 adjutor
1503 1189 1673 1229 meus.
1701 1172 1935 1228 Dicendo
1981 1189 2142 1244 super

547 1278 796 1335 stratum,
845 1277 900 1334 et
947 1265 1191 1324 addendo
1221 1265 1572 1338 ladjutorium,
1604 1266 1838 1338 ostendit
1883 1281 1981 1338 per
2023 1267 2142 1338 ejus

549 1361 806 1416 auxilium
835 1359 1075 1430 potuisse
1101 1375 1158 1428 se
1202 1359 1572 1416 castimoniam
1603 1359 1918 1414 obtinuisse.
1951 1357 2018 1412 Et
2056 1374 2143 1414 se-

548 1454 732 1524 quitur
759 1469 869 1522 quo
900 1451 1087 1508 ordine
1132 1451 1387 1510 auxilium
1441 1459 1833 1522 consequatur;
1877 1452 2142 1508 daemonia

549 1529 694 1600 enim
751 1547 984 1614 animam
1031 1561 1127 1616 per
1155 1543 1390 1600 libidinis
1427 1544 1612 1600 luxum
1651 1553 1898 1616 qumrunt
1925 1561 2137 1616 capere.

525 1639 656 1694 .Sed
679 1639 786 1702 iste
816 1638 938 1704 audi
960 1637 1086 1708 quid
1118 1635 1292 1692 dicat:
1339 1636 1396 1692 In
1424 1653 1642 1702 vanum,
1673 1637 1862 1708 inquit,
1914 1638 2141 1710 qumsie-

552 1741 677 1784 runt
705 1731 936 1800 animam
965 1745 1160 1784 meam.
1195 1727 1262 1784 Et
1312 1744 1416 1798 qua
1443 1729 1656 1786 ratione
1683 1746 1790 1784 non
1838 1731 1909 1786 sit
1955 1741 2143 1804 captus

2250 523 2606 590 videbanteos,
2631 535 2680 579 et
2703 527 2870 580 timuit
2895 525 3061 580 cuntis
3101 523 3271 578 homo.
3307 521 3376 602 t
3404 527 3843 584 annuntiauemnt

2249 636 2405 692 opera
2435 619 2552 685 Dei,
2585 631 2632 674 et
2662 622 2802 692 facta
2828 622 2939 692 ejus
2963 619 3344 676 intellexentnt.
3373 617 3662 674 La’tabitur
3675 623 3842 694 justas

2247 712 2300 786 in
2335 711 2578 780 Domino,
2629 723 2678 767 et
2714 711 2940 786 sperabit
2977 713 3030 788 in
3079 729 3159 778 eo,
3191 721 3242 764 et
3291 712 3640 768 laudabuntur
3669 731 3840 770 omnes

2246 807 2370 872 recti
2389 807 2560 864 corde.

2819 893 3252 938 COMMENTARIUI.

2319 989 2550 1066 Exaudi,
2577 993 2736 1058 Deus,
2765 995 3067 1054 orationem
3099 1011 3273 1050 meam
3303 1011 3426 1070 cuum
3457 997 3706 1064 tribulor,
3731 997 3841 1053 sive

2246 1099 2368 1140 cum
2393 1083 2674 1160 deprecor.
2708 1085 2879 1154 Quam
2929 1089 3267 1142 orationem?
3295 1085 3338 1143 A
3366 1089 3582 1158 timore,
3613 1091 3710 1152 ait,
3743 1090 3841 1144 ini-

2245 1175 2372 1232 mici
2403 1177 2550 1248 eripe
2571 1179 2802 1250 animam
2835 1194 3033 1244 meam,
3075 1179 3168 1250 qui
3211 1180 3494 1252 protexisti
3521 1196 3611 1234 me
3639 1196 3670 1234 a
3709 1195 3839 1234 con-

2246 1278 2411 1326 ventu
2455 1269 2878 1340 malignantium,
2937 1279 2992 1326 et
3040 1286 3070 1324 a
3109 1269 3452 1332 multitudine
3503 1272 3838 1344 operantium

2248 1361 2604 1432 iniquitatem,
2632 1361 2730 1428 'l‘u,
2759 1363 3007 1426 Domine,
3037 1379 3066 1424 a
3090 1365 3283 1438 timore
3305 1363 3504 1419 inimici
3523 1365 3698 1418 libera
3732 1365 3838 1418 ani-

2247 1467 2388 1505 mam
2417 1467 2623 1520 meam,
2659 1453 2773 1523 ipsa
2799 1454 2940 1508 enim
2971 1455 3208 1524 suscepit
3239 1453 3292 1508 in
3333 1469 3392 1508 se
3425 1453 3690 1524 Spiritum
3721 1469 3836 1508 san-

2247 1551 2411 1598 ctum.
2445 1543 2538 1598 Isti
2568 1553 2750 1598 autem
2799 1546 3008 1614 sagittis
3051 1548 3104 1601 in
3143 1561 3332 1600 amaro
3380 1561 3508 1600 arcu
3533 1547 3760 1616 paratis,
3790 1546 3837 1601 in

2247 1635 2461 1690 occulto
2491 1637 2792 1692 consistunt
2807 1647 3046 1706 agentes,
3073 1647 3132 1692 ut
3155 1639 3408 1706 sagittent
3435 1639 3489 1692 in
3513 1637 3733 1692 occulto
3751 1639 3838 1692 lin-

2247 1727 2594 1782 maculatum.
2629 1727 2832 1786 Tamen
2861 1730 2906 1785 si
2938 1747 3044 1786 non
3083 1731 3424 1788 consenserit
3451 1731 3638 1796 homo,
3683 1731 3836 1785 etiam

555 1827 776 1898 expauit
809 1845 821 1878 :
852 1825 907 1888 lu
938 1826 1262 1890 velamento,
1307 1825 1509 1894 inquit,
1542 1825 1748 1880 alarum
1779 1832 1988 1880 tuarum
2020 1842 2143 1898 spe-
2172 1819 2220 1880 B
2246 1819 2292 1874 si
2313 1820 2690 1887 sagittaverint
2715 1837 2857 1888 cum,
2897 1839 3004 1878 non
3045 1822 3276 1890 timebit,
3299 1838 3408 1880 non
3441 1821 3710 1886 abscedit,
3743 1829 3836 1876 stat

527 1922 686 1986 ‘ravi,
719 1921 940 1978 adhaesit
971 1920 1148 1976 anima
1172 1935 1291 1986 mea
1317 1927 1442 1992 post
1471 1927 1542 1987 te,
1560 1933 1646 1978 me
1667 1920 1902 1990 suscepit
1928 1920 2148 1974 dextera

551 2022 661 2076 tua.
689 2011 755 2066 Et
771 2013 1068 2072 siclaetum
1093 2019 1175 2066 est
1199 2019 1264 2080 ,ut
1286 2011 1338 2084 in
1358 2027 1558 2070 vanum
1581 2005 1887 2084 quaarerent
1914 2012 2145 2066 animam

550 2121 747 2170 meam,
779 2105 878 2176 ipsi
907 2103 1076 2173 magis
1093 2103 1344 2172 fugerunt
1371 2104 1497 2166 dum
1527 2119 1614 2160 me
1641 2103 2148 2174 qumruntJngressi

549 2207 674 2262 sunt
704 2199 754 2252 in
787 2197 1040 2254 inferiora
1071 2205 1246 2264 torrat,
1291 2204 1654 2270 pervenerunt
1683 2213 1852 2268 usque
1899 2197 1966 2252 ad
2015 2197 2149 2252 iule-

551 2293 693 2346 riora
720 2290 985 2362 corporis.
999 2287 1324 2346 Invenerunt
1347 2289 1420 2354 ibi
1440 2289 1672 2360 gladium
1689 2277 1840 2346 verbi
1865 2289 1957 2345 Dei
1986 2306 2150 2362 super

550 2381 722 2438 femur
741 2381 1191 2452 potentissimum,
1207 2389 1262 2436 et
1277 2381 1350 2440 ibi
1366 2379 1543 2436 traditi
1553 2389 1678 2436 sunt
1693 2382 1745 2436 in
1765 2397 1952 2436 manus
1968 2381 2144 2450 gladii.

552 2475 716 2530 Natat
761 2475 832 2532 ibi
862 2481 1076 2532 amator
1101 2475 1400 2542 castitatis,
1429 2489 1538 2544 quo
1588 2473 1776 2530 ordine
1813 2474 2032 2542 castitas
2057 2491 2150 2540 ca-

552 2568 803 2624 stoditur.
837 2567 946 2640 Ipsi
977 2569 1120 2628 enim
1145 2569 1236 2638 qui
1263 2575 1513 2636 quaerunt
1540 2568 1774 2630 animam
1805 2576 1950 2624 tuam
1981 2567 2045 2622 ad
2079 2567 2154 2622 in-

552 2660 750 2718 feriora
791 2670 948 2718 terra:
997 2671 1100 2724 tua:
1147 2663 1488 2734 perveniunt,
1520 2670 1580 2716 tu
1603 2662 1784 2720 statim
1823 2663 1865 2718 si
1919 2662 2152 2730 gladium

551 2769 716 2826 super
741 2755 948 2812 femore
977 2757 1184 2814 cinctus
1209 2757 1395 2822 fueris,
1419 2757 1524 2820 hoc
1543 2771 1639 2812 eos
1659 2756 1848 2826 gladio
1869 2771 2032 2816 manu
2063 2763 2150 2812 tua

551 2847 794 2918 partibus
823 2847 1010 2906 mittis.
1045 2847 1189 2904 Sane
1219 2847 1514 2906 notandum
1536 2847 1682 2918 quod
1707 2855 1890 2918 partes
1915 2847 2044 2918 ipsae.
2073 2846 2152 2900 fa-

553 2949 656 2995 cta:
682 2940 750 2996 de
785 2941 884 3006 eis,
909 2957 1018 2997 non
1047 2941 1228 2996 avium
1251 2949 1346 2995 aut
1369 2940 1704 3018 canum,_sed
1732 2940 1994 3010 vulpium,
2025 2939 2150 3008 quia

551 3041 608 3087 et
635 3049 796 3090 canes
824 3043 880 3090 et
907 3050 1036 3090 aves
1063 3034 1241 3090 solent
1287 3033 1516 3105 perdere
1558 3042 1742 3104 partes
1777 3049 1922 3089 suas.
1951 3033 2152 3102 Vulpes

554 3139 664 3184 tam
692 3135 870 3184 astute
897 3135 1081 3196 agunt,
1114 3135 1174 3182 ut
1219 3141 1326 3182 non
1355 3127 1530 3183 solum
1572 3143 1698 3182 suas
1745 3142 1852 3182 non
1899 3125 2148 3196 perdant,

2253 1914 2500 1988 viriliter,
2549 1923 2606 1972 ut
2653 1924 2936 1986 recuperet
2973 1916 3258 1990 sanitatem
3289 1917 3620 1984 vulneratus.
3657 1913 3730 1970 Ut
3771 1915 3836 1970 illi

2253 2016 2431 2064 autem
2472 2007 2800 2082 afﬁrmantes
2827 2009 2928 2068 sibi
2955 2009 3178 2080 verbum
3207 2010 3482 2080 jnjustum,
3513 2010 3565 2063 in
3601 2025 3713 2080 quo
3739 2009 3834 2064 dis~

2249 2107 2459 2172 putant,
2494 2107 2554 2156 ut
2582 2101 2880 2156 abscondat
2923 2101 3164 2174 laqueos.
3199 2099 3264 2156 Et
3293 2102 3416 2157 audi
3446 2102 3576 2172 quid
3617 2101 3832 2157 dicant:

2251 2189 2548 2246 luvisibiles
2567 2193 2646 2248 eis
2669 2209 2872 2260 sumus,
2901 2211 3006 2250 non
3031 2193 3288 2250 videbunt
3313 2211 3429 2250 nos.
3463 2193 3530 2248 Et
3551 2195 3674 2250 ideo
3695 2211 3832 2250 scru-

2253 2291 2436 2338 tantur
2477 2283 2638 2340 corda
2663 2285 2964 2342 hominum
3017 2286 3214 2356 iniquis
3259 2287 3603 2356 ambagibus,
3631 2285 3722 2342 sed
3747 2301 3832 2358 per

2251 2379 2476 2444 gratiam
2513 2379 2606 2434 Dei
2639 2377 2897 2434 deliciunt
2943 2387 3246 2435 scrutantes
3274 2381 3556 2434 scrutinio.
3591 2379 3827 2433 Videutes

2253 2485 2312 2524 se
2339 2469 2626 2534 defecisse,
2662 2479 2718 2528 et
2767 2472 3044 2544 hominem
3093 2473 3352 2528 accedere
3402 2473 3467 2530 ad
3513 2471 3827 2542 superiorem

2251 2561 2472 2630 gradum
2497 2563 2737 2634 justitiae,
2771 2563 2972 2620 faciunt
3001 2565 3050 2620 ei
3079 2581 3174 2622 cor
3201 2565 3385 2630 altum,
3435 2573 3494 2620 ut
3523 2579 3622 2634 per
3657 2563 3832 2618 elatio-

2253 2669 2376 2709 nem
2408 2655 2586 2722 cordis
2606 2656 2740 2728 ejus,
2773 2659 3004 2712 exsultet
3047 2673 3107 2712 se
3133 2657 3275 2712 Deus
3303 2658 3371 2712 ab
3401 2673 3485 2714 eo.
3511 2658 3826 2726 Quantaeun

2253 2763 2359 2818 que
2411 2748 2571 2816 igitur
2619 2750 2670 2802 in
2715 2759 2796 2816 te,
2831 2766 2863 2804 ο
2895 2749 3205 2814 Psalmista,
3249 2750 3418 2806 virtus
3463 2747 3829 2804 contemnendi

2253 2843 2572 2906 concrescit,
2607 2851 2757 2898 tanto
2802 2843 3029 2900 altitudo
3075 2843 3226 2900 cordi
3277 2859 3376 2900 suo
3415 2843 3710 2904 decrescat.
3759 2841 3828 2900 ln-

2253 2934 2404 3000 siste,
2433 2936 2550 3007 quia
2581 2937 2748 2990 omnis
2783 2937 2876 3008 qui
2903 2954 2960 2992 se
3003 2937 3202 2992 exultat
3243 2937 3598 2998 humiliabitur
3631 2935 3828 3008 (Matth.

2255 3026 2426 3096 xxxii).
2459 3027 2608 3084 Tunc
2637 3030 2844 3098 sagitta:
2873 3028 3218 3100 parvulorum
3249 3028 3382 3084 ﬁunt
3419 3029 3592 3098 plaga:
3638 3045 3828 3094 eorum,

2253 3119 2468 3184 dabitur
2505 3129 2747 3192 potestas
2773 3123 2936 3182 etiam
2965 3123 3142 3194 parvis
3181 3121 3460 3188 desideriis
3489 3124 3618 3190 tuis,
3649 3123 3734 3192 qui
3785 3123 3829 3182 in

553 3220 650 3288 sed
675 3229 734 3276 et
779 3193 990 3276 alienas
1039 3227 1094 3275 et
1141 3217 1396 3276 fortiores
1423 3235 1482 3276 se
1529 3227 1873 3290 praesumant.
1903 3193 2146 3287 Denique
2251 3213 2470 3278 Christo
2493 3223 2638 3270 sunt.
2669 3214 2928 3284 Parvulis,
2971 3217 3212 3286 inquam,
3243 3233 3372 3274 mox
3397 3217 3542 3274 natis
3571 3233 3638 3274 ex
3663 3227 3714 3272 te
3747 3216 3828 3270 de-

552 3312 898 3385 physiologus
913 3311 1078 3368 refert
1087 3327 1306 3384 semper
1317 3312 1530 3384 vulpem
1555 3311 1608 3386 in
1629 3311 1838 3368 insidiis
1857 3325 1976 3366 esse
1991 3310 2116 3380 lupo
2131 3329 2145 3378 ;

553 3413 612 3462 ut
637 3404 726 3460 ubi
752 3404 870 3474 ejus
897 3403 1132 3460 senserit
1157 3404 1396 3474 prtedam
1437 3403 1733 3470 occultam,
1766 3403 1939 3474 rapiat
1971 3403 2040 3458 ei.
2071 3402 2148 3458 lla

552 3509 608 3556 et
635 3508 690 3554 tu
719 3498 984 3556 castitatis
1009 3507 1240 3566 amator,
1285 3514 1396 3554 non
1445 3497 1622 3554 solum
1664 3505 1812 3554 tuam
1843 3497 2148 3564 castitatem

553 3606 770 3656 serves;
801 3589 896 3644 sed
943 3605 1038 3648 eos
1077 3605 1214 3660 quos
1253 3590 1522 3660 prmdatus
1547 3597 1662 3654 est,
1713 3597 1830 3644 arte
1859 3605 1964 3662 qua
1995 3598 2150 3660 potes

554 3683 708 3752 quasi
737 3691 948 3738 astutus
996 3683 1210 3753 eripias,
1253 3692 1312 3738 ut
1340 3683 1538 3738 astutia
1585 3691 1706 3750 tua,
1736 3683 1890 3752 quasi
1919 3683 2105 3752 vulpes
2129 3722 2144 3748 ,

553 3783 734 3846 partes
763 3773 1078 3830 daemonum
1112 3773 1315 3843 rapiat,
1355 3774 1576 3828 castitas
1617 3773 1898 3840 comedat,
1927 3783 1982 3828 et
2031 3774 2146 3844 ipsa

552 3874 837 3922 consumat
875 3865 930 3920 in
960 3865 1042 3922 his
1087 3863 1260 3920 factis.
1293 3864 1411 3922 Rex
1434 3873 1556 3932 tuus
1575 3865 1830 3920 .Cbristus
1853 3865 2021 3922 Filius
2052 3867 2146 3924 Dei

553 3957 890 4044 lactabiturin
935 3955 1096 4014 Patre
1141 3963 1198 4044 e't
1233 3956 1440 4028 Spiritu
1475 3965 1692 4020 sancto,
1741 3965 1796 4012 et
1845 3957 2148 4014 laudabitur

551 4050 728 4108 Omnis
755 4049 846 4120 qui
871 4049 1020 4118 jurat
1061 4050 1112 4104 in
1135 4063 1222 4113 eo,
1251 4064 1358 4106 non
1393 4046 1702 4116 iuramento
1723 4047 1790 4104 ad
1815 4048 2144 4108 satisfactio-

461 4131 472 4144 ’
549 4156 676 4196 nem
707 4140 960 4216 hominis,
991 4139 1086 4196 sed
1109 4140 1232 4210 jura
1271 4155 1392 4210 quae
1427 4141 1480 4196 in
1509 4155 1576 4196 eo
1603 4149 1728 4198 sunt
1753 4142 2140 4198 conservando.

552 4233 673 4300 Quo
699 4233 862 4298 facto,
887 4233 1182 4290 obstruitur
1202 4249 1264 4292 os
1301 4233 1638 4304 loquentium
1665 4235 1866 4306 iniqua.
1899 4234 2016 4290 Non
2047 4251 2148 4296 au—_

550 4323 754 4382 dabunt
781 4322 1056 4382 daemones
1101 4323 1248 4392 loqui
1267 4323 1380 4392 jam
1421 4333 1516 4380 tuo
1547 4325 1696 4380 cordi
1745 4325 2032 4396 superﬂua,
2063 4325 2145 4380 fa-

551 4417 732 4472 ciente
757 4415 960 4472 auxilio
991 4415 1204 4472 Domini
1229 4416 1404 4472 nostri
1423 4415 1552 4482 Jesu
1577 4415 1798 4482 Christi,
1831 4418 1922 4487 qui
1957 4427 2146 4488 regnat

549 4523 670 4576 cum
701 4503 862 4564 Patre
903 4516 956 4564 et
1001 4506 1206 4578 Spiritu
1241 4515 1430 4572 sancto
1475 4508 1528 4566 in
1575 4508 1772 4572 saecula
1799 4509 2139 4574 saeculorum.

551 4599 744 4664 Amen.
1229 4661 1232 4666 _

1071 4667 1385 4736 PSALMUS
1413 4667 1600 4742 ,Lxm.

975 4761 1030 4818 In
1069 4765 1227 4819 tinem
1257 4765 1496 4835 psalmus
1521 4753 1708 4821 David.

619 4877 849 4944 Exaudi,
879 4877 1032 4946 Deus,
1059 4881 1346 4936 orationem
1377 4895 1546 4936 mearis
1569 4899 1684 4937 cum
1713 4883 1975 4954 deprecor,
2005 4903 2036 4939 a
2066 4887 2134 4940 ti-

547 4987 688 5034 more
739 4973 938 5034 inimici
982 4975 1123 5044 eripe
1161 4975 1394 5038 animum
1421 4991 1618 5034 nteant.
1660 4975 1952 5032 Protoxisti
1992 4995 2074 5036 me
2101 4996 2132 5031 a

545 5071 790 5116 roraverint
819 5063 1232 5133 malignantium,
1255 5081 1288 5118 a
1317 5065 1644 5128 multimdine
1669 5069 1998 5138 operantium
2027 5071 2132 5124 ini.

543 5157 809 5228 quitatem.
835 5152 972 5220 Quia
1017 5169 1332 5228 exusserant.
1367 5160 1578 5232 linguas
1615 5177 1738 5222 suos
1756 5205 1771 5228 ,
1803 5163 2138 5222 inteiiderunt

543 5263 718 5302 arcum
749 5263 856 5302 rem
875 5263 1128 5316 amaram,
1153 5259 1210 5302 ut
1233 5251 1484 5322 sagittent
1505 5254 1562 5307 in
1591 5253 1806 5314 occultis
1833 5256 2138 5312 immacula-

541 5349 666 5404 tum.
691 5341 878 5402 Subito
901 5343 1220 5414 sagittabunt
1247 5361 1361 5400 eum
1389 5355 1438 5400 et
1467 5363 1572 5402 non
1605 5346 1868 5412 timebunt,
1891 5349 2136 5418 ﬁrmaue—

539 5443 658 5488 rant
681 5432 780 5488 sibi
799 5451 1086 5492 sermonem
1105 5453 1346 5508 nequam.
1383 5435 1748 5492 Narrauerunt
1773 5448 1830 5492 ut
1851 5437 2137 5494 absconde-

539 5535 650 5578 rem
679 5525 923 5597 laqueos;
947 5529 1212 5594 dixerunt,
1247 5529 1374 5594 Quis
1403 5528 1591 5584 videbit
1609 5531 1736 5586 eos?
1763 5529 1996 5586 Scrutati
2017 5541 2140 5586 sunt
2189 5549 2194 5552 ·

541 5616 856 5686 iniquitates,
905 5619 1202 5690 defecerunt
1249 5629 1541 5676 scrutantes
1591 5621 1858 5676 scrutinio.
1917 5621 2136 5676 Accedet

541 5705 690 5760 homo
719 5708 906 5768 ads-cor
933 5710 1126 5776 altum,
1149 5721 1199 5774 et
1227 5710 1543 5768 exaltabitur
1569 5711 1728 5770 Deus.
1763 5713 1984 5785 Sagitta
2013 5731 2138 5768 oar-

540 5797 772 5856 uulorum
817 5800 971 5868 facta
1013 5811 1134 5864 sunt
1175 5803 1348 5872 plaga:
1383 5821 1582 5869 eorum,
1614 5813 1664 5859 et
1705 5801 1987 5872 infirmatis
2013 5819 2136 5864 sunt

2253 3305 2463 3368 sideriis
2509 3305 2844 3378 spiritalibus
2889 3309 3105 3364 dabitur
3143 3309 3348 3374 v‘irtus,
3391 3318 3448 3366 ut
3479 3311 3686 3378 sagittis
3727 3309 3828 3364 suis

2253 3400 2436 3472 plagas
2463 3400 2796 3458 daemonibus
2825 3401 3056 3478 faciant,
3075 3413 3130 3458 et
3148 3419 3248 3476 pro
3277 3404 3446 3462 nihilo
3471 3411 3828 3478 computantcs

2251 3509 2366 3560 eos,
2397 3501 2584 3550 contra
2635 3495 2780 3564 ipsos
2831 3481 3028 3552 faciant
3071 3495 3278 3564 linguas
3318 3511 3522 3560 eorum,
3571 3497 3622 3554 id
3657 3505 3734 3550 est
3761 3510 3824 3548 ea

2250 3602 2370 3656 qua:
2395 3590 2778 3656 suggesserim,
2800 3599 2988 3646 contra
3019 3606 3114 3646 eos
3133 3591 3336 3650 reverti
3361 3591 3532 3646 iaciat.
3562 3589 3686 3655 Quia
3711 3590 3816 3642 sie-

2251 3685 2310 3732 ut
2343 3679 2388 3732 si
2417 3681 2870 3746 consenserimus,
2899 3681 3045 3751 ipsos
3069 3682 3422 3738 vulneramus.
3443 3681 3500 3736 ln
3520 3681 3618 3738 hac
3639 3678 3816 3746 regula

2251 3771 2428 3824 omnis
2443 3771 2607 3826 homo
2629 3773 2722 3841 qui
2751 3789 2851 3828 nos
2879 3775 3193 3844 cognoverit
3221 3789 3402 3844 agere,
3419 3774 3620 3828 timebit
3637 3771 3822 3836 Deum,

2251 3869 2306 3916 et
2333 3862 2677 3918 annuntiabit
2727 3879 2892 3934 opera
2942 3865 3078 3934 ejus,
3113 3873 3167 3920 et
3221 3865 3362 3922 facta
3403 3865 3518 3936 ejus
3557 3863 3824 3936 intelliget.

2248 3951 2430 4020 Justus
2476 3963 2654 4014 autem
2696 3957 2786 4024 qui
2841 3965 2943 4022 est,
2973 3973 3082 4014 non
3127 3957 3423 4014 tristabitur
3473 3957 3528 4012 in
3581 3955 3828 4022 adversis,

2248 4045 2344 4102 sed
2389 4046 2654 4104 laetabitur
2681 4049 2736 4102 in
2779 4049 3032 4116 Domino,
3079 4059 3136 4106 et
3171 4051 3410 4121 sperabit
3449 4051 3504 4106 in
3531 4065 3618 4116 eo,
3639 4057 3692 4104 et
3735 4047 3832 4108 erit

2249 4137 2366 4194 laus
2387 4139 2637 4194 omnibus
2663 4141 2828 4204 rectis
2847 4141 3014 4198 corde
3041 4143 3096 4198 in
3125 4141 3344 4200 Christo
3373 4143 3603 4198 Domino
3629 4147 3826 4204 nostro,

2247 4229 2339 4298 qui
2361 4239 2550 4300 regnat
2573 4231 2628 4284 in
2657 4233 2854 4290 saecula
2875 4234 3214 4306 seculorum.
3243 4235 3436 4290 Amen.

2771 4345 3088 4402 PSALMUS
3125 4347 3308 4402 LXIV.

2245 4432 2303 4490 In
2322 4433 2494 4506 finem
2524 4435 2760 4505 psalmus
2786 4437 2952 4492 David
2989 4439 3256 4494 canticum
3285 4439 3483 4506 Aggiei,
3509 4439 3758 4495 Jeremite
3779 4447 3829 4492 et

2319 4504 2637 4584 Ezechielis,
2667 4507 2738 4584 de
2762 4508 2936 4584 verbo
2965 4504 3519 4584 peregrinationis,_ct
3540 4511 3612 4584 de
3641 4509 3830 4584 populo

2163 4571 2220 4648 Ι)
2317 4578 2822 4646 transmigrationis,
2854 4571 2980 4634 cuni
3004 4571 3303 4652 inciperent
3333 4571 3626 4652 proﬁcisci.

2322 4691 2394 4746 Te
2413 4691 2556 4746 decet
2577 4693 2816 4764 hymnus,
2851 4692 3012 4760 Deus,
3040 4695 3092 4750 in
3115 4694 3266 4762 Sion,
3295 4707 3346 4750 et
3375 4697 3466 4752 tibi
3495 4697 3743 4754 reddetur
3767 4714 3842 4752 ro-

2247 4791 2352 4838 tum
2373 4783 2428 4837 in
2453 4783 2762 4840 Jerusalem.
2793 4784 3005 4840 Exaudi
3031 4791 3314 4846 orationem
3337 4807 3524 4857 meam,
3547 4791 3620 4844 od
3661 4801 3713 4848 te
3737 4809 3844 4848 om-

2243 4879 2326 4934 nis
2357 4895 2480 4932 caro
2503 4879 2688 4934 ueniat.
2733 4861 2898 4934 Verba
2937 4881 3228 4953 iniquorum
3264 4885 3652 4953 prwvalnerunt
3694 4903 3845 4958 super

2242 4989 2357 5038 nos,
2394 4983 2444 5026 et
2477 4973 2826 5043 impietatibus
2870 4976 3062 5030 nostris
3121 4987 3170 5028 tu
3217 4975 3598 5046 propitiabm’s.
3655 4977 3846 5034 Beatus

2239 5082 2386 5136 quem
2411 5064 2612 5136 elegisti
2641 5075 2688 5118 et
2735 5052 3081 5136 assmnpsisti,
3107 5065 3416 5122 inhabitabit
3443 5069 3498 5122 in
3539 5071 3704 5126 atriis
3725 5071 3843 5124 tuis.

2243 5157 2574 5228 Replebimnr
2601 5159 2654 5212 in
2685 5157 2830 5214 bonis
2861 5160 3042 5214 domus
3075 5169 3194 5226 tute,
3223 5171 3460 5220 sanctum
3487 5175 3566 5218 est
3593 5166 3846 5234 templum

2239 5258 2402 5314 tuum,
2427 5249 2664 5304 mirabile
2687 5252 2740 5304 in
2771 5253 3028 5321 (equitate.
3059 5249 3266 5306 Exaudi
3293 5269 3408 5318 nos,
3427 5251 3568 5308 Dens
3587 5255 3850 5310 salutaris

2241 5350 2450 5406 noster,
2489 5359 2605 5412 spes
2653 5343 2880 5400 omnium
2931 5344 3114 5413 ﬁnium
3143 5355 3294 5400 terra:
3339 5355 3390 5400 et
3413 5347 3468 5398 in
3493 5345 3636 5400 mari
3667 5347 3844 5420 longe.

2243 5435 2562 5508 Prwparans
2583 5447 2782 5492 montes
2809 5439 2864 5490 in
2885 5439 3070 5494 virtute
3099 5449 3202 5504 tuo,
3249 5439 3516 5494 πόλεως
3555 5441 3798 5510 potentia
3829 5455 3846 5492 :

2241 5533 2328 5602 qui
2355 5529 2630 5588 conturbas
2659 5531 2972 5602 profundam
2995 5533 3174 5596 maris,
3219 5549 3402 5588 sonum
3427 5533 3676 5602 ﬂuctuum
3707 5535 3846 5604 ejus.

2243 5621 2604 5682 Turbabuntur
2622 5633 2798 5694 gentes
2821 5633 2870 5678 et
2897 5621 3238 5695 timebuntqui
3265 5622 3560 5678 inhabitant
3587 5625 3850 5678 terminos

2239 5731 2270 5768 α
2291 5715 2455 5784 signis
2477 5716 2595 5778 tuis,
2626 5715 2794 5768 exitus
2825 5715 3069 5770 uiatutini
3097 5725 3146 5770 et
3169 5731 3376 5786 vespere
3401 5711 3708 5768 delectabis.
3757 5715 3854 5769 Vi-

2238 5807 2406 5862 sitasti
2437 5817 2624 5862 terram
2653 5817 2700 5860 et
2728 5807 2992 5862 inebriasti
3043 5825 3196 5874 eam;
3225 5807 3580 5878 multiplices“
3603 5807 3852 5880 locuple-
