4088 6346
222 314 332 377 615

1181 291 1655 370 εοιιιιιεΝτΑΒιι
1690 306 1757 362 IN
1797 299 2126 374 remos.
2160 304 2361 373 essu.
2404 304 2558 361 va.

3417 304 3524 365 444

221 442 348 497 tare,
362 446 499 485 eam.
533 428 751 483 Flumen
791 427 890 485 Dei
917 386 1171 500 repletum
1197 437 1276 484 est
1300 428 1479 498 aquis,
1521 426 1722 497 parasti
1750 425 1825 477 εἰ·
1850 424 1901 489 Α
1929 429 2033 481 tur.
2060 422 2379 489 ,laduentur
2418 423 2564 487 enim
2615 424 2816 483 arietes
2867 420 3276 481 memnetudine
3317 424 3518 491 ovium,

219 522 344 580 bum
385 522 615 590 illorum,
656 522 903 595 quoniam
930 522 1006 579 ita
1041 529 1121 577 est
1140 520 1453 592 praeparatio
1496 518 1628 590 ejus.
1666 515 1823 571 Rit'os

219 617 336 690 ejus
361 616 625 671 inebrians
654 613 940 686 multiplica
968 613 1233 686 genimina
1268 612 1405 684 ejus,
1452 610 1506 666 in
1542 606 1822 665 stillicidiis

218 709 338 780 ejus
363 707 621 763 laetabitur
646 706 963 778 germinum.
994 703 1276 760 Benedices
1299 718 1504 758 corona:
1528 700 1657 755 anni
1681 697 1823 753 beni-

219 801 442 874 gnitatis
480 808 635 866 tute,_
654 808 706 854 et
729 800 900 871 campi
951 800 1023 857 tui
1052 796 1381 870 replebuntur
1408 796 1656 855 ubertate.
1690 794 1822 857 Pin-

218 902 465 965 guescent
488 894 720 963 speciosa
760 892 982 958 deserti,
1019 900 1071 946 et
1096 891 1444 963 exsultatione
1463 890 1619 949 colles
1647 888 1821 944 acciu-

219 994 425 1059 gentur.
454 984 635 1041 Induti
662 994 784 1041 sunt
809 986 996 1041 arietes
1016 986 1207 1051 ovium,
1228 993 1279 1041 et
1296 983 1453 1040 valles
1486 980 1821 1041 abundabunt.

218 1080 496 1150 frumento,
530 1062 826 1135 claniabunt
852 1079 1061 1145 etenim,
1087 1077 1333 1150 hymnum
1361 1076 1548 1131 dicent.

795 1226 1235 1269 common.
1284 1242 1289 1249 -

286 1349 349 1405 ln
372 1347 600 1406 Hebraeo
624 1364 734 1406 non
762 1348 928 1406 habet
955 1363 1056 1405 nec
1072 1346 1384 1414 Jeremiam,
1418 1362 1518 1403 nec
1539 1349 1814 1418 Aggazum,

215 1443 321 1498 nisi
349 1442 525 1499 solum
560 1440 749 1497 David.
781 1440 890 1498 Sed
916 1440 1088 1497 Esdra
1128 1441 1335 1498 habens
1372 1440 1692 1497 charitatem
1722 1454 1817 1495 eo-
1867 1439 1886 1465 ’

213 1527 359 1599 rum,
390 1533 556 1589 voluit
580 1548 675 1588 eos
696 1547 1021 1602 memorare,
1073 1548 1322 1589 asserens
1360 1532 1521 1595 istum
1550 1531 1817 1604 psalmum

215 1620 386 1683 David
410 1625 669 1681 cecinisse
696 1640 792 1681 eos
812 1624 866 1681 in
896 1624 1326 1697 prophetatiouis
1354 1639 1465 1681 sua:
1485 1624 1640 1685 initio
1664 1641 1677 1676 :
1712 1623 1817 1680 hoc

213 1728 329 1787 est,
362 1726 514 1775 extra
561 1727 705 1775 terra
751 1718 933 1774 aliena
966 1725 1077 1785 est,
1130 1726 1185 1773 et
1237 1733 1347 1773 non
1384 1724 1566 1788 potest
1593 1724 1815 1773 cantare

1924 534 2033 579 non
2061 519 2405 579 ventilabqu
2430 518 2725 585 cornelius,
2755 524 2813 573 et
2847 517 3123 579 convalles
3175 516 3525 586 abundabunt

1922 611 2192 671 {summie
2243 610 2490 682 corporis
2524 609 2748 668 Christi.
2802 608 2960 678 Quod
2987 610 3205 683 quando
3232 611 3522 683 accipiant.

1923 703 2233 763 clamabunt
2277 702 2497 768 arietes,
2529 711 2588 763 et.
2628 718 2761 761 oves
2790 703 2977 771 sbuul,
3008 704 3266 777 hymnum
3284 703 3525 762 dicentes

1921 793 2140 855 Christo
2172 795 2314 853 Filio
2356 795 2478 861 Dei,
2525 794 2619 866 qui
2646 802 2839 864 regnat
2885 811 3010 855 cum
3050 795 3212 857 Patre
3240 802 3297 851 et
3320 794 3524 867 Spiritu

1924 896 2131 957 saneto,
2174 889 2228 945 in
2267 888 2473 949 unitate
2501 886 2747 953 Deitatis,
2777 887 2908 945 etin
2930 886 3193 947 Tr'mitate
3223 887 3443 944 unitatis
3472 890 3524 944 in

1923 982 2121 1045 saecula
2145 982 2487 1043 seculorum.
2522 981 2713 1041 Amet).

2448 1110 2780 1192 rsusms
2817 1112 2977 1169 va.

2088 1229 2148 1285 in
2180 1228 2339 1286 linem
2364 1229 2635 1297 canticum
2658 1228 2854 1302 psalmi
2895 1227 3347 1287 Rcsurrectionis.

1989 1365 2219 1421 hbitat:
2264 1363 2395 1432 Dea,
2426 1365 2597 1421 omnis
2623 1372 2784 1429 terra,
2829 1364 3087 1436 psalmum
3110 1364 3270 1420 dicite
3318 1368 3519 1421 nomini

1919 1459 2050 1530 ejus,
2084 1458 2205 1512 date
2230 1458 2453 1530 gloriam
2478 1457 2621 1512 laudi
2655 1457 2785 1529 ejus.
2831 1455 3002 1511 Dicite
3026 1455 3180 1511 Deo:
3216 1455 3383 1522 Qumn
3418 1470 3522 1512 ter-

1919 1550 2098 1606 ribilia
2140 1559 2262 1605 sunt
2287 1545 2445 1622 opera
2490 1559 2596 1613 tua,
2626 1547 2868 1613 Domine,
2890 1550 2947 1603 in
2967 1547 3296 1603 multitudine
3312 1549 3521 1602 uirtutis

1921 1652 2025 1697 tua:
2052 1643 2367 1696 mentientiu-
2389 1641 2481 1696 tibi
2509 1641 2709 1695 inimici
2742 1641 2835 1695 tui.
2873 1638 3059 1695 Omnis
3078 1649 3218 1696 terra
3247 1641 3427 1697 adoret
3454 1652 3519 1705 te,

1920 1734 2083 1801 Deus,
2113 1745 2165 1790 et
2192 1735 2387 1807 psallat
2418 1733 2527 1799 tibi,
2555 1735 2813 1805 psalmum
2834 1732 2973 1787 dicat
2992 1734 3188 1788 nomini
3212 1742 3313 1788 tuo.
3346 1732 3521 1789 Venite

214 1808 449 1883 hymnos
471 1809 523 1864 in
550 1817 691 1865 terra
720 1809 913 1864 aliena.
947 1806 1033 1863 Sit
1067 1822 1197 1879 ergo
1227 1807 1358 1864 Sion
1398 1807 1578 1863 anima
1605 1816 1810 1875 nostra,

1920 1838 1971 1883 et
1994 1828 2161 1899 uidete
2188 1845 2349 1900 opera
2396 1827 2513 1894 Dei,
2548 1827 2795 1883 terribilis
2830 1828 2887 1882 in
2916 1827 3149 1882 donsiliis
3189 1842 3344 1895 super
3381 1827 3520 1899 ﬁlios

213 1911 277 1958 ut
330 1903 520 1959 deceat
547 1903 804 1975 hymnum
833 1901 888 1958 in
916 1917 981 1958 ea
1010 1901 1136 1958 dici.
1187 1901 1410 1958 Decebit
1454 1909 1633 1956 autem
1684 1900 1815 1956 Sion

94 2030 99 2037 -
214 2009 339 2049 eam
360 2009 498 2059 esse,
530 1994 576 2049 si
602 1993 895 2050 reddiderit
917 2001 1104 2049 votum
1128 1991 1445 2059 Jerusalem,
1472 1993 1517 2050 si
1546 1992 1690 2064 quod
1719 2009 1816 2049 vo-

213 2096 334 2153 tum
380 2088 505 2144 fecit
533 2088 665 2154 Deo,
698 2103 757 2143 se
799 2073 1235 2143 renuntiaturum
1265 2085 1481 2141 diabolo
1524 2093 1579 2140 et
1606 2085 1819 2156 pompis

214 2182 354 2259 ejus,
401 2181 724 2254 impleverit,
775 2189 905 2235 tunc
943 2177 1162 2235 exaudit
1185 2177 1327 2233 Deus
1347 2178 1652 2232 orationem
1680 2174 1815 2245 ejus,

213 2293 339 2332 cum
363 2275 540 2332 omnis
565 2291 695 2331 caro
719 2273 941 2329 adreum
979 2272 1202 2327 venerit.
1259 2270 1378 2326 Non
1406 2278 1489 2326 est
1526 2270 1671 2326 enim
1721 2286 1820 2327 nec

213 2366 405 2433 tribus,
457 2380 557 2421 nec
602 2379 755 2433 gens,
808 2379 877 2418 ex
905 2378 1010 2433 qua
1043 2378 1148 2417 non
1172 2358 1562 2432 genuﬂectetur
1588 2360 1819 2418 Domino

212 2455 344 2513 Jesu
364 2455 602 2512 Christo.
624 2454 1048 2511 Praedicantibus
1069 2454 1210 2510 enim
1231 2452 1510 2527 apostolis,
1539 2455 1595 2508 in
1615 2470 1817 2511 omnem

215 2558 416 2604 terram
464 2548 620 2602 exivit
667 2562 825 2601 sonus
854 2562 1029 2601 eorum
1054 2545 1275 2618 (Philip.
1305 2545 1385 2619 ιι).
1408 2544 1477 2600 Ει
1504 2544 1631 2602 licet
1653 2546 1812 2601 verba

215 2639 546 2709 iniquorum,
574 2637 965 2695 Pharismorum
993 2637 1216 2704 scilicet,
1242 2637 1627 2709 prmvaluerint
1648 2654 1814 2710 super

213 2748 335 2798 eos,
368 2742 423 2790 et
449 2733 609 2805 impie
648 2747 744 2788 eos
778 2723 1102 2789 afflixerint:
1154 2732 1258 2788 Sed
1309 2732 1809 2804 impietatibus,‘in-

209 2810 351 2897 quit,
403 2841 535 2898 quas
564 2826 804 2899 patimur
832 2832 887 2881 tu
909 2824 1307 2897 propitiaberis.
1340 2824 1537 2883 Beatus
1564 2833 1647 2883 est
1664 2826 1808 2882 enim

207 2917 472 2977 Dominus
488 2915 643 2981 Iesus
662 2916 927 2985 Christus,
951 2933 1110 2989 quem
1140 2914 1347 2989 elegisti
1377 2929 1433 2978 ct
1452 2921 1808 2992 assumpsisti,

207 3011 301 3068 hic
334 2994 596 3075 habitavit
621 3011 676 3067 in
704 3011 1069 3067 tabernaculis
1099 3012 1224 3079 tuis,
1257 3012 1476 3083 quando
1505 3013 1727 3083 replesti
1757 3013 1812 3067 in

204 3105 370 3163 bonis
403 3104 593 3163 domus
641 3112 766 3172 tum,
807 3105 862 3161 in
903 3119 1009 3177 qua
1052 3113 1301 3163 sanctum
1347 3105 1609 3177 templum
1659 3113 1811 3161 tuum

204 3208 401 3276 regnat
440 3215 549 3255 non
577 3193 960 3265 manul‘aétum,
992 3198 1086 3253 sed
1130 3199 1296 3254 verbo
1324 3199 1585 3269 genitum,
1617 3208 1673 3254 et
1701 3198 1800 3254 vir-

1919 3214 2243 3270 Holocausta
2256 3215 2540 3271 medullam
2560 3216 2779 3287 o/feram
2802 3214 2895 3269 tibi
2907 3232 3019 3270 cum
3048 3218 3257 3272 incenso
3278 3217 3513 3281 arietum,
3624 3250 3625 3257 η

204 3292 375 3361 ginali
402 3301 553 3348 utero
596 3299 961 3364 procreatum,
1002 3292 1095 3373 cui.
1117 3291 1382 3349 dicimus:
1425 3290 1634 3348 Exaudi
1674 3309 1804 3357 nos,

204 3384 353 3441 Deus
376 3384 628 3449 salutaris
655 3391 862 3451 noster,
891 3398 1042 3455 spem
1094 3384 1238 3439 enim
1278 3385 1426 3440 omni
1472 3386 1657 3455 generi
1702 3386 1806 3442 hu-

203 3492 373 3537 mano
396 3485 454 3532 tu
475 3476 731 3541 tribuisti,
757 3476 920 3533 etiam
942 3476 1029 3533 his
1052 3476 1143 3546 qui
1164 3477 1326 3547 longe
1345 3486 1489 3545 sum,
1531 3486 1586 3534 et
1611 3480 1695 3535 bis
1713 3480 1809 3550 qui

204 3587 398 3645 prope.
431 3568 669 3639 Quando
688 3571 891 3642 parasti
917 3578 1132 3627 montes
1159 3571 1215 3625 in
1236 3571 1435 3627 virtute
1458 3580 1567 3635 tua,
1613 3572 1808 3642 quibus

203 3666 390 3722 dixisti
414 3684 427 3719 :
459 3664 755 3720 Prtedicate
780 3663 1123 3737 Evangelium
1143 3665 1287 3720 omni
1312 3672 1565 3721 creatura:
1587 3664 1803 3737 (Matth.

202 3758 346 3825 xvi).
377 3755 540 3827 Signa
562 3762 744 3813 autem
774 3756 1119 3826 credentibus
1149 3757 1264 3814 haec
1290 3757 1627 3814 ostendetis:
1659 3754 1808 3813 inllr-

202 3865 331 3905 mos
354 3849 628 3917 curabitis,
660 3866 835 3908 caecos
880 3850 1270 3918 illuminahitis,
1302 3861 1551 3909 mortuos
1576 3852 1805 3909 suscita-

200 3941 359 4005 bitis.
402 3941 486 3997 Ab
531 3942 615 3997 his
667 3942 834 4013 signis
880 3942 1114 3997 turbata:
1141 3949 1269 3998 sunt
1291 3951 1501 4011 gentes,
1533 3952 1591 4000 et
1617 3944 1812 4001 timent

201 4033 385 4089 Deum
413 4049 603 4090 omnes
646 4036 739 4105 qui
783 4035 1030 4117 habitant
1054 4033 1193 4090 ﬁnes
1219 4044 1408 4101 terras;
1439 4036 1509 4091 ab
1555 4035 1639 4091 his
1667 4038 1811 4091 enim

202 4125 385 4195 signis
404 4126 562 4181 timor
575 4125 675 4182 Dei
694 4141 856 4195 super
875 4126 1068 4181 faciem
1092 4133 1249 4181 terra:
1267 4126 1496 4201 sumpsit
1508 4126 1808 4184 exordium.

199 4216 281 4275 Et
310 4218 365 4273 in
391 4218 543 4274 exitu
567 4217 817 4273 matutini
846 4226 901 4272 et
930 4218 1139 4288 vesperi
1160 4217 1519 4274 delectabitur
1565 4218 1725 4287 Deus,
1756 4221 1813 4277 id

202 4319 314 4374 est,
347 4310 401 4365 in
430 4302 650 4367 Oriente
671 4318 728 4366 et
751 4308 1040 4367 Occidente
1068 4312 1122 4366 in
1150 4311 1595 4371 mdillcationibus
1618 4312 1807 4372 Eccle-

199 4405 410 4471 siarum
434 4403 809 4470 delectaberis,
833 4418 900 4460 ex
922 4388 1031 4475 quo
1061 4405 1288 4463 visitasti
1331 4416 1531 4463 terram
1571 4408 1808 4467 adventu

202 4507 341 4573 tuo,
373 4506 430 4550 et
456 4494 736 4553 inebriasti
764 4509 885 4551 eam
913 4496 1173 4566 sanguine
1217 4505 1330 4565 tuo,
1362 4499 1580 4569 quando
1604 4498 1807 4559 ﬂumen

1920 1921 2208 1976 hominum.
2252 1917 2355 1985 Qui
2405 1921 2658 1975 convertit
2695 1935 2840 1974 mare
2865 1921 2922 1973 in
2962 1919 3188 1983 aridam,
3227 1920 3281 1972 in
3312 1919 3519 1987 flamine

1919 2013 2307 2087 pertransth
2329 2014 2476 2086 pede,
2509 2012 2579 2068 ibi
2602 2012 2897 2068 laetabimur
2916 2013 2971 2067 in
2996 2014 3130 2083 ipso.
3163 2010 3264 2077 Qui
3286 2011 3521 2066 dominae

1924 2115 2006 2160 tur
2046 2108 2104 2160 in
2155 2109 2340 2159 virtute
2367 2108 2545 2164 suain
2570 2116 2839 2171 internum,
2871 2104 3005 2160 oculi
3026 2105 3140 2175 ejus
3168 2120 3322 2175 super
3349 2115 3520 2175 gentes

1923 2197 2225 2267 respiciunt,
2248 2198 2335 2268 qui
2349 2207 2663 2269 exasperant
2692 2213 2793 2251 non
2815 2197 3115 2252 excitentur
3140 2199 3194 2250 in
3211 2197 3519 2266 semetipsis.

1924 2285 2222 2342 Benedicite
2266 2297 2441 2360 gentes
2493 2286 2661 2343 Deam
2705 2296 2961 2354 nostrum,
3011 2298 3061 2341 et
3108 2287 3338 2341 auditam
3370 2288 3523 2356 facile

1921 2396 2095 2435 uocem
2131 2380 2308 2435 laudis
2325 2382 2458 2453 ejus.
2493 2378 2594 2447 Qui
2614 2384 2787 2452 posuit
2806 2384 3033 2437 aninmm
3055 2398 3219 2437 mum
3242 2383 3312 2435 ad
3342 2384 3519 2445 vitain,

1920 2481 1981 2525 et~
2016 2488 2121 2526 non
2168 2471 2311 2527 dedit
2343 2475 2398 2527 in
2431 2474 2821 2531 commotionem
2860 2473 3015 2544 pedes
3051 2486 3211 2528 meos.
3262 2472 3521 2538 Quoniam

1916 2567 2151 2639 probasti
2177 2584 2291 2633 nos,
2324 2567 2485 2631 Deus,
2511 2571 2633 2641 igne
2653 2571 3081 2629 nosexaminasli
3099 2570 3231 2625 sicut
3258 2569 3521 2623 examina»

1916 2668 2001 2715 tur
2026 2671 2317 2731 argentum.
2365 2659 2629 2715 lndunisti
2673 2677 2766 2716 nos
2806 2662 2862 2715 in
2890 2661 3147 2733 laqueum,
3182 2662 3399 2731 posuisti
3426 2660 3519 2713 tri-

1914 2752 2203 2808 bulationes
2251 2755 2306 2808 in
2337 2754 2495 2810 dorso
2534 2763 2735 2819 nostro,
2768 2755 3059 2825 imposuisti
3107 2754 3341 2808 homines
3367 2767 3517 2822 super

1912 2848 2089 2918 capita
2118 2857 2317 2903 nostra.
2371 2846 2726 2902 Transirimus
2764 2865 2858 2919 per
2894 2849 3066 2919 ignem
3117 2855 3166 2900 et
3212 2862 3420 2917 aquam,
3470 2852 3521 2898 et

1914 2939 2142 2993 eduxisti
2170 2956 2266 2993 nos
2294 2941 2349 2993 in
2394 2939 2742 3012 refrigerium.
2779 2936 3018 2994 Introibo
3044 2940 3101 2993 in
3150 2937 3357 2993 domum
3380 2944 3520 2991 tumn

1912 3030 1967 3083 in
1990 3030 2324 3096 holocaustis,
2346 3030 2559 3085 reddam
2591 3031 2684 3085 tibi
2715 3039 2830 3085 vota
2859 3048 2991 3094 mea,
3023 3047 3140 3103 qua:
3166 3031 3519 3085 distinxerunt

1914 3121 2055 3177 labia
2083 3132 2215 3177 mea.
2239 3120 2311 3177 Et
2331 3124 2554 3178 locutum
2581 3132 2658 3178 est
2683 3139 2743 3178 os
2762 3139 2930 3178 meum
2950 3121 3359 3177 in'tribulntione
3380 3140 3514 3177 mea.

1914 3306 2131 3379 offerant
2162 3306 2256 3363 libi
2279 3307 2426 3365 boves
2449 3327 2564 3365 cum
2585 3309 2764 3364 hircis.
2798 3308 2982 3365 Venite
3003 3320 3055 3364 et
3076 3309 3270 3370 audite,
3294 3318 3344 3361 et
3391 3292 3516 3361 nar:

1911 3400 2039 3455 rabo
2060 3417 2236 3456 omnes
2258 3404 2344 3474 qui
2373 3403 2559 3457 timetis
2583 3400 2766 3467 Deum,
2790 3411 2984 3474 quanta
3007 3402 3128 3472 fecit
3148 3401 3339 3454 anima:
3366 3415 3511 3453 meat.

1911 3493 1995 3547 Ad
2020 3495 2191 3565 ipsum
2220 3510 2310 3548 ore
2335 3510 2449 3549 meo
2499 3494 2740 3557 clamavi,
2782 3502 2834 3546 et
2877 3492 3153 3557 exsultaui,
3197 3490 3290 3544 sub
3337 3491 3519 3562 lingua

1912 3599 2048 3638 mea.
2076 3583 2410 3655 Iniquitatem
2432 3586 2483 3639 si
2504 3585 2687 3655 aspexi
2706 3585 2771 3638 ‘in
2799 3584 2955 3639 corde
2980 3600 3113 3650 meo,
3137 3600 3239 3639 non
3275 3582 3517 3638 exaudiet

1913 3671 2192 3730 Dominus.
2241 3675 2529 3749 Propterea
2568 3676 2834 3731 exaudiuit
2885 3675 3025 3731 Deus
3072 3686 3122 3731 et
3158 3675 3378 3731 attendi!
3405 3674 3519 3730 reci

1915 3762 2297 3839 deprecationis
2323 3784 2470 3823 meas.
2499 3767 2805 3823 Benedictus
2852 3766 2994 3823 Deus
3040 3769 3126 3840 qui
3173 3784 3278 3822 non
3326 3766 3517 3820 amovit

1915 3860 2204 3914 orationem
2230 3875 2419 3926 meam,
2452 3870 2502 3914 et
2522 3859 2939 3915 misericordiam
2961 3871 3110 3913 suam
3131 3874 3164 3911 a
3191 3874 3292 3912 me.

2503 4007 2941 4049 (ΞΟΠΝΕΝΤΔΜΠΙΙ.

1987 4118 2293 4181 Judseomm
2323 4134 2467 4207 terra
2496 4127 2612 4181 sols
2643 4125 2907 4196 jubilabat
2934 4127 3067 4192 Deo,
3100 4126 3195 4183 sed
3215 4127 3341 4199 quia
3373 4144 3515 4187 nunc

1917 4218 2058 4274 oculi
2087 4218 2222 4284 eius,
2255 4218 2307 4274 id
2335 4226 2440 4283 est,
2466 4218 2561 4275 Dei
2591 4232 2756 4290 super
2781 4226 2972 4290 gentes
2999 4234 3098 4292 per
3125 4217 3398 4277 Christum
3427 4235 3514 4277 at-

1915 4312 2161 4381 tendunt,
2214 4327 2321 4369 non
2360 4311 2472 4382 jam
2498 4312 2615 4369 sola
2636 4310 2823 4368 .ludtea
2845 4312 3042 4384 jnhilnt
3060 4312 3194 4379 Deo,
3216 4312 3313 4371 sed
3338 4314 3514 4385 omnis

1913 4414 2055 4461 terra
2081 4404 2195 4461 Deo
2216 4405 2483 4477 psalmum
2513 4406 2643 4462 dicit
2671 4407 2877 4461 nomini
2905 4407 3060 4477 ejus:
3094 4416 3150 4464 et
3174 4407 3268 4464 dat
3286 4408 3514 4479 gloriam

1911 4497 2059 4555 laudi
2086 4497 2223 4569 ejus,
2256 4507 2312 4554 et
2339 4498 2469 4555 dicit
2498 4499 2611 4555 Deo
2642 4517 2654 4552 :
2685 4497 2822 4567 Quia
2873 4499 3133 4556 terribilia
3174 4509 3303 4556 sunt
3343 4516 3511 4573 opera

202 4587 457 4644 Iordanis
483 4586 751 4658 repletum
776 4595 859 4643 est
887 4588 1061 4657 aquis,
1090 4590 1314 4647 vocibus
1340 4591 1545 4649 scilicet
1568 4594 1805 4666 prophe-
1827 4590 1882 4652 Ι)
1909 4596 2002 4644 tua
2024 4590 2077 4644 in
2100 4589 2444 4645 multitudine
2465 4590 2680 4663 virtutis
2697 4598 2819 4658 tum,
2842 4592 3037 4663 quibus
3058 4600 3112 4649 te
3134 4608 3321 4649 verum
3342 4591 3513 4652 Deum

202 4690 405 4737 tarum.
438 4679 590 4736 Tunc
617 4680 819 4751 parasti
857 4680 1057 4749 cibum,
1089 4699 1199 4739 non
1227 4684 1320 4754 qui
1357 4686 1536 4756 periit,
1568 4687 1692 4758 quia
1723 4688 1800 4745 ita

200 4782 289 4831 est
312 4773 633 4844 prteparatio
663 4780 775 4828 tua.
799 4771 966 4831 Rivos
992 4774 1110 4844 ejus
1138 4776 1438 4844 inebriasti,
1470 4778 1545 4833 ita
1573 4787 1634 4834 ut
1675 4795 1799 4836 cum

199 4875 354 4925 esset
376 4867 510 4923 hora
530 4866 639 4922 diei
670 4868 847 4948 tertia,
881 4867 958 4922 illi
986 4868 1122 4924 ebrii
1143 4876 1484 4939 putarentur.
1535 4869 1803 4942 Tempore

197 4973 312 5029 quo
364 4958 734 5029 multiplicasti
762 4959 1144 5029 generationes
1191 4960 1339 5031 ejus;
1389 4961 1542 5031 cujus
1566 4961 1721 5032 ejus?
1750 4962 1803 5018 id

197 5063 285 5115 est
303 5052 580 5121 Iordanis,
610 5053 756 5124 quod
796 5061 880 5111 est
906 5053 1246 5124 baptismate.
1276 5053 1355 5110 ibi
1382 5063 1556 5123 erant,
1587 5055 1804 5127 quando

199 5146 354 5202 rivos
397 5144 513 5214 ejus
567 5144 873 5213 inebriasti,
912 5142 1119 5211 Parthi,
1161 5153 1218 5201 et
1256 5145 1418 5210 Medi,
1453 5155 1508 5202 et
1537 5147 1801 5214 Elamitm,

199 5238 418 5305 Cretes,
465 5237 607 5309 Syri,
656 5236 879 5304 Arabes,
926 5236 1175 5307 Romani,
1224 5236 1490 5310 Cyrenaei.
1551 5238 1618 5294 Et
1664 5254 1804 5310 pene

198 5349 400 5392 omnes
424 5342 642 5404 gentes,
683 5348 753 5390 ex
777 5334 973 5403 quibus
1000 5333 1370 5405 multiplican
1423 5335 1804 5404 generationes

200 5428 346 5499 ejus,
374 5428 589 5498 quando
614 5428 771 5499 qusi
815 5425 1101 5483 stillicidiis
1140 5427 1452 5487 cmlestibus
1478 5428 1642 5498 cmpit
1670 5443 1802 5484 exo-

199 5522 317 5577 riri.
356 5518 507 5576 Tunc
551 5520 823 5576 inchoavit
846 5534 1055 5575 corona
1095 5521 1224 5574 anni
1261 5520 1407 5575 diem
1426 5529 1677 5575 sanctum
1696 5518 1801 5574 Pa-

200 5614 368 5679 sebm,
426 5620 482 5668 et
518 5612 700 5682 campi
725 5609 919 5681 repleti
946 5619 1072 5666 sunt
1105 5611 1368 5675 ubertate,
1400 5610 1582 5666 omnia
1611 5609 1801 5665 fertﬂi—

201 5714 317 5768 ωε
358 5704 723 5774 mandant,
776 5701 1067 5759 festivitate
1118 5703 1420 5774 epulantur,
1468 5702 1541 5756 ita
1585 5701 1800 5757 attines

202 5785 405 5858 deserti
422 5798 798 5868 pinguescant,
828 5803 886 5852 et
911 5794 1272 5853 exsultatione
1299 5794 1465 5851 cellas
1507 5792 1796 5862 accingar:-

1907 4682 2100 4739 Filium
2129 4684 2436 4750 declarasti,
2468 4683 2688 4754 quando
2736 4685 2950 4741 mentiti
2992 4694 3117 4742 sunt
3165 4685 3366 4740 inimici
3411 4685 3509 4751 tui,

1906 4775 2184 4831 dicentes:
2223 4773 2346 4830 Non
2374 4784 2452 4831 est
2478 4792 2511 4830 a
2541 4773 2652 4831 Deo
2681 4774 2860 4848 (Joan.
2888 4777 3024 4847 vm),
3050 4784 3103 4831 te
3141 4775 3405 4851 dmntonia
3427 4773 3511 4830 iu-

1906 4877 2088 4937 gante,
2121 4878 2368 4924 mortuos
2387 4868 2703 4934 suscitante,
2735 4867 2982 4939 leprosos
3008 4868 3323 4931 mandante,
3352 4885 3512 4942 para-

1908 4960 2101 5032 lyticos
2124 4967 2373 5023 curante,
2400 4975 2551 5015 mare
2572 4960 2799 5031 pedibus
2845 4962 3175 5031 ambulante,
3206 4965 3383 5021 ventis
3412 4964 3512 5018 im-

1907 5060 2148 5122 perante.
2169 5051 2346 5108 lnhac
2375 5051 2715 5109 multitudine
2737 5053 2950 5111 virtutis
2978 5063 3083 5114 ture
3112 5058 3517 5114 mentiebantur

1912 5147 2005 5202 tibi
2061 5147 2264 5202 inimici
2314 5146 2410 5212 tui,
2460 5145 2739 5205 dicentes:
2774 5147 2982 5205 Scimus
3010 5153 3133 5225 quia
3159 5168 3192 5205 a
3222 5150 3328 5205 Deo
3354 5164 3430 5209 es.
3460 5156 3513 5201 et

1908 5256 2013 5294 non
2042 5239 2237 5310 accipis
2266 5255 2515 5311 personas
2543 5239 2813 5297 hominum
2838 5241 3024 5315 (loan.
3048 5242 3149 5313 ιιι).
3174 5240 3300 5299 Plus
3329 5244 3523 5292 autem

1907 5330 1961 5388 in
1991 5329 2334 5386 multitudine
2362 5331 2576 5387 virtutis
2603 5339 2709 5389 tua:
2733 5342 2861 5390 tunc
2881 5333 3094 5389 mentiti
3122 5337 3267 5393 sunt,
3290 5326 3509 5397 quando

1907 5422 2159 5479 dixerunt
2189 5430 2241 5479 te
2262 5421 2496 5480 furatum
2515 5440 2547 5479 a
2567 5425 2865 5498 discipulis,
2893 5439 3017 5480 cum
3045 5421 3159 5490 jam
3187 5418 3511 5474 resurrexis-

1906 5530 2012 5582 ses,
2063 5524 2121 5571 et
2172 5518 2349 5575 omnis
2379 5526 2542 5584 terra,
2574 5519 2626 5573 in
2653 5518 2807 5588 cujus
2833 5515 2998 5571 corde
3026 5513 3223 5575 fueras,
3255 5509 3510 5569 adorare;

1904 5616 1978 5665 te.
1993 5608 2079 5664 llli
2101 5609 2354 5666 dicebant
2374 5610 2636 5666 militibus
2656 5627 2669 5663 :
2691 5604 3011 5668 Mentimini,
3042 5601 3197 5656 dicite
3222 5617 3338 5656 eum
3360 5604 3509 5675 {ura-

1905 5711 2013 5758 tum
2056 5701 2197 5759 vobis
2226 5702 2599 5759 dormientibus
2630 5696 2846 5770 (lauti.
2894 5694 3105 5763 xxvm).
3144 5691 3387 5752 Psalmus
3418 5698 3509 5757 hic

1903 5794 2355 5851 resurrectionem
2403 5792 2458 5845 in
2490 5790 2643 5844 titulo
2672 5793 2957 5859 puellotat,
2991 5785 3164 5843 nolite
3191 5787 3427 5859 mentiri,
3458 5791 3505 5848 si
