4088 6346
591 314 703 382 M5

594 534 801 590 vidistis
830 533 1102 604 rapientes
1142 542 1198 587 et
1226 548 1333 588 non
1357 531 1653 601 dormistis,
1679 540 1771 587 aut
1798 531 2094 597 dortnistis,
2123 536 2179 585 et

591 641 702 681 non
732 624 953 681 vidistis.
984 622 1120 691 Quid
1140 620 1478 680 mentimini?
1506 624 1675 695 Magis
1702 623 1883 682 venite
1921 630 1977 679 et
2000 623 2178 679 videte

592 732 757 788 opera
785 715 1016 780 Domini,
1046 715 1161 787 ipse
1188 723 1272 773 est
1290 716 1437 772 enim
1464 717 1569 773 iste
1613 716 1705 788 qui
1732 715 2002 772 convertit
2026 730 2178 773 mare

591 810 646 866 in
674 808 898 877 aridam,
930 816 990 864 ut
1032 809 1329 865 transirent
1347 816 1531 881 patres
1552 808 1718 866 vestri
1736 824 1839 881 per
1857 807 2059 866 siccum
2078 822 2179 880 per

589 901 825 958 medium
850 914 1018 956 mare.
1051 900 1170 981 ipse
1197 910 1282 957 est
1313 900 1407 971 qui
1439 900 1627 957 dividit
1652 899 1869 956 ﬂuvium
1898 908 1959 956 ut
1995 907 2175 957 trans-

589 994 731 1051 irent
765 1009 890 1050 eum
919 994 1146 1066 pedibus
1173 1002 1358 1066 patres
1396 995 1583 1051 vestri.
1622 993 1811 1065 Magis
1837 994 2092 1050 lastamini
2123 994 2174 1050 in

588 1100 753 1142 imum
781 1101 989 1153 omnes,
1033 1086 1160 1158 quia
1189 1085 1305 1158 ipse
1351 1095 1435 1143 est
1460 1086 1551 1158 qui
1572 1084 1881 1144 dominatur
1898 1086 1954 1143 in
1979 1087 2178 1144 virtute

586 1191 684 1232 sua
713 1176 766 1232 in
794 1185 1074 1234 aeternum.
1105 1176 1173 1233 Et
1199 1179 1326 1248 quia
1365 1179 1508 1236 oculi
1535 1178 1657 1250 ejus
1679 1194 1844 1251 super
1868 1186 2059 1249 gentes
2085 1196 2175 1237 re-

585 1269 837 1341 spiciunt,
870 1286 986 1337 vos,
1006 1269 1195 1338 Judtci,
1222 1272 1471 1343 gaudete,
1493 1271 1635 1342 quod
1657 1272 1980 1343 promissum
2000 1270 2177 1330 Patris

585 1363 750 1419 vestri
770 1364 1089 1435 completur.
1112 1363 1255 1423 Deus
1275 1366 1418 1422 enim
1438 1365 1573 1421 dixit
1590 1365 1819 1423 Abrahae
1844 1384 1857 1420 :
1887 1364 1957 1421 In
1982 1368 2179 1423 semine

587 1463 674 1510 tuo
703 1455 1018 1512 htereditabo
1064 1474 1240 1513 omnes
1272 1466 1445 1529 gentes
1469 1456 1623 1531 (Gen.
1654 1457 1808 1528 xm).
1832 1456 1974 1526 Quid
1994 1457 2073 1514 eis
2093 1458 2179 1513 in-

586 1547 800 1615 videtis,
830 1560 888 1605 et
915 1565 1066 1605 more
1086 1551 1248 1607 solito
1275 1549 1563 1608 Deminum
1591 1550 1659 1607 ad
1687 1546 2022 1607 iiacundiam
2042 1567 2175 1623 pro-

586 1641 813 1707 vocatis,
843 1640 917 1696 ita
939 1649 997 1696 ut
1017 1642 1160 1698 dicat
1187 1641 1342 1699 vobis
1373 1660 1385 1695 :
1421 1640 1557 1708 Quia
1582 1644 1851 1716 auferetur
1878 1661 1910 1698 a
1936 1644 2078 1700 vobis
2100 1662 2177 1700 re-

586 1749 744 1803 gnum
771 1731 888 1801 Dei,
919 1742 969 1788 et
1007 1735 1215 1789 dabitur
1263 1734 1494 1808 gentibus
1523 1733 1832 1808 facientibus
1859 1736 2175 1793 uoluntatem

1923 322 2194 381 annos"
2232 292 2545 384 tumoms’

592 427 940 504 dormivistis,
972 453 1079 494 non
1103 438 1306 495 vidistis
1333 438 1425 509 qui
1455 439 1633 510 rapuit
1660 452 1873 509 corpus.
1904 430 2013 493 Aut
2039 437 2183 492 enim
2208 440 2260 499 Α

3771 329 3871 389 416

2856 438 3303 495 couusunmvu.‘

2351 550 2409 606 ln
2438 551 2649 623 hymnis
2684 527 2922 621 psalmus
2946 552 3141 608 cantici
3181 561 3282 619 est,
3307 552 3451 623 quod
3478 554 3748 610 canebant
3776 572 3866 613 an-

2278 644 2404 715 geli,
2422 640 2600 700 Gloria
2619 646 2675 699 in
2699 644 2916 700 excelsis
2940 643 3153 717 (Matth.
3178 645 3258 716 tt),
3281 644 3498 715 quando
3520 645 3864 706 illuminanda

2278 737 2486 793 vultum
2538 751 2694 793 suum
2739 752 2903 809 super
2950 752 3051 794 nos
3078 738 3245 804 venit,
3276 744 3331 793 et
3359 736 3637 794 benedixit
3665 757 3782 806 nos,
3812 752 3864 799 ut

2276 844 2727 901 cognosceremus
2754 829 2809 885 in
2839 837 2978 886 terra
2999 831 3141 885 viam
3162 829 3279 897 Dei,
3303 839 3359 886 et
3384 831 3438 887 in
3467 833 3722 890 omnibus
3744 848 3865 904 gen-

2275 924 2422 980 tibus
2471 923 2709 981 salutare
2762 922 2900 995 ejus.
2955 921 3327 980 Conliteantur
3363 925 3468 982 hoc
3508 928 3718 999 populi,
3747 931 3862 1002 quia

2276 1017 2470 1074 venisti
2528 1027 2589 1074 ut
2661 1018 2910 1074 laetentur
2960 1026 3178 1087 gentes,
3244 1019 3370 1089 quia
3442 1019 3709 1092 incipiunt
3776 1031 3863 1082 tuo

2271 1102 2477 1182 iudicio
2504 1112 2590 1182 agi
2636 1112 2690 1167 in
2740 1111 3026 1184 aequitate,
3070 1119 3127 1167 et
3170 1112 3226 1168 in
3273 1120 3417 1170 terra
3466 1116 3717 1187 corporis
3766 1119 3857 1184 sui,

2276 1216 2309 1257 a
2369 1203 2723 1274 perversitate
2804 1212 2955 1263 recto
3031 1211 3223 1260 tenore
3304 1205 3504 1263 auferri
3568 1215 3626 1263 et
3689 1208 3857 1279 dirigi.

2276 1294 2645 1352 Conﬁteantur
2709 1304 2764 1352 et
2816 1297 2921 1353 hoc
2985 1298 3170 1369 populi
3219 1314 3442 1368 omnes,
3499 1300 3627 1372 quia
3704 1300 3857 1358 Maria

2275 1402 2341 1444 ex
2390 1397 2609 1445 terreno
2650 1403 2898 1459 corpore,
2944 1388 3040 1446 sed
3067 1391 3277 1448 caelesti
3325 1392 3550 1460 semine,
3582 1392 3737 1448 dedit
3763 1393 3859 1450 fru-

2274 1486 2421 1535 ctum
2472 1495 2647 1547 suum,
2698 1489 2758 1536 ut
2802 1480 3089 1537 benedicat
3116 1483 3232 1556 ipse
3260 1482 3463 1540 fructus
3491 1484 3546 1540 in
3582 1483 3854 1542 Triuitate.

2274 1570 2564 1628 Benedieat
2582 1586 2682 1627 nos
2701 1569 2862 1644 Deus,
2887 1572 3030 1629 Deus
3049 1582 3252 1641 noster,
3282 1574 3566 1631 benedicat
3588 1591 3695 1631 nos
3710 1575 3854 1633 Deus.

2277 1662 2383 1719 Ter
2410 1662 2553 1720 Deus
2579 1664 2771 1729 dictus,
2796 1681 2935 1721 unus
2962 1666 3017 1721 in
3039 1664 3301 1729 Trinitate
3325 1667 3652 1733 nominatus,
3708 1683 3851 1740 quem

2275 1767 2523 1816 metuunt
2550 1774 2738 1816 omnes
2760 1758 2894 1817 lines
2922 1767 3098 1827 terrm,
3130 1775 3228 1832 per
3253 1760 3431 1817 omnia
3472 1761 3671 1817 saecula
3701 1776 3854 1818 δωρει-

585 1829 698 1900 ejus
728 1827 939 1901 (Matth.
973 1828 1108 1901 xxi).
1132 1828 1442 1886 Benedicite
1461 1844 1613 1899 ergo,
1642 1839 1853 1899 gentes,
1876 1829 2045 1886 Deum
2070 1847 2173 1894 no-
2204 1822 2251 1885 Β
2278 1853 2474 1910 ιοηηη,
2508 1853 2697 1910 Amen.
2756 1852 2763 1857 ·

584 1928 773 1987 strum,
824 1928 879 1975 et
925 1920 1143 1977 obedite
1176 1922 1295 1978 voci
1335 1920 1506 1976 laudis
1539 1920 1675 1991 ejus.
1703 1921 1820 1979 Hoc
1846 1922 2086 1979 Ecclesia
2118 1924 2171 1979 in

584 2013 830 2069 omnibus
851 2013 1095 2084 sequitur
1113 2029 1233 2069 cum
1249 2013 1513 2084 apostolis
1526 2022 1582 2069 et
1606 2015 1947 2087 martyribus.
1964 2013 2168 2083 Posuit,

583 2102 772 2174 inquit,
796 2105 1032 2160 animam
1052 2119 1225 2160 meam
1253 2103 1323 2161 ad
1342 2104 1529 2172 vitam,
1555 2113 1610 2161 et
1637 2111 1745 2163 non
1770 2105 1917 2162 dedit
1940 2120 2175 2164 commo-

583 2195 693 2250 veri
722 2196 889 2264 pedes
908 2211 1078 2261 meos,
1101 2195 1318 2265 quando
1338 2197 1582 2268 probasti
1611 2212 1729 2265 nos,
1752 2197 1914 2263 Deus,
1940 2206 1996 2253 et
2034 2212 2168 2254 exa-

550 2314 555 2319 ~
581 2286 796 2340 minasti
822 2289 942 2355 igne
980 2287 1313 2357 passionum,
1336 2289 1478 2346 sicut
1502 2289 1844 2345 examinatus
1864 2297 2165 2360 argentum.

580 2375 839 2434 ludusisti
869 2377 922 2433 in
946 2378 1220 2450 laqueum,
1263 2383 1489 2452 posuisti
1519 2382 1899 2438 tribulationes
1927 2383 1981 2437 in
2006 2382 2170 2438 dorso

580 2474 786 2534 nostro,
806 2464 862 2525 et
884 2469 1135 2527 homines
1160 2486 1322 2542 supra
1342 2472 1523 2543 capita
1550 2482 1749 2529 nostra.
1768 2472 1972 2528 Tamen
1997 2482 2172 2530 trans-

581 2557 776 2615 ivimus
818 2575 920 2631 per
938 2561 1116 2631 ignem
1139 2563 1399 2635 martyrii,
1431 2572 1488 2619 et
1513 2579 1707 2635 aquam
1736 2564 2092 2635 baptismatis,
2117 2574 2173 2620 et

581 2652 836 2710 indusiati
859 2668 956 2711 nos
984 2654 1038 2710 in
1061 2653 1417 2725 refrigerium.
1441 2654 1575 2710 Nam
1602 2662 1658 2711 et
1680 2656 1734 2711 in
1761 2642 2030 2727 baptismo
2050 2654 2172 2727 Spi-

580 2745 686 2801 ritu
712 2753 900 2803 sancto
919 2753 975 2803 et
1003 2747 1126 2817 igne
1152 2747 1347 2805 censiti
1375 2762 1578 2814 sumus,
1608 2747 1827 2818 quando
1843 2748 2171 2804 intravimus

579 2835 796 2893 domum
824 2846 972 2893 tuam
1000 2839 1054 2893 in
1075 2838 1425 2905 holocaustis,
1449 2846 1506 2895 et
1524 2837 1853 2897 reddidimus
1879 2848 2026 2907 vota,
2049 2854 2171 2911 quae

579 2926 817 2984 locutum
837 2939 920 2986 est
939 2946 1003 2987 os
1030 2940 1272 2990 nostrum
1297 2931 1355 2988 in
1383 2932 1727 2988 tribulatione
1755 2940 1961 2988 nostra.
1997 2931 2169 2988 Helo.

579 3029 765 3076 causta
818 3022 1105 3079 medullata
1156 3024 1376 3079 oﬂeram
1423 3022 1890 3081 tibi..llolocausta
1917 3022 2035 3079 sine
2056 3038 2172 3079 me-

2790 1943 3107 2004 PSALMUS
3146 1944 3352 2001 LXVII.

2607 2036 2665 2092 ln
2696 2034 2856 2093 linem
2886 2038 3078 2108 psalm.
3111 2037 3307 2094 cantici
3337 2036 3523 2094 David.

2346 2127 2613 2202 Exsurgat
2633 2128 2772 2185 Deus
2792 2138 2842 2184 et
2863 2129 3176 2201 dissipentur
3203 2129 3408 2184 inimici
3436 2129 3571 2201 ejus,
3595 2138 3649 2184 et
3670 2130 3850 2204 fugient

2272 2222 2358 2295 qui
2378 2222 2596 2276 oderunt
2614 2239 2729 2277 eum
2759 2240 2792 2277 a
2822 2223 2957 2296 facie
2975 2218 3289 2295 ejus.'Sicut
3316 2221 3503 2295 defecit
3530 2225 3706 2297 fumus
3726 2224 3843 2295 defl—

2271 2313 2431 2380 ciant,
2462 2315 2593 2369 sicut
2619 2316 2735 2386 fluit
2763 2332 2883 2370 cera
2910 2331 2944 2368 a
2985 2316 3119 2387 facie
3146 2298 3315 2386 ignis,
3341 2316 3417 2369 sic
3434 2325 3655 2388 pereant
3677 2333 3846 2389 pecca-

2274 2414 2406 2460 tores
2429 2395 2463 2460 ἁ
2483 2402 2617 2479 facie
2642 2406 2761 2462 Dei.
2787 2405 2856 2461 Et
2877 2408 3007 2480 justi
3034 2406 3304 2478 epulantur
3321 2415 3371 2462 et
3389 2408 3648 2464 exsultent
3664 2410 3713 2463 in
3731 2424 3841 2463 con-

2270 2505 2445 2566 spectu
2487 2495 2604 2561 Dei,
2654 2506 2705 2552 et
2749 2497 3064 2553 delectentur
3110 2500 3166 2553 in
3220 2497 3425 2554 latitia.
3473 2497 3690 2554 Cantate
3725 2497 3842 2563 Deo,

2271 2587 2528 2658 psalmum
2568 2588 2724 2646 dicite
2762 2590 2964 2644 nomini
2987 2590 3121 2662 ejus,
3150 2591 3249 2645 iter
3274 2591 3431 2663 facite
3457 2592 3506 2645 ei
3532 2594 3620 2664 qui
3640 2592 3847 2648 ascendit

2270 2694 2426 2750 super
2452 2695 2710 2746 occasum,
2734 2678 2989 2734 Dominus
3023 2697 3209 2736 nomen
3235 2680 3334 2735 illi.
3367 2678 3649 2737 Exsultate
3671 2684 3723 2738 in
3741 2699 3844 2736 con-

2269 2752 2446 2841 speclu
2473 2770 2605 2842 ejus,
2627 2769 2967 2826 turbabuntur
2989 2788 3021 2825 α
3043 2773 3179 2844 facie
3197 2774 3313 2844 ejus
3333 2775 3501 2845 patris
3515 2774 3846 2846 orphanonun

2270 2872 2320 2917 et
2351 2861 2535 2931 iudicis
2557 2862 2847 2931 viduarum,
2874 2862 3016 2918 Deus
3044 2864 3099 2918 in
3129 2864 3244 2920 loco
3270 2873 3451 2919 sancto
3470 2882 3586 2932 suo,
3616 2864 3752 2922 Dens
3774 2867 3845 2939 qui

2266 2954 2563 3023 inhabitare
2590 2956 2720 3026 facit
2745 2957 2898 3010 unius
2922 2957 3083 3011 moris
3110 2957 3164 3011 in
3198 2956 3372 3012 domo.
3396 2953 3501 3022 Qui
3530 2957 3703 3014 educit
3750 2960 3845 3013 rin-

2269 3055 2376 3100 ctos
2413 3047 2470 3101 in
2518 3046 2842 3119 fortitudine,
2884 3047 3125 3102 similiter
3168 3064 3254 3103 eos
3301 3048 3391 3121 qui
3418 3044 3747 3121 exasperant,
3772 3048 3844 3115 qui

580 3113 724 3170 dulla
754 3113 946 3171 offerat
984 3115 1119 3184 Deo,
1151 3119 1243 3188 qui
1271 3118 1438 3174 corde
1476 3118 1670 3184 inanis,
1701 3133 1932 3191 corpore
1955 3117 2169 3174 videtur

2269 3113 2588 3192 habitantia
2611 3138 2882 3209 sepulcris.
2916 3137 3055 3193 Deus
3084 3154 3201 3195 cum
3230 3113 3494 3211 egrederis
3595 3113 3845 3213 conspectu

579 3221 741 3262 orare
768 3215 825 3262 et
850 3208 1101 3279 psallere.
1133 3207 1248 3279 Ego
1276 3218 1476 3276 autem,
1509 3210 1701 3290 inquit,
1730 3210 2023 3267 medullata
2071 3211 2169 3267 tibi

2272 3229 2447 3301 populi
2475 3230 2566 3295 tui,
2585 3201 2702 3284 cum
2726 3232 3092 3300 pertransieris
3114 3232 3170 3285 in
3192 3201 3415 3296 deiet-to,
3449 3241 3589 3287 terra
3610 3201 3842 3293 motaest,
3960 3226 3968 3235 ’

580 3292 842 3352 diferam:
871 3298 1046 3356 Orabo
1071 3302 1276 3373 spiritu,
1304 3300 1466 3357 orabo
1502 3310 1553 3356 et
1580 3311 1766 3370 mente,
1798 3304 2021 3375 psallam
2058 3306 2168 3376 spi-

579 3388 702 3455 ritu,
731 3389 954 3459 psallam
976 3400 1027 3445 et
1050 3400 1219 3447 mente
1240 3390 1284 3463 (l
1303 3390 1426 3447 Cor.
1458 3391 1593 3464 xw),
1624 3392 1847 3448 oﬂ'eram
1892 3394 2171 3450 incensum

579 3480 829 3549 arietum,
855 3483 1077 3540 viriliter
1113 3499 1420 3555 repugnans
1446 3485 1565 3541 zelo
1593 3487 1774 3541 ovium
1803 3495 2039 3554 tuarum,
2071 3488 2171 3544 ad-

578 3584 770 3627 versus
796 3588 1010 3628 omnem
1055 3574 1404 3631 haereticum:
1437 3574 1662 3632 oll‘eram
1717 3577 1814 3633 tibi
1853 3578 2020 3634 boves
2047 3594 2171 3636 cum

579 3661 836 3733 prtedico,
866 3664 1046 3721 hircos
1072 3681 1193 3722 cum
1240 3667 1523 3738 imperium
1550 3668 1783 3725 libidinis
1809 3669 2059 3740 subjugo,
2085 3671 2171 3727 vel

577 3753 783 3826 jugulo.
840 3757 1031 3814 Venite
1082 3766 1138 3814 et
1186 3760 1368 3816 audite
1413 3771 1613 3831 quanta
1650 3761 1794 3819 Deus
1823 3761 1951 3822 fecit
1976 3766 2170 3822 anima:

579 3861 741 3914 mete;
792 3855 852 3902 ut
888 3848 1104 3904 animan
1130 3863 1305 3906 meam
1334 3851 1590 3922 eriperet,
1618 3853 1852 3909 animam
1880 3869 2032 3909 suam
2073 3871 2171 3927 po-

474 3928 487 3933 ⁷
575 3937 717 4005 suit;
749 3946 806 3993 ut
833 3954 921 3995 me
940 3954 973 3995 a
998 3947 1174 3996 morte
1193 3943 1449 4012 eriperet,
1474 3951 1705 4000 mortem
1726 3935 1951 4017 accepit.
1981 3945 2038 4001 Si
2059 3962 2166 4003 non

577 4028 742 4085 credo
763 4038 815 4086 te
842 4047 1029 4088 verum
1068 4031 1261 4100 Deum,
1293 4042 1349 4092 et
1376 4035 1717 4106 iniquitatem
1744 4038 1991 4107 negantis
2017 4037 2169 4094 vides

577 4136 693 4177 esse
722 4124 774 4177 in
822 4123 984 4180 corde
1033 4141 1175 4193 meo,
1205 4140 1316 4184 non
1343 4129 1737 4193 me‘exaudias,
1770 4128 1935 4185 Deus.
1968 4128 2165 4184 Verum

474 4264 479 4269 .
578 4213 700 4283 quia
729 4214 891 4269 credo
920 4224 973 4269 te
1009 4230 1150 4281 esse,
1207 4217 1330 4273 ideo
1369 4218 1634 4275 esaudisti
1676 4234 1782 4273 me.
1812 4217 2082 4273 Bcnedieo
2113 4227 2167 4273 te

577 4304 669 4372 qui
697 4320 804 4393 npn
833 4307 1081 4362 amovisti
1109 4323 1325 4378 precem
1354 4323 1551 4371 meam,
1597 4325 1697 4365 nec
1741 4307 2164 4364 misericordiam

577 4402 724 4447 tuam
754 4410 785 4450 a
835 4411 938 4461 me,
969 4397 1061 4467 qui
1089 4411 1283 4466 regnas
1316 4414 1438 4453 cum
1466 4396 1625 4454 Patre
1644 4407 1700 4455 et
1727 4398 1927 4469 Spiritu
1956 4406 2162 4467 sancto,

576 4501 674 4557 per
697 4488 876 4544 omnia
901 4489 1094 4546 secula
1124 4491 1463 4547 szcculorum.
1497 4490 1687 4546 Amen.

1105 4673 1417 4733 PSALMUS
1454 4675 1636 4731 LXVI.

751 4806 809 4863 ln
841 4808 997 4864 linem
1028 4811 1079 4866 in
1111 4810 1324 4883 hymnis
1353 4812 1539 4883 psalm.
1573 4812 1767 4869 cantici
1796 4811 1980 4869 David.

598 5004 601 5007 -
649 4961 784 5021 Deus
812 4969 1113 5023 misereatur
1159 4972 1323 5025 nostri
1355 4980 1404 5026 et
1423 4971 1874 5039 benedicatnabis,
1904 4974 2162 5029 illuminet

574 5056 763 5110 vultum
790 5072 937 5110 suum
964 5074 1117 5129 super
1161 5076 1276 5124 nos,
1327 5070 1378 5114 et
1418 5062 1722 5116 misereatur
1757 5064 1941 5118 nostri.
1977 5062 2048 5117 Ut
2073 5081 2161 5119 co-

573 5167 878 5223 gnoscamus
918 5153 973 5208 in
1013 5164 1149 5210 terra
1169 5159 1301 5211 viam
1319 5168 1478 5225 tuam,
1510 5168 1560 5213 et
1587 5162 1641 5215 in
1664 5162 1899 5216 omnibus
1921 5159 2156 5233 gentibus

571 5244 799 5300 salutare
825 5255 987 5301 tuum.
1019 5245 1376 5319 Confiteantur
1415 5251 1502 5307 tibi
1548 5254 1755 5325 populi,
1788 5245 1958 5319 Deus,
1991 5252 2158 5324 confi-

570 5344 771 5392 teantur
792 5336 884 5392 tibi
908 5339 1084 5411 populi
1111 5357 1307 5396 omnes.
1339 5340 1600 5399 Letentur
1618 5358 1668 5399 et
1685 5346 1942 5400 exsultent
1962 5355 2155 5417 gentes,

569 5430 807 5498 quoniam
820 5430 1031 5502 judicas
1053 5433 1269 5505 populos
1288 5436 1342 5488 in
1373 5437 1632 5508 tequitate,
1664 5446 1714 5491 et
1742 5446 1916 5509 gentes
1942 5439 1996 5491 in
2020 5445 2157 5491 terra

569 5519 767 5591 dirigis.
814 5520 1174 5594 Confiteantur
1220 5525 1309 5580 tibi
1357 5529 1555 5598 populi,
1608 5527 1769 5591 Deus,
1815 5529 2159 5599 conﬁteantur

569 5608 657 5692 tibi
677 5612 851 5681 populi
888 5630 1081 5681 onmes,
1106 5622 1247 5671 terra
1267 5618 1405 5673 dedit
1430 5621 1654 5692 fructum
1681 5636 1850 5675 suum.
1875 5620 2153 5678 Benedicat

568 5685 661 5752 no’s
687 5699 843 5764 Deus,
867 5703 1007 5760 Deus
1036 5718 1230 5773 noster,
1261 5685 1527 5767 benedicat
1547 5728 1640 5767 nos
1660 5710 1821 5779 Deus,
1842 5714 1894 5767 et
1920 5722 2152 5771 metuam

568 5804 682 5862 eum
699 5800 877 5850 omnes
894 5798 1027 5863 ﬁnes
1052 5810 1220 5857 teme.

2270 3323 2459 3376 etenim
2498 3321 2612 3377 caeli
2660 3322 3041 3383 distillaverunt
3092 3340 3125 3378 a
3167 3324 3304 3396 facie
3341 3322 3518 3391 Sinai,
3546 3342 3580 3379 α
3608 3326 3736 3398 facie
3758 3322 3844 3378 Dei

2272 3411 2463 3468 Israel.
2495 3411 2736 3468 Pluviam
2766 3414 3111 3471 voluntariam
3153 3414 3471 3487 segregabis,
3508 3415 3657 3482 Deus,
3691 3416 3847 3472 luere-

2271 3504 2420 3559 ditati
2452 3514 2590 3571 tuas;
2635 3515 2685 3560 et
2725 3506 2993 3576 inﬁrmata
3039 3514 3136 3573 est,
3181 3516 3234 3560 tu
3260 3523 3384 3563 vero
3428 3508 3681 3579 perfecisti
3711 3524 3842 3562 eam.

2269 3597 2533 3652 Animalia
2573 3608 2662 3652 tua
2708 3599 3013 3653 ltabitabunt
3047 3600 3104 3654 in
3133 3616 3216 3665 ea,
3244 3599 3445 3672 parasti
3477 3600 3530 3652 in
3579 3597 3841 3652 dulcedine

2270 3700 2356 3745 tua
2376 3693 2607 3764 pauperi,
2637 3690 2796 3746 Deus.
2830 3691 3083 3748 Dominus
3108 3692 3255 3747 dabit
3278 3692 3471 3749 uerbum
3490 3690 3834 3762 euangelizan-

2272 3778 2405 3838 tibus
2433 3785 2618 3838 virtute
2634 3783 2815 3839 multa.
2837 3783 2951 3839 Rea:
2987 3786 3231 3839 virtutum
3253 3784 3424 3840 dilecti
3451 3782 3634 3847 dilecti,
3655 3791 3704 3836 et
3727 3798 3839 3853 spe-

2269 3876 2364 3929 ciei
2384 3875 2565 3931 domus
2582 3876 2808 3931 dividere
2826 3877 3013 3948 spolia.
3035 3875 3097 3932 Si
3126 3877 3398 3932 dormiatis
3412 3876 3547 3931 inter
3557 3873 3745 3930 medios
3761 3875 3852 3928 cle-

2269 3985 2361 4024 ros
2377 3985 2562 4041 penna.-
2576 3969 2825 4024 columba
2838 3970 3205 4042 deargentatte,
3220 3982 3271 4025 et
3294 3970 3582 4041 posteriora
3594 3967 3731 4023 dorsi
3747 3967 3852 4038 ejus

2265 4064 2321 4118 in
2347 4062 2546 4134 pallore
2558 4064 2692 4117 auri.
2718 4061 2853 4117 Dum
2873 4063 3124 4118 discernit
3147 4063 3365 4133 caelestis
3390 4080 3536 4137 reges
3555 4079 3709 4135 super
3722 4078 3846 4125 eam,

2267 4157 2383 4210 nire
2410 4153 2783 4210 dealbabuntur
2800 4156 2856 4210 in
2887 4155 3131 4222 Selmon;
3163 4173 3312 4212 mons
3343 4156 3441 4212 Dei
3462 4174 3616 4213 mons
3639 4158 3849 4229 pinguis.

2268 4236 2425 4301 Mons
2453 4247 2772 4318 coagulatus,
2812 4264 2959 4302 mons
2988 4249 3233 4320 pinguis;
3275 4258 3333 4303 ut
3354 4248 3480 4322 quid
3525 4247 3851 4320 suspicamini

2266 4346 2464 4390 montes
2491 4337 2832 4408 coagulatos?
2858 4336 3013 4393 Mons
3040 4340 3098 4405 in,
3115 4356 3216 4412 quo
3245 4338 3624 4412 beneplacitum
3653 4349 3728 4395 est
3751 4337 3851 4392 Do-

2266 4428 2408 4481 mino
2428 4426 2664 4483 habitare
2680 4429 2735 4481 in
2758 4445 2838 4495 eo,
2857 4431 3042 4483 etenim
3062 4428 3317 4485 Dominus
3339 4429 3594 4495 habitarit
3614 4433 3671 4487 in
3690 4432 3847 4503 ﬁnem.

2268 4515 2461 4572 Curras
2488 4517 2584 4573 Dei
2608 4519 2785 4575 decem
2814 4519 3043 4576 millibus
3069 4522 3339 4595 multiplex
3358 4523 3526 4579 millia
3557 4524 3852 4590 (latentium,

2189 4593 2242 4655 Ι)
2269 4608 2525 4666 Dominus
2553 4611 2608 4664 in
2633 4612 2777 4666 eisin
2800 4612 2935 4667 Sina
2964 4615 3018 4667 in
3034 4593 3235 4669 sancto.
3268 4616 3569 4673 Ascendisti
3595 4620 3654 4673 in
3685 4619 3854 4681 altum,

2269 4704 2451 4776 cepisti
2486 4704 2832 4774 captivitatem
2851 4746 2867 4770 ,
2901 4708 3143 4777 accepisti
3173 4707 3311 4763 dona
3340 4708 3395 4763 in
3422 4708 3748 4766 hominibus.
3777 4708 3856 4764 Et-

2269 4795 2407 4847 enim
2442 4809 2545 4848 non
2570 4794 2833 4850 credentes
2862 4795 3155 4852 inhabitare
3178 4796 3456 4853 Dominum
3484 4799 3687 4858 Deum.
3722 4802 3865 4857 Bene

2267 4886 2434 4942 dictus
2465 4884 2720 4945 Dominus
2748 4889 2834 4942 die
2852 4889 3100 4961 quotidie,
3132 4907 3433 4962 prosperum
3453 4894 3560 4948 iter
3584 4896 3751 4967 faciet
3777 4875 3888 4950 κου.

2267 4980 2344 5033 bis
2398 4977 2538 5034 Deus
2583 4978 2893 5035 salutarium
2932 4978 3264 5037 nostrorum.
3310 4982 3453 5039 Deus
3493 4997 3703 5054 noster,
3736 4986 3869 5043 Deus

2265 5069 2434 5124 salvos
2463 5070 2721 5143 faciendi;
2748 5080 2798 5125 et
2826 5070 3043 5126 Domini
3079 5070 3294 5129 Domini
3316 5077 3488 5131 exitus
3522 5072 3740 5135 mortis.
3777 5078 3870 5136 Vc-

2266 5171 2559 5216 rumtamen
2576 5161 2714 5217 Deus
2735 5165 3028 5236 confringet
3050 5165 3225 5236 capita
3252 5165 3590 5223 inimicorum
3634 5185 3867 5233 uorum,

2263 5256 2499 5311 verticem
2537 5257 2715 5327 capilli
2741 5257 3212 5328 perambulantium
3237 5259 3292 5313 in
3319 5255 3523 5314 delictis
3553 5266 3696 5318 suis.
3727 5262 3876 5318 Dia'it

2263 5349 2542 5405 Dominus:
2554 5347 2640 5403 Ea;
2657 5348 2831 5403 Busan
2845 5360 3158 5417 convertam,
3177 5360 3471 5407 convertant
3479 5355 3538 5408 in
3547 5355 3876 5428 profundum

2265 5442 2446 5496 maris.
2483 5439 2551 5496 Ut
2577 5442 2866 5512 intingatur
2893 5459 2982 5512 pes
3012 5452 3129 5497 tuus
3157 5444 3212 5497 in
3237 5444 3511 5514 sanguine,
3557 5446 3757 5519 lingua
3798 5461 3877 5500 ca-

2263 5546 2388 5585 num
2416 5539 2619 5586 tuorum
2656 5546 2724 5585 es:
2761 5532 2986 5586 inimicis
3016 5531 3082 5586 ab
3126 5534 3258 5605 ipso.
3317 5532 3575 5589 Viderunt
3603 5538 3877 5611 ingressus

2263 5634 2394 5690 tuos,
2423 5621 2580 5689 Deus,
2626 5624 2888 5694 ingressus
2916 5622 3016 5680 Dei
3059 5628 3348 5698 mei,'regis
3393 5629 3515 5694 mei,
3558 5634 3661 5701 qui
3711 5642 3792 5687 est
3823 5634 3877 5687 in

2253 5724 2455 5770 sancto.
2487 5713 2858 5769 Prmenerunt
2884 5717 3148 5788 principes
3196 5719 3463 5789 conjuncti
3504 5722 3872 5791 pallentibus

2252 5809 2308 5865 in
2330 5807 2499 5865 medio
2519 5807 2920 5871 'juvencularum
2954 5811 3452 5887 tympanistriarum.
3482 5810 3548 5874 lu
3608 5799 3876 5879 Ecclesiis
