4088 6346
220 373 320 428 ιιι

1143 356 1610 418 GOMMEN‘I‘ARII
1653 356 1717 412 IN
1757 354 2086 410 PSALMOS.
2133 356 2323 412 ινεΑιη
2370 358 2570 414 LXVII.

3412 365 3514 422 M8

221 486 507 542 benedicite
528 482 636 537 Deo
654 481 876 535 Domino
898 479 962 533 de
982 477 1207 550 fontibus
1234 474 1425 530 Israel.
1449 473 1527 528 lbi
1546 469 1820 543 Benjamin
1848 465 1897 528 Δ
1925 467 2262 523 sacrificium.
2319 469 2443 526 Haec
2499 475 2726 544 captiva:
2775 491 3058 548 synagogze
3114 479 3320 534 sublata
3369 483 3517 538 velut

219 577 632 637 adolescentulus
654 577 705 629 in
724 575 906 628 mentis
927 588 1156 626 excessu.
1181 569 1453 639 Principes
1474 566 1635 629 Juda,
1661 566 1816 617 duces

221 689 399 729 eorum
411 687 431 736 ;
479 669 737 739 principes
787 664 1020 718 Zabulon
1074 673 1123 716 et
1177 662 1438 732 principes
1491 657 1812 729 Nephtalim.

222 765 448 829 Munda,
479 761 638 827 Deus,
670 760 844 814 virtuti
874 768 1004 823 tuae;
1036 757 1290 826 conﬁrma
1320 755 1434 819 hoc,
1482 751 1642 816 Deus,
1685 749 1820 822 quod

222 868 468 932 operatus
497 875 549 912 es
578 859 634 911 in
664 855 830 910 nobis.
863 856 905 906 Α
937 853 1124 924 templo
1156 860 1240 905 tuo
1291 850 1342 904 in
1387 846 1679 901 Jerusalem
1729 843 1819 898 tibi

223 953 453 1022 oﬂ'erant
502 965 646 1021 reges
685 963 920 1001 munera.
957 944 1180 1014 Increpa
1209 944 1349 1015 feras
1376 937 1668 1001 arundinis,
1697 953 1821 990 con-

223 1043 462 1117 gregatio
493 1052 758 1094 taurorum
804 1040 860 1092 in
903 1036 1070 1091 vaccis
1098 1033 1428 1106 populorum,
1455 1038 1513 1083 ut
1539 1026 1822 1082 excludant

223 1151 314 1189 eos
337 1135 422 1206 qui
445 1131 650 1204 probati
667 1140 787 1184 sunt
816 1137 1050 1201 argento.
1086 1125 1300 1195 Dissipa
1329 1131 1504 1195 gentes
1533 1137 1647 1193 qua:
1691 1118 1823 1173 bella

188 1247 195 1252 ·
225 1229 424 1291 colunt,
457 1224 660 1280 venient
687 1223 845 1295 legati
866 1238 930 1276 ea:
956 1221 1209 1294 .Egypto,
1233 1216 1508 1288 Ethiopia
1549 1215 1825 1287 praeveniet

226 1335 417 1372 manus
447 1317 557 1387 ejus
607 1314 737 1370 Deo.
783 1313 961 1386 Regna
1010 1323 1179 1378 terra,
1212 1321 1419 1366 cantate
1457 1309 1587 1371 Deo,
1621 1308 1826 1379 psallite

227 1410 477 1464 Domino.
510 1407 730 1462 Psallite
747 1406 855 1460 Deo
881 1407 966 1478 qui
990 1406 1222 1458 ascendit
1242 1420 1395 1475 super
1415 1403 1596 1456 coalum
1624 1401 1734 1455 caeli
1756 1399 1827 1453 ad

227 1500 504 1553 orientem.
536 1496 671 1550 Ecce
698 1496 842 1550 dabit
871 1497 979 1551 voci
1007 1513 1116 1550 sua:
1145 1512 1317 1550 vocem
1338 1495 1557 1558 virtutis,
1581 1493 1704 1546 date
1722 1491 1828 1563 glo-

227 1593 366 1645 riam
379 1589 487 1644 Deo
516 1607 669 1661 super
691 1589 882 1652 Israel,
904 1588 1294 1659 magnificentia
1325 1587 1440 1657 ejus
1458 1595 1508 1639 et
1537 1586 1695 1640 rirtus
1716 1583 1829 1654 ejus

227 1684 282 1738 in
315 1679 554 1736 nubibus.
583 1679 850 1735 Mirabilia
878 1679 1016 1734 Deus
1045 1681 1100 1733 in
1127 1680 1321 1733 sanctis
1347 1678 1472 1741 suis,
1499 1675 1637 1729 Deus
1663 1673 1831 1728 Israel

196 1774 344 1845 _ipse
372 1772 514 1826 dabit
531 1775 763 1828 virtutem
793 1782 842 1827 et
873 1771 1230 1844 fortitudinem
1277 1769 1412 1841 plebi
1456 1785 1592 1835 suae,
1624 1768 1831 1823 benedi-

231 1874 349 1920 ctus
373 1863 532 1920 Deus.

809 1949 1246 1992 COIIENTARIUI.

302 2054 437 2110 ltem
459 2053 696 2124 psalmus
715 2051 910 2107 cantici
946 2050 998 2104 in
1024 2065 1134 2118 quo
1162 2047 1402 2115 exsurgit
1431 2063 1460 2100 a
1491 2045 1738 2106 mortuis,
1773 2051 1832 2097 ut

233 2145 565 2218 dissipentur
593 2141 793 2198 inimici
840 2140 977 2210 ejus,
1022 2147 1077 2194 et
1104 2137 1310 2206 fugiant
1332 2136 1425 2205 qui
1452 2134 1834 2190 crucifixerunt

235 2255 359 2297 eum
389 2254 422 2294 a
461 2237 600 2292 facie
625 2235 762 2305 ejus.
794 2233 948 2289 Sicut
975 2231 1174 2286 defecit
1227 2229 1402 2284 fumus
1430 2235 1618 2283 contra
1648 2226 1832 2280 altitu-

235 2331 418 2386 dinem
447 2326 648 2394 eundo,
680 2325 758 2380 sic
778 2323 1032 2380 deﬁciant
1056 2340 1070 2376 :
1104 2331 1160 2376 et
1179 2321 1318 2378 sicut
1343 2319 1460 2375 fluit
1487 2334 1631 2385 cera,
1655 2319 1834 2386 ignem

235 2421 455 2493 quidem
511 2419 768 2480 sentiens,
829 2415 925 2470 sed
953 2414 1021 2469 ad
1046 2422 1292 2468 naturam
1314 2427 1466 2468 suam
1494 2409 1726 2476 rediens,
1757 2410 1835 2466 sic

237 2520 469 2584 pereant
496 2517 812 2580 peccatores
857 2507 975 2562 sine
1003 2512 1295 2576 conspectu
1333 2503 1447 2558 Dei.
1479 2502 1568 2557 lsti
1599 2518 1746 2573 vero,
1779 2501 1833 2556 id

241 2608 349 2666 εει,
393 2599 624 2670 apostoli
680 2605 1003 2667 exsurgente
1049 2595 1278 2652 Domino
1303 2595 1586 2666 epulentur
1604 2603 1658 2650 et
1684 2593 1832 2650 dele-

243 2701 460 2749 ctentur
488 2693 540 2748 in
588 2692 788 2756 laititia,
830 2699 885 2747 et
911 2706 1192 2762 quousque
1211 2689 1466 2745 ascendat
1490 2704 1653 2760 super
1680 2705 1832 2744 occa-

239 2800 382 2848 sum,
433 2785 536 2839 iter
579 2784 774 2838 faciant
795 2783 888 2847 illi,
919 2791 974 2838 et
998 2781 1266 2852 gaudeant
1287 2781 1340 2836 in
1370 2788 1661 2852 conspectu
1691 2779 1825 2849 ejus.

237 2876 416 2947 Super
452 2892 700 2932 occasum
743 2876 1002 2941 ascendit,
1052 2875 1177 2945 quia
1203 2874 1355 2944 juxta
1385 2890 1636 2930 occasum
1675 2888 1830 2928 suum

236 2968 402 3038 erepit
431 2968 659 3023 mundus
686 2983 806 3022 esse
845 2966 1062 3038 quando
1087 2967 1139 3021 in
1169 2967 1337 3022 caelos
1365 2965 1622 3037 ascendit.
1680 2963 1835 3020 Unde

236 3069 298 3117 et
326 3061 601 3132 apostolus
628 3060 863 3116 Joannes
889 3060 1020 3116 dicit
1052 3077 1064 3113 :
1092 3059 1268 3124 Pueri,
1302 3061 1581 3114 novissima
1608 3060 1738 3114 hara
1759 3069 1837 3114 est

237 3149 285 3221 (ι
303 3149 461 3205 Joan.
493 3150 572 3218 ιι).
605 3150 828 3205 Turbati
867 3158 993 3205 sunt
1023 3167 1053 3204 a
1083 3150 1218 3206 lacie
1247 3150 1364 3219 ejus
1411 3149 1595 3216 Judaei,
1619 3151 1836 3220 quando

1920 561 2088 630 spolia
2111 571 2253 622 sunt.
2281 562 2450 617 divisa
2475 581 2596 619 cum
2617 567 2918 624 dormirent
2942 571 3082 625 inter
3109 572 3316 629 medios
3337 575 3513 631 cleros

1922 651 2120 708 Scriba:
2149 662 2205 708 et
2236 652 2507 710 Pharismi.
2545 656 2687 712 Inter
2714 660 2941 727 medios,
2974 662 3210 734 inquam,
3239 665 3432 730 cleros,
3466 665 3516 721 id

1886 817 1896 827 .
1928 754 2023 811 est,
2050 746 2190 801 inter
2211 747 2378 802 libros
2406 757 2640 804 sanctos.
2672 749 2863 807 Cieros
2885 755 3028 809 enim
3072 755 3234 812 libros
3261 758 3365 813 hoc
3393 759 3512 814 loco

1925 837 2116 903 dictos,
2166 847 2222 893 et
2253 837 2418 894 ειυόωί
2451 839 2633 895 ιΙίειιιιι
2663 850 2718 897 ει
2746 845 2914 898 nostri
2937 845 3151 916 plurimi
3171 855 3513 905 tractatores.

1925 928 2068 998 Ergo
2105 930 2149 985 si
2197 931 2338 986 inter
2376 931 2541 986 libros
2588 932 2800 989 divinos
2841 937 3003 1006 positi
3033 937 3329 1006 dormiatis,
3355 940 3406 995 id
3433 949 3518 996 est

1927 1025 2226 1094 negligatis,
2255 1033 2309 1079 et
2339 1034 2584 1081 tenentes
2611 1027 2790 1083 claves
2817 1029 2986 1097 regni,
3011 1045 3110 1087 nec
3147 1049 3241 1088 vos
3285 1033 3515 1098 intretis,

1928 1131 2029 1171 nec
2057 1117 2191 1171 alios
2206 1116 2411 1187 ingredi
2433 1118 2776 1188 permittatis.
2805 1118 2907 1186 Qui
2928 1139 3026 1177 vos
3046 1139 3236 1193 penna:
3259 1125 3518 1181 columba:

1927 1207 2309 1277 deargentaue,
2339 1206 2391 1262 id
2433 1217 2533 1274 est,
2567 1226 2600 1264 ο
2632 1226 2727 1266 vos
2753 1226 2944 1281 pennae
2969 1212 3234 1270 columba:
3260 1215 3519 1286 deargen—

1930 1307 2070 1364 tat'n,
2107 1298 2159 1354 id
2184 1309 2287 1363 est,
2317 1301 2633 1358 simulantes
2653 1303 3051 1374 simplicitatem
3081 1307 3360 1374 columbas,
3403 1309 3518 1364 vel-

1928 1393 2006 1447 uti
2052 1407 2243 1462 penna:
2288 1392 2404 1463 ejus
2449 1411 2543 1450 vos
2571 1395 2904 1464 ostendistis.
2957 1395 3126 1454 Porro
3157 1407 3339 1456 autem
3364 1400 3515 1456 dear-

1931 1496 2162 1557 genlata:
2190 1503 2380 1558 penna:
2435 1489 2594 1553 estis,
2627 1505 2735 1544 non
2764 1505 2951 1545 verum
2982 1500 3291 1560 argentum,
3324 1501 3379 1547 et
3408 1510 3517 1564 spc-

1932 1582 2069 1636 ciem
2101 1583 2236 1648 auri,
2265 1598 2370 1638 non
2394 1599 2581 1637 aurum
2605 1600 2789 1639 verum
2820 1583 3120 1641 ostenditis.
3161 1583 3303 1655 Ergo
3331 1587 3374 1641 si
3428 1604 3520 1642 vos

1931 1675 2194 1741 dormitis,
2229 1691 2330 1746 ego
2355 1676 2496 1732 dabo
2543 1678 2827 1747 vigilantes
2854 1679 3102 1734 cmlcstes
3132 1693 3304 1747 reges,
3350 1680 3399 1735 id
3441 1689 3518 1735 est

1931 1771 2226 1840 apostolos,
2253 1785 2417 1840 super
2448 1779 2666 1836 terram,
2697 1779 2752 1825 ut
2784 1771 2836 1826 in
2866 1786 3082 1826 omnem
3135 1779 3331 1827 terram
3361 1779 3517 1826 exeat

1853 1857 1903 1922 Β
1931 1877 2097 1916 εοιιιιε
2125 1877 2332 1917 eorum.
2361 1861 2438 1916 lta
2470 1869 2529 1917 ut
2549 1862 2603 1917 hi
2625 1878 2763 1932 quos
2810 1861 3032 1930 nigredo
3059 1870 3403 1932 peccatorum
3434 1863 3518 1917 oh-

1934 1956 2110 2022 tinuit,
2161 1955 2226 2010 ad
2279 1956 2715 2026 prtedicationem
2763 1971 2952 2012 eorum
2973 1956 3096 2010 nive
3123 1955 3439 2010 dealbentur
3468 1957 3520 2012 iu

1931 2046 2170 2102 Sclmon.
2201 2048 2420 2102 Selmon
2451 2049 2600 2102 locus
2629 2056 2712 2102 est
2741 2049 2793 2102 in
2819 2063 2927 2117 quo
2958 2047 3378 2119 puriﬁcabautur
3399 2064 3522 2120 prod

1936 2137 2114 2209 selyti,
2147 2137 2228 2192 vel
2271 2139 2322 2192 hi
2351 2139 2443 2209 qui
2481 2138 2787 2194 fatebantur
2820 2139 3156 2218 gravipribus
3183 2155 3243 2195 se
3270 2141 3522 2211 pollutio-

1935 2232 2093 2286 nibus
2125 2232 2451 2307 inquinatos,
2482 2235 2593 2288 κατ’
2625 2235 2941 2312 ἀντίφρασιν,
2976 2234 3151 2289 locum
3185 2232 3405 2289 Selmou
3435 2252 3522 2290 vo-

1936 2321 2036 2377 luit
2067 2323 2172 2378 dici
2195 2338 2408 2378 omnem
2448 2323 2624 2378 locum
2655 2323 2708 2378 in
2739 2340 2848 2396 quo
2886 2324 2940 2378 hi
2969 2325 3060 2395 qui
3091 2323 3524 2394 nigrificavcruut

1935 2423 2278 2486 peccatorqu
2326 2415 2608 2480 sordibus,
2650 2415 2986 2471 dealbentur.
3043 2415 3185 2487 Ergo
3233 2434 3356 2472 cum
3417 2418 3523 2474 dis-

1933 2508 2103 2564 cernit
2167 2507 2426 2564 Dominus
2501 2523 2663 2579 super
2725 2515 2923 2564 terram
2988 2511 3466 2581 apostolos-suos
3502 2553 3517 2574 ,

1931 2601 2234 2670 quicunque
2272 2600 2559 2657 audierunt
2603 2616 2698 2657 eos
2751 2610 2807 2656 et
2860 2601 3202 2658 crediderunt
3257 2604 3301 2658 si
3357 2619 3520 2675 super

1933 2691 2238 2749 fenisecium
2270 2692 2484 2748 fuerunt
2507 2693 2664 2762 nigri,
2695 2701 2949 2764 tanquam
2971 2694 3094 2747 lana
3119 2694 3341 2748 candida
3371 2696 3517 2756 facti.

1933 2787 2088 2856 quasi
2119 2787 2208 2840 uix
2229 2786 2463 2841 dealbati
2487 2796 2613 2840 sunt
2635 2787 2688 2840 in
2709 2786 2952 2850 Selmon,
2982 2787 3034 2841 in
3056 2788 3177 2842 loco
3198 2786 3524 2858 purificatio-

1936 2876 2038 2940 nis,
2073 2876 2160 2930 ubi
2201 2877 2382 2931 omnia
2412 2884 2634 2945 peccata
2681 2877 2927 2931 lavantur
2954 2896 2964 2929 :
3000 2877 3089 2932 ubi
3121 2893 3274 2933 mons
3302 2879 3394 2935 Dei
3424 2891 3525 2944 est,

1937 2982 2094 3020 mons
2132 2965 2371 3036 pinguis,
2406 2965 2579 3021 nullus
2607 2965 2742 3021 alius
2786 2966 2888 3022 nisi
2915 2964 3160 3023 Christus
3194 2966 3380 3034 Jesus,
3415 2970 3527 3041 ipso

1939 3057 2181 3128 pinguis,
2213 3057 2410 3112 sudans
2432 3057 2552 3113 oleo
2569 3056 2789 3126 justitia:
2809 3099 2822 3123 ,
2856 3058 2978 3114 oleo
3007 3059 3309 3116 chrismatis
3327 3105 3340 3126 ,
3373 3077 3526 3118 mons

1940 3148 2251 3219 coagulatus
2277 3157 2376 3204 est.
2410 3147 2507 3204 llic
2536 3150 2650 3220 ipse
2676 3165 2833 3207 mons
2859 3153 3070 3222 pinguis
3098 3153 3150 3207 in
3181 3155 3384 3209 unitate
3404 3152 3525 3209 Dci-

235 3239 476 3296 ostendit
502 3256 560 3296 se
580 3249 788 3311 patrem
817 3241 1182 3312 orphanorum
1204 3249 1258 3296 et
1273 3240 1508 3310 judicem
1533 3241 1830 3298 viduarum.
1859 3227 1908 3292 ο
1941 3244 2065 3299 tatis
2093 3243 2407 3299 Trinitatem
2437 3245 2773 3314 eoagulatam
2803 3259 3012 3315 gerens.
3045 3246 3233 3301 Videte
3260 3263 3326 3302 ne
3355 3249 3524 3302 susci-

235 3331 382 3388 Dcus
427 3333 480 3386 in
539 3333 658 3387 loco
705 3341 895 3388 sancto
941 3348 1060 3387 suo.
1095 3331 1412 3405 Ubicunque
1440 3334 1697 3390 sanctitas
1725 3343 1828 3403 est,

237 3425 390 3481 locus
418 3424 514 3479 Dei
543 3433 644 3490 est,
676 3433 731 3480 et
759 3424 831 3480 ibi
860 3423 1002 3480 Deus
1031 3432 1132 3489 εει,
1165 3433 1219 3480 ει
1243 3425 1357 3496 ipse
1381 3425 1508 3483 facit
1551 3428 1832 3484 unanimes

236 3517 294 3572 in
320 3516 503 3582 domo,
535 3516 588 3571 in
618 3515 856 3572 Ecclesia
880 3517 1062 3588 utique
1090 3532 1183 3572 sua
1207 3533 1367 3573 unam
1391 3518 1549 3574 fidem
1569 3519 1831 3590 integram

235 3625 515 3675 exercere,
549 3609 664 3680 ipse
693 3609 885 3666 educet
904 3610 1114 3666 vinctos
1140 3626 1171 3666 a
1191 3610 1408 3668 diabolo
1438 3613 1492 3667 in
1523 3611 1833 3670 fortitudine

235 3715 354 3755 sua.
401 3699 468 3754 Et
513 3700 658 3771 ipsos
685 3702 774 3771 qui
805 3701 874 3757 ad
904 3703 1039 3757 iram
1059 3713 1377 3774 provocant,
1402 3705 1454 3760 id
1483 3713 1585 3770 est,
1612 3706 1704 3775 qui
1725 3721 1835 3761 ma-

235 3793 372 3862 gicis
401 3793 606 3848 artibus
633 3795 892 3861 serviunt,
917 3794 971 3849 hi
1001 3803 1128 3850 sunt
1155 3796 1247 3867 qui
1267 3796 1514 3851 habitant
1568 3797 1620 3852 in
1649 3797 1832 3868 sepul-

129 3955 132 3957 _
235 3883 365 3936 eris.
399 3881 562 3946 Deus,
594 3883 849 3950 egredere
876 3898 1060 3940 coram
1091 3885 1289 3955 populo
1341 3894 1454 3952 tuo,
1477 3886 1604 3941 dum
1653 3896 1832 3942 trans-

238 3972 373 4026 ieris
401 3971 470 4025 ad
515 3972 804 4039 desertum,
835 3983 1036 4030 terram
1065 3976 1305 4040 mutasti,
1329 3976 1546 4046 quando
1566 3978 1688 4033 coeli
1710 3979 1837 4032 stel-

243 4063 354 4116 lam
403 4064 760 4132 protulerunt,
805 4080 836 4119 a
891 4065 1028 4121 facie
1072 4065 1169 4122 Dei
1199 4065 1380 4123 Israel.
1424 4068 1575 4124 Tunc
1603 4070 1837 4141 pluviam

242 4155 603 4210 voluntariam
629 4159 942 4226 segregasti,
966 4157 1130 4223 Deus,
1154 4159 1452 4216 haereditati
1476 4168 1599 4230 tuas,
1623 4163 1838 4233 quando

237 4247 418 4315 angeli
449 4247 800 4303 cecinerunt:
833 4249 1028 4304 Pacem
1055 4250 1351 4307 hominibus
1377 4250 1530 4309 bona
1555 4255 1837 4310 voluntatis

238 4337 458 4412 (Matth.
493 4341 574 4410 ιι).
607 4339 900 4398 Hereditas
920 4341 1035 4412 ejus
1055 4343 1112 4398 in
1138 4344 1398 4414 apostolis
1419 4345 1646 4417 sumpsit
1675 4361 1835 4401 exor-

237 4431 409 4497 dium,
443 4431 497 4486 in
517 4433 711 4503 quibus
734 4433 1001 4490 infirmata
1023 4443 1107 4492 est
1127 4437 1241 4508 ipsa
1269 4438 1571 4505 hau-editas,
1604 4439 1697 4495 sed
1719 4440 1834 4511 ipse

237 4522 500 4578 Dominus
527 4523 752 4594 perfecit
795 4542 917 4582 eam
944 4527 1270 4597 resurgendo
1311 4544 1341 4584 a
1370 4532 1614 4596 mortuis,
1644 4538 1828 4587 osten-

1934 3336 2094 3407 piatis
2116 3337 2168 3391 iu
2197 3335 2408 3392 Deitate
2434 3336 2596 3392 alium
2620 3336 2856 3392 aliunde.
2890 3336 3023 3392 Nam
3048 3338 3140 3405 qui
3163 3339 3276 3393 haec
3302 3337 3523 3402 faciunt,

1933 3437 2250 3498 arguuntur,
2293 3437 2348 3484 et
2375 3427 2570 3483 dicitur
2597 3429 2677 3483 eis
2703 3445 2717 3480 :
2753 3426 2950 3497 thuid
2981 3428 3060 3483 sic
3086 3429 3355 3499 suscipitis
3375 3445 3526 3484 mon-

1935 3527 2018 3575 tes
2044 3519 2272 3574 uberes?
2295 3518 2346 3573 id
2368 3526 2470 3581 est,
2504 3519 2692 3587 utquid
2733 3519 2908 3574 facitis
2935 3519 3193 3589 pluralem
3223 3518 3528 3576 Deitatem?

1933 3609 2288 3679 Coagulatum
2318 3618 2559 3665 montem
2592 3611 2644 3665 in
2676 3611 2884 3666 unitate
2909 3620 3111 3678 tenete,
3137 3619 3193 3667 et
3221 3610 3436 3668 Patrem
3464 3631 3530 3670 ac

1935 3702 2194 3773 Spiritum
2223 3711 2467 3758 sanctum
2493 3705 2545 3758 in
2571 3721 2677 3759 uno
2702 3704 2931 3761 Domino
2955 3715 3140 3760 nostro
3159 3705 3286 3761 Jesu
3311 3706 3528 3762 Christo

1935 3797 2210 3867 suspicite.
2244 3796 2363 3868 Ipse
2391 3805 2474 3852 est
2504 3797 2645 3851 enim
2674 3813 2828 3852 mons
2858 3799 2911 3853 in
2939 3813 3048 3866 quo
3069 3798 3267 3867 placuit
3298 3798 3411 3853 Deo
3441 3799 3530 3853 ha-

1935 3887 2109 3943 bitare
2148 3890 2199 3943 in
2228 3903 2322 3953 eo,
2356 3897 2410 3944 et
2439 3889 2493 3942 in
2522 3888 2639 3958 ipso
2668 3887 2924 3943 Dominus
2967 3888 3228 3942 habitavit
3255 3889 3308 3942 in
3337 3888 3529 3943 saecula

1939 3979 2276 4034 seculorum.
2306 3979 2475 4048 Hujus
2503 3993 2690 4033 currus
2733 3979 2921 4034 decem
2967 3977 3220 4032 millibus.
3254 3977 3529 4050 Multiplex

1939 4085 2129 4125 currus
2149 4068 2265 4138 ejus
2293 4069 2345 4123 in
2368 4068 2618 4140 passione
2645 4069 2875 4138 agitatus
2900 4077 3002 4135 est,
3027 4068 3116 4123 ubi
3145 4068 3245 4123 sibi
3270 4069 3385 4140 ipse
3411 4070 3531 4141 plus

1938 4157 2160 4225 sumcit,
2192 4174 2352 4229 quam
2381 4159 2570 4214 decem
2611 4157 2776 4214 millia
2819 4158 3059 4228 legiones
3103 4159 3444 4228 angelorum,
3473 4169 3529 4217 et

1937 4253 2101 4309 millia
2134 4253 2429 4309 laetantium
2467 4267 2585 4322 quas
2613 4251 2826 4308 fuerunt
2853 4267 2974 4308 cum
3005 4253 3188 4325 Moyse
3233 4253 3286 4309 in
3315 4253 3442 4308 Sina
3472 4255 3524 4310 iu

1936 4353 2144 4401 sancto.
2173 4343 2324 4400 Tunc
2351 4343 2592 4399 ascendit
2631 4345 2683 4399 in
2715 4344 2917 4410 altum,
2952 4345 3003 4400 id
3043 4355 3155 4411 est,
3191 4345 3242 4400 in
3287 4361 3523 4409 crucem,

1935 4438 2079 4508 cepit
2125 4437 2521 4506 captivitatem,
2555 4436 2721 4507 ipsam
2751 4437 3120 4507 captivitatem
3168 4436 3296 4506 ligni
3343 4438 3523 4508 primi,

1935 4529 2105 4599 ipsam
2138 4529 2301 4599 cepit,
2334 4527 2484 4583 etde
2531 4536 2756 4598 peccato
2797 4528 3071 4584 damnavit
3108 4536 3406 4599 peccatum.
3452 4527 3527 4582 De

237 4617 418 4672 dendo
447 4616 662 4674 fissuras
689 4620 963 4676 clavorum
985 4621 1038 4676 in
1064 4623 1328 4688 manibus,
1353 4624 1590 4680 vulneris
1617 4625 1830 4694 signum
1857 4611 1910 4672 Ῑ)
1934 4621 2099 4690 ligno,
2124 4621 2360 4689 inquam.
2391 4621 2567 4676 CPUCiS
2591 4620 2793 4690 “suum
2815 4619 3263 4692 εοηουρὶεεεηιὶω
3283 4619 3444 4688 cep“.
3473 4625 3528 4671 οι

237 4711 292 4766 in
316 4712 519 4776 latere;
551 4720 606 4768 et
633 4713 706 4768 ita
728 4729 848 4769 eam
868 4714 1112 4785 perfecit,
1136 4723 1196 4769 ut
1221 4731 1327 4772 non
1347 4717 1518 4772 solum
1541 4718 1826 4789 spiritales,

236 4803 333 4858 sed
365 4811 420 4857 et
448 4794 708 4861 animales
733 4807 977 4862 habitent
999 4807 1053 4862 in
1083 4822 1168 4875 ea,
1216 4808 1341 4878 quia
1369 4811 1581 4879 paravit
1619 4826 1683 4866 ea
1711 4809 1830 4866 dul-

236 4894 484 4950 cedinem
505 4911 654 4951 suam
681 4896 840 4963 Deus,
864 4898 1080 4970 quando
1100 4898 1247 4956 dedit
1267 4900 1488 4956 verbum
1516 4901 1832 4956 mulieribus

235 4983 522 5051 Dominus,
545 4984 1064 5058 ut'evangelizarent
1089 4989 1345 5046 virtutem
1367 4991 1612 5047 multam.
1642 4991 1830 5047 Domi-

183 5119 190 5131 .
237 5093 343 5132 nus
364 5079 593 5147 ergo‘eis
611 5079 758 5134 dedit
771 5081 990 5136 verbum
1012 5081 1198 5138 dicens
1227 5100 1240 5136 :
1275 5081 1376 5147 Ite,
1399 5083 1554 5137 dicite
1582 5082 1832 5155 fratribus

237 5169 370 5223 meis
407 5179 463 5223 ut
509 5180 628 5225 eant
653 5173 708 5225 in
755 5170 1050 5237 Galilceam,
1100 5171 1172 5227 ibi
1221 5190 1302 5228 me
1348 5172 1585 5228 videbunt
1613 5173 1829 5246 (Matth.

238 5261 454 5333 xxvm).
489 5261 620 5330 Quis
657 5265 760 5320 hoc
788 5264 958 5321 dixit?
986 5265 1103 5322 Rex
1135 5266 1390 5321 virtutum
1418 5265 1621 5335 dilecti,
1653 5268 1705 5323 id
1726 5277 1830 5335 est,

238 5353 472 5409 interior
496 5352 695 5410 Christi
735 5364 790 5411 et
840 5357 1310 5428 species'domus,
1355 5359 1541 5430 utique
1590 5361 1834 5432 corporis

241 5447 482 5518 speciosi
529 5447 700 5504 forma
740 5465 852 5520 pra:
902 5449 1024 5504 filiis
1069 5451 1376 5518 hominum,
1420 5452 1475 5507 in
1513 5469 1618 5524 qua
1645 5453 1833 5510 dividit

240 5540 451 5612 Spolia,
503 5549 558 5595 et
595 5542 887 5611 captivavit
931 5557 1286 5618 synagpgam,
1325 5553 1380 5600 et
1407 5545 1690 5601 thesauros
1715 5547 1832 5617 ejus

242 5631 426 5687 divisit
466 5631 518 5687 iu
575 5632 831 5698 Ecclesia,
877 5633 966 5687 alii
994 5633 1140 5689 dedit
1169 5635 1525 5706 prophetiam,
1579 5638 1669 5692 alii
1713 5655 1832 5694 ver-

243 5725 394 5789 bum,
428 5725 517 5780 alii
556 5726 808 5782 virtutem
863 5726 1188 5782 sanitatum:
1221 5729 1453 5798 denique
1496 5731 1633 5785 ultra
1676 5747 1833 5803 syna-

246 5831 381 5887 goga
413 5833 522 5873 non
551 5818 731 5884 habet,
757 5835 854 5876 nec
883 5819 1220 5890 prophetam,
1254 5837 1354 5879 nec
1384 5823 1709 5890 motionem,
1735 5841 1833 5882 nec

1931 4715 2076 4771 dona
2105 4715 2348 4783 erogavit
2375 4714 2700 4769 hominibus.
2737 4713 2936 4768 Passus
2961 4722 3038 4768 est
3083 4713 3266 4777 etiam,
3297 4711 3387 4780 qui
3419 4728 3524 4767 non

1932 4805 2250 4870 credebant,
2283 4805 2444 4860 etiam
2476 4804 2559 4859 his
2585 4803 2727 4858 dona
2761 4802 2910 4858 dedit
2941 4803 2995 4856 in
3023 4817 3182 4857 cruce
3210 4801 3414 4872 positus
3433 4844 3446 4866 ,
3471 4812 3526 4859 et

1934 4913 2042 4952 non
2073 4911 2238 4966 parva
2277 4895 2438 4949 doua.
2473 4893 2608 4948 Audi
2637 4908 2798 4962 quam
2840 4907 3050 4961 magna.
3084 4889 3279 4948 Preces
3315 4910 3413 4965 pro
3444 4894 3526 4949 his

1938 4987 2225 5051 fundebat,
2264 4985 2487 5041 dicens:
2521 4983 2683 5039 Pater
2711 4985 2910 5038 remitte
2956 4984 3091 5051 illis,
3131 4987 3252 5058 quia
3282 4988 3525 5059 ignorant

1940 5079 2100 5151 (Luc.
2131 5079 2305 5148 mu).
2327 5077 2487 5133 Dedit
2515 5092 2644 5148 ergo
2672 5077 2813 5133 dona
2842 5078 3166 5145 hominibus,
3198 5079 3249 5134 id
3276 5089 3375 5144 est,
3407 5093 3525 5133 cre-

1938 5173 2218 5237 dentibus,
2250 5180 2307 5226 et
2345 5187 2452 5230 non
2482 5171 2655 5226 solum
2681 5171 3054 5238 credentibus,
3104 5173 3197 5228 sed
3240 5172 3400 5225 etiam
3441 5170 3524 5223 his

1939 5265 2032 5336 qui
2053 5281 2160 5321 non
2181 5264 2408 5321 credunt
2424 5266 2722 5322 inhabitare
2739 5267 3043 5333 Dominum,
3060 5267 3151 5336 qui
3176 5278 3281 5317 non
3302 5259 3525 5316 credunt

1939 5358 2064 5429 quia
2094 5356 2234 5412 Deus
2262 5367 2373 5412 erat
2409 5360 2461 5412 in
2503 5357 2706 5416 Christo
2729 5362 2975 5415 mundum
3001 5357 3284 5412 concilians
3324 5353 3420 5432 sibi
3447 5352 3521 5424 (ll

1940 5449 2058 5506 Cor.
2083 5450 2156 5521 v).
2203 5450 2521 5508 Benedictus
2548 5451 2805 5508 Dominus
2835 5451 3012 5511 Pater,
3044 5444 3356 5501 benedictus
3381 5443 3524 5501 Deus

1939 5545 2131 5609 Filius,
2164 5545 2476 5601 benedictus
2521 5544 2780 5600 Dominus
2827 5541 3056 5612 Spiritus
3103 5543 3348 5604 sanctus,
3399 5541 3524 5611 quia

1941 5655 2258 5710 prosperum
2291 5640 2392 5693 iter
2419 5637 2594 5692 crucis
2624 5650 2731 5689 sua:
2773 5633 2895 5687 fecit
2939 5629 3091 5683 uobis
3119 5629 3257 5685 Deus
3281 5629 3527 5690 Salvator

1941 5742 2142 5795 uoster,
2167 5733 2256 5802 qui
2282 5731 2399 5789 ideo
2428 5726 2654 5783 cruciari
2679 5726 2864 5789 voluit,
2896 5731 2954 5778 ut
2977 5739 3074 5777 uos
3100 5723 3278 5779 salvos
3305 5724 3522 5782 laceret.

1943 5825 2070 5880 ldeo
2093 5825 2280 5879 mortis
2311 5821 2530 5877 exilium
2563 5819 2821 5890 suscepit,
2856 5827 2911 5882 ut
2941 5830 3326 5886 conquassaret
3355 5821 3529 5890 capita
