4088 6346
575 366 689 426 sio
1492 308 1511 322 ﬁ
1918 344 2190 418 unum
2228 357 2531 416 temonis

578 572 681 632 bus
707 574 1026 637 dzemonum,
1050 570 1191 641 quia
1214 570 1415 626 vertice
1435 569 1617 641 capilli
1638 568 2086 640 perambulabant
2113 567 2169 622 in

578 666 788 724 delictis
827 665 956 725 suis.
988 663 1133 717 Dixit
1169 661 1431 718 Dominus
1462 681 1475 717 :
1503 660 1582 715 Ex
1626 660 1799 715 Basan
1837 667 2167 717 convertam.

577 755 752 813 Basan
794 771 891 810 rex
932 753 1059 820 fuit,
1106 754 1199 826 qui
1238 769 1338 826 pro
1384 762 1611 826 peccato
1656 750 2167 824 captivabatlsrael.

577 836 717 918 Ergo
743 847 835 918 qui
864 862 962 918 pro
990 846 1226 917 peccatis
1264 847 1409 911 suis,
1441 862 1472 900 a
1501 845 1675 901 Basan
1705 837 1852 916 capti
1891 851 2044 908 sunt,
2073 857 2172 913 per
2201 837 2212 849 ’

577 954 790 995 crucem
817 953 996 993 meam
1036 953 1107 993 ex
1147 937 1324 993 Basan
1354 946 1696 1012 convertam.
1731 935 1931 992 Verum
1959 935 2085 1007 quia
2115 935 2171 990 in

576 1018 785 1103 abyssis
823 1037 878 1085 et
921 1029 976 1085 in
1004 1028 1272 1101 profundo
1300 1038 1382 1106 est
1409 1030 1562 1085 locus
1589 1028 1809 1099 diaboli,
1840 1029 2002 1083 etiam
2048 1025 2172 1082 inde

480 1110 487 1117 ’
577 1112 910 1189 Convertam,
950 1120 1080 1177 dicit
1102 1123 1326 1179 interior
1347 1120 1611 1177 Divinitas
1635 1120 1896 1192 perfecta,
1926 1120 2171 1191 profecto

576 1200 781 1272 homini
821 1232 922 1272 suo
950 1214 1076 1271 Jesu
1105 1212 1342 1273 Christo.
1394 1214 1739 1281 Convertam,
1772 1213 1974 1283 inquit,
2006 1212 2171 1267 etiam

576 1309 644 1379 de
672 1308 938 1379 profundo
966 1309 1148 1376 maris,
1172 1308 1347 1365 donec
1378 1309 1669 1378 intingatur
1696 1323 1792 1379 pes
1822 1316 1942 1363 tuus
1961 1294 2020 1361 in
2045 1322 2170 1362 san-

575 1402 736 1473 guine
790 1401 1076 1471 passionis.
1126 1402 1201 1457 lbi
1243 1401 1423 1470 lingua
1472 1417 1665 1457 canum
1714 1410 1948 1467 tuorum,
1977 1416 2170 1457 canum

577 1493 761 1563 utique
790 1493 1101 1548 latrantium
1128 1510 1140 1547 :
1169 1491 1452 1567 Cruciﬁge,
1506 1490 1762 1565 crucifige
1789 1491 1951 1564 (Luc.
1981 1491 2165 1562 xxni).

577 1582 719 1655 Ergo
749 1586 865 1641 haec
904 1586 1085 1661 lingua
1111 1599 1302 1640 canum
1333 1600 1400 1639 ex
1428 1584 1658 1641 inimicis
1686 1584 1754 1639 ab
1795 1582 1914 1654 ipso
1952 1582 2170 1638 diabolo

579 1677 811 1733 excitata
840 1686 940 1734 est.
972 1676 1100 1734 Post
1139 1677 1447 1749 passionem
1477 1687 1659 1735 autem
1682 1677 1783 1732 visi
1810 1684 1935 1732 sunt
1959 1677 2169 1746 ingres-

578 1787 672 1827 sus
702 1757 812 1838 tui,
841 1771 1019 1839 Deus;
1065 1772 1353 1843 probatum
1381 1779 1495 1837 est,
1527 1771 1653 1840 quia
1682 1771 1956 1841 ingressus
1995 1777 2078 1825 est
2115 1769 2171 1824 in

2274 582 2437 639 super
2463 569 2633 640 ipsam
2655 574 2885 624 mortem
2904 567 3158 623 virtutem
3182 568 3483 639 imperandi
3502 566 3868 648 susciperent;

2274 670 2351 729 ut,
2383 662 2642 720 iacientes
2668 662 2785 717 hate
2811 662 2982 729 signa,
3012 661 3255 718 dicerent
3280 662 3569 732 gentibus:
3600 664 3737 722 Date
3770 668 3869 724 ho-

2274 769 2462 811 norem
2481 740 2613 820 Deo,
2636 768 2799 825 super
2825 753 2987 809 Israel
3015 767 3267 823 magnum
3297 770 3497 811 nomen
3522 755 3662 826 ejus,
3690 767 3747 815 ct
3774 776 3867 831 per

2273 863 2399 904 eum
2424 848 2517 919 qui
2537 848 2684 905 videt
2710 848 2880 904 Deum
2910 848 2963 902 in
2989 844 3225 915 Christo,
3255 847 3411 919 cujus
3431 850 3602 907 virtus
3632 853 3687 907 in
3721 854 3868 910 nubi-

2271 939 2391 1007 bus,
2419 940 2473 996 in
2494 940 2757 1011 apostolis
2775 938 3001 1005 scilicet,
3023 953 3161 1009 quos
3188 938 3410 997 mittens
3431 940 3499 997 ad
3518 952 3735 1011 gentes,
3760 960 3868 1001 mo-

2274 1030 2393 1087 nuit
2416 1047 2487 1087 ne
2510 1032 2759 1102 pluerent
2787 1030 2841 1085 in
2868 1027 3108 1085 Iudicum
3125 1071 3142 1097 ,
3185 1038 3247 1086 ut
3287 1033 3590 1103 compleret
3614 1034 3765 1103 quod
3790 1035 3865 1090 di-

2272 1129 2462 1180 ceret:
2493 1120 2763 1177 Handabo
2802 1119 3020 1177 nubibus
3066 1115 3194 1178 meis
3232 1138 3298 1177 ne
3327 1122 3518 1194 pluant
3562 1141 3724 1195 super
3761 1144 3866 1183 eam

2271 1214 2498 1286 pluviam
2528 1212 2548 1286 (
2564 1212 2697 1269 Isai.
2721 1213 2812 1284 v).
2846 1212 2965 1269 Non
2993 1214 3138 1270 enim
3162 1214 3277 1283 jam
3305 1213 3361 1269 111
3387 1215 3683 1272 incredulis
3712 1218 3862 1274 mira-

2270 1304 2394 1361 bilis
2432 1305 2545 1361 vult
2570 1319 2724 1371 esse,
2753 1305 2891 1362 sicut
2930 1320 3146 1377 semper
3176 1304 3277 1361 fuit
3302 1307 3358 1362 in
3386 1306 3684 1365 ina-edulis
3711 1309 3862 1363 mira.

2271 1396 2416 1465 bilis,
2438 1396 2532 1453 sed
2555 1412 2697 1453 nunc
2991 1397 3045 1452 in
3059 1398 3278 1465 sanctis,
3302 1397 3497 1467 quibus
3524 1398 3861 1456 credentibus

2270 1491 2366 1548 dat
2394 1491 2667 1563 virtutem,
2699 1497 2757 1546 et
2780 1505 2880 1562 per
2899 1490 3045 1560 ipsos
3068 1489 3162 1546 dat
3187 1486 3558 1548 fortitudinem
3591 1491 3741 1563 plebi
3763 1506 3860 1549 sua

2269 1584 2585 1640 benedictus
2615 1584 2782 1652 Deus,
2828 1585 2922 1654 qui
2963 1592 3156 1654 regnat
3194 1584 3251 1640 in
3293 1584 3487 1641 sicula
3524 1586 3858 1643 saeculorum.

2277 1675 2465 1734 Amen.

2772 1767 3091 1827 Ρδωιυε
3127 1769 3356 1828 LXVIII.

579 1862 986 1947 homineDeus,
1014 1872 1069 1919 et
1109 1871 1193 1919 est
1221 1863 1274 1918 in
1316 1872 1523 1919 sancto.
1551 1863 1630 1919 De
1657 1868 2170 1936 quopraevenerunt
2198 1866 2246 1928 Β
2340 1862 2401 1918 111
2429 1861 2589 1919 linem
2623 1878 2723 1933 pro
2750 1846 2836 1920 bis
2875 1864 2967 1933 qui
2981 1864 3502 1947 “continuabuntur,
3551 1865 3798 1936 psalmus

578 1956 848 2027 principes
873 1956 1151 2026 propheta:
1194 1950 1470 2026 conjuncti
1514 1956 1867 2027 psallentibus
1904 1955 1958 2010 in
1988 1954 2168 2010 medio

575 2031 1000 2115 iuvencularnm,
1025 2061 1144 2116 qua:
1164 2032 1409 2102 exierant
1435 2047 1491 2102 in
1519 2062 1801 2103 occursum
1830 2046 2018 2113 David,
2041 2060 2174 2102 can-

577 2144 754 2216 tantes
779 2154 791 2191 :
834 2136 969 2192 Vicit
997 2137 1168 2193 David
1200 2139 1257 2193 in
1287 2138 1459 2194 decem
1488 2137 1713 2213 millibus
1739 2137 1789 2210 (I
1824 2137 1953 2211 Reg.
1981 2136 2166 2208 xvul).

576 2229 796 2303 Dejecto
823 2229 1070 2298 Goliath,
1110 2231 1184 2287 ibi
1211 2229 1457 2287 Christus
1486 2231 1539 2285 in
1568 2228 1738 2286 David
1767 2237 1885 2286 erat
1912 2230 2085 2285 victor
2112 2229 2171 2285 in

575 2325 753 2382 medio
796 2310 1206 2393 juvencularum
1251 2325 1765 2397 tympanistriarum.
1815 2322 2015 2378 Verum
2043 2322 2169 2395 quia

579 2423 650 2487 ibi
679 2420 781 2477 fuit
808 2420 1029 2491 imago,
1059 2420 1148 2475 hic
1174 2420 1377 2476 veritas
1414 2419 1817 2490 comprobatur.
1848 2416 2026 2471 Nolite
2052 2416 2171 2472 haec

578 2517 634 2593 in
660 2515 945 2598 synagogis
970 2528 1187 2576 canere,
1214 2512 1311 2568 sed
1340 2512 1394 2566 in
1422 2511 1681 2568 Ecclesiis
1708 2518 2050 2576 sanctorum;
2094 2509 2170 2564 ibi

577 2605 880 2664 benedicite
924 2604 1243 2673 Dominum,
1294 2620 1420 2675 non.
1453 2603 1668 2658 aliunde
1694 2603 2030 2666 venientem,
2062 2616 2171 2656 non

576 2699 860 2765 advenam,
884 2713 992 2755 non
1022 2713 1235 2772 novum,
1262 2696 1357 2754 sed
1379 2696 1552 2768 ipsum
1572 2695 1664 2765 qui
1684 2709 1900 2765 semper
1926 2701 2035 2766 est,
2058 2692 2170 2748 Do-

575 2793 779 2859 minum
805 2792 874 2848 de
894 2791 1131 2847 fontibus
1156 2788 1339 2867 Israel.
1370 2789 1448 2845 Ibi
1467 2787 1749 2858 Benjamin
1768 2787 2171 2843 adolescentior

574 2885 628 2941 in
659 2899 879 2955 pavore.
904 2881 1047 2940 Ubi?
1072 2882 1153 2938 Ibi
1172 2883 1226 2937 in
1249 2881 1505 2938 Ecclesiis
1525 2880 1644 2936 sine
1663 2879 1847 2936 dubio.
1865 2878 1943 2935 Ibi
1970 2879 2167 2950 Benja-

574 2980 686 3038 min
718 2979 829 3044 ille,
860 2978 952 3048 qui
982 2977 1112 3033 dicit
1141 2995 1154 3030 :
1184 2975 1298 3049 Ego
1321 2975 1569 3031 Israelita
1595 2991 1708 3029 sum
1730 2990 1795 3029 ex
1825 2972 1961 3028 tribu
1983 2972 2171 3045 Benja-

516 3102 521 3107 ε
574 3072 683 3127 min
706 3069 884 3143 (Rom.
904 3069 1002 3139 xi).
1027 3068 1206 3136 Quare
1226 3067 1658 3135 adolescentior?
1678 3065 1815 3134 Quia
1841 3065 2167 3122 novissimus

576 3171 735 3224 natus
762 3170 846 3235 est
870 3162 1013 3233 patri
1059 3176 1177 3217 suo.
1209 3159 1358 3217 Inter
1404 3160 1526 3216 illos
1554 3159 1800 3215 undecim
1842 3160 2007 3230 cmpit
2044 3173 2166 3215 esse

2884 1967 2888 1971 ‹
2981 1934 3167 1990 David.

2343 2047 2558 2103 Salvum
2569 2064 2651 2103 me
2665 2049 2770 2119 fac,
2786 2045 2944 2115 Deus,
2958 2048 3205 2120 quoniam
3216 2049 3704 2120 intraueruntaqute
3717 2064 3853 2120 usque

2272 2140 2342 2195 ad
2360 2140 2590 2204 animam
2608 2155 2794 2219 meam.
2816 2137 3026 2209 Inﬁsus
3046 2155 3162 2194 sum
3180 2140 3237 2194 in
3257 2138 3379 2194 limo
3398 2138 3672 2211 profundi,
3694 2148 3746 2194 et
3762 2156 3853 2194 non

2275 2244 2350 2289 est
2371 2233 2679 2291 substantia.
2720 2232 2854 2288 Veni
2871 2234 2929 2288 in
2958 2232 3285 2288 altitudinem
3310 2234 3493 2299 maris,
3517 2242 3567 2286 et
3596 2241 3851 2303 tempestas

2272 2324 2513 2392 demersit
2557 2340 2657 2379 me.
2707 2321 2967 2378 Laboravi
3009 2323 3244 2378 clamans
3262 2363 3278 2390 ,
3327 2339 3504 2378 raucae
3550 2324 3702 2393 facta
3742 2329 3848 2377 unt

2272 2418 2447 2486 fauces
2484 2432 2637 2481 mete,
2668 2414 2963 2487 defecerunt
2990 2415 3127 2471 oculi
3153 2415 3255 2471 mei
3279 2415 3401 2469 dum
3428 2431 3581 2486 spero
3614 2416 3667 2469 in
3692 2413 3843 2471 Deum

2270 2523 2457 2561 meum.
2482 2505 2817 2578 Multiplicati
2844 2514 2964 2561 sunt
2990 2523 3144 2578 super
3171 2506 3390 2578 capillos
3417 2507 3606 2577 capitis
3630 2507 3847 2577 mei,qui

2272 2600 2489 2654 oderunt
2514 2617 2597 2656 me
2622 2602 2805 2671 gratis.
2837 2598 3131 2672 Confortati
3167 2609 3287 2656 sunt
3330 2602 3419 2671 qui
3464 2601 3720 2672 persecuti
3742 2605 3849 2654 sinit

2272 2707 2354 2746 me
2371 2692 2567 2746 inimici
2581 2694 2682 2746 mei
2702 2693 2914 2764 injuste,
2937 2706 3050 2764 qua:
3069 2708 3176 2747 noti
3200 2693 3353 2763 rapui
3375 2700 3495 2746 tunc
3515 2690 3841 2748 easolsebant.

2274 2782 2434 2850 Deus,
2469 2793 2519 2837 tu
2560 2785 2662 2838 scis
2699 2784 3052 2854 insipientiam
3078 2800 3276 2851 meam,
3307 2794 3357 2837 et
3382 2782 3572 2838 delicta
3612 2800 3726 2839 mea
3752 2802 3779 2836 a
3802 2792 3844 2837 ts

2272 2892 2377 2930 non
2405 2884 2525 2930 sunt
2552 2874 2875 2930 abscondita.
2904 2873 3031 2931 Non
3049 2874 3353 2930 erubescant
3380 2876 3436 2929 in
3460 2892 3543 2929 me
3568 2877 3658 2945 qui
3682 2892 3844 2947 caspe-

2272 2977 2416 3022 ctant
2443 2977 2520 3034 te,
2559 2967 2783 3023 Domine
2821 2970 3082 3024 virtutum.
3126 2967 3252 3024 Non
3287 2968 3677 3040 confundantur
3711 2986 3842 3041 super

2270 3077 2378 3125 me,
2409 3062 2494 3133 qui
2520 3045 2755 3132 quierunt
2784 3070 2859 3127 te,
2896 3058 3033 3115 Deus
3073 3059 3262 3115 Israel.
3294 3056 3553 3124 Quoniam
3582 3068 3841 3132 proptertt

2267 3152 2489 3209 sustinui
2517 3150 2874 3223 opprobrium,
2924 3152 3124 3222 operuit
3161 3150 3395 3223 confusio
3438 3152 3623 3222 faciem
3669 3168 3837 3205 meam.

574 3232 945 3319 duodecimus,
973 3252 1070 3309 sed
1096 3252 1152 3324 in
1179 3251 1429 3307 convivio
1457 3250 1698 3321 duplices
1725 3258 1907 3322 partes
1934 3250 2160 3321 accepit,
2191 3250 2241 3315 C
2268 3239 2567 3299 Extraneus
2598 3244 2767 3314 factus
2814 3257 2926 3296 sum
2982 3232 3231 3313 fratribus
3280 3242 3435 3305 meis,
3486 3250 3537 3294 et
3562 3243 3839 3313 peregrinus

575 3347 650 3402 ita
680 3353 740 3402 ut
765 3345 994 3416 amplius
1019 3343 1124 3400 illis
1150 3344 1400 3415 oninihus
1427 3342 1698 3408 laborans,
1729 3342 1998 3411 obtineret
2023 3343 2176 3400 hunc-

575 3440 749 3510 ipsum
775 3438 1016 3494 laborem
1045 3452 1154 3493 non
1178 3435 1302 3503 sibi,
1326 3435 1423 3491 sed
1442 3436 1628 3507 gratim
1648 3434 1745 3491 Dei
1768 3435 1937 3506 patris
1961 3436 2043 3491 sui
2066 3435 2187 3489 im--

575 3539 786 3606 putans.
818 3529 896 3586 Ibi
924 3542 1054 3600 ergo
1076 3528 1359 3598 Benjamin
1390 3526 1817 3595 adolescentior,
1839 3527 1895 3581 in
1936 3540 2160 3596 pavore,

576 3622 629 3691 id
658 3629 760 3688 cst,
792 3622 843 3676 in
866 3635 1091 3677 excessu
1118 3620 1334 3676 mentis.
1363 3618 1490 3674 Ruit
1517 3618 1661 3673 enim
1689 3618 1890 3683 subito,
1916 3624 1972 3673 et
1998 3631 2164 3687 expa-

547 3696 550 3701 ’
578 3693 686 3783 vit;
709 3712 817 3766 ruit
837 3711 890 3766 in
914 3718 1079 3774 terra,
1103 3717 1158 3766 et
1178 3709 1411 3767 surrexit
1430 3709 1486 3762 in
1506 3708 1676 3774 coelo;
1703 3708 1811 3762 ruit
1829 3719 2159 3781 persecutor,

576 3808 632 3870 et
650 3801 883 3858 surrexit
902 3784 1212 3871 apostolus;
1242 3798 1351 3854 ruit
1373 3797 1587 3865 Saulus,
1610 3805 1666 3853 et
1688 3794 1922 3855 surrexit
1943 3796 2158 3854 Paulus.

577 3892 677 3949 Ubi
707 3888 907 3958 tamen,
939 3893 1030 3949 ubi
1058 3890 1376 3961 Benjamin?
1404 3892 1494 3947 ubi
1522 3892 1568 3947 si
1596 3888 1896 3961 interrogas
1925 3909 1938 3945 :
1963 3891 2055 3957 ibi,
2080 3892 2163 3946 in-

572 3987 716 4066 quit,
747 3986 837 4041 ubi
860 3985 1132 4057 principes
1153 3983 1315 4051 Juda,
1348 3983 1438 4039 ubi
1460 3984 1729 4055 principes
1758 3982 2028 4057 Zabulon,
2069 3982 2163 4038 ubi

571 4076 842 4147 principes
884 4074 1222 4145 Nephtalim,
1271 4074 1362 4129 ubi
1413 4073 1686 4131 mandavit
1723 4070 1867 4129 Deus
1909 4073 2161 4129 virtutem

502 4150 507 4163 “
572 4183 726 4244 suam
747 4208 763 4233 ,
812 4166 904 4221 ubi
949 4166 1289 4222 conﬁrmavit
1314 4165 1460 4236 quod
1503 4174 1759 4241 operatus
1787 4174 1870 4222 est
1898 4166 1951 4219 in
1980 4166 2158 4232 nobis,

578 4260 670 4315 ubi
698 4266 781 4314 est
812 4259 1069 4329 templum
1115 4259 1170 4313 in
1216 4257 1395 4314 triduo
1438 4258 1780 4323 suscitatam,
1822 4256 1969 4328 quod
1996 4265 2078 4312 est
2102 4257 2159 4313 in

571 4334 891 4429 Jerusalem,
913 4349 1006 4404 ubi
1020 4348 1252 4427 oderunt
1265 4362 1420 4421 reges
1440 4364 1682 4416 munera,
1708 4348 1799 4404 ubi
1817 4348 2159 4422 increpantur

571 4440 697 4521 ferae
723 4441 889 4498 silvae.
914 4438 1164 4497 Haeretici
1180 4436 1316 4497 'sunt
1335 4440 1427 4511 qui
1454 4440 1611 4513 quasi
1634 4438 1761 4496 fera:
1786 4439 1843 4495 in
1865 4439 1999 4495 silva
2024 4440 2159 4511 legis

569 4532 833 4593 latebram
859 4532 1063 4599 fovent,
1090 4539 1150 4587 ut
1177 4546 1248 4588 ex
1271 4532 1484 4605 occulto
1511 4531 1706 4587 laedant
1724 4532 2006 4601 consilium
2029 4541 2152 4590 tau-

2269 3333 2394 3403 ﬁliis
2409 3334 2589 3388 matris
2602 3349 2749 3389 meat.
2769 3330 3025 3397 Quoniam
3047 3332 3185 3388 zelus
3200 3331 3380 3388 domus
3397 3341 3499 3390 tute
3519 3333 3731 3397 comedit
3746 3349 3836 3396 ine,

2267 3406 2318 3478 et
2343 3422 2619 3496 opprobria
2656 3423 3078 3496 exprobrantium
3106 3424 3196 3478 tibi
3233 3423 3524 3479 ceciderunt
3562 3442 3708 3496 super
3741 3440 3835 3478 me.

2273 3512 2339 3593 Et
2366 3516 2541 3585 operui
2580 3516 2635 3569 in
2657 3514 2862 3587 jejunio
2897 3516 3127 3570 animam
3154 3531 3356 3579 meam,
3378 3525 3428 3570 et
3462 3517 3647 3587 factum
3679 3516 3836 3567 estin

2267 3607 2598 3679 opprobrium
2618 3608 2764 3662 mihi.
2789 3606 2861 3661 Et
2878 3610 3027 3680 posui
3048 3596 3398 3664 vestimentum
3416 3623 3573 3662 meum
3593 3607 3821 3670 cilicium,

2265 3709 2316 3765 et
2340 3701 2509 3773 factus
2539 3717 2652 3755 sum
2679 3700 2786 3755 illis
2813 3702 2871 3754 in
2897 3698 3220 3771 parabolam.
3260 3700 3526 3755 Adrersum
3554 3715 3632 3752 me
3656 3699 3826 3768 loque-

2267 3791 2453 3857 bantur
2476 3793 2561 3863 qui
2589 3790 2832 3846 sedebant
2866 3793 2920 3846 in
2953 3800 3105 3863 porta
3124 3832 3137 3857 ,
3169 3804 3220 3846 et
3246 3793 3300 3846 in
3340 3808 3417 3846 me
3452 3788 3727 3862 psallebant
3750 3789 3838 3860 qui

2265 3880 2502 3939 bibebant
2528 3886 2717 3940 vitium.
2746 3884 2861 3957 Ego
2889 3902 3006 3940 vero
3037 3884 3515 3953 orationem'meam
3544 3883 3612 3937 ad
3634 3892 3700 3949 te,
3731 3880 3838 3937 Do—

2264 3979 2417 4044 mine,
2443 3986 2637 4051 tempus
2662 3979 2985 4051 beneplaciti,
3023 3978 3182 4037 Deus.
3206 3978 3277 4039 In
3302 3978 3627 4035 multitudine
3646 3978 3840 4033 miseri-

2263 4071 2455 4127 cordia:
2484 4080 2585 4126 tua:
2611 4072 2799 4127 exaudi
2827 4089 2936 4137 me,
2966 4073 3022 4135 in
3066 4073 3277 4126 veritate
3312 4071 3499 4125 salutis
3529 4078 3647 4124 true.
3690 4067 3840 4139 Eripe

2260 4165 2434 4219 mede
2460 4165 2601 4233 luto,
2637 4174 2694 4219 ut
2728 4182 2835 4221 non
2860 4166 3082 4237 inﬁgar;
3110 4164 3272 4219 libera
3308 4160 3841 4234 meablsisquiode-

2261 4267 2381 4313 runt
2405 4274 2516 4324 me,
2541 4265 2592 4312 et
2618 4260 2681 4313 de
2718 4258 2993 4329 profundis
3026 4272 3297 4328 aquarum.
3323 4252 3453 4310 Non
3478 4270 3562 4308 me
3588 4254 3841 4323 demagat

2261 4360 2532 4423 tempestas
2552 4367 2717 4423 aqua,
2738 4366 2899 4422 neque
2919 4348 3189 4405 absorbeat
3215 4365 3297 4403 me
3321 4347 3666 4419 profundunt,
3691 4360 3837 4417 neque

2257 4453 2439 4517 urgeat
2456 4461 2607 4515 super
2632 4460 2714 4499 me
2739 4453 2920 4514 puteus
2948 4459 3004 4498 os
3032 4459 3200 4499 suum.
3223 4440 3434 4497 Exaudi
3472 4457 3575 4508 me,
3604 4439 3832 4504 Domit”,

2255 4539 2500 4609 quoniam
2527 4535 2746 4609 benigna
2774 4545 2850 4592 est
2876 4527 3232 4592 adsericordia
3260 4543 3348 4589 tua
3364 4574 3381 4600 ,
3406 4534 3696 4590 secundum
3716 4530 3838 4587 ntul—

569 4640 753 4699 rerum
782 4625 923 4693 inter
948 4639 1143 4697 vaccas
1165 4622 1507 4695 populorum.
1532 4622 1749 4680 Lcedere
1764 4625 1913 4697 enim
1938 4627 2157 4684 student
2178 4633 2233 4699 ι)
2259 4629 2529 4683 titudinem
2556 4630 2942 4685 miserationum
2962 4638 3167 4683 tuarum
3185 4628 3378 4699 respice
3394 4644 3496 4683 me.
3521 4626 3590 4682 Et
3626 4645 3692 4683 ne
3711 4642 3844 4682 sser-

567 4716 908 4797 sacerdotum
936 4712 1158 4793 consilia
1178 4757 1194 4782 ,
1236 4715 1328 4793 qui
1354 4716 1459 4792 ho‘c
1484 4716 1607 4773 loco
1636 4718 1775 4773 tauri
1805 4719 2149 4776 nominantur

565 4810 675 4881 apti
704 4808 895 4865 altario
924 4809 1067 4864 inter
1091 4822 1314 4883 vaccas,
1346 4808 1398 4864 id
1425 4816 1534 4877 est,
1568 4809 1710 4866 inter
1743 4810 1933 4882 plebes
1958 4813 2149 4870 surdas

564 4909 621 4972 et
647 4901 859 4971 ignaras
899 4909 1139 4972 agentes.
1190 4901 1369 4975 Quare
1415 4911 1596 4959 autem
1645 4888 1909 4975 increpari
1957 4920 1990 4960 a
2036 4905 2148 4965 Deo

563 4992 940 5065 postulantur?
969 4991 1040 5048 Ut
1066 4994 1371 5063 insipientia
1397 5010 1585 5067 eorum
1608 5002 1735 5051 nota
1758 4994 1852 5051 ﬁat
1879 4994 2157 5064 omnibus,

563 5101 632 5150 ne
659 5085 799 5142 forte
824 5100 947 5159 cum
974 5085 1031 5140 hi
1076 5101 1184 5141 non
1226 5086 1589 5157 increpantur,
1622 5088 1909 5145 excludant
1933 5103 2030 5144 eos
2055 5089 2149 5160 qui

560 5194 672 5248 non
693 5186 818 5234 sunt
853 5177 1209 5249 deargentati,
1239 5180 1334 5253 sed
1362 5182 1572 5252 probati
1600 5190 1723 5237 sunt
1742 5192 1992 5262 grgento.
2025 5183 2144 5239 Dis~

558 5272 675 5343 sipa
701 5286 818 5346 eos,
845 5270 1092 5349 Domine,
1114 5272 1205 5347 qui
1232 5272 1371 5328 bella
1401 5273 1604 5330 volunt.
1629 5273 1862 5347 Venient
1888 5275 2049 5345 legati
2079 5290 2146 5331 ex

557 5362 825 5437 lEgypto,
856 5360 1138 5419 Pharaone
1184 5363 1463 5429 demerso,
1514 5364 1667 5420 mitte
1711 5364 1876 5421 duces
1919 5375 2037 5422 tuos
2080 5365 2147 5421 ad

558 5455 877 5529 Egyptum,
923 5453 1211 5527 fungantur
1256 5456 1523 5527 legatione
1568 5471 1637 5512 ex
1678 5455 1941 5529 Egypto;
1975 5458 2144 5528 ipsam

558 5547 719 5625 etiam
748 5546 1056 5602 interiorem
1085 5557 1296 5618 partem
1320 5546 1555 5618 Egypti,
1587 5546 1920 5617 ASthiopiam
1942 5564 2146 5619 pracve-

560 5638 672 5695 niat
691 5654 883 5696 manus
904 5648 1015 5707 tua,
1039 5649 1098 5695 ut
1124 5656 1289 5710 regna
1311 5648 1467 5695 terra:
1490 5648 1686 5695 canant
1709 5640 1824 5706 tibi,
1847 5644 1937 5712 qui
1959 5658 2146 5698 ascen—

559 5730 683 5809 disti
712 5733 762 5786 in
790 5734 956 5787 oculos
987 5735 1246 5789 cmlornm
1277 5732 1341 5786 ad
1370 5730 1644 5788 Orientem
1662 5773 1676 5797 ,
1710 5734 1926 5803 quando
1955 5728 2145 5790 dedisti
2172 5724 2177 5729 ’

561 5835 755 5902 vocem
787 5832 930 5885 tuam
960 5809 1144 5878 voc’em
1176 5824 1417 5890 virtutis,
1450 5832 1506 5879 ut
1541 5826 1593 5880 in
1641 5832 1734 5882 tuo
1762 5813 1981 5883 nomine
2010 5843 2141 5900 apo-
2170 5896 2177 5904 .

2254 4728 2333 4776 tas
2363 4722 2549 4792 faciem
2575 4728 2714 4775 tuam
2742 4738 2774 4774 a
2800 4737 2958 4791 puero
2979 4729 3097 4785 tuo;
3125 4721 3372 4792 quoniam
3400 4721 3648 4785 tribulor,
3672 4718 3847 4774 ueloci—

2255 4822 2330 4867 ter
2356 4813 2548 4868 easaudi
2582 4830 2678 4869 me.
2719 4812 2938 4868 Intende
2966 4815 3156 4869 animm
3198 4829 3355 4879 mete,
3404 4822 3455 4867 et
3497 4812 3674 4869 libera
3717 4830 3845 4877 eam,

2252 4914 2461 4976 prapter
2484 4905 2722 4960 inimicos
2750 4921 2891 4960 meos
2919 4906 3059 4976 eripe
3094 4922 3195 4960 me.
3245 4903 3321 4959 Tu
3350 4906 3450 4960 scis
3470 4906 3847 4978 improperium

2252 5010 2444 5058 meum,
2467 5004 2519 5069 et
2536 4996 2894 5067 confusionem
2914 5012 3099 5067 meam,
3127 5005 3177 5050 et
3197 4998 3537 5051 reuerentiam
3564 5015 3762 5053 meam.
3786 4996 3849 5052 In

2253 5096 2523 5158 conspectu
2547 5095 2632 5141 tuo
2651 5095 2769 5141 sunt
2788 5103 2962 5141 omnes
2981 5088 3067 5159 qui
3089 5086 3336 5142 tribulam
3354 5103 3452 5153 me,
3472 5088 3851 5160 imprOperimn

2254 5180 2563 5253 exspectavit
2590 5196 2679 5235 cor
2706 5196 2871 5235 meum
2901 5189 2952 5233 et
2988 5180 3271 5234 miseriam.
3308 5178 3373 5234 Et
3400 5182 3631 5237 sustinui
3662 5185 3750 5256 qui
3778 5183 3852 5237 si-

2252 5272 2361 5325 mul
2376 5273 2786 5334 contristaretur.
2809 5279 2857 5327 et
2873 5287 2975 5327 non
2995 5271 3128 5343 fuit;
3157 5273 3241 5341 qui
3262 5271 3648 5344 consolaretur,
3676 5253 3854 5334 etnon
3912 5253 3921 5329 ἶ

2252 5364 2440 5435 imveni.
2474 5363 2543 5418 Et
2570 5363 2825 5437 dederunt
2847 5364 2904 5418 in
2927 5379 3103 5418 escam
3128 5379 3296 5418 meam
3318 5362 3415 5435 fel,
3446 5372 3497 5418 et
3523 5365 3582 5418 in
3613 5367 3709 5421 siti
3741 5382 3855 5424 mea

2252 5464 2555 5527 potaverunt
2575 5472 2656 5510 me
2674 5465 2839 5510 aceto.
2876 5453 3002 5510 Fiat
3032 5470 3210 5509 mensa
3237 5471 3412 5509 eorum
3432 5472 3616 5510 coram
3640 5458 3775 5529 ipsis
3802 5458 3854 5511 in

2251 5552 2503 5622 laqueum,
2527 5558 2577 5603 et
2600 5550 2653 5604 in
2674 5550 3031 5623 retributiones
3051 5558 3103 5602 et
3120 5550 3176 5604 in
3200 5548 3523 5607 scandalum.
3546 5547 3857 5605 Obscurat—

2251 5652 2331 5695 tur
2359 5642 2491 5697 oculi
2523 5656 2726 5719 eorum,
2755 5656 2820 5693 ne
2848 5632 3080 5709 uideant,
3116 5647 3166 5695 et
3194 5639 3405 5709 dorsum
3425 5656 3603 5693 eorum
3647 5656 3857 5710 semper

2248 5736 2477 5799 incurva.
2512 5733 2738 5804 Effunde
2766 5749 2919 5804 super
2962 5749 3047 5788 eos
3094 5733 3229 5787 iram
3268 5741 3441 5796 tuam,
3484 5741 3534 5785 et
3559 5734 3726 5802 furor
3765 5734 3857 5787 ira:

2248 5818 2644 5901 comprehendat
2672 5819 2775 5881 eos.
2810 5823 2933 5901 Fiat
2955 5824 3205 5880 habitatio
3233 5840 3407 5901 eorpm
3440 5822 3651 5879 deserta
3671 5865 3688 5891 ,
3725 5832 3778 5877 et
3805 5824 3859 5876 in

3769 364 3871 426 Ἀθ

581 482 920 539 inimicorum
946 493 1186 544 suorum,
1211 485 1267 533 et
1285 477 1542 535 liberaret
1562 486 1875 548 peccatores
1896 477 1965 534 de
1993 474 2168 531 mani-
2195 474 2251 538 Α
2273 474 2399 531 stoli
2423 489 2587 546 super
2613 487 2803 530 omnes
2830 471 3195 543 inﬁrmantes,
3226 481 3282 531 et
3306 489 3471 545 super
3492 474 3789 546 dromones,
3817 491 3872 541 et

4042 2572 4045 2639 ι
