4088 6346
238 328 340 387 ιιι

1183 331 1651 393 εοΜΜεΝτΑωι
1690 334 1755 390 uv
1796 333 2129 394 nsanos.
2174 337 2364 396 PSAL.
2409 341 2590 399 LXIX.
2638 300 2687 319 ί

3423 347 3526 408 ti!

241 438 590 497 tabemaculis
638 458 815 497 eorum
860 460 963 498 non
1006 445 1073 498 sit
1120 446 1206 515 qui
1250 445 1519 502 inhabitet.
1573 443 1830 512 Quoniam
1854 451 1908 512 Α
1934 450 2223 507 tristitiam.
2256 452 2487 520 Quaesivi
2515 459 2920 529 consolantem,
2952 471 3008 519 et
3049 479 3152 518 non
3201 463 3409 528 inveni;
3442 473 3524 522 tot

236 550 393 605 quem
421 542 476 587 ta
502 535 803 605 percussisti
820 537 1069 607 persecuti
1089 547 1210 591 sunt
1228 555 1330 604 me,
1351 549 1402 593 et
1421 555 1575 610 super
1602 538 1830 595 dolorem

236 626 509 682 vulnerum
524 644 752 683 meorum
767 627 1099 685 addiderunt.
1116 630 1332 703 Appone
1345 630 1666 704 iniquitatem
1682 649 1832 704 super

236 714 566 791 iniquitatem
591 736 796 786 eorum,
839 729 890 775 et
928 738 1032 776 non
1072 722 1265 777 intrent
1287 724 1342 777 in
1374 723 1635 795 justitiam
1657 740 1824 779 suam.

238 808 529 868 Deleantur
556 811 619 867 de
661 810 791 868 libro
831 813 1132 881 uiuentium,
1162 824 1212 869 et
1238 832 1351 869 cum
1366 814 1526 886 justis
1553 831 1656 869 non
1697 817 1829 870 scri-

234 900 446 958 bantur.
477 901 592 977 Ego
630 922 744 959 sunt
771 924 966 978 pauper
1000 914 1052 962 et
1087 907 1297 973 dolens;
1338 907 1482 961 salus
1517 916 1633 974 tua,
1666 906 1825 976 Deus,

232 997 462 1067 suscepit
481 1013 579 1052 me.
600 996 850 1053 Laudabo
866 1016 1050 1054 nomen
1064 997 1164 1055 Dei
1184 1017 1296 1054 cum
1319 1001 1540 1067 cantico,
1558 1012 1606 1055 et
1625 1004 1829 1074 magni-

231 1086 406 1160 ficabo
434 1106 550 1144 eum
576 1092 632 1146 in
658 1089 829 1145 laude.
874 1088 942 1145 Et
992 1090 1215 1164 placebit
1257 1090 1368 1147 Deo
1415 1109 1568 1164 super
1614 1092 1827 1150 uitulum

231 1180 519 1248 novellum,
571 1199 767 1237 cornua
813 1182 1173 1255 producentem
1219 1193 1270 1238 et
1313 1182 1552 1256 ungulas.
1606 1182 1828 1242 Videant

230 1290 488 1347 pauperes
528 1280 580 1329 et
621 1274 892 1341 (tutentur;
935 1276 1149 1349 quaerite
1186 1270 1379 1341 Deum,
1419 1285 1469 1331 et
1496 1278 1622 1332 vivet
1651 1278 1828 1332 anima

230 1376 423 1424 vestra.
456 1366 712 1434 Quoniam
741 1362 1005 1424 exaudivit
1033 1385 1282 1440 pauperes
1312 1354 1566 1424 Dominus
1584 1410 1598 1435 ,
1631 1372 1825 1426 vinctos

231 1476 358 1517 suos
398 1477 500 1516 non
544 1462 792 1534 despexit.
828 1458 1066 1516 Laudent
1090 1458 1237 1515 illum
1262 1461 1375 1517 caeli
1412 1473 1460 1516 et
1491 1472 1653 1528 terra,
1685 1480 1829 1519 mare

230 1562 281 1607 et
312 1553 489 1608 omnia
516 1553 719 1624 reptilia
747 1553 801 1606 in
840 1553 932 1606 eis.
974 1550 1234 1618 Quoniam
1266 1550 1405 1609 Deus
1450 1554 1647 1608 salvam
1672 1548 1829 1627 faciet

231 1636 389 1710 Sion,
418 1652 466 1700 et
486 1644 880 1721 ludificabantur
904 1644 1133 1700 civitates
1164 1643 1336 1700 ludar.
1372 1643 1440 1699 Et
1465 1645 1829 1702 inhabitabant

229 1736 303 1792 ibi
320 1779 337 1803 ,
369 1742 419 1792 et
445 1736 744 1792 haereditate
769 1737 1034 1808 nequirent
1078 1752 1210 1791 eam.
1255 1733 1325 1790 Et
1363 1754 1535 1792 semen
1565 1754 1825 1793 servorum

1932 541 2099 598 millia
2127 545 2382 609 saturati,
2412 554 2496 603 tot
2538 546 2706 605 millia
2748 553 2966 620 salvati,
3000 554 3188 610 inﬁniti
3231 555 3438 624 edoni,
3469 567 3524 617 et

1931 650 2034 692 nec
2078 653 2216 694 uitus
2244 639 2494 696 inventus
2520 650 2606 697 est
2632 644 2764 700 mihi
2793 648 3108 705 consolator
3132 657 3374 721 tempore
3412 664 3523 721 quo

1928 726 2193 784 dederunt
2231 730 2284 784 ia
2321 745 2447 787 esca
2472 746 2595 788 mea
2626 733 2727 800 iet,
2755 743 2812 790 et
2838 738 2892 792 in
2919 738 3007 794 siti
3046 752 3163 796 mea
3203 748 3522 812 putaverunt

1929 834 2018 876 me
2042 828 2220 877 aceto.
2252 820 2482 894 Propter
2508 824 2612 880 hoc
2639 824 2778 883 beta
2805 835 2890 883 est
2914 842 3102 886 mensa
3128 846 3317 887 eorum
3339 847 3523 888 coram

1932 913 2061 983 ipsis
2088 914 2143 968 in
2167 914 2438 985 laqueum.
2468 913 2706 973 lensam
2744 918 2833 974 hic
2864 932 3195 993 syeagogam
3235 923 3412 987 canit,
3456 922 3523 977 ad

1927 1023 2120 1079 quam,
2157 1010 2313 1077 quasi
2341 1008 2593 1066 refecturi
2640 1011 2957 1083 spiritaliter
2996 1023 3220 1082 euntes,
3272 1015 3522 1084 laqueum

1926 1107 2144 1155 aeterna
2169 1100 2360 1157 mortis
2378 1100 2679 1158 mcurrunt.
2700 1100 3031 1160 Obscuram
3045 1106 3311 1161 habentes
3332 1107 3521 1161 oculos

1928 1202 1998 1247 ne
2026 1190 2242 1246 videant
2268 1191 2448 1248 lumen
2479 1191 2763 1260 Ecclesia,
2793 1193 3013 1251 dorsum
3040 1210 3196 1251 suum
3226 1198 3522 1267 parietibus

1929 1282 2081 1338 vanis
2109 1282 2410 1340 incurvant.
2456 1282 2529 1340 Et
2562 1284 2688 1342 ideo
2734 1287 3023 1358 apptlritur
3069 1288 3323 1357 iniquitas
3359 1305 3521 1360 super

1928 1373 2267 1444 iniquitatem
2289 1375 2549 1446 ipsorum,
2568 1377 2696 1447 quia
2718 1386 2773 1434 et
2794 1378 2893 1449 ipsi
2916 1378 3193 1448 geminant
3212 1380 3521 1449 iniquitates

1928 1480 2073 1521 suas.
2118 1463 2445 1523 Occiderunt
2482 1466 2791 1537 Christum,
2830 1478 3050 1527 sanctos
3074 1472 3342 1541 persecuti
3370 1481 3519 1537 sunt,

1928 1554 2223 1613 Ecclesium
2260 1568 2487 1630 negant,
2531 1575 2691 1617 voces
2724 1562 3109 1633 prophetarum
3135 1570 3419 1619 evacuant.
3452 1562 3521 1619 Et

1930 1647 2052 1705 ideo
2080 1648 2331 1706 delentur
2356 1651 2597 1728 de‘libro
2633 1653 2950 1720 viventium,
2994 1662 3050 1710 et
3077 1668 3198 1711 cum
3222 1653 3383 1725 iustis
3410 1670 3520 1712 non

1928 1744 2257 1800 scribuntur.
2288 1744 2405 1803 Non
2434 1746 2637 1807 habent
2658 1747 2803 1803 enim
2828 1756 3038 1819 partem
3066 1758 3188 1803 cum
3228 1747 3516 1815 Abraham,

229 1834 349 1906 ejus
369 1829 647 1905 possidebit
671 1849 805 1898 eam,
837 1836 885 1885 et
909 1830 997 1903 qui
1024 1828 1247 1903 diligunt
1274 1847 1457 1886 nomen
1478 1831 1591 1904 ejus
1621 1828 1824 1887 habita-
1852 1838 1900 1901 Β
1931 1851 2105 1907 neque
2131 1853 2255 1893 cum
2285 1840 2535 1899 omnibus
2562 1842 2763 1897 sanctis
2782 1841 2982 1896 veteris
3010 1840 3365 1907 'l‘estamenti,
3392 1842 3519 1912 quia

231 1920 363 1983 bunt
382 1930 436 1983 in
456 1946 535 1987 ea.

808 2010 1225 2055 SOIIBNTARTIN
1233 2038 1245 2053 ο

302 2114 363 2171 In
411 2112 639 2171 Domino
683 2124 870 2169 nostro
913 2111 1041 2169 Jesu
1068 2110 1286 2168 Christo
1326 2111 1460 2168 duas
1500 2112 1829 2169 substantias

132 2204 133 2207 “
230 2200 332 2264 Dei
361 2216 416 2263 et
439 2205 676 2262 hominis
702 2204 1042 2270 conﬁtemur,
1075 2211 1131 2259 et
1159 2202 1387 2259 virtutes
1409 2202 1523 2259 Deo
1546 2204 1824 2271 tradimus,

230 2298 576 2357 inﬁrmitates
598 2296 805 2353 homini
834 2296 1198 2368 applicantes,
1230 2295 1382 2367 cujus
1411 2284 1605 2353 vocem
1638 2297 1690 2351 in
1724 2296 1829 2357 isto

229 2392 443 2465 psalmo
471 2391 539 2446 ab
566 2390 720 2445 initio
748 2404 920 2462 usque
948 2389 1016 2444 ad
1045 2387 1206 2445 linem
1235 2390 1612 2462 prophetatum
1639 2389 1828 2446 adver-

231 2486 418 2540 timus.
433 2481 782 2538 Consuetudo
802 2480 965 2536 habet
984 2480 1204 2537 humani
1224 2482 1505 2545 sermonis,
1531 2488 1590 2536 ut
1608 2495 1825 2551 gravem

232 2572 561 2633 calumniam
590 2570 911 2646 patientem,
941 2573 1089 2643 gravi
1126 2573 1365 2630 dicamus
1395 2573 1700 2644 tempestati
1728 2588 1823 2630 ac-

236 2671 523 2737 cumbere,
560 2671 663 2727 hoc
691 2667 877 2726 ordine
904 2684 1070 2739 aquas
1098 2683 1264 2738 usque
1303 2667 1368 2722 ad
1406 2669 1639 2723 animam
1668 2683 1820 2723 suam

230 2764 546 2837 pervenisse
567 2760 848 2833 signiﬁcat.
875 2760 1113 2818 Dicendo
1134 2767 1316 2817 autem
1337 2761 1391 2815 in
1415 2760 1543 2815 limo
1568 2759 1819 2833 profundi

227 2875 291 2915 se
319 2855 569 2923 inﬁxum,
611 2854 868 2912 fabricam
909 2854 1064 2927 primi
1112 2853 1348 2910 hominis
1386 2862 1574 2919 sonat,
1618 2854 1671 2908 in
1710 2869 1818 2924 qua

227 2949 394 3007 ﬁxum
425 2950 570 3011 cruci
601 2956 893 3021 tempestas
920 2945 1161 3004 seditiosi
1188 2946 1373 3018 populi
1395 2949 1582 3002 mersit
1609 2961 1733 3001 eum
1762 2946 1819 3001 in

224 3051 478 3117 mortem.
505 3042 679 3111 Rogat
708 3057 850 3097 mmc
870 3056 966 3112 pro
987 3039 1265 3110 discipulis
1285 3046 1344 3093 ut
1365 3054 1472 3093 non
1501 3039 1822 3093 erubescant

224 3140 283 3194 in
312 3148 410 3203 eo,
461 3134 554 3212 qui
600 3141 917 3205 exspectant
962 3131 1410 3188 resurrectionem
1454 3130 1597 3201 ejus,
1642 3145 1820 3202 neque

1925 1935 2367 1999 contempserunt
2405 1944 2700 2003 pauperem
2744 1932 2799 1987 in
2827 1940 3081 2003 aspectu,
3115 1932 3264 1986 illum
3303 1932 3372 1987 de
3409 1948 3521 2002 quo

1925 2032 2114 2074 manes
2139 2031 2534 2089 pati-eseam
2573 2024 2880 2079 concionati
2899 2032 3044 2079 sunt.
3069 2021 3300 2095 Pauper,
3326 2023 3516 2094 inquit,

1928 2121 2029 2176 ego
2058 2119 2114 2165 ct
2140 2111 2347 2167 dolens.
2380 2111 2591 2185 Pauper
2626 2124 2685 2169 ut
2726 2130 2826 2170 nos
2852 2116 3045 2173 divites
3073 2115 3303 2182 faceret,
3332 2116 3522 2172 dolens

1926 2208 1990 2256 ut
2016 2216 2117 2258 nos
2141 2217 2173 2257 a
2201 2202 2478 2259 doloribus
2503 2206 2720 2261 externis
2740 2207 2999 2277 eriperet.
3018 2205 3215 2262 Factus
3234 2214 3319 2261 est
3343 2207 3519 2263 hostia

1930 2293 3521 2373 Deopmnob's,paciﬁcansinsmgttinesuo,sirequiin

1927 2390 2079 2443 terris
2106 2398 2246 2457 sint,
2278 2392 2489 2467 ’ὀρειναὶ
2516 2393 2570 2446 in
2609 2392 2746 2448 colis
2770 2391 3004 2467 (Colon.
3028 2391 3105 2464 ι).
3138 2391 3205 2447 Et
3234 2393 3432 2465 placuit
3463 2395 3517 2450 in

1927 2481 2193 2539 sacriﬁcio
2218 2484 2394 2540 crucis
2412 2526 2428 2550 ,
2455 2485 2611 2555 quasi
2640 2486 2838 2542 vitulus
2867 2486 3111 2542 novellus
3154 2500 3357 2541 cornua
3386 2501 3515 2557 pro-

1922 2572 2124 2630 ducens
2148 2574 2376 2631 duorum
2407 2574 2903 2644 Testamenton,
2935 2587 2992 2634 et
3016 2579 3245 2648 ungulas
3284 2588 3518 2648 quatuor

1922 2664 2353 2736 Evangeliorum,
2377 2670 2523 2740 quod
2543 2670 2787 2726 videntes
2806 2684 3069 2743 pauperes
3092 2672 3359 2726 uelantur.
3380 2670 3520 2725 Pau-

1920 2773 2079 2828 peres
2106 2761 2366 2830 apostoli,
2400 2776 2509 2815 non
2552 2763 2814 2818 habentes
2841 2762 2977 2817 duas
3007 2764 3249 2827 tunicas,
3280 2777 3388 2815 non
3419 2775 3516 2831 pe-

1884 2862 2068 2917 °ram,
2102 2867 2208 2906 non
2237 2852 2523 2921 pecuniam
2554 2853 2613 2907 in
2653 2854 2805 2907 zonis
2842 2853 2973 2908 stris.
3025 2850 3179 2907 Unde
3223 2860 3280 2906 et
3327 2850 3521 2907 Petrus

1922 2942 2251 2999 mendicanti
2278 2944 2493 2999 inllrmo
2531 2962 2543 2997 :
2573 2944 2855 3017 Argentum
2881 2954 2932 2999 et
2959 2958 3145 2999 aurum
3184 2960 3286 3000 non
3327 2943 3512 3012 habeo,

1922 3036 2177 3109 sedquod
2214 3035 2377 3091 habeo
2405 3036 2500 3091 hoc
2527 3035 2593 3093 do
2624 3035 2732 3092 tibi.
2768 3036 2833 3091 In
2872 3038 3080 3092 somnio
3103 3036 3257 3103 Iesu,
3291 3046 3518 3110 σαν-θρα

1922 3126 2131 3183 ambula
2151 3127 2289 3199 (Act.
2314 3128 2414 3200 Ill).
2439 3129 2496 3185 In
2516 3130 2599 3185 his
2626 3131 2880 3201 operibus
2904 3131 3276 3201 magniﬁcatus
3296 3141 3378 3189 est
3405 3132 3515 3190 Do-

222 3229 622 3313 confundantur
649 3227 741 3297 qui
788 3226 1072 3297 requirunt
1118 3234 1171 3280 te
1220 3225 1271 3279 in
1306 3220 1418 3290 me,
1448 3222 1591 3313 Deus
1633 3222 1813 3278 Israel.
1844 3212 1892 3280 (ἶ
1921 3220 2099 3279 minus
2123 3220 2279 3279 Iesus
2304 3221 2550 3279 Christus
2578 3223 2632 3279 in
2660 3223 2846 3290 laude;
2874 3225 3019 3295 quod
3048 3225 3290 3281 ﬁdentes
3312 3240 3517 3297 paupe-

224 3308 495 3391 Quoniam
533 3326 756 3392 prepter
793 3327 879 3385 te,
928 3317 1130 3387 inquit,
1164 3316 1373 3388 portavi
1400 3304 1811 3387 improperium,

223 3414 351 3487 dum
396 3411 536 3468 facio
566 3411 899 3466 voluntatem
933 3417 1109 3475 tuam,
1163 3407 1283 3463 illos
1329 3405 1554 3473 ollcndi;
1605 3408 1818 3479 operuit

225 3504 529 3567 reverentia
558 3503 748 3559 faciem
785 3516 961 3558 meam
992 3500 1183 3572 palmis
1207 3506 1569 3565 attractatam,
1598 3507 1817 3553 cxtcrus

224 3599 400 3655 factus
428 3614 545 3655 sum
578 3596 831 3652 fratribus
858 3595 1012 3661 meis,
1046 3580 1236 3649 omnes
1262 3609 1349 3648 me
1376 3592 1636 3649 derelicto
1663 3592 1815 3662 fuge-

224 3700 369 3759 runt.
399 3690 516 3748 Hoc
539 3691 660 3746 ideo
684 3705 873 3761 passus
907 3704 1046 3752 sum,
1072 3686 1199 3757 quia
1226 3686 1426 3741 zelatus
1454 3696 1574 3739 sum
1597 3683 1817 3741 domum

226 3794 397 3851 tuam,
428 3783 554 3852 quia
579 3781 716 3851 ejeci
743 3780 810 3835 de
842 3778 1043 3849 templo
1071 3786 1164 3834 tuo
1187 3776 1603 3847 negotiationes,
1628 3775 1819 3847 operui

222 3875 429 3951 jejunio
460 3874 694 3929 animam
734 3887 941 3937 meam,
971 3869 1327 3939 quadraginta
1354 3868 1541 3923 diebus
1570 3866 1821 3922 totidem-

223 3982 336 4040 que
360 3965 608 4022 noctibus
632 3963 762 4018 nihil
790 3962 1082 4033 accipiens,
1116 3959 1333 4015 indutus
1359 3974 1478 4014 sum
1507 3974 1687 4025 sacco,
1713 3955 1821 4013 for-

225 4073 322 4121 ma
349 4056 512 4113 servi.
544 4053 762 4109 indutus
787 4069 903 4109 sum
933 4067 1032 4107 rex
1070 4050 1363 4118 caelorum,
1394 4056 1450 4104 et
1491 4048 1665 4103 factus
1702 4063 1823 4104 sum

224 4152 341 4213 illis
358 4151 415 4206 in
434 4147 767 4221 parabolam,
786 4146 916 4203 hinc
939 4143 1061 4199 inde
1082 4142 1368 4199 verborum
1390 4140 1824 4198 insultationibus

221 4245 538 4317 subiacens.
583 4239 883 4298 Adversum
929 4251 1017 4292 me
1056 4234 1444 4290 exercebantur
1489 4231 1819 4297 sacerdotes,

219 4338 330 4412 ipsi
372 4337 428 4393 in
456 4334 631 4408 portis
657 4332 926 4401 eliguntur
963 4329 1154 4385 sedere
1172 4368 1187 4393 ,
1218 4327 1354 4382 sicut
1379 4324 1641 4382 Jeremias
1668 4324 1817 4389 dicit,

220 4433 461 4492 oderunt
484 4434 818 4499 arguentem.
850 4422 908 4479 ln
935 4422 1107 4495 portis
1135 4434 1264 4489 ergo
1293 4420 1347 4475 hi
1382 4420 1651 4491 accipiunt
1677 4434 1817 4490 pon-

222 4524 447 4585 tiﬁcium
492 4517 764 4594 iudicandi
810 4523 866 4572 et
912 4502 1275 4585 corripiendi,
1305 4511 1476 4585 quasi
1513 4510 1604 4581 qui
1641 4510 1817 4567 claves

221 4614 458 4674 civitatis
489 4589 709 4666 teneant
735 4589 788 4664 in
817 4594 988 4679 portis
1028 4604 1219 4662 sedere
1256 4612 1643 4670 memorantur,
1675 4612 1730 4660 et
1758 4605 1815 4660 in
1848 4589 1897 4650 Ι)

221 4724 311 4779 me
330 4704 631 4779 psallebant
656 4701 808 4759 ebrii.
831 4699 944 4771 Ego
963 4714 1095 4755 vero
1116 4698 1417 4763 oralionem
1440 4696 1667 4754 fundens
1687 4711 1815 4768 age-

221 4803 377 4873 bam,
406 4808 467 4854 ut
491 4798 732 4868 eriperes
757 4810 844 4849 me
884 4792 952 4848 de
979 4793 1095 4848 luto
1122 4791 1342 4857 mortis,
1376 4806 1444 4847 ne
1470 4790 1545 4847 ibi
1570 4790 1813 4847 adhaere-

221 4910 360 4959 rem,
382 4900 446 4949 ut
466 4907 574 4948 non
596 4895 816 4961 urgeret
833 4901 997 4958 super
1014 4899 1102 4940 me
1122 4891 1317 4955 puteus
1335 4898 1398 4939 OS
1416 4898 1592 4940 suum.
1617 4880 1815 4938 Puteus

111 4977 115 4981 ’
220 5003 320 5059 pro
353 4984 569 5041 diabolo
598 4984 702 5040 hoc
729 4982 850 5037 loco
879 4980 1086 5052 positus
1132 4986 1233 5034 est.
1287 4976 1486 5032 Puteus
1513 4992 1545 5031 a
1576 4977 1814 5049 potando

218 5080 436 5144 dicitur,
459 5077 576 5149 ipse
602 5073 811 5146 potavit
835 5071 1041 5144 primos
1058 5070 1326 5133 homines,
1350 5077 1405 5124 ct
1431 5085 1530 5140 per
1555 5070 1813 5140 populum

220 5175 332 5231 oris
373 5172 456 5227 sui
484 5168 699 5240 apemit
735 5181 899 5238 super
927 5178 1024 5221 eos
1050 5179 1115 5220 os
1142 5163 1195 5219 in
1220 5172 1415 5219 morte.
1451 5162 1604 5219 Unde
1642 5164 1816 5223 sancti

221 5265 273 5319 in
302 5262 560 5336 passione
586 5259 878 5317 evadentes
901 5256 1086 5313 dicunt
1131 5274 1143 5309 :
1176 5252 1301 5310 Nisi
1340 5253 1597 5313 Dominus
1636 5256 1818 5333 {uisset

219 5359 275 5417 in
301 5354 475 5420 nobis,
504 5353 725 5426 forsitan
748 5352 886 5408 uiues
908 5350 1246 5424 deglutissent
1274 5364 1367 5404 nos
1396 5347 1568 5420 (Psal.
1600 5366 1757 5406 cum
1773 5362 1815 5419 ).

222 5450 364 5518 Qui?
384 5446 617 5503 ministri
637 5445 821 5516 utique
840 5442 1082 5514 eiusdem
1102 5442 1323 5499 inimici.
1342 5441 1600 5511 Sustinui,
1623 5443 1815 5512 inquit,

222 5543 311 5612 qui
341 5540 503 5597 annui
526 5538 954 5601 contristaretur,
983 5544 1040 5591 et
1067 5551 1175 5591 non
1203 5534 1320 5591 fuit.
1347 5534 1465 5590 Non
1494 5535 1643 5590 enim
1661 5544 1817 5605 pote.

224 5645 305 5692 rat
331 5634 496 5692 simul
523 5632 637 5704 pati
683 5629 974 5694 Divinitas;
1024 5628 1165 5684 sicut
1204 5627 1315 5695 sol,
1364 5628 1410 5684 si
1461 5629 1514 5683 in
1564 5628 1707 5696 ligno
1747 5629 1816 5682 sit

224 5729 445 5801 quando
467 5726 786 5789 conciditur,
819 5721 977 5777 simul
1005 5720 1215 5777 concidi
1247 5724 1353 5776 non
1384 5728 1563 5791 potest
1581 5760 1596 5784 ,
1627 5720 1698 5775 ita
1726 5718 1819 5774 Di-

227 5800 424 5881 vinitas
456 5818 625 5878 'sitnul
668 5819 765 5874 fuit
793 5814 1025 5888 passioni
1046 5853 1060 5879 ,
1094 5823 1147 5871 et
1189 5800 1348 5871 simul
1374 5829 1482 5869 non
1509 5812 1820 5882 patiebatur,

1918 3328 2026 3378 res,
2056 3314 2413 3383 gratulantur,
2442 3316 2567 3387 quia
2593 3316 2673 3371 sic
2699 3316 2919 3371 exaudit
2947 3331 3212 3388 pauperes
3231 3316 3514 3385 Dominus,

1921 3407 2130 3465 vinctos
2156 3423 2289 3467 suos
2317 3418 2427 3463 non
2456 3408 2680 3477 spernit.
2724 3405 2970 3462 Laudent
3013 3421 3137 3462 eum
3184 3406 3339 3472 cmli,
3389 3408 3517 3477 quia

1918 3500 2186 3565 ascendit;
2216 3508 2274 3555 et
2303 3509 2478 3565 terra,
2528 3499 2653 3569 quia
2702 3498 3028 3563 resurrexit;
3079 3506 3137 3553 et
3180 3512 3358 3564 mare,
3388 3498 3514 3568 quia

1921 3593 2148 3665 pedibus
2174 3592 2304 3647 illud
2333 3590 2655 3657 ambulavit;
2685 3599 2743 3646 et
2761 3590 2912 3658 Sion,
2936 3590 3062 3661 quia
3085 3591 3372 3649 mdiﬁcavit
3391 3606 3515 3649 eam

1920 3704 2030 3745 non
2060 3688 2349 3744 habentem
2380 3687 2676 3753 maculam,
2707 3700 2885 3755 neque
2912 3700 3128 3756 rugam;
3177 3695 3235 3742 et
3271 3688 3517 3742 civitates

1919 3779 2090 3841 indm.
2108 3780 2299 3836 animae
2316 3779 2705 3849 apostolorum,
2718 3793 2841 3848 quae
2850 3779 3220 3834 inhabitantar
3233 3794 3263 3832 a
3276 3778 3512 3844 Christo,

1921 3881 1978 3928 et
2005 3854 2369 3929 hereditatem
2396 3872 2625 3943 primam
2663 3870 2946 3939 acquisivit
2970 3885 3082 3924 eas.
3115 3869 3311 3924 Semen
3352 3869 3515 3923 etiam

1922 3979 2199 4021 servorum
2228 3963 2426 4018 Christi
2452 3962 2803 4032 possidebunt
2828 3976 2949 4027 eas,
2978 3961 3072 4031 qui
3101 3976 3209 4016 non
3240 3961 3518 4033 possident

1926 4062 2170 4115 terrenas
2218 4052 2498 4109 vanitates.
2566 4051 2948 4124 Apostolorum
3002 4052 3192 4123 utique
3241 4052 3518 4108 doctrinas

1925 4144 2221 4220 possident,
2243 4153 2299 4202 et
2316 4146 2409 4216 qui
2435 4145 2663 4215 diligunt
2681 4160 2883 4200 nomen
2898 4143 3111 4201 Domini
3140 4145 3518 4202 inhabitabant

1924 4241 1979 4297 in
2007 4254 2093 4305 ea,
2125 4240 2176 4295 id
2206 4247 2309 4305 est,
2342 4240 2393 4295 in
2421 4238 2543 4306 Me,
2567 4239 2621 4293 in
2649 4237 2917 4303 doctrina,
2949 4238 3002 4293 in
3033 4236 3292 4294 Ecclesia.
3317 4237 3375 4293 In
3402 4252 3512 4309 qua

1922 4339 2111 4401 regnat
2150 4331 2409 4388 Dominus
2436 4338 2623 4387 noster
2648 4330 2807 4386 Jesus
2831 4327 3078 4385 Chrisms
3103 4344 3227 4386 cum
3268 4327 3429 4386 Patre
3455 4337 3514 4387 et

1921 4424 2124 4496 Spiritu
2148 4432 2358 4495 sancto,
2391 4438 2533 4480 nunc
2553 4431 2609 4479 et
2648 4423 2703 4479 in
2730 4428 2924 4479 cuncta
2948 4423 3142 4479 uacula
3165 4423 3507 4479 seculorum.

1921 4518 2112 4575 Arnen.

2446 4629 2766 4690 PSALMUS
2803 4624 2985 4686 LXIX.

1919 4749 1977 4806 ln
2026 4749 2184 4803 linem
2230 4746 2479 4819 psalmus
2513 4742 2711 4819 David,
2760 4741 2815 4797 in
2835 4738 3318 4819 Ismenida-titione
3368 4734 3513 4809 quod

2297 4817 2506 4873 salvum
2535 4814 2661 4871 fecit
2683 4808 2808 4868 eum
2835 4808 3115 4899 Dominus.

1986 4958 2159 5042 om,
2191 4977 2246 5030 in
2283 4971 2603 5045 adjutorium
2640 4980 2812 5025 meum
2855 4966 3098 5032 intende;
3148 4963 3395 5031 om,
3442 4964 3514 5018 ad

1918 5068 2271 5142 adjuvandum
2294 5083 2376 5122 me
2402 5064 2610 5138 festina.
2640 5058 3042 5135 Confundantur
3074 5069 3125 5116 et
3165 5067 3509 5121 reoereantur,

1919 5164 2007 5235 qui
2032 5169 2269 5234 quierunt
2303 5159 2533 5213 animam
2571 5172 2756 5214 mum.
2798 5154 3108 5211 Avertarttur
3150 5161 3432 5208 retrorsum
3457 5154 3511 5199 ct

1919 5255 2250 5319 erubescant,
2281 5255 2366 5326 qui
2395 5250 2570 5308 rotant
2603 5251 2731 5307 mihi
2772 5250 2933 5306 mala.
2979 5250 3292 5304 Amtoutur
3334 5238 3513 5292 statim

1918 5346 2290 5409 erubescentes,
2319 5345 2405 5415 qui
2425 5343 2602 5398 dicunt
2625 5343 2753 5399 mihi
2786 5358 2803 5397 :
2850 5340 3020 5412 Euge,
3050 5351 3194 5405 alios.
3233 5326 3515 5383 Ετοαλιεηι

1921 5450 1969 5495 et
1996 5440 2233 5497 tutentur
2256 5440 2309 5493 in
2334 5446 2383 5491 te
2409 5452 2585 5491 omnes
2608 5438 2695 5508 qui
2722 5440 2958 5506 quierunt
2986 5439 3065 5492 te,
3099 5433 3151 5481 et
3173 5422 3350 5475 dicant
3377 5435 3514 5474 sem-

1923 5549 2045 5606 per:
2068 5531 2434 5605 Magniﬁcetur
2454 5527 2729 5590 Dominus,
2746 5524 2837 5596 qui
2852 5521 3076 5591 diligant
3094 5512 3326 5606 salutare
3346 5518 3509 5567 tuum.

1925 5601 2039 5700 Ego
2066 5601 2184 5683 vero
2225 5641 2415 5698 egenus
2459 5630 2509 5677 et
2553 5634 2749 5691 pauper
2772 5628 2914 5675 um;
2954 5608 3123 5700 Delus,
3172 5601 3365 5700 adiuva
3409 5623 3513 5662 me.

1927 5696 2145 5792 Adjutor
2174 5696 2316 5774 meus
2343 5725 2391 5770 et
2412 5713 2665 5768 liberator
2686 5720 2829 5760 meus
2857 5718 2913 5756 es
2937 5709 3016 5765 tu,
3048 5696 3292 5761 Domine,
3316 5713 3381 5754 ne
3399 5714 3513 5756 πιο-
3558 5754 3566 5762 ,

1928 5815 2075 5866 reris.
