4088 6346
595 348 697 405 625

1165 477 1600 521 ῦοΙΜΕΝΐΔΜυΙ.

666 552 722 609 lu
753 553 1228 621 rememoratione,
1259 556 1433 626 inquit
1461 556 1659 624 David,
1689 574 1756 614 eo
1794 561 1939 630 quod
1978 563 2182 616 salvum

597 662 682 702 me
711 646 836 702 fecit
871 646 1158 714 Dominus;
1191 648 1264 704 ibi
1289 649 1425 705 dixit
1453 653 1651 708 saluum
1689 670 1770 708 me
1797 657 1902 725 fac,
1935 654 2181 722 Domine,

597 741 684 796 hic
711 741 909 810 gratias
933 740 1042 809 agit
1069 741 1323 798 salvatus.
1357 743 1496 810 Quid
1525 753 1704 801 tamen
1744 749 1953 803 oravit?
1981 748 2062 804 Ad
2092 750 2186 804 ad-

595 830 882 902 iuvandum
903 847 989 886 me
1010 831 1230 900 festina;
1255 835 1569 892 festinanter
1605 839 1801 894 suscita
1840 855 1927 896 me
1970 858 2003 896 a
2041 858 2187 898 mor-

597 925 731 990 tuis,
765 932 820 978 ut
847 925 1170 982 erubescant
1195 929 1377 991 statim
1415 931 1820 1000 erubescentes,
1867 935 1957 1004 qui
2003 936 2190 992 dicunt

595 1017 766 1072 mihi:
798 1017 964 1088 Euge,
995 1035 1151 1090 euge.
1181 1021 1466 1078 Exsultth
1491 1025 1548 1080 hi
1577 1028 1671 1096 qui
1699 1037 1918 1099 sperant
1940 1031 1992 1084 in
2023 1039 2104 1098 te,
2133 1039 2190 1088 et

594 1112 685 1180 qui
713 1121 962 1182 quaerunt
989 1122 1042 1169 te
1061 1155 1075 1180 ,
1105 1122 1162 1170 et
1195 1115 1378 1172 dicant
1405 1133 1620 1189 semper
1644 1138 1656 1172 :
1684 1119 2052 1192 Magniﬁcetur
2075 1123 2186 1179 Do-
2278 1134 2280 1140 ί

595 1202 803 1270 minus,
829 1204 921 1272 qui
950 1203 1176 1274 diligunt
1218 1207 1452 1264 salutare
1491 1216 1662 1265 tuum.
1694 1210 1887 1281 Liquet
1913 1215 2189 1284 apostolos

595 1305 649 1349 et
677 1297 934 1365 quaesisse
961 1306 1017 1354 et
1055 1298 1334 1368 dilexisse;
1353 1317 1464 1372 ego
1493 1319 1651 1370 vero,
1683 1305 1787 1372 ait,
1830 1307 2108 1364 mendicus
2134 1316 2191 1362 et
2275 1317 2278 1320 ί

595 1401 800 1460 pauper
827 1405 964 1444 sum.
990 1389 1272 1448 Eaa'nanivi
1297 1395 1441 1450 enim
1469 1400 1721 1468 meipsum
1752 1389 1919 1472 factus
1948 1396 2189 1455 obediens

597 1495 754 1551 usque
797 1481 868 1535 ad
894 1492 1108 1546 mortem
1138 1482 1356 1556 (Philip.
1382 1488 1461 1555 ιι).
1494 1487 1664 1553 Deus,
1696 1487 1888 1558 adjnva
1917 1506 2033 1556 me,
2081 1507 2190 1547 non

599 1572 741 1628 enim
770 1573 1028 1642 fragilitas
1065 1575 1297 1632 humana
1335 1580 1591 1649 resurgit,
1627 1582 1728 1637 nisi
1756 1584 1998 1654 potentia
2030 1583 2192 1639 fuerit

507 1727 524 1736 _
599 1662 778 1718 divina
807 1663 1061 1718 relevata.
1099 1665 1325 1736 Adjutor
1338 1682 1468 1737 ergo
1498 1677 1552 1726 et
1574 1660 1832 1728 liberator
1868 1689 2021 1729 meus
2052 1682 2188 1740 esto,

590 1754 858 1826 Domine,
890 1770 957 1812 ne
996 1757 1323 1822 tardaveris,
1358 1759 1498 1816 Deus
1525 1761 1616 1833 qui
1663 1777 1856 1834 regnas
1896 1764 1949 1820 in
1997 1765 2191 1822 saecula

601 1847 937 1904 seculorum.
973 1848 1162 1905 Amen.
1311 1887 1313 1891 ι
1687 1841 1690 1844 ’

1137 1942 1358 1999 PSALM
1369 1944 1452 2000 US
1488 1944 1652 2002 LXX.

601 2030 844 2088 Psalmus
866 2031 1036 2089 David
1067 2033 1297 2090 ﬁliorum
1325 2035 1570 2092 Jonadab
1600 2047 1655 2092 et
1682 2039 1922 2108 priorum
1951 2043 2192 2113 captivo-

1319 2123 1456 2162 l'lllll.

673 2218 739 2273 In
768 2231 834 2285 te,
863 2219 1113 2286 Domine,
1136 2225 1357 2294 speravi,
1386 2240 1490 2280 non
1513 2226 1808 2298 confundor
1830 2229 1886 2282 in
1911 2237 2188 2294 aeternum;

599 2313 651 2365 in
676 2312 883 2383 justitia
915 2321 1001 2366 tua
1043 2313 1203 2368 libera
1231 2333 1312 2370 me
1339 2325 1389 2370 et
1416 2319 1556 2389 eripe
1599 2336 1698 2374 me.
1745 2317 1954 2374 Inclina
1996 2320 2068 2374 ad
2110 2338 2192 2376 me

600 2420 777 2457 aurem
807 2412 966 2470 tuam,
999 2413 1048 2458 et
1066 2407 1212 2460 salva
1238 2425 1340 2461 me.
1367 2407 1496 2463 Esto
1517 2411 1644 2464 mihi
1666 2412 1722 2464 in
1741 2410 1907 2486 Deum
1932 2422 2189 2483 protecto-

601 2512 728 2560 rem,
759 2506 808 2549 et
830 2497 886 2550 in
907 2497 1078 2551 locum
1098 2502 1372 2567 munitum,
1398 2510 1460 2556 'ut
1491 2503 1688 2558 salvum
1723 2523 1804 2560 me
1831 2507 2017 2576 facias.
2051 2505 2192 2571 Quo-

601 2588 742 2640 niam
767 2589 1152 2658 ﬁrmamentum
1181 2609 1380 2659 meum,
1426 2603 1476 2648 et
1522 2597 1779 2668 refugium
1825 2613 1993 2652 meum
2034 2614 2087 2652 es
2115 2608 2187 2652 tu.

597 2675 739 2732 Deus
764 2695 905 2733 meus
931 2681 1072 2751 eripe
1099 2699 1179 2736 me
1216 2682 1279 2737 de
1304 2700 1464 2739 manu
1499 2689 1816 2757 peccatoris,
1858 2699 1906 2742 et
1935 2688 1998 2742 de
2029 2707 2191 2743 manu

597 2777 778 2823 contra
805 2769 966 2843 legem
993 2775 1194 2844 agentis
1213 2782 1265 2829 et
1282 2776 1464 2848 iniqui.
1493 2773 1753 2841 Quoniam
1782 2788 1834 2832 tu
1853 2796 1908 2834 es
1929 2781 2185 2851 patientia

597 2879 728 2930 mea,
770 2863 1028 2934 Domine;
1056 2866 1300 2936 Domine,
1328 2888 1443 2942 spes
1472 2889 1585 2926 mea
1605 2890 1638 2926 a
1668 2874 1933 2945 juventute
1961 2892 2094 2929 mea.
2123 2875 2188 2930 In
2226 2917 2231 2922 ι

598 2966 644 3010 te
665 2959 1003 3028 conﬁrmatus
1023 2978 1138 3016 sum
1157 2980 1222 3017 ea:
1241 2973 1386 3019 utero
1407 2963 1471 3018 de
1491 2973 1662 3020 ventre
1681 2968 1864 3021 matris
1886 2983 2032 3034 mete,
2060 2978 2112 3021 tu
2134 2985 2188 3023 es

599 3043 855 3118 protector
879 3069 1038 3106 metis.
1081 3053 1148 3107 In
1191 3065 1239 3109 te
1275 3059 1506 3112 cantatio
1546 3075 1659 3112 mea
1698 3076 1915 3132 semper,
1942 3071 2189 3132 tanquam

598 3142 892 3214 prodigium
919 3147 1085 3216 factus
1124 3164 1239 3201 sum
1266 3149 1459 3215 multis,
1483 3162 1530 3205 et
1557 3162 1608 3204 tu
1637 3153 1850 3223 adjutor
1882 3156 2052 3226 fortis.
2082 3155 2184 3210 Re-

597 3236 801 3306 pleutur
837 3255 896 3293 os
921 3255 1090 3294 meum
1118 3240 1288 3308 laude,
1317 3251 1373 3295 ut
1401 3252 1603 3299 cantem
1643 3245 1864 3318 gloriam
1889 3257 2046 3314 tuam,
2081 3258 2188 3302 tota
2215 3246 2262 3311 C

597 3327 680 3381 die
721 3331 1132 3401 magnitudinem
1180 3341 1341 3389 tuam.
1374 3333 1460 3390 Ne
1485 3338 1732 3408 projicias
1771 3357 1852 3394 me
1877 3343 1934 3394 in
1962 3349 2189 3413 tempore

595 3423 886 3487 senectutis,
911 3440 1026 3479 cum
1047 3425 1291 3497 defecerit
1310 3429 1469 3483 virtus
1490 3445 1604 3484 mea
1617 3471 1631 3498 ,
1657 3447 1721 3486 ne
1742 3430 2066 3504 derelinquas
2084 3450 2184 3490 me.

597 3509 733 3574 Quia
754 3512 997 3570 dixerunt
1010 3517 1206 3572 inimici
1235 3521 1333 3574 mei
1353 3521 1501 3590 mihi,
1520 3531 1570 3576 et
1589 3525 1675 3595 qui
1695 3523 2050 3580 custodiebant
2071 3529 2188 3581 ani-

596 3619 731 3657 mam
759 3622 923 3661 meam
942 3611 1215 3666 consilium
1238 3615 1469 3685 fecerunt
1486 3616 1543 3670 in
1563 3634 1743 3672 unum.
1763 3617 2023 3687 Dicentes,
2046 3619 2185 3676 Deus

600 3695 871 3769 dereliquit
915 3717 1060 3768 eum;
1088 3701 1470 3778 'persequimini
1490 3719 1560 3764 .et
1599 3713 2008 3783 comprehendite
2048 3733 2182 3784 eum,

596 3789 716 3860 quia
737 3806 840 3846 non
869 3801 945 3847 est
973 3795 1058 3867 qui
1079 3798 1287 3869 eripiat.
1312 3795 1472 3868 Deus,
1502 3819 1567 3859 ne
1585 3805 1841 3878 elongeris
1861 3825 1894 3862 a
1916 3826 2015 3874 me,
2045 3809 2186 3882 Deus

592 3900 732 3939 meus
762 3887 817 3940 in
837 3888 1090 3946 auxilium
1110 3909 1276 3949 meum
1312 3898 1523 3968 respice.
1557 3898 1958 3970 Confundautur
1976 3913 2026 3958 et
2051 3905 2184 3976 deﬁ-

593 3980 734 4033 ciant
761 3981 1090 4041 detrahentes
1134 3989 1325 4045 anima:
1371 4008 1528 4058 mete,
1559 3996 1860 4065 aperiantur
1884 3999 2187 4070 confusione

592 4078 642 4122 et
665 4070 880 4138 pudore,
912 4075 999 4144 qui
1023 4087 1260 4146 qua-runt
1292 4080 1433 4135 mala
1459 4085 1604 4138 mihi.
1637 4085 1753 4158 Ego
1782 4093 1952 4143 autem
1985 4107 2186 4161 semper

593 4162 808 4229 sperabo
834 4203 848 4228 ,
896 4174 946 4218 et
991 4167 1238 4237 adjiciam
1297 4189 1448 4243 super
1501 4192 1704 4231 omnem
1764 4180 1967 4234 laudem
2021 4190 2180 4236 tuam.

597 4248 672 4304 0s
691 4269 859 4306 meum
887 4256 1216 4313 dnnuntiabit
1242 4263 1502 4331 justitiam
1526 4276 1685 4335 tuam,
1721 4280 1827 4324 tota
1850 4271 1933 4326 die
1957 4273 2186 4328 salutare

595 4349 757 4396 tuum.
789 4342 1046 4406 Quoniam
1074 4365 1178 4403 non
1199 4355 1414 4423 cognovi
1441 4357 1814 4423 litteraturam,
1839 4363 2062 4419 introibo
2089 4383 2183 4436 po-

595 4436 787 4490 tentias
814 4435 1049 4493 Domini.
1082 4439 1336 4509 Domine,
1369 4447 1693 4503 ntemorabor
1713 4451 1937 4522 justitia:
1976 4465 2074 4511 tua:
2097 4475 2183 4513 so-

595 4530 712 4584 lius.
741 4529 902 4599 Deus,
927 4533 1145 4590 docuisti
1174 4554 1255 4591 me
1278 4556 1311 4593 a
1328 4540 1596 4610 juventute
1623 4561 1766 4611 mea,
1787 4555 1837 4600 et
1864 4565 2019 4620 usque
2045 4567 2182 4606 nunc

594 4623 940 4693 pronuntiabo
985 4626 1246 4684 mirabilia
1291 4641 1397 4685 tua.
1441 4631 1513 4686 Et
1555 4651 1713 4707 usque
1755 4639 1809 4691 in
1849 4651 2106 4697 senectam
2133 4654 2182 4698 et

594 4716 818 4781 senium,
852 4715 1025 4785 Deus,
1059 4736 1124 4773 ne
1165 4720 1489 4795 derelinquas
1527 4743 1638 4792 me,
1687 4729 1845 4784 donec
1882 4726 2183 4792 imnuntiem

555 4893 570 4898 ‘
594 4803 856 4862 brachium
887 4819 1029 4866 tuum
1056 4817 1380 4884 generationi
1408 4821 1549 4874 omni
1573 4837 1690 4893 qua:
1714 4833 1931 4880 ventura
1957 4837 2050 4882 est.
2074 4829 2183 4884 Po-

595 4899 808 4953 tentiam
836 4909 978 4956 tuam
1005 4913 1055 4958 et
1075 4905 1337 4975 justitiam
1362 4920 1519 4977 tuam,
1545 4911 1703 4980 Deus,
1730 4932 1889 4988 usque
1907 4919 1962 4972 in
1991 4920 2185 4975 altissi-

593 5005 679 5042 ma
719 5007 833 5062 qua:
873 4995 1038 5065 fecisti
1097 5000 1383 5070 magnalia.
1434 5003 1610 5072 Deus,
1665 5012 1778 5081 quis
1824 5013 2009 5068 similis
2053 5013 2185 5070 tibi?

530 5148 535 5153 η
594 5083 829 5148 Quantas
857 5090 1126 5146 ostendisti
1154 5094 1282 5148 mihi
1312 5097 1665 5158 tribulationes
1696 5104 1882 5160 multas
1909 5117 1960 5160 et
1986 5109 2175 5173 malas,

589 5188 640 5234 et
667 5197 938 5237 conversus
969 5185 1236 5256 vivi/icasti
1265 5207 1375 5253 me,
1417 5201 1468 5246 et
1499 5193 1562 5248 de
1589 5194 1788 5268 abyssis
1817 5208 1967 5255 terra:
1993 5203 2179 5257 iterum

589 5272 842 5328 reduxisti
869 5291 966 5330 me.
1013 5276 1378 5349 Multiplicasti
1417 5288 1866 5359 magnificentiam
1914 5300 2086 5356 tuam,
2128 5303 2180 5347 et

589 5380 861 5422 conversus
881 5370 1178 5426 consolatus
1198 5389 1251 5428 es
1280 5391 1379 5429 me.
1413 5375 1552 5432 Nam
1583 5389 1633 5432 et
1656 5399 1750 5451 ego
1778 5384 2060 5452 conﬁtebor
2090 5384 2178 5440 tibi

587 5455 641 5508 in
678 5458 813 5512 vasis
844 5459 1033 5529 psalmi
1071 5464 1334 5519 veritatem
1365 5475 1532 5533 tuam,
1561 5468 1726 5535 Deus;
1758 5473 1979 5542 psallam
2010 5475 2100 5528 tibi
2125 5478 2179 5530 in

587 5547 789 5602 cithara
835 5563 1043 5607 sanctus
1090 5553 1280 5610 Israel.
1329 5556 1681 5614 Exsultabunt
1724 5562 1861 5617 labia
1907 5582 2022 5618 mea
2063 5582 2178 5620 cum

590 5648 862 5712 cantavero
893 5644 1008 5711 tibi,
1040 5655 1091 5700 et
1117 5648 1294 5702 anima
1334 5665 1448 5704 mea
1474 5667 1630 5721 quam
1669 5653 1945 5709 redemisti.
1987 5654 2093 5710 Sed
2131 5667 2180 5711 et

591 5729 768 5799 lingua
793 5750 907 5788 mea
934 5738 1260 5794 meditabitur
1275 5742 1536 5811 justitiam
1566 5754 1722 5809 luant,
1756 5763 1869 5801 cum
1903 5750 2104 5820 confusi
2131 5761 2182 5804 et

592 5826 792 5879 "veriti
822 5831 1031 5900 fuerint,
1063 5836 1147 5904 qui
1177 5847 1414 5906 quierunt
1443 5840 1581 5894 mala
1612 5842 1753 5896 mihi.

1934 358 2203 416 ARNOBII
2243 360 2554 420 JUNIORIS

2211 4611 2262 4674 D

3789 369 3891 428 ιει

2866 517 3302 558 COMMENTARIUI.

2363 590 2624 657 Psalmus,
2658 593 2850 662 inQuit,
2885 593 3118 648 ﬁliorum
3145 594 3407 662 Jonadab,
3443 605 3498 650 et
3526 599 3770 668 priorum
3801 617 3888 657 ca-

2292 686 2583 754 ptivorum.
2648 684 2948 740 Videndum
2999 695 3080 742 est
3127 703 3249 742 cum
3296 689 3490 759 quibus
3519 691 3670 745 canit
3698 692 3882 748 David.

2291 777 2425 833 Cum
2475 779 2596 834 ﬁliis
2643 777 2886 834 Jonadab
2905 821 2918 843 ,
2951 779 3017 835 de
3046 781 3240 850 quibus
3267 773 3692 839 Jeremias'dicit
3719 788 3887 856 patria

2292 874 2681 928 constitutione
2728 873 2912 928 vinum
2961 889 3068 928 non
3120 874 3339 941 bibere,
3373 883 3430 929 et
3455 892 3651 932 vocem
3680 877 3888 934 Domini

2295 966 2626 1036 increpantis
2665 974 2931 1020 memorat
2956 981 3063 1035 qua
3091 965 3290 1021 dictum
3321 977 3403 1023 est
3428 985 3440 1021 :
3485 967 3618 1023 Filii
3645 969 3885 1026 Ionadab

2292 1058 2587 1114 custodiunt
2631 1067 2891 1130 praecepta
2937 1061 3102 1130 patris
3151 1059 3259 1127 sui,
3301 1070 3351 1114 et
3387 1077 3494 1116 non
3517 1061 3690 1117 bibent
3718 1067 3885 1120 vinum

2295 1150 2508 1222 (Jerem.
2542 1151 2729 1224 xxxv).
2755 1148 3032 1222 Non'ergo
3061 1161 3310 1223 putemus
3337 1151 3477 1209 ﬁlios
3503 1152 3750 1211 Jonadab
3770 1172 3884 1212 cum

2293 1244 2463 1300 David
2490 1244 2748 1300 cecinisse
2773 1245 3110 1316 psalterium,
3136 1247 3232 1303 sed
3259 1248 3569 1304 sobrietatis
3592 1249 3738 1304 viros
3767 1266 3884 1320 par-

2293 1337 2482 1408 ticipes
2513 1336 2706 1402 fuisse,
2757 1344 2813 1392 et
2842 1337 2896 1393 in
2924 1337 3205 1409 psallendo
3234 1339 3366 1395 Deo.
3399 1339 3516 1396 Non
3549 1341 3697 1396 enim
3727 1357 3880 1397 cane-

2294 1430 2452 1484 batur
2472 1421 2540 1484 a'd
2567 1429 2807 1496 libitum,
2840 1429 2936 1485 sed
2963 1430 3034 1485 ad
3061 1431 3319 1500 gemitum
3336 1471 3350 1496 ,
3383 1431 3475 1487 ubi
3503 1432 3705 1502 captivi
3735 1433 3881 1503 primi

2261 1523 2454 1577 .simul
2495 1522 2761 1594 lacrymas
2807 1521 3130 1590 funderent,
3180 1522 3469 1579 dicentes:
3521 1521 3670 1580 Deus
3719 1539 3879 1590 meus,

2295 1615 2446 1686 eripe
2473 1630 2561 1670 me
2589 1614 2656 1670 de
2685 1630 2850 1670 manu
2878 1621 3068 1671 contra
3099 1615 3245 1684 leges
3273 1615 3481 1685 agentis
3509 1623 3564 1670 et
3595 1615 3783 1685 iniqui.
3831 1615 3880 1671 ln

2296 1715 2350 1762 te
2377 1707 2724 1762 conﬁrmatus
2752 1723 2870 1762 sum
2909 1723 2976 1764 ex
3005 1715 3181 1762 utero.
3214 1705 3478 1762 Ex'utero
3509 1707 3697 1777 utique
3731 1707 3880 1776 virgi-

2298 1799 2425 1854 nali.
2466 1799 2575 1857 Nos
2604 1799 2830 1856 dicimus
2858 1801 2912 1856 in
2942 1801 3055 1856 Deo
3079 1801 3450 1856 conﬁrmatum
3478 1799 3771 1866 Christum,
3800 1802 3877 1872 qui

2222 1868 2271 1929 Β
2298 1900 2553 1962 tanquam
2582 1893 2884 1963 prodigium
2912 1892 3086 1950 factus
3114 1902 3199 1949 est
3225 1894 3406 1948 multis
3433 1893 3751 1961 incredulis,

2295 1985 2546 2040 dentibus
2583 1994 2762 2040 autem
2799 1985 3006 2041 exstitit
3043 1985 3258 2056 adjutor
3292 1993 3349 2041 et
3375 1986 3551 2042 fortis.
3603 1985 3875 2058 Repletum

2301 2084 2383 2132 est
2410 2092 2472 2132 os
2517 2077 2633 2147 ejus
2683 2093 2790 2134 non
2839 2079 2893 2132 in
2941 2078 3095 2143 cibo,
3129 2094 3238 2134 non
3267 2077 3553 2144 ebrietate,
3582 2079 3685 2134 sed
3712 2078 3874 2145 laude,

2283 2168 2359 2222 ‘et
2389 2184 2494 2223 non
2526 2176 2609 2224 est
2636 2175 2913 2238 protectus
2942 2169 2996 2223 in
3028 2155 3272 2240 tempore
3311 2169 3579 2239 passionis
3609 2185 3734 2225 cum
3760 2169 3874 2225 deﬁ-

2301 2268 2448 2314 ceret
2495 2259 2664 2314 virtus
2711 2258 2843 2328 ejus.
2881 2258 2998 2314 Non
3045 2269 3128 2314 est
3175 2260 3392 2330 penitus
3430 2259 3720 2316 derelictus
3747 2268 3869 2316 tem-

2293 2351 2435 2422 pore
2469 2366 2577 2420 quo
2623 2351 2875 2406 dicebant
2922 2350 3161 2406 inimici:
3213 2351 3357 2406 Deus
3405 2336 3687 2421 dereliquit
3731 2367 3865 2407 eum.

2295 2443 2445 2500 Tunc
2494 2445 2634 2500 Deus
2680 2460 2791 2500 non
2839 2445 3086 2500 discessit
3129 2445 3196 2499 ab
3244 2460 3342 2512 eo;
3394 2461 3504 2516 quo
3536 2449 3866 2514 'resurgente,

2295 2539 2625 2593 erubuerunt
2647 2578 2662 2602 ,
2690 2545 2745 2592 et
2783 2536 2990 2593 confusi
3019 2545 3144 2592 sunt
3173 2538 3490 2592 insultantes
3517 2538 3690 2592 aversi
3716 2546 3869 2604 retro,

2290 2628 2349 2686 et
2377 2630 2586 2685 confusi
2617 2630 2862 2685 volentes
2891 2630 3126 2684 animam
3155 2630 3289 2700 ejus,
3323 2630 3527 2685 nullam
3554 2645 3867 2700 cognoscens

2295 2722 2453 2777 aliam
2482 2723 2923 2791 negotiationem,
2949 2721 3051 2777 nisi
3080 2723 3238 2787 hanc,
3271 2730 3330 2777 ut
3355 2723 3585 2777 intraret
3611 2722 3664 2776 in
3693 2729 3866 2793 poten-

2294 2815 2394 2870 tias
2422 2813 2652 2870 Domini.
2695 2813 2849 2870 Nunc
2892 2813 3134 2870 exterior
3175 2814 3420 2869 interiori
3447 2814 3614 2870 dicit:
3647 2813 3773 2882 Quae
3796 2812 3863 2868 fe-

2293 2906 2414 2960 cisti
2445 2906 2710 2975 magnalia
2734 2906 2896 2970 Deus,
2930 2907 3052 2976 quis
3072 2899 3261 2962 similis
3284 2906 3420 2961 tibi?
3447 2905 3691 2974 Quantas
3711 2915 3864 2962 osten-

2292 2999 2414 3056 disti
2445 3001 2575 3054 mihi
2605 2999 2980 3055 tribulationes
2999 2999 3197 3055 multas
3217 3007 3272 3054 et
3291 3000 3480 3066 malas,
3512 3008 3566 3055 et
3595 3011 3863 3056 conversus

2293 3108 2419 3148 ecce
2449 3091 2727 3147 viviﬁcasti
2757 3109 2876 3157 me,
2909 3100 2965 3148 et
2993 3092 3060 3148 de
3090 3093 3284 3164 abysso
3314 3103 3474 3147 terra:
3502 3094 3696 3149 iterum
3726 3092 3863 3148 redu-

2293 3186 2416 3240 xisti
2443 3200 2548 3240 me.
2611 3184 2865 3240 Dicendo.
2891 3185 3086 3240 iterum
3123 3185 3474 3254 quaestionem
3507 3185 3654 3241 fecit.
3704 3185 3864 3240 Semel

2291 3277 2435 3333 enim
2465 3293 2685 3346 passus,
2718 3277 2885 3332 semel
2911 3285 3187 3341 mortuus,
3221 3279 3387 3334 semel
3413 3279 3683 3349 sepultus,
3715 3277 3864 3334 semel

2292 3371 2358 3426 de
2387 3371 2580 3443 abysso
2607 3380 2764 3425 terrae
2792 3370 3063 3436 reductus,
3096 3371 3224 3441 quid
3254 3383 3337 3426 est
3365 3373 3468 3428 hoc
3497 3373 3724 3428 iterum?
3763 3372 3861 3426 lte-

2292 3478 2412 3517 rum
2439 3461 2666 3517 dicendo
2696 3462 2924 3516 exclusit
2953 3477 3112 3516 nova.
3172 3461 3248 3516 Ita
3293 3479 3391 3518 nos
3431 3463 3746 3534 manentia:
3785 3479 3866 3517 re-

2299 3555 2701 3625 cuperationem
2734 3562 3010 3623 negantes,
3044 3563 3100 3609 et
3128 3555 3333 3625 praedas
3364 3555 3569 3609 leonum
3599 3554 3650 3606 in
3679 3569 3862 3607 eorum

2290 3642 2534 3700 faucibus
2561 3645 2927 3714 relinquentes
2947 3687 2962 3712 ,
3016 3653 3200 3700 noster
3243 3645 3331 3701 hic
3365 3652 3540 3714 pastor
3566 3657 3667 3696 non
3695 3642 3856 3696 relin-

2289 3743 2418 3808 quet
2447 3737 2714 3808 prmdam;
2748 3753 2856 3793 non
2885 3737 3032 3792 videt
3059 3737 3243 3808 lupum
3272 3744 3328 3793 et
3351 3735 3479 3806 fugit
3500 3775 3514 3799 ,
3560 3733 3653 3789 sed
3675 3735 3861 3788 viven-

2290 3838 2372 3885 tes
2398 3829 2465 3884 de
2493 3844 2588 3884 ore
2619 3830 2837 3885 leonum
2873 3843 3002 3884 oves
3030 3829 3296 3900 eripiens,
3330 3829 3522 3884 iterum
3556 3827 3663 3882 suis
3689 3824 3865 3895 gregi-

2289 3920 2388 3976 bus
2433 3929 2724 3991 prmsentat
2773 3920 3108 3986 incolumes,
3155 3921 3260 3976 hoc
3308 3929 3428 3986 est,
3482 3919 3668 3974 iterum
3695 3918 3788 3988 qui
3815 3917 3866 3972 in

2291 4010 2406 4082 ipso
2453 4010 2648 4081 sepulti
2677 4025 2861 4065 sumus
2889 4025 2986 4081 per
3012 4010 3338 4082 baptismum
3362 4052 3377 4076 ,
3420 4017 3476 4065 et
3503 4008 3770 4064 Christum
3799 4009 3866 4062 in-

2288 4102 2403 4157 duti
2430 4103 2707 4169 morimur,
2759 4101 2976 4172 quando
3014 4117 3115 4156 nos
3154 4102 3316 4157 morti
3359 4101 3618 4157 tradimus
3644 4116 3865 4156 consen-

2288 4195 2469 4250 tiendo
2496 4195 2726 4250 inimicis
2755 4195 2974 4259 nostris,
3007 4195 3100 4265 qui
3129 4210 3230 4249 nos
3267 4194 3346 4249 sic
3387 4193 3614 4248 terrenis
3637 4192 3866 4263 volupta-

2288 4287 2430 4343 tibus
2451 4287 2744 4358 implicant,
2769 4294 2828 4341 ut
2842 4286 3121 4342 videamur
3148 4286 3201 4340 in
3225 4285 3420 4357 abysso
3445 4295 3600 4340 terra:
3621 4283 3861 4356 demersi.

2287 4379 2392 4434 Sed
2423 4380 2547 4448 quia
2574 4394 2681 4434 non
2719 4379 2923 4449 patitur
2957 4379 3013 4433 in
3053 4379 3208 4434 nobis
3248 4378 3426 4449 perire
3455 4375 3600 4448 quod
3630 4376 3864 4440 contulit,

2281 4470 2392 4540 jam
2421 4486 2519 4541 per
2567 4471 2888 4541 baptismum
2934 4470 3101 4526 semel
3151 4485 3181 4524 a
3228 4469 3456 4526 mortuis
3495 4470 3777 4524 suscitatos
3801 4465 3866 4521 ad

2287 4562 2449 4616 vitam
2488 4571 2743 4616 teternam
2763 4600 2777 4626 ,
2811 4561 2878 4616 ab
2915 4570 3116 4616 mterna
3141 4561 3247 4615 vita
3277 4575 3376 4630 per
3403 4559 3604 4615 diaboli
3635 4558 3872 4614 exclusos

2287 4655 2558 4722 astutiam,
2594 4655 2646 4708 in
2676 4671 2743 4710 eo
2773 4656 2967 4710 iterum
3007 4652 3252 4710 Christus
3279 4653 3347 4708 de
3382 4653 3577 4725 abysso
3609 4662 3769 4708 teme
3793 4668 3874 4707 ne-

2285 4747 2471 4813 ducit,
2505 4746 2558 4800 in
2607 4761 2733 4815 quo—
2764 4745 3128 4816 multiplicans
3169 4745 3433 4815 justitiam
3479 4760 3671 4810 suam,
3708 4743 3874 4807 idest,

2284 4839 2756 4894 excommunicans
2802 4855 2922 4894 eum
2947 4880 2961 4904 ,
2995 4851 3049 4895 et
3101 4855 3133 4893 a
3176 4839 3323 4910 pacis
3351 4838 3539 4893 osculo
3568 4838 3875 4908 projiciens,

2285 4946 2578 4987 conversus
2608 4931 2797 4987 iterum
2839 4932 3169 4995 consolatur,
3203 4925 3430 4988 reddens
3457 4930 3508 4985 ei
3537 4929 3880 4986 communio-

2287 5039 2411 5078 nem
2459 5039 2620 5094 quam
2668 5024 2998 5089 abstulerat,
3049 5024 3289 5078 osculum
3337 5022 3484 5091 quod
3518 5023 3782 5092 negabat.
3822 5020 3884 5076 Et

2287 5130 2408 5185 ego,
2439 5116 2630 5186 inquit,
2664 5115 2982 5178 conﬁtebor,
3014 5117 3139 5186 quia
3171 5115 3439 5171 confessio
3467 5123 3550 5169 est
3589 5129 3724 5184 qua:
3753 5115 3885 5170 libe-

2287 5216 2372 5262 rat
2400 5209 2770 5279 pmnitentem.
2811 5205 3114 5282 Conﬁtetur
3141 5221 3268 5276 ergo
3296 5207 3351 5261 in
3382 5206 3636 5262 oratione
3660 5223 3764 5262 sua
3796 5207 3890 5262 Do-

2287 5302 2434 5356 mino
2465 5301 2576 5356 Deo
2605 5316 2704 5356 suo
2734 5308 2956 5370 peccata
2997 5315 3113 5354 sua.
3176 5299 3270 5353 Dei
3298 5307 3478 5354 autem
3505 5298 3808 5354 veritatem
3838 5299 3888 5352 in

2284 5393 2428 5447 vasis
2450 5393 2661 5464 psalmi.
2695 5394 2825 5459 Quae
2854 5399 2979 5447 sunt
3006 5408 3133 5446 vasa
3156 5391 3381 5462 psalmi?
3429 5391 3485 5445 In
3509 5391 3663 5447 vasis
3695 5391 3890 5463 psalmi

2285 5484 2566 5539 veritatem
2589 5484 2684 5539 Dei
2705 5485 2972 5551 nuntiant,
2997 5484 3088 5553 qui
3110 5485 3253 5539 intus
3280 5484 3420 5538 intra
3451 5483 3743 5538 vasculum
3765 5499 3893 5555 icor-

2283 5576 2434 5647 poris
2469 5576 2562 5631 sui
2620 5575 2901 5632 veritatem
2962 5585 3124 5631 rectae
3173 5574 3295 5632 ﬁdei
3341 5576 3542 5631 habent
3588 5575 3890 5633 inclusam.
3935 5564 3950 5610 ³

2285 5668 2522 5737 Namque
2569 5667 2613 5722 si
2664 5668 3075 5738 incorporaliter
3113 5668 3376 5738 quispiam
3406 5666 3754 5737 pmnitentiae
3784 5683 3896 5725 sum

2285 5759 2604 5814 aﬂlictiones
2633 5759 2904 5824 ostendat,
2935 5775 2965 5814 a
2995 5767 3220 5830 peccato
3243 5760 3527 5823 abstineat,
3562 5759 3615 5813 in
3645 5759 3896 5830 jejunio,

2285 5851 2463 5905 cinere
2489 5889 2502 5915 ,
2554 5851 2837 5929 eilicioque
2883 5862 3232 5922 permaneat:
3285 5853 3385 5908 nisi
3427 5852 3480 5907 in
3509 5853 3661 5909 vasis
3695 5855 3901 5925 psalmi
