4088 6346
206 380 350 468 ἠδ

1183 411 1651 466 ΕυΜΜΕΝΤΛιὶΙΙ
1691 410 1754 464 ΙΝ
1793 409 2120 465 PSALMOS.
2165 409 2354 465 PSAL.
2398 411 2573 467 LXXI.

3399 414 3500 467 496

239 528 529 584 veritatem
560 535 767 592 teneat,
796 527 973 582 omnia
989 541 1106 596 quae
1127 526 1450 583 laboraverit
1475 533 1818 581 evanescunt.
1847 529 1900 587 Α
1925 525 2199 595 Sapientia
2227 526 2450 580 veniens
2465 528 2613 581 dedit
2633 545 2820 598 pacem
2849 533 3133 595 montibus,
3167 531 3216 585 id
3244 540 3344 597 est,
3368 547 3498 602 apo-

237 621 478 676 Facilius
523 636 620 690 per
664 621 944 676 veritatem
992 619 1114 675 ﬁdei
1153 620 1268 675 sine
1307 635 1402 674 sua
1446 619 1510 674 ad
1549 619 1825 688 indulgen-

241 713 381 769 tiam
409 712 586 767 veniet
609 754 626 779 ,
671 727 832 782 quam
862 727 960 782 per
986 709 1328 766 amictionem
1357 726 1508 766 suam
1537 711 1654 766 sine
1681 710 1822 765 veri-

241 810 363 863 tate
386 802 630 872 attinget.
670 801 782 871 Age
809 817 939 871 ergo
967 801 1022 856 in
1050 802 1386 858 confessione
1414 811 1504 856 tua
1526 802 1826 871 correptio-

238 908 370 950 nem
398 893 560 948 etiam
588 892 704 948 sine
731 893 926 956 cilicio,
945 899 1001 947 et
1023 893 1075 946 in
1094 892 1285 962 psalmi
1308 891 1520 947 vasculo
1539 892 1820 946 veritatem

237 985 476 1042 include.
538 984 782 1041 Psalmus
826 985 969 1040 enim
1012 999 1170 1054 quem
1217 985 1364 1040 canis
1409 983 1474 1038 ad
1519 983 1686 1039 Deum
1714 999 1820 1040 non

235 1079 492 1147 pervenit
573 1079 674 1134 nisi
702 1078 844 1134 intus
881 1077 935 1130 in
965 1077 1177 1132 vasculo
1206 1091 1304 1130 suo
1333 1076 1422 1132 ubi
1448 1077 1709 1147 psalmum
1740 1078 1822 1132 in-

239 1168 419 1224 cludit
456 1169 715 1223 memoria
739 1207 754 1233 ,
804 1169 858 1224 in
890 1183 1045 1233 vase,
1086 1168 1332 1238 inquam,
1360 1169 1475 1238 ipso
1503 1169 1698 1223 veritas
1729 1169 1820 1223 Dei

235 1255 403 1314 simul
431 1247 593 1317 fuerit
617 1266 963 1313 commorata.
995 1258 1143 1314 Tunc
1168 1258 1351 1329 psallis
1377 1258 1429 1312 in
1454 1259 1655 1314 cithara
1685 1258 1821 1313 San-

230 1329 338 1404 "cto
365 1346 526 1401 Israel
548 1388 562 1412 ,
613 1356 740 1404 tunc
766 1347 1000 1418 gaudent
1027 1349 1164 1405 labia
1195 1358 1316 1415 tua,
1343 1348 1471 1404 dum
1498 1357 1683 1404 cantas
1710 1348 1818 1404 Do-

237 1439 427 1503 mino,
458 1445 512 1493 et
531 1437 726 1505 aniuh,
745 1447 832 1494 tua
862 1455 1022 1509 quam
1056 1439 1309 1505 redemit,
1342 1453 1501 1508 quam
1529 1440 1723 1494 iterum
1751 1438 1820 1494 de

239 1532 442 1603 abysso
470 1546 731 1589 revocans
755 1532 1032 1599 liberavit,
1077 1540 1132 1589 et
1160 1533 1437 1590 confundit
1461 1543 1662 1589 aeterna
1690 1549 1820 1591 con-

239 1623 456 1680 fusione
479 1623 572 1694 qui
606 1625 876 1695 quaerebat
904 1640 1042 1680 eam.
1097 1624 1254 1681 Solus
1294 1627 1436 1682 enim
1464 1636 1676 1682 creator
1704 1627 1820 1697 ejus

156 1757 162 1762 -
237 1718 484 1792 possidet
535 1733 685 1787 eam,
741 1720 832 1790 qui
882 1729 1068 1789 regnat
1122 1721 1176 1776 in
1232 1722 1426 1778 saecula
1477 1723 1812 1778 saeculorum.

213 1819 218 1828 '
240 1812 436 1869 Amen.

215 1899 222 1902 '
753 1881 1065 1939 PSALMUS
1110 1881 1294 1938 LXXI.

577 1975 817 2032 Psalmus
844 1977 1010 2032 David
1038 1977 1090 2032 in
1119 1977 1481 2033 Salomonem.

314 2085 474 2153 Deus,
499 2088 753 2158 judicium
777 2099 914 2142 tuum
942 2091 1048 2159 regi
1075 2088 1162 2154 da,
1185 2097 1236 2141 et
1256 2089 1513 2159 justitiam
1544 2095 1684 2140 tuam
1707 2088 1817 2157 ﬁlio

239 2179 394 2250 regis.
427 2177 675 2233 Judicare
711 2179 955 2250 populum
987 2188 1127 2232 tuum
1150 2180 1203 2231 in
1227 2178 1464 2248 justitia,
1495 2187 1546 2230 et
1570 2194 1820 2247 pauperes

236 2278 352 2323 tuos
377 2271 433 2322 in
454 2268 698 2340 judicio..
725 2268 1022 2340 Suscipiunt
1068 2277 1264 2322 montes
1311 2284 1489 2338 pacem
1536 2266 1743 2338 populo,
1771 2278 1820 2322 et

216 2360 393 2414 colles
431 2360 708 2430 justitiam.
759 2358 1024 2412 Judicabit
1050 2375 1297 2430 pauperes
1335 2358 1536 2428 populi,
1577 2367 1628 2411 et
1652 2358 1818 2413 salvos

237 2452 397 2521 faciet
440 2451 578 2521 ﬁlios
608 2467 890 2522 pauperum
912 2493 926 2515 ,
966 2461 1015 2504 et
1055 2451 1344 2505 ltumiliabit
1375 2453 1812 2506 calumniatorem.

238 2540 312 2593 Et
339 2540 655 2611 permanebit
678 2558 791 2595 cum
818 2541 926 2597 sole
952 2551 1001 2596 et
1025 2552 1144 2595 ante
1167 2543 1369 2607 lunam,
1408 2543 1461 2595 in
1489 2544 1814 2614 generatione
1837 2575 1852 2584 I

240 2640 293 2682 et
333 2633 728 2700 generationem.
780 2631 1062 2687 Descendet
1107 2632 1239 2687 sicut
1280 2631 1454 2702 pluvia
1473 2632 1527 2685 in
1558 2632 1734 2696 vellus,
1763 2642 1814 2686 et

241 2724 378 2776 sicut
420 2722 682 2779 stillicidia
727 2724 978 2778 stillantia
1020 2740 1174 2795 super
1221 2733 1426 2778 terram.
1503 2720 1711 2777 Orietur
1754 2724 1810 2777 in

233 2813 413 2869 diebus
441 2815 553 2886 ejus
568 2815 804 2886 justitia,
846 2823 895 2870 et
921 2814 1238 2870 abundantia
1266 2816 1407 2885 pacis
1427 2859 1440 2883 ,
1475 2814 1635 2868 donec
1663 2815 1812 2885 aufe-

213 2904 383 2959 ‘ratur
411 2906 553 2960 luna.
605 2905 675 2960 Et
702 2905 1047 2961 dominabitur
1075 2923 1106 2959 a
1137 2907 1271 2960 mari
1295 2922 1452 2978 usque
1479 2905 1548 2958 ad
1574 2922 1734 2971 mare,
1761 2914 1812 2958 et

228 3013 265 3048 ιι
296 2995 506 3064 ﬂumine
549 3012 706 3068 usque
744 2997 814 3050 ad
850 2999 1090 3052 terminos
1131 2996 1269 3052 orbis
1297 3006 1570 3051 terrarum.
1624 2994 1813 3051 Coram

227 3089 320 3142 illo
348 3087 611 3159 procident
631 3088 928 3160 Etltiopes,
957 3099 1006 3144 et
1029 3090 1226 3144 inimici
1247 3089 1357 3159 ejus
1379 3097 1569 3142 terram
1593 3087 1807 3158 lingent.

230 3180 396 3253 Reges
425 3180 634 3238 Tharsis
679 3192 727 3236 et
769 3184 952 3238 insulae
992 3199 1204 3237 munera
1234 3181 1482 3249 offerent,
1511 3198 1655 3252 reges
1684 3181 1812 3235 Ara-

1926 617 2107 681 stolis,
2138 625 2192 672 et
2219 617 2445 672 collibus
2469 620 2762 687 justitiam,
2818 623 2867 676 id
2904 631 3018 689 est,
3059 623 3327 695 plebibus;
3354 623 3494 692 judi—

1925 708 2067 763 cavit
2120 724 2240 763 cum
2281 709 2487 778 justitia
2517 726 2804 781 pauperes,
2853 723 3200 769 contemnens
3243 729 3499 784 personas

1925 800 2168 855 divitum.
2227 800 2537 857 Humiliavit
2583 804 3021 859 calumniatorem
3047 848 3060 872 ,
3113 805 3165 860 id
3193 814 3305 873 est,
3337 821 3499 877 popu-

1925 890 2036 946 lum
2063 889 2360 948 Judaicum.
2393 891 2677 948 Permanet
2705 910 2824 948 cum
2854 895 2998 960 sols,
3032 896 3196 952 immo
3221 913 3384 966 super
3410 911 3497 950 so-

1924 981 2058 1045 lem,
2105 983 2229 1052 quia
2271 983 2335 1036 ad
2366 982 2640 1038 dexteram
2669 983 2842 1039 Patris
2871 995 3148 1054 permanet
3175 986 3393 1053 sedens,
3443 995 3498 1041 et

1923 1083 2050 1128 ante
2097 1074 2276 1129 lunam
2329 1076 2382 1129 in
2425 1075 2637 1129 saecula.
2681 1075 2881 1129 Lunam
2925 1077 3027 1130 hoc
3075 1078 3196 1133 loco
3246 1095 3353 1134 non
3398 1094 3496 1148 pro

1923 1181 2086 1220 causa
2115 1166 2253 1220 lunze
2276 1209 2290 1232 ,
2342 1166 2434 1221 sed
2476 1182 2574 1236 pro
2611 1169 2910 1222 aeternitate
2939 1171 3255 1224 memoravit
3285 1171 3494 1225 Domini

1921 1252 2047 1310 Jesu
2071 1253 2286 1310 Christi.
2336 1255 2401 1311 Et
2445 1257 2720 1312 descendit
2759 1259 2897 1312 sicut
2925 1259 3103 1328 pluvia
3129 1261 3181 1317 in
3210 1260 3403 1324 vellus,
3442 1262 3494 1316 id

1921 1356 2024 1412 est,
2057 1349 2110 1403 in
2140 1349 2426 1404 velleribus
2468 1351 2628 1414 lanae,
2663 1350 2800 1405 sicut
2833 1350 3053 1407 Cedeon
3081 1353 3290 1422 signum
3320 1353 3492 1408 victo-

1919 1439 2014 1493 rize
2061 1439 2112 1493 in
2161 1441 2446 1495 velleribus
2489 1441 2620 1496 lanae
2664 1445 2919 1516 percepit.
2986 1443 3118 1498 Nam
3165 1453 3221 1499 et
3260 1443 3492 1500 Verbum

1921 1546 2076 1586 suum
2106 1530 2264 1587 Pater
2303 1535 2380 1589 sic
2404 1533 2561 1602 jussit
2586 1536 2724 1591 sicut
2754 1536 2986 1606 pluviam
3013 1537 3315 1606 exspectari
3342 1555 3355 1588 :
3389 1535 3493 1590 Ex-

1920 1631 2211 1693 spectetur,
2245 1625 2346 1690 ait,
2399 1625 2537 1680 sicut
2585 1627 2762 1696 pluvia
2817 1627 3048 1681 Verbum
3095 1642 3293 1681 meum.
3351 1625 3492 1695 Ergo

1918 1728 2078 1782 quem
2131 1715 2182 1768 in
2232 1715 2653 1772 Deuteronomio
2694 1717 2852 1785 jussit
2881 1719 3178 1788 exspectari
3211 1719 3349 1773 sicut
3377 1719 3493 1788 plu-

1917 1808 2080 1874 viam,
2114 1809 2169 1863 in
2205 1807 2507 1878 Evangeliis
2545 1812 2887 1881 prasentavit
2913 1812 3051 1867 sicut
3076 1812 3329 1882 pluviam.
3377 1811 3493 1869 Non

1849 1897 2106 1966 Butique
2153 1914 2219 1953 ex
2270 1899 2610 1955 inferioribus
2655 1902 2858 1956 semine
2898 1902 3132 1956 humano
3185 1912 3495 1972 erumpente

1919 1988 2338 2058 primogenitum
2357 2032 2372 2057 ,
2401 1991 2496 2045 sed
2525 1991 2701 2046 Verbo
2731 1991 2905 2047 Patris
2933 1992 3191 2048 caelorum
3222 1994 3496 2050 altitudine

1921 2081 2074 2149 quasi
2119 2081 2356 2151 pluviam
2403 2083 2708 2138 venientem
2757 2093 3024 2139 exortum.
3088 2083 3347 2141 Exortum
3371 2129 3384 2151 ,
3419 2087 3495 2140 in-

1921 2186 2081 2241 quam
2107 2213 2121 2237 ,
2171 2173 2224 2226 in
2273 2175 2506 2231 tenebris
2535 2176 2717 2231 mundi
2746 2177 2926 2232 lumen
2967 2178 3130 2233 rectis
3158 2178 3339 2234 corde.
3370 2178 3495 2233 Orta

1923 2270 2007 2316 est
2034 2263 2086 2318 in
2113 2263 2302 2319 diebus
2331 2265 2448 2334 ejus
2468 2265 2675 2335 justitia
2696 2275 2751 2323 et
2771 2269 3093 2325 abundantia
3111 2270 3277 2340 pacis.
3308 2269 3496 2325 Pacem

1908 2369 2089 2413 meam
2117 2355 2184 2409 do
2213 2354 2349 2410 vobis
2389 2355 2568 2426 (loan.
2603 2356 2732 2428 xrv),
2785 2375 2894 2414 non
2942 2360 3106 2415 talem
3153 2360 3364 2429 qualem
3411 2361 3497 2416 hic

1910 2444 2148 2518 mundus
2176 2445 2370 2512 habet,
2421 2447 2514 2502 sed
2544 2463 2728 2518 pacem
2772 2465 2946 2505 meam
2983 2450 3126 2505 illam
3153 2451 3366 2521 qualem
3396 2452 3496 2506 ha-

1915 2533 2044 2590 bent
2072 2535 2214 2599 ctnli,
2245 2538 2298 2591 in
2329 2553 2432 2610 qua
2460 2539 2765 2596 dominatur
2801 2540 3044 2598 Christus
3091 2559 3120 2596 a
3164 2544 3298 2598 mari
3328 2558 3497 2612 usque

1913 2625 1982 2680 ad
2008 2641 2177 2694 mare,
2210 2628 2315 2684 hoc
2342 2637 2454 2695 est,
2486 2646 2648 2701 super
2675 2648 2893 2688 omnem
2929 2641 3126 2689 terram
3156 2635 3309 2704 aquis
3332 2635 3496 2688 maris

1914 2727 1970 2771 et
2025 2717 2302 2775 ﬂuminum
2359 2722 2763 2777 circumdatam.
2838 2723 3033 2778 Coram
3079 2725 3170 2777 illo
3217 2724 3498 2794 procident

1914 2807 2221 2880 A‘Zthiopcs.
2265 2809 2549 2881 Ethiopes
2598 2812 2889 2880 nigredinis
2917 2811 3227 2868 circumdati
3255 2812 3496 2883 pertidia,

1916 2915 2024 2953 non
2054 2900 2108 2953 in
2136 2901 2289 2954 corio
2319 2902 2517 2966 carnis,
2546 2901 2641 2956 sed
2670 2903 2721 2956 in
2744 2903 2990 2958 sensibus
3017 2903 3228 2959 animae.
3269 2902 3498 2975 Propter

1915 2991 2023 3046 hoc
2053 2991 2336 3062 procident
2371 3000 2497 3047 ante
2525 3009 2680 3059 eum,
2714 3003 2770 3050 et
2800 3003 2995 3050 terram
3026 2996 3224 3051 inimici
3254 2997 3370 3066 ejus
3398 2997 3497 3050 lin-

1914 3093 2064 3151 gent,
2086 3091 2146 3138 ut
2165 3084 2547 3153 indulgentiam
2575 3088 2642 3142 ab
2663 3103 2729 3144 eo
2745 3089 3001 3160 consequi
3032 3099 3355 3146 mereantur.
3393 3090 3495 3146 lle-

1916 3187 2012 3243 ges
2039 3183 2218 3230 autem
2268 3173 2486 3233 Tharsis
2545 3186 2600 3233 et
2645 3180 2831 3235 insula:
2876 3197 3097 3238 munera
3145 3181 3405 3246 offerunt,
3447 3182 3496 3238 id

228 3274 348 3330 bum
375 3285 425 3330 et
455 3275 597 3331 Saba
622 3275 762 3330 dona
787 3274 1064 3330 adiuuent.
1091 3273 1158 3328 Et
1185 3272 1476 3328 adorabunt
1503 3290 1615 3328 eum
1636 3290 1809 3328 omnes
1836 3261 1884 3326 C
1915 3275 2016 3330 est,
2049 3267 2140 3337 qui
2188 3277 2416 3337 regnant
2463 3270 2516 3325 in
2566 3287 2796 3342 corpore
2842 3288 2940 3328 suo
2985 3273 3163 3328 securi
3191 3282 3246 3329 et
3274 3289 3494 3328 munera

228 3384 395 3440 reges,
424 3384 600 3426 omnes
629 3376 802 3440 gentes
841 3368 1060 3423 servient
1085 3366 1149 3420 ei.
1177 3363 1332 3442 Quia
1374 3364 1606 3419 liberavit
1629 3382 1813 3436 paupe-

229 3478 340 3514 rem
367 3479 399 3514 a
419 3469 641 3531 potente,
669 3469 719 3514 et
741 3476 1015 3531 pauperem
1032 3460 1125 3513 'cui
1153 3475 1256 3513 non
1285 3444 1397 3513 erat
1418 3456 1655 3530 adjutor.-
1672 3454 1808 3513 Par-

227 3560 311 3604 cet
339 3551 551 3622 pauperi
577 3560 626 3605 et
653 3553 814 3622 inopi,
839 3559 888 3604 et
906 3552 1107 3604 animas
1135 3567 1415 3621 pauperum
1443 3551 1614 3603 salvas
1633 3551 1801 3620 faciet.

229 3639 320 3694 Ea:
347 3642 516 3696 usuris
545 3651 594 3695 et
612 3642 885 3714 iniquitate
912 3640 1125 3695 redimet
1168 3644 1367 3695 animos
1396 3658 1571 3695 eorum
1595 3680 1608 3702 ,
1641 3650 1690 3695 et
1713 3641 1807 3694 Ito-

226 3730 464 3788 no-rabile
493 3748 674 3787 nomen
701 3748 877 3786 eorum
911 3747 1084 3786 coram
1112 3733 1220 3786 illo.
1267 3731 1331 3784 Et
1350 3733 1496 3796 vivet,
1529 3739 1578 3784 et
1606 3730 1811 3784 dabitur

224 3822 274 3874 ei
303 3820 365 3873 de
391 3838 516 3874 auro
538 3822 744 3876 Arabia:
766 3861 780 3886 ,
811 3830 860 3875 et
887 3818 1177 3875 adorabunt
1217 3820 1280 3873 de
1306 3821 1419 3891 ipso
1447 3837 1665 3890 semper,
1706 3828 1810 3874 tota

224 3913 320 3965 die
355 3912 649 3967 benedicent
670 3916 735 3967 ei.
788 3912 908 3966 Erit
934 3914 1314 3982 firmamentum
1342 3914 1396 3965 in
1427 3921 1561 3965 terra
1589 3913 1644 3964 in
1671 3928 1810 3966 sum-

223 4002 332 4054 mis
381 4004 648 4066 montium,
696 4003 1117 4073 superextolletur
1153 4019 1302 4072 super
1329 4001 1579 4056 Libanum
1617 4005 1812 4073 fructus

226 4088 346 4159 ejus
371 4129 386 4154 ,
409 4099 456 4142 et
496 4089 747 4159 florebunt
775 4092 838 4144 de
866 4093 1066 4145 civitate
1089 4133 1102 4156 ,
1141 4094 1273 4145 sicut
1311 4095 1484 4163 fenum
1518 4101 1687 4147 terra'.
1731 4091 1814 4148 Sit

223 4191 422 4236 nomen
449 4183 560 4252 ejus
597 4180 915 4237 benedictum
942 4184 996 4236 in
1020 4183 1210 4238 stecula
1227 4224 1241 4248 ,
1270 4192 1390 4238 ante
1421 4183 1580 4238 solem
1605 4200 1810 4254 perma-

221 4282 354 4329 neat
375 4289 561 4328 nomen
581 4274 714 4345 ejus.
748 4273 817 4327 Et
836 4273 1196 4328 benedicentur
1224 4275 1277 4328 in
1318 4276 1428 4344 ipso
1448 4291 1621 4329 omnes
1651 4273 1810 4329 tribus

222 4373 384 4420 terra
408 4405 423 4431 ,
472 4381 647 4419 omnes
689 4375 866 4436 gentes
892 4365 1296 4437 magniﬁcabunt
1321 4383 1454 4420 eum.
1505 4365 1808 4420 Benedictus

227 4454 489 4509 Dominus
509 4453 648 4509 Deus
670 4452 858 4520 Israel,
892 4456 976 4526 qui
1004 4456 1132 4526 facit
1156 4453 1417 4509 mirabilia
1437 4456 1596 4510 solus.
1628 4455 1699 4508 Et
1719 4454 1806 4510 be-

224 4544 488 4599 nedictum
508 4561 692 4600 nomen
720 4545 1006 4616 majestatis
1029 4545 1139 4616 ejus
1161 4544 1216 4598 in
1245 4553 1510 4612 wternum,
1533 4544 1808 4616 replebitur

223 4635 500 4707 majestate
525 4636 636 4708 ejus
657 4635 823 4691 omnis
845 4643 982 4689 terra
1004 4651 1022 4690 :
1044 4636 1156 4706 fiat,
1179 4636 1294 4706 ﬁat.

792 4782 1221 4824 COIIEN'I'ARIUI.

297 4902 405 4969 Qui
433 4901 772 4973 prephetiam
808 4901 863 4955 in
904 4900 1123 4971 psalmis
1160 4901 1415 4967 credunt,
1449 4909 1632 4958 tenent
1658 4901 1801 4958 illam

221 4992 467 5062 regulam
494 5007 654 5062 quam
675 4993 871 5048 cecinit
898 4991 1185 5047 Zacharias
1203 4991 1387 5047 dicens
1405 4990 1472 5046 de
1498 4991 1630 5058 Deo,
1661 4992 1807 5061 quod

221 5084 344 5155 ipse
377 5083 585 5140 locutus
611 5084 682 5139 sit
703 5099 803 5154 per
841 5098 904 5140 os
929 5084 1340 5154 prophetarum,
1372 5083 1720 5138 liberatumm
1747 5099 1806 5140 se

221 5191 327 5230 nos
359 5174 429 5229 ab
456 5174 684 5230 inimicis
713 5173 928 5230 nostris.
961 5171 1116 5240 Quod
1154 5179 1335 5228 autem
1363 5172 1417 5227 in
1446 5173 1621 5244 capite
1648 5173 1806 5244 hujus

220 5265 424 5336 psalmi
470 5265 637 5333 legis,
690 5265 970 5320 Dominum
1021 5269 1262 5319 nostrum
1307 5261 1489 5319 Jesum
1535 5263 1804 5319 Christum

221 5356 635 5428 explanatorem
681 5355 938 5410 invenies.
991 5353 1132 5410 Dicit
1173 5354 1315 5410 enim
1361 5355 1415 5409 in
1461 5353 1801 5424 Evangeliis:

219 5445 388 5500 Pater
414 5461 518 5499 non
536 5443 1082 5515 judicat'quemquam,
1110 5444 1202 5498 sed
1228 5460 1377 5499 omne
1400 5445 1650 5517 judicium
1665 5445 1804 5504 Filio

220 5536 372 5591 dedit
400 5533 676 5606 (Joan.v).
726 5533 880 5600 Quod
925 5549 1051 5602 ergo
1099 5551 1197 5605 per
1241 5550 1302 5589 os
1347 5542 1651 5591 sanctorum
1679 5553 1804 5608 pro-

219 5629 374 5684 misit
402 5626 457 5681 in
483 5625 620 5682 Filio
659 5639 791 5688 suo,
841 5639 936 5678 rex
965 5639 1150 5679 verum
1178 5625 1450 5695 implevit,
1483 5627 1638 5696 cujus
1680 5635 1806 5686 tunc

222 5717 516 5787 imaginem
543 5715 797 5771 Salomon
826 5728 1037 5780 gerens,
1067 5715 1324 5784 sapientis
1345 5731 1542 5772 nomen
1572 5719 1802 5789 accepit,

223 5811 434 5868 habens
479 5807 540 5862 in.
575 5821 635 5859 se
681 5804 964 5859 scintillam
1006 5805 1298 5874 sapientiae.
1344 5804 1440 5860 Hic
1481 5815 1657 5862 autem
1688 5808 1801 5879 ipsa

510 5903 780 5962 ΡΑτιιοι..
828 5897 986 5960 Llll-

1913 3356 2174 3424 ollerunt;
2207 3373 2361 3428 reges
2389 3361 2625 3416 Arabum
2653 3370 2709 3418 et
2735 3361 2876 3418 Saba
2905 3363 3044 3419 dona
3074 3363 3374 3429 adducunt,
3405 3366 3496 3433 qui

1912 3449 2259 3506 dominantur
2314 3451 2553 3507 moribus
2596 3453 2859 3509 barbaris.
2928 3455 2994 3509 lli
3040 3453 3179 3509 dona
3227 3453 3498 3510 adducunt

1911 3544 2118 3598 animas
2145 3558 2270 3598 suas
2293 3584 2307 3609 ,
2341 3551 2398 3597 ut
2426 3543 2569 3614 ipsas
2597 3544 2648 3598 ei
2677 3545 2893 3599 tradant
2919 3544 2986 3600 ad
3015 3543 3344 3600 adorandum
3372 3560 3494 3600 eum

1912 3647 2036 3686 sum
2064 3633 2279 3702 regibus
2306 3640 2492 3698 terrae,
2543 3634 2635 3703 qui
2666 3635 2894 3690 terrenis
2921 3635 3284 3706 voluptatibus
3322 3635 3494 3691 domi-

1911 3730 2129 3778 nantur.
2158 3720 2356 3779 Omnes
2382 3731 2560 3778 autem
2587 3731 2776 3792 gentes
2803 3724 3039 3781 servient
3057 3726 3127 3792 ei,
3150 3725 3275 3794 quia
3305 3725 3496 3781 liberat

1910 3827 2202 3884 pauperem
2239 3829 2268 3868 a
2298 3819 2539 3883 potente.
2557 3812 2694 3868 Vide
2721 3827 2974 3880 causam;
3005 3813 3150 3879 ideo,
3179 3814 3275 3878 ait,
3304 3829 3494 3869 omnes

1913 3911 2101 3971 gentes
2128 3905 2365 3959 servient
2391 3905 2442 3958 ei
2465 3944 2480 3970 ,
2511 3905 2637 3973 quia
2665 3903 2858 3958 liberat
2895 3919 3188 3975 pauperem
3211 3946 3226 3971 ,
3278 3920 3494 3960 sensum

1915 4008 2104 4049 eorum
2153 4010 2182 4047 a
2228 4000 2450 4064 potente
2499 4001 2556 4048 et
2603 4000 2784 4048 astuto
2806 3994 3047 4060 diabolo,
3078 3995 3170 4064 qui
3199 4010 3296 4050 eos
3322 3997 3494 4051 suasit

1914 4100 2082 4155 opera
2103 4100 2358 4140 manuum
2383 4100 2597 4140 suarum
2619 4087 2809 4141 timere
2836 4096 2890 4142 et
2915 4087 3112 4143 colere.
3144 4086 3225 4142 Ex
3245 4089 3420 4144 usuris
3440 4099 3496 4146 et

1913 4176 2197 4245 iniquitate
2259 4176 2506 4231 liberavit
2560 4177 2766 4232 animas
2820 4193 3027 4233 eorum.
3085 4179 3492 4250 Ampliabantur

1913 4282 2089 4323 usurae
2117 4268 2395 4322 animabus
2422 4283 2609 4323 eorum
2633 4309 2648 4333 ,
2698 4268 2822 4336 quia
2860 4269 3005 4338 quod
3029 4269 3326 4326 debebatur
3353 4269 3486 4336 Deo,

1911 4357 2072 4429 idolis
2102 4357 2415 4413 tradebatur
2443 4359 2520 4430 (et
2547 4359 2651 4413 illis
2679 4359 3088 4430 accipientibus,
3117 4362 3164 4417 si
3191 4369 3371 4418 tamen
3402 4364 3489 4420 vel

1910 4451 2015 4505 dici
2043 4458 2222 4521 potest
2251 4450 2357 4504 illis
2377 4451 2779 4521 accipientibus,
2799 4452 2892 4522 qui
2912 4451 3044 4507 nihil
3070 4468 3172 4509 nec
3197 4455 3485 4526 accipiunt,

1909 4558 2012 4599 nec
2057 4546 2364 4613 recusant);
2413 4542 2692 4600 daemoniis
2737 4558 2866 4614 ergo
2912 4545 3297 4615 accipientibus
3343 4548 3488 4617 quod

1826 4633 1884 4696 D
1907 4636 2008 4691 soli
2049 4633 2162 4691 Deo
2207 4635 2520 4699 debebatur,
2573 4634 2691 4690 istis
2736 4643 2792 4691 et
2836 4635 3073 4692 debitum
3119 4639 3393 4692 concrevit
3433 4647 3489 4693 et

1905 4726 2081 4782 fenus.
2134 4724 2335 4781 Videns
2385 4726 2535 4796 pius,
2585 4725 2673 4780 cui
2717 4725 2877 4780 Pater
2898 4725 3158 4794 judicium
3185 4741 3341 4781 suum
3371 4735 3484 4781 tra-

1905 4816 2039 4873 didit
2065 4815 2119 4870 in
2147 4814 2418 4870 reddendo
2444 4829 2539 4870 eos
2563 4814 2696 4869 satis
2723 4827 2843 4869 esse
2869 4813 3143 4871 mendicos
3164 4857 3179 4881 ,
3223 4815 3326 4874 hoc
3348 4816 3484 4887 judi-

1907 4907 2086 4963 cavit:
2118 4905 2350 4960 lnvicem
2371 4943 2384 4966 ,
2417 4904 2621 4972 inquit,
2657 4918 2752 4958 vos
2779 4903 3027 4959 homines
3053 4905 3309 4963 remittite
3332 4909 3486 4963 vobis

1906 4996 2126 5060 debita,
2172 5002 2233 5049 ut
2277 4993 2431 5048 vobis
2477 4993 2700 5047 remittit
2745 4991 2906 5049 Pater
2951 5004 3129 5052 vester
3169 4998 3261 5068 qui
3300 5007 3382 5054 est
3430 4999 3482 5052 in

1909 5085 2076 5141 oculis.
2107 5083 2176 5138 Et
2203 5083 2400 5152 adjecit
2430 5100 2444 5136 :
2483 5082 2541 5138 Si
2568 5099 2676 5138 non
2704 5085 3047 5155 remiseritis,
3090 5105 3189 5145 nec
3218 5090 3368 5144 vobis
3397 5103 3483 5142 re-

1907 5177 2104 5232 mittet.
2153 5173 2198 5230 O
2224 5175 2540 5231 liberantem
2568 5192 2636 5231 ex
2665 5179 2840 5234 usuris
2867 5188 2921 5235 et
2949 5181 3228 5252 iniquitate
3256 5181 3479 5241 animas,

1908 5283 2037 5324 vere
2063 5267 2378 5339 praeclarum
2407 5284 2601 5324 nomen
2631 5276 2781 5326 tuum
2810 5272 2984 5337 nobis,
3015 5273 3109 5340 qui
3137 5270 3272 5324 vivis
3301 5269 3353 5320 in
3382 5282 3478 5320 sa:-

1909 5359 2028 5415 cula
2055 5358 2395 5424 saeculorum,
2427 5360 2562 5415 vivis
2589 5367 2644 5414 et
2669 5360 2883 5416 dabitur
2911 5359 3004 5413 tibi
3035 5371 3224 5413 aurum
3251 5355 3477 5408 Arabiae.

1909 5449 2112 5506 Aurum
2159 5450 2301 5505 enim
2338 5458 2494 5506 terra:
2534 5450 2674 5506 illius
2701 5458 2784 5505 est
2810 5463 3094 5518 magnum;
3126 5459 3313 5498 aurum
3343 5445 3484 5500 acci-

1909 5541 1995 5612 pis
2023 5541 2336 5612 probatum,
2369 5540 2624 5610 fulgidum
2654 5539 2707 5593 in
2737 5538 3023 5608 apostolis,
3057 5535 3109 5588 in
3139 5535 3478 5606 martyribus,

1911 5634 1966 5688 in
1994 5633 2407 5698 conlessoribus,
2441 5633 2493 5687 in
2521 5631 2831 5698 virginibus.
2864 5628 3068 5680 Aurum
3096 5626 3323 5699 accipis,
3374 5647 3481 5687 non

1913 5724 2008 5777 tibi
2037 5730 2217 5792 potest
2243 5721 2358 5775 ﬁeri
2387 5721 2702 5788 impostura.
2752 5715 2868 5769 Erit
2910 5713 3300 5774 ﬁrmamentum
3332 5728 3481 5776 tuum

1915 5813 1968 5866 in
1999 5819 2142 5865 terra
2187 5823 2472 5878 corporum
2508 5812 2846 5873 nostrorum,
2880 5818 2984 5861 non
3028 5803 3082 5858 in
3112 5811 3355 5865 convalle
3384 5810 3478 5867 lle.

3152 5898 3228 5959 ιδ
