4088 6346
2153 293 2284 318 δείξω
2298 299 2308 308 '
2473 295 2496 300 “

619 413 722 469 HT

1974 399 2245 460 ΔΒΝΟΒΙῙ
2282 399 2585 458 JUNIORIS

3292 333 3328 342 ~—

3797 401 3891 456 438

621 537 728 593 tus,
761 525 855 583 sed
883 527 938 582 in
965 521 1184 580 summis
1211 517 1486 577 montibus
1513 516 1969 591 superextolletur
1995 515 2202 576 fructus
2227 518 2282 582 Α
2307 515 2510 571 corde?
2539 513 2666 570 Hzec
2711 514 2873 572 dictio
2903 516 3146 574 humanis
3193 514 3442 571 sensibus
3471 503 3790 588 applicanda
3817 529 3891 579 est

619 630 762 684 tuus,
785 627 839 675 et
857 612 1295 687 supergredietur
1313 609 1652 666 altitudinem
1673 609 1834 665 etiam
1846 607 2036 664 Libani
2059 622 2206 664 mon-

619 711 716 779 tis,
747 717 804 766 et
838 705 1015 764 ﬂoriet
1032 704 1152 776 (sic)
1179 704 1235 764 in
1262 699 1632 757 altitudinibus
1658 698 2046 774 apostolorum.
2067 697 2208 766 Quid

620 801 798 858 lloriet
839 797 1160 854 audiamus:
1193 792 1344 850 Sicut
1371 792 1553 848 fenum
1575 833 1591 859 ,
1623 791 1825 862 inquit,
1869 804 1998 859 ergo
2029 790 2082 848 in
2113 788 2202 844 illa

616 887 900 954 altitudine
935 883 1153 942 laudata
1188 883 1366 940 floriet
1405 883 1604 940 fenum.
1647 881 1849 937 Floriet
1878 881 1932 935 in
1959 878 2200 938 Ecclesia

617 999 784 1052 usque
830 980 1024 1046 hodie,
1076 985 1134 1034 ut
1179 984 1470 1058 pascantur
1492 975 1754 1046 jumenta,
1787 972 1919 1027 nihil
1947 988 2070 1030 cum
2099 987 2200 1046 po-

615 1075 743 1150 pulo
771 1073 838 1129 de
877 1070 1208 1130 sectionibus
1254 1068 1448 1138 agitur.
1504 1067 1582 1124 Ibi
1620 1081 1748 1136 ergo
1775 1065 2091 1137 producitur
2119 1063 2199 1122 fe-

618 1181 742 1221 num
768 1163 1044 1236 jumentis.
1079 1159 1448 1216 Perfectorum
1485 1158 1628 1213 enim
1666 1165 1750 1214 est
1777 1157 2000 1214 solidior
2028 1156 2198 1222 cibus,

613 1258 743 1327 quia
772 1269 900 1326 ergo
929 1253 1113 1312 fenum
1140 1252 1334 1308 ﬂorent
1362 1258 1593 1316 montes,
1626 1265 1786 1306 nemo
1815 1248 1982 1319 fugiat
2011 1247 2198 1306 Eccle-

614 1348 772 1410 siam,
804 1344 1025 1400 veniant
1054 1358 1260 1407 omnes,
1295 1351 1352 1396 ut
1379 1341 1728 1397 benedicatur
1748 1340 1820 1397 ibi
1847 1341 1986 1396 Deus
2014 1339 2196 1406 lsrael,

613 1438 706 1507 qui
736 1436 863 1496 facit
890 1435 1155 1492 mirabilia
1183 1434 1352 1501 solus,
1389 1439 1444 1488 et
1472 1432 1543 1488 sit
1571 1432 1644 1488 ibi
1671 1448 1869 1490 nomen
1899 1431 2198 1502 majestatis

615 1531 731 1601 ejus
777 1529 1117 1592 benedictum
1163 1528 1218 1582 in
1247 1527 1475 1593 saecula,
1524 1534 1584 1582 ut
1611 1526 1884 1598 repleatur
1911 1524 2198 1594 majestate

615 1623 734 1693 ejus
779 1620 953 1682 omnis
999 1626 1181 1674 terra:
1214 1615 1336 1684 ﬁat,
1388 1612 1512 1681 ﬁat,
1560 1615 1666 1687 ipsi
1708 1614 1877 1685 gloria
1919 1614 1972 1670 in
2001 1613 2197 1670 siccula

619 1711 954 1770 saeculorum.
985 1710 1176 1774 Amen.

1125 1840 1443 1899 PSALHUS
1470 1841 1679 1898 LXXII.

614 1979 935 2035 Defecerunt
975 1976 1158 2064 hymni
1197 1977 1364 2034 David
1392 1975 1485 2033 ﬁlii
1511 1975 1678 2036 Iesse.
1726 1974 1969 2034 Psalmus
1998 1975 2196 2048 Asaph.

685 2134 851 2199 Quam
877 2131 1042 2188 bonus
1071 2132 1244 2188 Israel
1271 2132 1441 2201 Deus,
1471 2133 1551 2187 his
1586 2133 1673 2205 qui
1710 2141 1850 2202 recte
1877 2142 1998 2187 sunt
2021 2133 2194 2188 corde.

617 2226 724 2280 Mei
743 2233 914 2279 autem
935 2241 1066 2296 pene
1089 2225 1216 2280 moti
1233 2235 1352 2279 sunt
1377 2225 1551 2296 pedes,
1581 2241 1711 2296 pene
1735 2225 1888 2294 eﬂ'usi
1914 2233 2033 2279 sunt
2054 2241 2199 2296 gres-

611 2336 697 2372 sus
723 2320 844 2372 mei.
893 2315 1031 2381 Quia
1063 2317 1223 2371 celavi
1259 2334 1413 2388 super
1432 2317 1654 2389 irriguos,
1679 2333 1857 2388 pacem
1878 2325 2201 2388 peccatorum

610 2410 808 2464 videns.
851 2407 989 2472 Quia
1017 2424 1122 2462 non
1143 2415 1218 2461 est
1245 2417 1502 2477 respectus
1525 2408 1678 2462 morti
1698 2425 1873 2462 eorum
1891 2451 1904 2474 ,
1936 2417 1986 2461 et
2012 2408 2198 2478 ﬁrma-

613 2490 838 2555 mentum
864 2502 922 2554 in
941 2501 1098 2570 plaga
1118 2515 1312 2553 eorum.
1340 2498 1407 2552 In
1427 2499 1602 2554 labore
1629 2500 1893 2554 hominum
1920 2516 2023 2554 nan
2056 2509 2196 2565 sunt,

613 2603 801 2646 etcum
836 2592 1128 2647 hominibus
1165 2608 1268 2646 non
1293 2592 1714 2664 ﬂagellabantur.
1763 2592 1888 2648 Ideo
1921 2595 2082 2648 tenuit
2112 2611 2200 2650 eos
2247 2609 2256 2614 ‘

612 2684 872 2755 superbia,
903 2683 1067 2755 operti
1095 2689 1217 2737 sunt
1237 2683 1513 2755 iniquitate
1543 2693 1595 2738 et
1613 2684 1876 2755 impietate
1902 2701 2015 2739 sua.
2062 2683 2200 2740 Pro-

615 2775 710 2828 diit
729 2777 878 2847 quasi
909 2793 975 2830 ea:
993 2774 1146 2846 adipe
1180 2773 1426 2847 iniquitas
1449 2791 1624 2830 eorum
1645 2815 1659 2841 ,
1690 2775 2006 2829 transierunt
2031 2776 2085 2830 in
2115 2777 2200 2849 af-

609 2869 794 2938 fectum
813 2867 1002 2922 cordis.
1058 2865 1429 2940 Cogitaverunt
1456 2878 1507 2922 et
1545 2867 1701 2922 locuti
1743 2876 1864 2946 sunt
1893 2868 2196 2939 nequitiam,

610 2960 932 3032 iniquitatem
959 2964 1013 3015 in
1044 2961 1245 3016 excelso
1265 2961 1422 3016 locuti
1443 2971 1583 3016 sunt.
1616 2961 1914 3018 Posuerunt
1942 2963 1996 3016 in
2016 2961 2195 3017 caelum

609 3069 662 3106 os
683 3069 850 3116 suum,
876 3061 926 3106 et
953 3053 1133 3124 lingua
1159 3069 1336 3108 eorum
1364 3055 1604 3109 transivit
1629 3056 1684 3108 in
1719 3065 1872 3109 terra.
1923 3053 2050 3109 Ideo
2071 3071 2196 3109 con-

611 3153 826 3198 vertetur
868 3147 1086 3215 populus
1125 3162 1265 3200 meus
1310 3145 1423 3210 hic,
1469 3156 1520 3200 et
1553 3147 1662 3201 dies
1691 3147 1829 3218 pleni
1875 3149 2195 3203 invenientur

609 3237 661 3287 in
699 3235 794 3288 eis.
838 3234 910 3288 Et
961 3236 1204 3290 dixerunt
1245 3253 1261 3290 :
1312 3233 1581 3301 Quomodo
1630 3239 1727 3291 scit
1766 3237 1924 3302 Deus,
1960 3247 2008 3292 et
2037 3240 2082 3292 si
2119 3250 2194 3293 est

609 3327 820 3381 scientia
846 3329 898 3381 in
919 3329 1136 3383 excelso.
1169 3326 1304 3382 Ecce
1324 3330 1424 3400 ipsi
1453 3338 1764 3400 peccatores,
1796 3340 1847 3385 et
1873 3329 2193 3386 abundantes

607 3421 657 3472 in
708 3420 898 3474 saeculo
947 3419 1273 3475 obtinuerunt
1320 3421 1546 3477 divitias.
1608 3421 1680 3476 Et
1718 3423 1864 3487 dixi,
1914 3421 2055 3494 Ergo
2081 3424 2194 3478 sine

608 3528 761 3566 causa
794 3513 1076 3584 justiﬁcavi
1118 3529 1207 3568 cor
1248 3531 1444 3580 meum,
1476 3524 1526 3569 et
1565 3515 1668 3568 lavi
1714 3515 1848 3569 inter
1893 3517 2190 3570 innocentes

609 3619 788 3656 manus
817 3619 976 3657 meas.
1021 3602 1091 3656 Et
1112 3607 1185 3676 fui
1220 3605 1508 3677 ﬂagellatus
1543 3615 1649 3661 tota
1679 3607 1766 3660 die
1786 3646 1800 3670 ,
1833 3616 1883 3662 et
1920 3610 2190 3680 castigatio

609 3711 718 3748 mea
739 3695 793 3748 in
819 3695 1107 3750 matutinis.
1149 3697 1210 3751 Si
1231 3695 1496 3750 dicebam:
1532 3695 1779 3751 Narrabo
1810 3699 1916 3765 sic;
1957 3716 2071 3754 ecce
2102 3719 2194 3754 na-

607 3785 793 3840 tionem
836 3786 1064 3856 filiorum
1109 3796 1308 3841 tuorum
1360 3789 1650 3860 reprobavi.
1715 3789 2093 3844 Existimabam
2137 3803 2192 3846 ut

605 3893 983 3948 cognoscerem,
1013 3877 1110 3932 hoc
1133 3877 1280 3932 labor
1304 3887 1378 3932 est
1407 3889 1529 3932 ante
1567 3897 1664 3933 me.
1698 3878 1874 3935 Donec
1911 3883 2097 3936 intrem
2138 3883 2193 3936 in

605 3972 956 4024 sanctuarium
983 3969 1080 4025 Dei
1099 4013 1114 4038 ,
1146 3979 1195 4024 et
1240 3971 1529 4045 intelligam
1567 3973 1622 4026 in
1669 3974 1959 4029 novissimis
1987 3991 2184 4029 eorum.

611 4060 973 4115 Verumtamen
1000 4071 1210 4134 prapter
1239 4061 1385 4117 dolos
1407 4064 1629 4134 posuisti
1668 4063 1742 4118 eis
1762 4103 1776 4128 ,
1825 4063 2058 4134 dejecisti
2103 4081 2189 4119 eos

605 4151 725 4204 dum
771 4151 1134 4204 allevarentur.
1183 4149 1450 4214 Quomodo
1501 4155 1628 4223 facti
1649 4164 1766 4206 sunt
1811 4155 1866 4207 in
1904 4155 2188 4210 desolatio-

605 4257 718 4294 nem
742 4283 756 4307 ,
781 4239 946 4294 subito
986 4242 1301 4312 defecerunt,
1345 4245 1603 4312 perierunt
1631 4254 1840 4314 propter
1867 4247 2188 4316 iniquitatem

605 4346 769 4384 suam.
821 4329 969 4385 Velut
997 4333 1252 4386 somnium
1276 4336 1609 4404 surgentium,
1633 4334 1875 4401 Domine,
1902 4338 1954 4390 in
1984 4339 2188 4393 civitate

606 4430 693 4473 tua
721 4421 999 4492 imaginem
1040 4422 1269 4504 ipsorum
1310 4421 1380 4474 ad
1421 4424 1638 4478 nihilum
1683 4427 1898 4498 rediges.
1943 4425 2078 4492 Quia
2105 4431 2186 4482 in-

605 4514 927 4581 flammatum
946 4521 1022 4567 est
1041 4529 1128 4566 cor
1147 4528 1332 4580 meum,
1357 4523 1406 4568 et
1432 4531 1576 4569 renes
1595 4517 1695 4571 mei
1722 4521 2018 4573 commutati
2043 4531 2180 4587 sunt,

603 4614 653 4658 et
681 4621 772 4677 ego
799 4605 868 4658 ad
897 4605 1113 4658 nihilum
1142 4605 1379 4662 redactus
1405 4623 1537 4676 sum,
1559 4619 1610 4663 et
1634 4611 1840 4665 nescivi.
1886 4611 1954 4666 Ut
1973 4613 2182 4686 jumen-

603 4704 709 4750 tum
735 4697 900 4768 factus
926 4711 1039 4750 sum
1066 4695 1206 4768 apud
1226 4705 1292 4764 te,
1315 4708 1365 4753 et
1390 4717 1484 4771 ego
1507 4717 1705 4772 δεηιρεν
1735 4711 1915 4756 tecum.
1952 4703 2184 4762 Tenuisti

604 4805 810 4843 manum
831 4789 1095 4864 dexteram
1121 4805 1305 4856 meam,
1335 4801 1382 4845 et
1408 4793 1460 4845 in
1500 4793 1758 4846 voluntate
1796 4802 1883 4848 tua
1920 4795 2183 4852 deduxisti

604 4896 701 4945 me,
731 4889 782 4933 et
799 4897 913 4934 cum
939 4880 1108 4953 gloria
1144 4885 1412 4954 suscepisti
1461 4901 1556 4938 me.
1619 4882 1757 4948 Quid
1791 4889 1924 4941 enim
1970 4889 2100 4942 mihi
2127 4891 2181 4943 in

605 4972 747 5038 caelo,
766 4982 814 5026 et
842 4990 873 5026 a
903 4983 950 5027 te
977 4975 1099 5046 quid
1127 4975 1260 5030 volui
1283 4993 1435 5047 super
1455 4977 1678 5031 terram?
1699 4977 1900 5051 Defecit
1922 4997 2043 5036 caro
2070 5000 2182 5044 mea

603 5072 650 5117 et
679 5080 767 5119 cor
813 5081 997 5131 meum,
1022 5065 1164 5122 Deus
1209 5068 1380 5122 cordis
1426 5069 1562 5132 mei,
1594 5079 1644 5124 et
1669 5089 1792 5141 pars
1821 5089 1934 5128 mea
1954 5073 2097 5132 Deus
2126 5077 2180 5129 in

602 5165 864 5210 teternum.
909 5155 1044 5220 Quia
1091 5175 1204 5213 ecce
1244 5162 1329 5236 qui
1370 5162 1612 5234 clangunt
1657 5180 1712 5217 se
1749 5181 1781 5216 a
1828 5173 1876 5220 te
1917 5151 2179 5236 peribunt,

601 5248 866 5319 perdidisti
892 5265 1066 5304 omnes
1111 5249 1198 5324 qui
1239 5251 1565 5323 fornicantur
1612 5253 1704 5308 abs
1734 5263 1798 5309 te.
1834 5255 1965 5312 Mihi
2010 5265 2180 5310 autem

601 5337 866 5396 adhwrere
906 5337 1015 5394 Deo
1063 5339 1249 5398 bonum
1296 5351 1408 5410 est,
1456 5360 1648 5416 ponere
1695 5347 1747 5398 in
1794 5345 2016 5404 Domino
2064 5333 2174 5402 Deo

601 5445 734 5499 spem
764 5447 948 5484 meam.
985 5429 1053 5486 Ut
1081 5436 1383 5488 annuntiem
1428 5452 1605 5491 omnes
1628 5438 2016 5508 praedicationes
2065 5449 2178 5504 tuas

600 5518 650 5570 in
672 5523 834 5588 portis
867 5523 993 5592 ﬁlice
1021 5522 1171 5584 Sion.
2125 5535 2129 5538 λ

1164 5630 1601 5682 ΟΩΙΙΜΕΝΤΑΜΙΙΙ.

669 5719 800 5778 Cum
827 5722 968 5784 Deus
997 5729 1242 5786 omnibus
1269 5731 1444 5790 bonus
1471 5734 1540 5789 sit
1561 5774 1577 5802 ,
1625 5741 1681 5790 et
1719 5734 1850 5792 nulli
1879 5737 1950 5793 sit
1977 5739 2171 5807 malus,

605 5810 727 5890 quid
776 5816 856 5870 sic
905 5819 1064 5874 voluit
1093 5821 1310 5878 dicere:
1363 5824 1456 5889 llis
1504 5827 1712 5896 bonus,
1743 5829 1837 5900 qui
1865 5839 2015 5889 recto
2043 5843 2168 5891 sunt

2308 608 2391 663 his
2419 608 2511 679 qui
2556 608 2854 677 vituperant
2885 607 3087 678 judicia
3126 605 3244 674 Dei,
3286 607 3564 664 dicentes:
3605 607 3703 663 lile
3739 608 3890 679 periis

2309 697 2425 766 dus,
2460 699 2547 754 ille
2576 700 2809 770 iniquus,
2841 697 3107 764 sordidus,
3140 699 3508 766 truculentus,
3537 701 3762 756 insanus
3790 711 3886 762 est.

2308 786 2400 846 [lle
2428 800 2608 846 autem
2638 791 2912 860 innocens,
2943 798 3160 856 castus,
3191 791 3434 859 humilis,
3467 791 3676 850 insania
3704 792 3887 864 fatiga-

2307 891 2414 950 tur,
2447 884 2758 948 intirmitate
2787 884 3114 948 concutitur,
3144 891 3199 938 et
3226 883 3310 938 his
3334 883 3550 944 similia.
3582 882 3709 942 Haec
3736 887 3887 948 rectis

2308 975 2472 1038 corde
2530 977 2787 1036 virtutum
2835 975 3041 1032 semina
3088 973 3530 1046 comprobantur.
3596 973 3656 1029 ln
3703 976 3884 1048 quibus

2305 1067 2531 1138 probata
2579 1066 2708 1122 lides
2735 1074 2972 1135 segetem
2999 1081 3150 1120 suam
3188 1065 3241 1120 in
3269 1073 3486 1120 aeterna:
3513 1065 3640 1121 vitae
3666 1067 3883 1123 amoeni-

2312 1165 2422 1216 tate
2452 1159 2745 1229 suscipiat,
2793 1167 2847 1213 et
2889 1158 2942 1212 in
2982 1157 3176 1212 seculo
3217 1158 3370 1228 quasi
3399 1158 3452 1212 in
3480 1157 3658 1214 hieme
3687 1159 3880 1229 glaciali

2303 1251 2465 1322 positi
2495 1252 2680 1324 primm
2709 1248 3002 1316 anastasis,
3034 1248 3188 1319 quasi
3217 1248 3376 1320 primi
3413 1248 3562 1308 verbi
3596 1247 3786 1323 [Forte
3803 1266 3880 1306 ve-

2306 1343 2403 1416 ris]
2446 1344 2608 1402 llores
2644 1351 2980 1416 ex5pectent.
3031 1341 3299 1400 Lmtantes
3340 1343 3520 1414 itaque
3553 1343 3609 1398 in
3637 1359 3775 1416 pace
3799 1359 3878 1400 sua

2305 1446 2648 1510 peccatores;
2697 1436 2844 1508 quod
2889 1452 3012 1494 cum
3058 1435 3365 1494 hominibus
3408 1451 3518 1498 non
3558 1433 3878 1505 ﬂagellatur

2308 1538 2490 1592 teneat
2517 1530 2788 1601 superbia,
2822 1527 2952 1586 fiant
2979 1528 3164 1596 crassi,
3187 1528 3413 1600 prodeat
3433 1543 3501 1588 ex
3521 1527 3682 1602 adipe
3711 1543 3875 1586 eorum

2308 1624 2583 1694 iniquitas,
2613 1631 2816 1696 ponant
2846 1621 2898 1679 in
2926 1621 3065 1680 caelo
3093 1635 3154 1677 os
3181 1636 3358 1689 suum,
3389 1634 3443 1678 et
3470 1620 3765 1693 loquantur
3788 1620 3874 1678 ini-

2303 1715 2564 1786 quitatem
2612 1714 2664 1770 in
2715 1713 2930 1770 excelso
2953 1752 2970 1778 ,
3019 1711 3200 1772 dicant
3245 1727 3354 1769 non
3381 1725 3500 1768 esse
3527 1710 3807 1774 scientiam
3831 1711 3872 1766 in

2303 1806 2443 1874 Deo,
2494 1808 2585 1877 qui
2632 1813 2813 1860 tamen
2858 1813 2984 1860 sunt
3029 1803 3348 1860 audiamus:
3379 1801 3445 1858 Hi
3490 1812 3648 1869 sunt,
3702 1804 3869 1874 inquit,

2232 1902 2282 1976 Β
2307 1884 2620 1973 peccatores
2641 1939 2655 1965 ,
2711 1906 2768 1954 et
2815 1896 3148 1960 abundantes
3165 1936 3182 1963 ,
3209 1895 3304 1965 qui
3330 1895 3384 1954 in
3412 1895 3611 1951 saeculo
3641 1895 3870 1950 obtinue-

2306 2001 2432 2049 runt
2459 1992 2674 2050 divitias
2696 2030 2712 2057 ,
2760 1990 2868 2057 mei
2914 1998 3096 2055 autem
3135 2005 3277 2060 pene
3305 1990 3440 2056 moti
3464 1999 3593 2054 sunt
3620 1990 3802 2060 pedes,
3826 1998 3868 2045 et

2304 2103 2334 2146 a
2383 2094 2532 2145 recto
2577 2084 2769 2142 itinere
2813 2097 2953 2158 pene
2999 2079 3151 2138 etl‘usi
3196 2089 3322 2139 sunt
3364 2096 3581 2154 gressus
3606 2083 3736 2146 mei,
3763 2083 3866 2151 quia

2301 2178 2410 2236 dixi
2455 2177 2510 2234 in
2549 2175 2713 2233 corde
2749 2189 2912 2234 meo:
2945 2172 3089 2243 Ergo
3125 2172 3244 2228 sine
3281 2187 3443 2230 causa
3473 2171 3765 2242 justilicavi
3790 2187 3867 2226 cor

2305 2285 2510 2335 meum,
2541 2275 2594 2327 et
2624 2267 2730 2322 lavi
2759 2268 2900 2324 inter
2927 2267 3244 2322 innocentes
3271 2279 3462 2322 manus
3490 2279 3660 2320 meas.
3704 2265 3764 2317 At
3791 2264 3862 2318 ubi

2303 2359 2640 2416 consideravi
2680 2358 2859 2414 omnia
2899 2355 3218 2428 temporalia
3247 2369 3366 2412 esse
3393 2369 3514 2425 quae
3542 2354 3864 2426 peccantibus

2302 2453 2691 2515 ministrantur,
2724 2456 2778 2504 et
2807 2450 2984 2506 subito
3012 2464 3107 2505 eos
3134 2448 3363 2505 deiicere
3391 2453 3448 2506 et
3467 2447 3639 2532 perire
3658 2453 3860 2516 propter

2302 2544 2638 2615 iniquitatem
2667 2557 2839 2607 suam,
2871 2550 2926 2597 et
2954 2542 3112 2598 istam
3138 2541 3300 2597 vitam
3330 2556 3426 2598 eos
3445 2542 3598 2611 quasi
3618 2539 3859 2596 somnium

2300 2638 2551 2693 transire.
2609 2635 2676 2691 Et
2723 2637 2848 2707 quia
2889 2635 3032 2692 Deus
3076 2636 3130 2690 in
3172 2634 3390 2692 civitate
3439 2649 3537 2690 sua
3585 2632 3857 2689 Jerusalem

2299 2745 2463 2802 quam
2490 2739 2760 2800 praeparat
2785 2727 3012 2796 sanctis,
3039 2728 3325 2798 imaginem
3350 2743 3539 2786 eorum
3567 2727 3638 2782 ad
3664 2725 3858 2781 nihilum

2300 2821 2544 2891 rediget,
2592 2828 2722 2878 tunc
2770 2817 3156 2876 inﬂammatum
3202 2825 3285 2874 est
3330 2819 3384 2876 in
3431 2833 3622 2876 amore
3657 2815 3748 2874 Dei
3782 2830 3858 2870 cor

2299 2927 2480 2970 meum
2501 2953 2518 2977 ,
2549 2919 2606 2968 et
2633 2926 2793 2968 renes
2820 2911 2928 2968 mei
2955 2908 3179 2966 resoluti
3207 2917 3364 2976 sunt,
3397 2908 3449 2964 id
3479 2917 3598 2975 est,
3632 2909 3696 2966 ad
3721 2907 3857 2966 casti~

2297 3005 2426 3060 tatis
2473 3003 2777 3060 libertatem
2833 3017 2864 3060 a
2919 3001 3045 3058 mali
3093 3000 3327 3071 exempli
3373 3001 3593 3056 vinculo
3641 2999 3852 3058 resoluti.

2299 3094 2424 3150 ldeo
2471 3094 2618 3150 enim
2657 3093 2725 3148 ad
2770 3092 2995 3150 nihilum
3021 3091 3269 3148 redactus
3297 3106 3447 3158 sum,
3481 3091 3597 3149 hinc
3619 3092 3856 3162 cogitans,

2297 3185 2424 3258 quia
2470 3185 2672 3242 nescivi
2729 3199 2836 3242 non
2883 3197 3005 3242 esse
3063 3183 3356 3252 condignas
3403 3183 3680 3256 passiones
3724 3180 3858 3250 hujus

2219 3277 2269 3348 C
2299 3279 2558 3350 temporis
2605 3277 2672 3332 ad
2717 3277 2948 3332 futuram
2990 3276 3240 3344 gloriam.
3290 3273 3649 3345 Posteaquam
3694 3273 3855 3334 didici,

2297 3369 2461 3426 etiam
2484 3367 2788 3438 jumentum
2815 3365 3140 3430 aestimatus,
3183 3373 3237 3420 et
3264 3379 3430 3434 pecus
3460 3364 3527 3418 ad
3556 3364 3856 3420 occisionem

2295 3461 2502 3530 positus
2529 3499 2545 3525 ,
2593 3467 2771 3515 tamen
2820 3455 3090 3527 permansi
3135 3471 3348 3525 semper
3396 3463 3588 3512 tecum.
3635 3451 3859 3508 Tenuisti

2295 3567 2511 3608 manum
2541 3550 2818 3606 dexteram
2847 3564 3050 3615 meam,
3104 3549 3156 3608 in
3186 3547 3458 3604 voluntate
3487 3556 3573 3600 tua
3599 3545 3855 3600 deduxisti

2295 3659 2401 3709 me,
2433 3651 2488 3698 et
2515 3658 2636 3699 cum
2665 3643 2834 3711 gloria
2873 3641 3210 3714 assumpsiéti
3246 3657 3347 3696 me.
3403 3639 3523 3694 Haec
3550 3638 3598 3698 in
3623 3636 3852 3691 Domino

2293 3733 2420 3791 Jesu
2447 3734 2664 3791 Christo
2693 3735 2963 3806 completa
2989 3742 3132 3790 sunt.
3183 3733 3305 3804 ipse
3343 3730 3502 3791 tenuit
3540 3729 3718 3800 generi
3744 3730 3853 3785 hu-

2293 3842 2453 3886 mano
2500 3829 2782 3884 dexteram
2825 3829 2939 3898 jam
2986 3834 3232 3892 mortuo,
3267 3825 3379 3896 jam
3406 3822 3612 3888 fetenti,
3651 3821 3806 3877 duxit
3832 3839 3861 3876 a

2293 3922 2572 3976 voluntate
2601 3921 2800 3978 diaboli
2827 3920 2894 3976 ad
2922 3921 3255 3978 voluntatem
3283 3935 3436 3977 suam
3455 3960 3469 3988 ,
3502 3928 3556 3975 et
3582 3919 3861 3988 assumpsit

2293 4013 2347 4068 in
2376 4013 2603 4084 gloriam
2623 4053 2639 4078 ,
2691 4013 2782 4084 qui
2823 4012 3084 4069 audenter
3109 4013 3312 4069 diceret
3337 4031 3349 4066 :
3382 4011 3522 4080 Quid
3548 4013 3679 4068 mihi
3704 4020 3860 4068 restat

2292 4105 2348 4164 in
2376 4104 2548 4160 ccelo?
2577 4104 2692 4162 Hoc
2718 4113 2799 4162 est
2826 4106 2881 4161 in
2909 4113 3052 4162 terra
3079 4106 3285 4176 positus
3313 4106 3388 4162 ita
3407 4105 3684 4164 cadrstem
3709 4105 3860 4160 vitam

2292 4197 2509 4259 exercui
2535 4236 2551 4262 ,
2582 4205 2642 4252 ut
2669 4196 2797 4254 dum
2824 4197 2880 4252 in
2907 4197 3046 4254 coelo
3073 4198 3367 4254 ascendero
3391 4239 3406 4264 ,
3447 4199 3584 4254 nihil
3625 4198 3756 4258 mihi
3778 4213 3857 4254 su-

2290 4290 2459 4360 persit
2504 4290 2648 4362 quod
2695 4290 2750 4345 in
2786 4298 2932 4348 terra
2972 4291 3180 4360 positus
3206 4307 3314 4347 non
3342 4292 3719 4362 impleverim;
3748 4290 3861 4346 nihil

2289 4382 2434 4438 enim
2472 4390 2668 4454 praeter
2704 4390 2761 4439 te
2787 4383 2932 4439 volui
2960 4398 3122 4454 super
3151 4393 3345 4441 terram
3363 4426 3380 4452 ,
3411 4385 3585 4444 etiam
3614 4386 3657 4444 si
3688 4383 3861 4441 deiecit

2290 4486 2385 4528 cor
2411 4487 2593 4528 meum
2619 4514 2634 4542 ,
2686 4482 2742 4529 et
2768 4489 2897 4530 caro
2925 4490 3045 4530 mea
3078 4475 3131 4530 in
3162 4476 3464 4546 passiones,
3497 4485 3558 4532 et
3587 4493 3707 4549 pars
3732 4491 3859 4541 mea,

2289 4563 2416 4634 quia
2443 4561 2588 4620 Deus
2615 4573 2701 4621 est
2721 4605 2738 4630 ,
2789 4581 2901 4624 non
2940 4565 3137 4624 defecit
3159 4607 3174 4635 ,
3225 4567 3318 4624 sed
3356 4577 3551 4626 manet
3580 4570 3637 4628 in
3663 4567 3860 4624 saecula.

2209 4653 2406 4726 DNon
2451 4655 2596 4708 enim
2642 4663 2900 4724 pereunt,
2952 4656 3053 4712 nisi
3093 4657 3148 4714 bi
3187 4657 3280 4727 qui
3319 4657 3480 4726 longe
3525 4674 3590 4718 se
3619 4659 3864 4716 faciunta

2288 4743 2399 4797 Deo
2428 4751 2812 4799 conservatore
2839 4760 2940 4800 suo
2967 4764 2980 4798 :
3013 4753 3068 4800 et
3097 4747 3210 4817 ipse
3239 4763 3344 4802 non
3370 4748 3603 4817 perdet,
3631 4752 3735 4806 nisi
3762 4750 3867 4804 illos

2286 4835 2378 4902 qui
2407 4835 2738 4890 fornicamur
2779 4839 2846 4892 ab
2887 4835 2979 4892 illo
3007 4855 3020 4890 :
3053 4837 3104 4892 id
3133 4845 3234 4900 est,
3267 4854 3503 4908 quorum
3535 4843 3725 4896 anima
3753 4843 3871 4896 alte-

2287 4939 2406 4988 rum
2431 4925 2581 4982 ducit
2605 4925 2773 4981 Deum
2797 4965 2814 4992 ,
2864 4935 2957 4982 aut
3003 4943 3034 4983 a
3062 4929 3304 4986 veritatis
3339 4929 3609 5000 conjugio
3656 4949 3719 4988 se
3743 4932 3875 4990 {slsi-

2286 5023 2397 5080 tate
2447 5017 2777 5078 commiscet.
2849 5017 3224 5089 Unusquisque
3270 5027 3451 5076 autem
3500 5033 3762 5080 nostrum
3805 5024 3880 5080 bis

2287 5107 2532 5178 probatis
2576 5107 2758 5166 dicat:
2807 5108 2935 5168 Mihi
2984 5119 3162 5168 autem
3200 5110 3490 5168 adhaerere
3531 5113 3660 5172 Deo
3687 5118 3879 5173 bonum

2288 5209 2372 5258 est
2394 5236 2410 5264 ,
2459 5209 2516 5256 et
2557 5216 2763 5272 ponere
2808 5202 2864 5258 in
2889 5201 3118 5258 Domino
3145 5218 3298 5274 spem
3325 5219 3506 5260 meam
3525 5247 3546 5274 ,
3584 5217 3652 5264 ut
3680 5226 3880 5268 annun-

2285 5291 2418 5352 tiem
2462 5306 2654 5350 omnes
2699 5293 3035 5354 laudationes
3077 5292 3173 5352 Dei
3219 5295 3276 5349 in
3324 5296 3502 5364 portis
3555 5296 3691 5356 ﬁliae
3740 5300 3880 5356 Sion.

2289 5383 2423 5443 Filia
2467 5383 2599 5441 Sion
2647 5385 2825 5444 anima
2871 5385 3096 5442 credens
3144 5385 3379 5452 Christo,
3431 5401 3567 5457 qua:
3621 5393 3682 5448 in
3734 5393 3884 5450 littera

2291 5475 2486 5545 psalmi
2510 5476 2748 5534 inveniet
2773 5477 2994 5546 laudes,
3026 5492 3161 5546 quas
3187 5479 3290 5534 sibi
3326 5480 3382 5534 in
3421 5480 3595 5538 titulo
3628 5485 3887 5542 defecisst

2290 5574 2536 5626 testatur.
2585 5566 2909 5625 Defecerunt
2951 5568 3002 5624 ei
3047 5568 3235 5625 laudes
3256 5609 3273 5636 ,
3319 5570 3447 5640 quia
3485 5574 3688 5632 zelata
3718 5587 3804 5634 est
3843 5578 3894 5632 in

2279 5657 2622 5728 peccantibus
2644 5698 2659 5724 ,
2709 5674 2846 5728 quas
2892 5658 3128 5716 inveniet
3173 5659 3228 5716 in
3273 5659 3461 5726 tinem,
3505 5665 3562 5720 si
3597 5667 3895 5724 adh-.merit

2279 5747 2528 5814 Domino,
2557 5758 2614 5805 et
2641 5749 2695 5806 in
2724 5749 2841 5819 ipso
2868 5764 3023 5806 suam
3047 5764 3199 5820 spem
3227 5765 3296 5806 ex
3324 5751 3544 5819 integro
3577 5759 3895 5826 collocarit,

2279 5841 2368 5909 qui
2397 5849 2582 5909 regnat
2609 5842 2663 5896 in
2691 5842 2884 5896 smcula
2912 5842 3251 5898 saeculorum.
3284 5842 3470 5899 Amen.

3143 6091 3148 6093 .
3243 6078 3271 6092 ο
3314 6076 3355 6096 -
