4088 6346
199 360 302 419 629

696 472 1005 535 PSALMUS
1047 472 1274 532 LXXIII.

583 605 637 660 ln
669 606 823 661 ﬁnem
855 607 1160 689 intellectus
1189 608 1387 677 Asapb.

278 742 348 797 Ut
396 741 538 813 quid,
564 739 718 805 Dens,
744 740 974 811 περιιιὲιεὶ
1018 742 1072 797 in
1118 742 1307 811 ﬁnem,
1337 742 1502 801 iratus
1528 748 1604 795 est
1625 741 1771 811 {urar

195 846 314 887 tuus
342 850 493 904 super
520 849 632 899 ores
650 848 857 902 pascua:
886 834 1027 901 true?
1055 831 1255 903 Memor
1274 841 1381 887 esto
1409 831 1768 902 congregatio.

194 928 275 979 nis
311 934 445 988 tum,
474 940 627 995 quam
656 923 927 995 possedisti
957 922 1021 977 ab
1049 924 1215 989 initio.
1272 922 1549 985 Redemisti
1576 922 1771 992 virgam

194 1014 514 1071 hwreditatis
563 1025 698 1078 tuw,
748 1030 893 1081 mons
943 1013 1072 1071 Siou
1108 1015 1163 1067 in
1202 1029 1301 1084 quo
1334 1011 1579 1069 habitasti
1608 1013 1662 1067 in
1687 1027 1766 1069 eo.

196 1105 335 1167 Leca
364 1120 544 1169 manus
573 1112 687 1171 tuas
714 1104 768 1157 in
794 1102 1057 1176 superbius
1083 1120 1256 1169 eorum
1283 1105 1337 1157 in
1364 1104 1550 1173 ﬁnem,
1578 1110 1773 1174 quanta

194 1195 512 1267 malignatus
533 1203 608 1248 est
636 1194 874 1267 inimicus
902 1194 956 1249 iu
983 1200 1180 1261 sancto.
1214 1191 1284 1247 Et
1309 1191 1517 1264 gloriati
1542 1201 1661 1247 sunt
1685 1192 1771 1262 qui

194 1286 416 1340 oderunt
445 1293 490 1337 te
510 1285 564 1341 in
598 1284 764 1357 medio
789 1282 1128 1349 solemnitatis
1151 1292 1276 1349 ulte,
1307 1291 1583 1353 posuerunt
1620 1282 1773 1352 signa

192 1392 285 1430 sua
311 1377 479 1447 signa,
512 1386 561 1428 et
586 1359 690 1429 non
711 1383 1052 1443 cognoverunt
1077 1376 1207 1428 sicut
1226 1375 1279 1427 in
1302 1375 1443 1428 exitu
1470 1389 1621 1444 super
1632 1389 1771 1427 sum-

195 1483 357 1521 mum.
410 1464 569 1537 Quasi
616 1466 667 1519 in
710 1466 838 1520 silva
882 1465 1139 1536 lignorum
1183 1464 1441 1525 securibus
1469 1463 1773 1531 miderunt

194 1561 387 1633 ianuas
416 1558 526 1628 ejus
553 1558 609 1615 in
636 1557 884 1633 idipsum,
928 1556 982 1631 in
1018 1558 1185 1613 securi
1230 1564 1280 1611 et
1307 1557 1451 1613 ascia
1477 1555 1774 1626 dejecerunt

193 1667 332 1715 eam.
384 1648 730 1725 laceratleth
775 1649 882 1721 igni
928 1648 1282 1711 sanctuarium
1323 1656 1466 1705 tuum
1510 1648 1565 1701 ia
1611 1654 1771 1713 terra,

194 1741 489 1814 polluerunt
542 1739 926 1817 tabernaculum
978 1740 1200 1813 nominis
1261 1740 1353 1809 tui.
1410 1735 1669 1792 Dixerunt
1717 1737 1774 1790 in

1120 362 1588 420 COMMENTARII
1624 363 1690 419 lN
1726 361 2050 420 ιιειιιιιοδ.
2090 361 2281 418 PSAL.
2324 362 2554 420 LXXIV.

2638 274 3103 295 —-w--.,-..—

3341 362 3444 417 430

1793 477 1846 540 Δ
1872 490 2050 533 sermo
2074 476 2279 545 ceperit
2308 476 2486 532 ﬁnem.
2509 476 2615 533 Est
2639 477 2782 533 enim
2804 483 2861 533 et
2878 476 2936 534 in
2958 476 3110 534 vobb
3135 489 3260 532 arca
3290 483 3446 533 testa-

1870 566 2037 623 menti
2083 566 2313 632 Domini,
2343 581 2507 636 quam
2532 568 2772 636 quotidie
2817 570 2999 625 hostes
3039 577 3302 625 conantur
3340 570 3447 624 eri-

1870 668 2017 726 pere,
2045 656 2100 713 id
2122 665 2224 722 est,
2246 657 2409 711 annui
2437 659 2813 723 constantiam,
2861 674 2982 730 qum
3008 674 3109 729 pro
3136 657 3447 714 defensione

1870 748 2126 805 virtutum
2156 757 2343 804 contra
2380 748 2510 804 vitia
2538 749 2677 804 bella
2705 750 3009 805 committit.
3044 750 3104 807 Si
3136 765 3265 820 ergo
3291 750 3447 821 hujus

1872 853 2011 897 arm:
2035 840 2359 905 sacerdotes,
2389 838 2444 894 id
2461 846 2563 902 est,
2595 852 2792 909 corpus
2817 848 2873 895 et
2893 842 3070 896 anima
3091 857 3211 898 mea
3231 857 3299 897 ex
3317 857 3450 897 con-

1872 943 2034 985 sensu
2061 929 2361 995 coluerunt,
2406 928 2698 998 requiescit
2733 944 2897 1000 super
2929 943 3050 986 eam
3086 930 3363 997 Dominus,
3392 937 3450 987 et

1872 1035 1981 1075 non
2010 1019 2282 1076 audebunt
2310 1019 2604 1085 daemonia,
2648 1034 2748 1076 nec
2772 1018 2973 1076 bellum
3002 1021 3058 1077 in
3102 1029 3228 1078 cute
3265 1022 3447 1078 consi-

1871 1118 2033 1167 atere.
2065 1111 2136 1165 At
2162 1111 2254 1167 ubi
2281 1112 2395 1169 hzec
2418 1126 2518 1182 per
2543 1111 2918 1182 negligentiam
2954 1112 3295 1171 sacerdotum
3330 1128 3449 1169 ces-

1872 1200 2020 1263 serit.
2050 1201 2259 1271 capitur
2284 1201 2351 1257 ab
2389 1200 2734 1271 adversariis,
2765 1210 2822 1257 et
2844 1200 3166 1271 malignam
3200 1203 3449 1259 inimicus

1874 1292 1926 1353 in
1949 1300 2156 1359 sancto,
2185 1299 2241 1349 et
2267 1292 2567 1361 gloriantur
2592 1293 2685 1364 qui
2712 1292 2942 1348 oderunt
2967 1291 3253 1349 Dominum
3274 1294 3331 1349 in
3356 1308 3445 1348 eo.

1874 1381 2004 1439 Post
2029 1384 2142 1440 hanc
2167 1399 2288 1440 cum
2314 1384 2562 1457 lacrymis
2588 1383 2820 1440 orandus
2840 1391 2922 1440 est
2946 1384 3219 1450 Dominus,
3250 1391 3310 1443 ut
3328 1384 3448 1438 ani-

1874 1491 1990 1531 mas
2015 1490 2310 1547 pauperum
2342 1492 2452 1531 non
2875 1476 3132 1535 Dominus
3159 1476 3214 1531 in
3252 1474 3450 1545 scrupi-

1877 1574 2108 1631 ternum,
2138 1581 2248 1621 non
2290 1573 2564 1621 avertatur
2589 1567 2646 1621 in
2687 1575 2970 1637 perpetuo,
3008 1566 3221 1621 humilis
3253 1566 3449 1630 haus,

1875 1657 2152 1723 confusus,
2180 1664 2241 1713 ut
2276 1670 2386 1712 non
2414 1658 2469 1713 in
2496 1664 2755 1717 :eternum
2786 1655 3027 1715 tradatur
3046 1656 3233 1712 bestiis
3273 1656 3451 1711 anima

1875 1765 1995 1820 qua:
2020 1746 2311 1805 conﬁtetur
2335 1750 2387 1806 ei
2420 1767 2435 1804 :
2462 1755 2525 1804 ut
2550 1764 2761 1805 memor
2783 1749 2856 1805 sit
2878 1757 3140 1805 creatum
3165 1762 3295 1815 sua,
3325 1747 3452 1817 quia

196 1834 355 1895 τοτάε
382 1850 473 1931 suo
502 1834 761 1931 cetratis
783 1848 957 1905 certe
985 1832 1177 1931 simul,
1210 1829 1479 1901 Quietem
1524 1830 1775 1931 [αείιαξιξξι
1802 1848 1852 1911 ι
1880 1842 2069 1913 repleti
2096 1842 2334 1912 suntqui
2360 1842 2635 1899 obscurati
2655 1849 2779 1896 sunt
2804 1848 2961 1896 term
2986 1839 3179 1897 domus
3207 1838 3455 1907 iniquita-

197 1942 376 1987 omnes
398 1925 503 1983 dies
533 1928 689 2001 festos
716 1923 814 1985 Dei
844 1941 876 1983 α
906 1933 1061 1983 terra.
1114 1921 1281 1994 Signa
1308 1930 1487 1989 nostra
1514 1937 1618 1979 non
1644 1920 1775 1979 vidi-

198 2034 336 2079 mus,
361 2018 474 2087 jam
502 2032 603 2069 non
631 2024 707 2069 est
732 2015 980 2085 propheta
997 2052 1012 2078 ,
1044 2022 1091 2067 et
1118 2029 1212 2067 nos
1241 2029 1345 2067 non
1370 2020 1639 2084 cognoscet
1662 2027 1778 2077 am-

199 2110 360 2179 plius.
394 2107 685 2180 Usquequo,
724 2105 892 2175 Deus,
933 2101 1299 2175 improperabit
1328 2103 1583 2165 inimicus,
1609 2102 1784 2154 irritat

198 2200 527 2253 adversarius
555 2213 739 2251 nomen
769 2204 908 2248 tuum
935 2196 987 2247 in
1010 2193 1186 2266 ﬁnem.
1223 2191 1292 2246 Ut
1316 2191 1438 2263 quid
1462 2192 1645 2247 avertis
1671 2206 1786 2249 ma-

200 2305 329 2344 num
357 2298 496 2342 tuam
519 2329 534 2353 ,
575 2296 624 2341 et
651 2285 916 2340 dexteram
946 2292 1084 2353 tuam
1107 2282 1168 2339 de
1194 2282 1361 2336 medio
1385 2281 1503 2336 sinu
1530 2289 1616 2335 tuo
1640 2281 1695 2334 in
1718 2274 1785 2351 [i4

201 2383 356 2449 nent?
384 2380 524 2455 Deus
553 2388 723 2447 autem
761 2362 852 2459 res:
879 2386 1051 2434 noster
1084 2385 1205 2431 ante
1230 2377 1418 2451 secula
1445 2385 1684 2450 operatus
1710 2381 1788 2430 est

200 2475 428 2539 salutem
454 2474 511 2539 in
535 2472 703 2537 medio
734 2478 904 2545 terra.
955 2468 1029 2527 Tu
1059 2469 1375 2540 conﬁrmasti
1412 2471 1467 2525 in
1492 2470 1676 2539 virtute
1694 2476 1785 2529 tua

203 2583 376 2631 mare,
406 2562 766 2639 contribulasn
793 2565 963 2643 capita
984 2562 1262 2625 draconum
1289 2563 1344 2617 in
1365 2562 1530 2634 aquis.
1558 2560 1632 2631 Tu
1655 2576 1782 2627 con-

206 2657 416 2731 fraga“
465 2657 636 2729 aqu-ta
675 2654 951 2729 drawn".
972 2695 988 2720 ,
1032 2652 1217 2715 dedisti
1242 2670 1357 2711 eum
1384 2669 1555 2713 escam
1579 2652 1783 2725 ροραιξι

203 2747 535 2819 /Et/n'opum.
571 2747 643 2817 Tu
669 2748 905 2823 dirupiin
934 2750 1101 2819 [ornes
1131 2756 1180 2803 et
1208 2754 1474 2813 torrentes,
1499 2755 1551 2803 tu
1579 2746 1785 2813 siccasti

201 2840 389 2908 (luvies
415 2836 623 2893 Etltam.
658 2836 792 2907 Tuus
820 2848 895 2899 est
920 2838 1027 2903 dies
1047 2878 1064 2905 ,
1094 2848 1144 2892 et
1173 2848 1257 2893 tua
1276 2847 1353 2894 est
1380 2854 1509 2904 nox,
1538 2846 1591 2897 tu
1619 2835 1784 2909 [abri-

200 2941 355 3007 catus
380 2948 432 2989 es
466 2949 708 2993 auroram
735 2941 785 2987 et
812 2933 988 3004 solem.
1044 2932 1119 2987 Tu
1141 2935 1306 3004 fecisti
1335 2950 1511 2991 ocnnes
1541 2934 1788 2991 terminos

202 3036 360 3081 terra:
383 3064 399 3089 ,
449 3034 674 3095 aestatem
723 3035 771 3079 et
806 3042 891 3097 per
921 3035 971 3091 tu
1000 3025 1272 3097 plasmasti
1300 3043 1381 3081 ea.
1450 3024 1653 3087 Memor
1680 3034 1789 3081 esto

199 3117 381 3189 nsum,
412 3118 653 3183 inimicus
681 3117 1047 3188 improperabit
1073 3117 1320 3183 Domino,
1346 3127 1397 3173 et
1423 3116 1639 3187 populus
1667 3116 1792 3175 insi-

1879 1941 2013 1989 tum.
2041 1932 2306 2004 Exsul-gat
2326 1949 2456 2003 ergo
2476 1934 2731 1993 Dominus
2754 1941 2809 1989 et
2830 1931 3035 2003 judicet
3051 1946 3266 1989 causam
3284 1945 3454 1995 suam,

1881 2024 2139 2092 quoniam
2164 2039 2263 2094 per
2281 2025 2619 2080 occasionem
2644 2032 2990 2094 peccatorum
3019 2036 3261 2080 meorum
3290 2021 3459 2077 inimi-

1884 2127 1981 2168 cus
2022 2113 2349 2184 inproperat
2375 2112 2602 2177 Domino
2642 2130 2659 2168 :
2689 2112 2912 2179 Iemor,
2943 2113 3148 2183 inquit,
3177 2122 3314 2179 esto,
3349 2111 3461 2167 Do-

1887 2205 2052 2271 mine,
2094 2205 2539 2276 improperiorum
2566 2212 2801 2271 tuorum,
2831 2219 2950 2275 qum
2976 2205 3045 2260 ab
3091 2202 3463 2276 insipientibtl

1888 2298 2024 2353 ﬁunt
2052 2304 2166 2353 tota
2193 2296 2299 2363 die,
2329 2305 2390 2357 ut
2416 2313 2525 2353 non
2553 2297 2885 2353 obliviscaris
2923 2312 3088 2354 voces
3113 2296 3464 2368 qumrentiun

1888 2395 1943 2444 te
1969 2402 2069 2459 per
2111 2389 2499 2459 paenitentiam,
2548 2396 2605 2445 et
2626 2389 3085 2445 contemnendum
3129 2397 3186 2444 te
3212 2386 3463 2460 superbia

1886 2478 2139 2535 ascendat
2165 2478 2233 2533 ad
2256 2488 2329 2547 te,
2359 2486 2419 2535 ut
2443 2479 2549 2536 illis
2573 2479 3002 2551 superbientibus
3028 2479 3239 2551 reddas,
3281 2487 3339 2536 et
3363 2493 3463 2535 no-

1887 2571 1969 2627 bis
1993 2571 2374 2629 contitentibus
2398 2587 2609 2643 parcas,
2640 2574 2731 2643 qui
2764 2585 2961 2643 regnas
2987 2573 3042 2629 in
3069 2572 3263 2629 tacula
3289 2587 3462 2632 sacu-

1887 2661 2080 2720 lorum.
2105 2663 2295 2719 Amen.

2384 2752 2699 2811 PSALIUS
2735 2753 2969 2808 LXXIV.

1888 2845 1947 2903 ln
1976 2842 2137 2900 linem
2174 2859 2244 2900 ne
2269 2843 3030 2979 disperdazgelAgg-ﬁ-umpas,
3068 2842 3306 2914 psalmus
3340 2856 3469 2899 can-

2515 2922 2610 2981 tisi
2636 2922 2837 2985 mpn-

1963 3026 2333 3098 Conﬁtebisnur
2372 3027 2483 3092 tibi,
2526 3025 2687 3092 Deus,
2726 3025 3083 3098 conﬁtebimur
3115 3036 3165 3084 et
3206 3025 3466 3082 invocabi-

1892 3136 2004 3175 usus
2032 3136 2219 3175 nomen
2248 3128 2406 3179 ticum.
2440 3116 2785 3174 Narrabinsus
2809 3118 3068 3174 mirabilia
3097 3127 3203 3186 tua,
3234 3135 3349 3175 eum
3376 3136 3462 3172 ac-

200 3209 354 3279 piens
379 3207 611 3271 incitabit
640 3224 823 3273 nomen
854 3219 1013 3273 tuum.
1058 3205 1142 3262 Ne
1167 3207 1346 3285 tradas
1375 3206 1547 3275 bestiis
1584 3209 1788 3275 animus
1814 3218 1862 3283 ο
1892 3229 2071 3284 cepero
2111 3220 2322 3284 tempus,
2364 3229 2456 3285 ego
2489 3214 2723 3285 justitias
2758 3212 3025 3285 judicabo.
3049 3212 3351 3285 Liquefacta
3391 3218 3469 3267 est

200 3302 509 3373 conﬁtentes
534 3302 622 3355 tibi
648 3342 663 3371 ,
691 3312 740 3373 et
768 3303 973 3373 animas
993 3316 1273 3374 pauperum
1303 3310 1506 3359 tuarum
1524 3318 1588 3357 ne
1609 3300 1788 3361 oblivi-

202 3393 371 3453 scaris
408 3392 465 3449 in
511 3391 686 3467 ﬁnem.
741 3390 956 3463 Respice
999 3391 1055 3447 in
1083 3399 1439 3461 testamentum
1468 3401 1637 3457 tuum,
1666 3394 1789 3464 (plin

203 3481 388 3552 repleti
419 3492 536 3545 sunt
560 3483 646 3562 qui
673 3481 928 3555 obscurati
957 3492 1077 3539 sunt
1100 3491 1249 3555 terrm
1282 3481 1513 3539 domibus
1541 3484 1787 3553 iniquita-

204 3584 339 3639 tum.
374 3570 425 3629 Ν
430 3588 457 3625 e
484 3580 743 3647 avertatur
779 3571 991 3639 Immitis
1013 3574 1181 3645 {actus
1208 3574 1451 3644 confusus
1475 3612 1490 3638 ,
1528 3590 1720 3644 pauper
1738 3582 1790 3639 et

203 3667 359 3745 irmps
381 3664 663 3743 laudabunt
707 3681 891 3737 nomen
939 3674 1097 3737 tuum.
1138 3664 1394 3738 Exsurge,
1434 3665 1596 3732 Deus,
1609 3665 1793 3736 judico

203 3774 423 3835 σαιιδιξηι
452 3767 619 3834 item,
651 3773 844 3831 meum
870 3765 978 3829 sua
1007 3757 1431 3828 immoreriorum
1460 3766 1660 3839 ωοηιηι
1700 3772 1791 3819 εο-

204 3866 329 3902 rum
358 3864 471 3919 qua:
498 3846 561 3899 ab
588 3849 857 3917 insipiente
885 3856 1003 3899 sunt
1047 3856 1153 3900 tota
1199 3847 1299 3899 die.
1369 3844 1447 3899 Ne
1474 3846 1793 3901 obliviscaris

204 3954 364 3992 voces
402 3938 724 3990 inimicorum
766 3944 967 3989 tuorum
989 3975 1004 4000 ,
1034 3936 1272 4007 superbia
1296 3952 1471 3989 eorum
1491 3937 1576 4007 qui
1605 3944 1651 3988 te
1673 3935 1794 3989 ode-

207 4034 342 4087 runt
369 4025 600 4097 ascendit

793 4131 1224 4185 cos-Emam.

282 4208 464 4267 Iratus
497 4217 581 4281 est
604 4208 863 4275 Dominus
910 4224 1072 4279 super
1102 4207 1284 4273 lsrael,
1324 4223 1443 4265 cum
1486 4217 1630 4267 esset
1671 4223 1796 4267 arca

204 4300 313 4359 Dei
342 4301 398 4373 in
425 4299 559 4371 Sila,
588 4316 711 4369 cum
741 4299 915 4370 Opimi
935 4308 991 4367 et
1016 4298 1247 4365 Pbinees
1277 4300 1370 4364 lilii
1397 4300 1515 4363 Heli
1542 4302 1596 4357 in
1628 4301 1797 4359 sacri-

207 4393 354 4455 liciis
382 4391 494 4451 suis
531 4399 587 4447 et
626 4390 1069 4463 fornicationibus
1116 4407 1218 4457 nec
1252 4392 1514 4462 increpati
1558 4392 1797 4460 corrige-

208 4492 421 4541 rentur.
446 4481 661 4539 Tradita
688 4488 772 4539 est
797 4482 957 4551 etiam
977 4498 1102 4539 arca
1118 4483 1424 4541 testamenti
1451 4481 1791 4550 adversariis,

1892 3315 2047 3369 terra,
2067 3312 2119 3359 et
2138 3320 2314 3360 omnes
2343 3306 2429 3376 qui
2453 3303 2691 3361 habitant
2715 3306 2773 3359 in
2809 3321 2891 3372 ea,
2925 3319 3019 3376 ego
3045 3304 3346 3375 conﬁrmavi
3378 3320 3468 3357 co-

1888 3398 2094 3452 htmnas
2113 3399 2243 3468 ejus.
2276 3396 2403 3451 Dixi
2441 3398 2652 3468 iniquis,
2695 3394 2874 3451 Nolite
2910 3398 3082 3466 inique
3116 3411 3283 3466 agere,
3312 3403 3362 3449 et
3379 3395 3471 3450 tie-

1890 3488 2230 3559 linquentibus
2260 3487 2416 3542 nolite
2442 3486 2679 3541 exaltare
2707 3496 2884 3539 cornu.
2919 3483 3097 3539 Nolite
3130 3486 3377 3541 extollere
3412 3488 3469 3541 in

1891 3578 2054 3631 altum
2081 3590 2241 3633 cornu
2268 3583 2507 3638 vestrum,
2543 3573 2703 3631 nolite
2732 3574 2867 3646 loqui
2896 3573 3143 3631 adversus
3170 3574 3335 3631 Deum
3361 3577 3471 3631 ini-

1891 3667 2154 3735 quitatem.
2183 3661 2321 3727 Quia
2347 3680 2505 3736 neque
2532 3665 2599 3719 ab
2626 3666 2843 3730 oriente,
2873 3681 3037 3732 neque
3073 3665 3138 3719 ab
3161 3676 3165 3683 ‘
3185 3667 3467 3732 occidente,

1891 3771 2055 3827 neque
2080 3770 2115 3813 a
2146 3754 2361 3809 desertis
2399 3755 2687 3819 montibus,
2728 3754 2974 3826 quoniam
3002 3753 3146 3807 Deus
3177 3754 3342 3823 judea:
3371 3764 3465 3807 est.

1895 3844 2053 3903 Hunc
2080 3844 2317 3901 humiliat
2355 3852 2405 3899 et
2448 3844 2585 3898 nunc
2623 3843 2854 3908 exultat,
2903 3844 3025 3915 quia
3065 3842 3204 3895 calix
3232 3844 3288 3896 in
3314 3858 3473 3897 morsu

1894 3934 2108 3992 Domini
2140 3935 2247 3989 vini
2280 3936 2409 3990 uteri
2454 3934 2634 4004 plenus
2666 3934 2853 3988 mixto.
2893 3932 2967 3988 Et
2992 3933 3260 3988 inclinauit
3285 3951 3350 3989 ea:
3376 3934 3474 3989 hoc
3593 3954 3601 3959 ·

1895 4028 1953 4085 in
1973 4026 2090 4089 hoc,
2122 4031 2468 4081 uerumtamen
2484 4022 2603 4097 Tata
2627 4026 2741 4097 ejus
2766 4031 2872 4079 non
2890 4030 2968 4079 est
2992 4025 3277 4091 exinanita,
3302 4024 3476 4080 bibent

1898 4133 2073 4181 omnes
2091 4124 2380 4188 peccatores
2408 4127 2575 4173 ternm
2605 4115 2722 4189 Ego
2749 4123 2919 4171 autent
2942 4116 3261 4175 annuntiabo
3288 4118 3344 4173 in
3370 4133 3472 4174 ste-

1895 4208 2087 4275 calum,
2115 4209 2334 4265 cantabo
2358 4208 2470 4277 Deo
2494 4208 2678 4265 Iacob.
2707 4207 2780 4269 Et
2807 4211 2980 4265 omnia
3007 4224 3203 4265 cornua
3229 4221 3468 4284 peceato-

1894 4318 2009 4359 runt
2035 4304 2379 4374 confringant,
2406 4311 2458 4356 et
2474 4300 2804 4358 exsultabant
2826 4318 3022 4360 cornua
3031 4304 3182 4375 justi.

2462 4456 2895 4503 COIIENTAIIUI.

209 4583 266 4631 et
295 4573 514 4644 gloriati
542 4580 667 4629 sunt
691 4573 784 4643 qui
812 4572 1040 4646 oderunt
1066 4588 1188 4631 eum
1217 4573 1270 4628 in
1298 4573 1475 4641 medio
1503 4574 1625 4633 atrii
1653 4572 1790 4643 ejus.
1818 4576 1874 4638 Β
1968 4575 2253 4645 Aliquanta
2298 4575 2355 4630 in
2381 4575 2774 4646 septuagesimo
2801 4576 2964 4630 tertio
3007 4573 3207 4631 idcirco
3244 4582 3470 4645 praeters

209 4664 384 4734 Quasi
416 4664 474 4720 in
521 4663 655 4719 silva
681 4662 947 4733 lignorum
975 4662 1290 4731 exciderunt
1314 4663 1506 4732 januas
1531 4664 1790 4730 munitio-

140 4758 147 4761 '
209 4774 367 4829 ιιιιιι.
416 4756 773 4825 lncenderunt
818 4757 926 4827 igni
969 4757 1271 4827 ubicunque
1315 4757 1631 4823 invenerunt
1669 4772 1795 4815 sari-

210 4850 503 4919 ctuarium,
535 4849 587 4905 id
607 4857 711 4921 est,
735 4850 911 4905 locum
934 4850 1198 4923 orationis
1226 4864 1413 4905 eorum
1439 4856 1788 4917 exstructum.

210 4943 280 5011 Et
306 4944 593 5023 quiescere
619 4942 859 5001 fecerunt
879 4940 1045 5015 festos
1070 4940 1184 4999 dies
1205 4940 1417 5007 Domini
1438 4942 1492 5003 in
1520 4949 1684 5005 tgna,
1712 4941 1795 4999 di.

209 5045 409 5115 centes
439 5054 452 5089 :
481 5034 597 5109 lam
625 5035 680 5090 in
708 5033 870 5107 lsrael
898 5047 1006 5101 non
1036 5040 1117 5088 est
1150 5032 1411 5104 propheta
1431 5070 1446 5096 ,
1487 5033 1671 5101 utique
1696 5047 1793 5088 au-

209 5131 431 5211 «ﬁentes
456 5127 574 5203 lleli
599 5134 868 5199 mortuum
888 5134 944 5195 et
962 5124 1095 5183 duos
1115 5122 1252 5189 ﬁlios
1271 5124 1406 5193 ejus,
1422 5123 1515 5192 qui
1535 5136 1797 5183 summam

211 5220 508 5289 sacerdotii
538 5219 792 5291 tenebant
817 5217 1026 5290 occisos
1062 5216 1116 5279 in
1143 5214 1349 5286 prmlio.
1380 5213 1597 5279 Samuel
1626 5212 1801 5271 adhuc

212 5325 331 5389 erat
363 5313 678 5389 infantulus,
707 5310 858 5385 cujus
878 5325 980 5367 nec
998 5309 1182 5380 Opinio
1201 5315 1458 5380 ceperat.
1487 5305 1552 5373 Et
1578 5306 1700 5367 ideo
1719 5307 1800 5362 vi-

212 5409 451 5467 debatur
496 5405 860 5475 impr-operare
905 5401 1150 5461 inimicus
1194 5399 1426 5469 populus
1466 5397 1704 5466 gentium
1744 5404 1800 5452 et

212 5500 503 5562 insultare,
528 5495 585 5550 in
611 5509 718 5564 quo
752 5499 906 5560 rogat
933 5505 1001 5559 ne
1028 5491 1235 5547 animas
1261 5504 1554 5560 pauperum
1578 5501 1797 5551 suorum

215 5590 572 5651 obliviscatur
604 5584 859 5647 Dominus
896 5582 951 5634 in
997 5581 1399 5651 sempiternum,
1451 5588 1510 5635 ut.
1550 5586 1800 5645 exsurgat

215 5691 268 5737 et
292 5678 506 5753 iudicet
549 5689 763 5737 causam
810 5688 979 5737 suam,
1030 5672 1154 5740 quia
1199 5671 1445 5740 superbia
1486 5685 1673 5731 eorum
1709 5670 1800 5736 qui

216 5772 475 5831 odiebant
503 5782 645 5835 cuin,
679 5762 997 5827 ascendebat
1016 5761 1189 5819 nimis.
1224 5759 1489 5825 Hactenus
1514 5759 1800 5817 historicus

1899 4669 2139 4727 misimus
2149 4668 2383 4739 mimo,-
2401 4668 2527 4736 quia
2550 4668 2608 4722 in
2631 4667 3029 4735 septuagesimo
3047 4673 3241 4734 quarto
3261 4682 3322 4720 ea
3348 4681 3470 4722 cre-

1899 4760 2075 4819 dimus
2099 4759 2294 4825 melius
2319 4758 2657 4817 declaranda.
2686 4754 3090 4820 Conlitebimur,
3133 4754 3322 4825 inquit,
3352 4757 3469 4822 tibi,

1899 4850 2062 4907 Deus.
2082 4851 2142 4907 Si
2163 4856 2385 4921 peccata
2420 4844 2756 4911 conﬁtemur,
2789 4860 2896 4899 non
2920 4852 2979 4899 ut
3006 4845 3144 4903 scim
3168 4860 3288 4915 qua:
3316 4848 3470 4917 igno-

1898 4951 2004 5008 rat,
2033 4941 2154 4998 ideo
2182 4939 2518 5004 confitemur,
2547 4938 2643 4993 sed
2666 4945 2726 4995 ut
2752 4952 2817 4993 ea
2843 4952 2963 5007 quae
2987 4938 3188 5009 optime
3213 4942 3362 4996 novit
3388 4943 3468 4996 ind

1904 5034 2136 5102 dulgeat.
2162 5032 2299 5099 Quia
2328 5030 2645 5086 conﬁtemur
2669 5044 2793 5085 eum
2820 5038 2876 5085 et
2904 5044 3100 5087 nomen
3121 5028 3238 5101 ejus
3266 5033 3473 5087 invoca-

1900 5139 2039 5180 mus.
2070 5121 2353 5191 Confessio
2380 5120 2523 5176 enim
2541 5121 2851 5190 penitentis
2869 5121 2937 5178 ad
2956 5121 3341 5191 indulgentiam
3365 5135 3471 5174 non

1900 5213 2147 5279 attendit,
2175 5212 2221 5268 si
2241 5220 2402 5268 recta:
2423 5210 2544 5267 ﬁdei
2568 5211 2834 5268 invocatio
2854 5212 3086 5268 nominis
3113 5190 3210 5266 Dei
3230 5224 3337 5265 non
3366 5207 3474 5263 ruo-
3560 5190 3583 5204 ’

1900 5308 1971 5362 rit
1995 5306 2300 5371 subsecuta,
2350 5306 2406 5363 in
2441 5319 2548 5375 Qua
2592 5304 2932 5361 confessione
2975 5305 3263 5356 narrantur
3293 5295 3472 5350 omnia

1901 5398 2164 5457 mirabilia
2191 5396 2328 5467 ejus,
2370 5411 2490 5467 qua:
2529 5396 2700 5451 sancti
2735 5392 2963 5466 symboli
3000 5395 3180 5444 textus
3218 5384 3469 5439 ostendit.

1904 5490 2100 5546 Verum
2141 5488 2263 5559 quia
2293 5490 2373 5558 (ut
2411 5487 2543 5559 dixi)
2592 5488 2647 5540 in
2688 5478 3056 5539 antecessione
3098 5472 3256 5540 huius
3283 5474 3472 5543 psalmi

1903 5583 2174 5651 aliquanta
2212 5580 2452 5644 transivi,
2497 5593 2615 5647 quae
2654 5582 2780 5628 sunt
2827 5572 2879 5623 in
2907 5568 3012 5621 isto
3054 5562 3322 5619 reddenda
3363 5566 3474 5622 haec

1864 5660 1867 5663 l
1902 5682 2027 5730 sunt
2059 5692 2071 5727 :
2102 5682 2160 5726 ut
2189 5686 2375 5726 narres
2400 5677 2585 5723 contra
2629 5660 2975 5716 Manichteum
3007 5651 3183 5705 omnia
3212 5653 3472 5711 mirabilia

1904 5764 2036 5833 ejus,
2091 5773 2145 5817 et
2184 5778 2291 5816 non
2328 5760 2476 5813 dicas
2522 5750 2757 5807 adversis
2805 5756 2860 5802 et
2900 5740 3181 5800 contrariis
3219 5744 3473 5805 mundum
