4088 6346
651 442 750 499 451

3011 314 3152 330 'voa.

1967 419 2231 478 ΔΚΝΟΒΙΙ

2331 413 2575 472 INIORIS
3788 409 3874 460 I552

650 555 757 624 agi,
807 559 863 607 et
903 550 1062 605 alium
1102 545 1234 604 lucis
1274 543 1571 611 dominum,
1629 541 1798 598 alium
1839 535 2178 592 tenebrarum
2201 572 2215 598 ,
2247 535 2302 594 Α
2325 545 2415 584 mo
2435 527 2604 591 venit,
2635 524 2729 581 sed
2748 519 3020 594 quomodo
3045 521 3186 575 Deus
3207 517 3375 587 judex
3403 525 3460 572 ut
3486 517 3767 588 superbum
3791 519 3872 574 hu.

652 647 816 701 alium
857 642 1028 698 noctis
1051 680 1067 705 ,
1114 639 1274 693 alium
1321 636 1460 698 diei,
1503 633 1596 689 sed
1652 647 1816 687 unum
1868 626 2223 696 eumdemque

651 735 934 790 Dominum
987 730 1330 793 confitentes,
1396 739 1671 780 narremus
1723 720 1902 778 omnia
1960 715 2223 772 mirabilia

650 826 788 897 ejus,
822 824 1097 880 dicentes:
1133 819 1278 874 Tuus
1309 823 1391 873 est
1413 816 1526 871 dies
1551 823 1607 869 et
1641 820 1730 866 tua
1767 817 1852 866 est
1886 824 2027 870 nox,
2057 813 2116 860 tu
2143 803 2223 860 fe-

647 894 770 974 cisti
814 915 984 970 solem
1028 921 1084 968 et
1127 911 1339 973 lunam,
1387 913 1628 962 testatem
1691 909 1746 957 et
1789 915 1882 955 ver
1930 907 1986 952 tu
2032 894 2220 951 fecisti.

649 1007 990 1066 Conﬂrmasti
1019 1005 1072 1060 in
1101 1003 1298 1058 virtute
1323 1009 1414 1055 tua
1455 1013 1629 1060 mare,
1674 1003 1732 1050 tu
1777 991 2084 1059 confregisti
2131 1003 2223 1044 ca~

647 1103 762 1174 pita
782 1099 1075 1154 draconum
1103 1095 1158 1150 in
1185 1093 1357 1163 aquis,
1384 1090 1437 1146 id
1465 1096 1564 1153 est,
1615 1086 1790 1156 capita
1837 1084 2139 1139 daemonum
2170 1079 2224 1134 in

650 1170 997 1263 baptismate.
1021 1183 1174 1252 Quod
1202 1190 1383 1239 autem
1411 1180 1564 1251 aquis
1591 1177 1745 1243 dixit,
1787 1175 1955 1229 voluit
1982 1170 2227 1228 ostende-

651 1298 712 1336 re
740 1294 905 1335 unum
933 1277 1198 1347 baptisma
1225 1274 1278 1330 in
1303 1271 1456 1342 aquis
1475 1283 1634 1340 posse
1671 1266 1918 1322 omnibus
1945 1263 2223 1328 celebrari,

653 1371 952 1433 ﬂuminum,
1001 1366 1180 1431 maris,
1229 1362 1476 1424 fontium,
1510 1357 1848 1422 torrentium,
1890 1365 2221 1423 stagnorum,

653 1463 726 1518 ibi
757 1461 931 1531 capita
960 1457 1262 1513 daemonum
1294 1452 1719 1519 confringuntur,
1752 1447 1805 1502 id
1833 1453 1932 1510 est,
1965 1445 2019 1498 in
2048 1443 2225 1498 omni-

647 1554 754 1617 'hus
782 1550 955 1621 aquis.
986 1547 1159 1618 Caput
1185 1553 1362 1600 autem
1391 1540 1641 1598 draconis
1669 1538 1846 1606 magni
1875 1538 1929 1591 in
1957 1534 2225 1606 paeniten-

654 1644 731 1698 tia
757 1640 1052 1706 confringet
1079 1637 1356 1701 Dominus,
1385 1641 1440 1701 et
1466 1632 1558 1686 dat
1585 1645 1708 1690 eum
1737 1629 1792 1682 iu
1817 1641 1996 1682 escam
2027 1623 2228 1696 populo

634 1735 990 1804 'zEthiopum.
1026 1728 1310 1798 Ethiopes
1348 1741 1379 1780 a
1418 1725 1575 1795 plaga
1601 1720 1896 1776 meridiana
1918 1716 2055 1787 nigri
2079 1721 2225 1770 sunt.

655 1826 722 1880 Hi
743 1839 870 1892 ergo
893 1823 984 1892 qui
1025 1818 1410 1876 daemoniorum
1438 1812 1856 1869 meridianorum
1882 1808 2092 1864 ruinam
2128 1820 2228 1876 pa-

2324 621 2496 676 miliet
2522 620 2659 676 sicut
2684 615 2946 688 promisit,
2988 621 3045 669 et
3068 613 3266 669 exaltet
3285 611 3542 667 humilem
3566 610 3740 666 ferens
3764 613 3872 668 cali-

2324 728 2443 769 cem
2463 713 2516 768 in
2535 726 2698 766 manu
2723 709 2832 763 vini
2859 706 2994 762 meri
3022 705 3237 776 plenum
3272 704 3462 771 mixto,
3505 719 3574 760 ex
3609 718 3717 773 quo
3739 705 3870 760 incli-

2323 812 2418 859 nat
2449 818 2518 858 ex
2541 803 2646 857 hoc
2673 800 2725 854 in
2754 797 2878 855 hoc.
2910 797 3105 852 Vinum
3130 795 3263 851 duas
3289 795 3498 865 species
3523 794 3705 861 habet,
3735 812 3870 852 unam

2325 893 2468 949 unde
2496 892 2736 947 infirmos
2763 898 2936 956 sanat,
2970 888 3136 944 aliam
3162 888 3306 944 unde
3332 903 3495 944 sanos
3513 886 3768 943 debilitet.
3809 887 3870 943 Ex

2326 999 2434 1039 uno
2476 982 2772 1051 eodemque
2816 980 2944 1035 vino
2980 978 3140 1048 justis
3187 976 3507 1048 propinatur
3548 976 3619 1031 ad
3654 978 3868 1045 salutem,

2325 1072 2697 1146 peccatoribus
2738 1071 2805 1125 ad
2833 1068 3109 1125 interitum
3154 1069 3440 1136 irrogatur.
3477 1065 3634 1123 Sicut
3660 1066 3784 1137 ignis
3801 1069 3869 1137 ju-

2326 1167 2442 1230 stis,
2476 1164 2576 1218 faex
2604 1171 2781 1218 tamen
2807 1161 2989 1217 calicis
3008 1175 3117 1216 non
3137 1160 3463 1226 exinanitur,
3495 1167 3556 1215 ut
3583 1158 3762 1214 bibant
3787 1177 3870 1217 non

2326 1256 2501 1328 pauci,
2533 1254 2627 1310 sed
2664 1267 2853 1308 omnes
2895 1257 3210 1322 peccatores
3249 1257 3411 1304 terrae
3442 1267 3455 1303 :
3484 1249 3635 1320 quod
3679 1267 3777 1308 uno
3798 1268 3869 1308 eo-

2325 1349 2555 1417 demque
2580 1345 2775 1416 poculo
2793 1344 2912 1399 aliis
2924 1343 3088 1408 salus,
3107 1342 3226 1397 aliis
3243 1341 3494 1398 interitus
3514 1343 3717 1408 veniat,
3739 1346 3868 1400 etiam

2326 1438 2487 1495 hodie
2515 1439 2608 1508 qui
2631 1435 2847 1505 indigne
2873 1442 3150 1503 gustantes
3187 1433 3482 1488 hauserunt
3513 1451 3526 1486 :
3562 1433 3688 1490 inde
3707 1435 3800 1501 isti,
3825 1444 3867 1491 ut

2327 1531 2402 1584 ait
2425 1527 2731 1599 Apostolus,
2760 1526 2862 1581 sibi
2885 1523 3145 1594 judicium
3173 1531 3408 1578 sumunt.
3439 1522 3552 1581 Nos
3582 1531 3755 1580 autem
3780 1525 3867 1582 hac

2326 1621 2583 1686 scientes,
2612 1620 2658 1675 si
2694 1619 2944 1674 volumus
2984 1616 3219 1686 gaudere
3258 1616 3312 1671 in
3338 1617 3535 1672 mula
3565 1617 3863 1683 saeculorum,

2327 1713 2400 1768 ita
2426 1721 2701 1768 cantemus
2721 1710 2833 1766 Deo
2853 1709 3039 1776 Jacob,
3063 1718 3122 1765 ut
3142 1710 3320 1765 omnia
3341 1718 3686 1780 peccatorum
3706 1727 3865 1767 cornua

2327 1803 2743 1873 eonfringamus,
2795 1802 2847 1858 id
2889 1809 2992 1868 est,
3048 1801 3300 1856 vitiorum
3348 1793 3725 1858 ventilationes
3763 1820 3863 1858 con-

652 1917 874 1976 tiuntur,
917 1911 1053 1980 nigri
1083 1910 1216 1963 liunt
1241 1906 1383 1978 apud
1409 1905 1597 1967 Deum,
1641 1911 1696 1958 et
1721 1917 1820 1972 pro
1848 1900 1962 1970 ipsa
1990 1896 2225 1966 nigredi-
2256 1896 2306 1958 Β
2333 1896 2620 1952 temnendo
2656 1895 2979 1964 frangamus,
3011 1901 3067 1948 et
3092 1893 3350 1948 virtutum
3378 1909 3585 1949 cornua
3617 1893 3865 1950 exaltemus

651 2008 736 2063 nis
780 2001 1001 2076 perfidia
1043 2000 1326 2070 IEthiopes
1366 1995 1720 2068 appellantur.
1766 1991 1831 2046 lli
1885 1991 2066 2059 itaque
2107 1982 2258 2043 cum‘

650 2098 1072 2168 baptizarentur,
1124 2092 1249 2161 quia
1291 2090 1344 2144 iu
1393 2087 1544 2157 aquis
1588 2083 1863 2141 confracta
1897 2088 2022 2137 sunt
2052 2079 2255 2151 capita.

651 2191 974 2254 daemonum,
1023 2199 1286 2242 venenum
1321 2196 1480 2237 omne
1508 2181 1563 2235 in
1591 2178 1743 2248 aquis
1787 2176 2076 2231 ﬂuentibus
2104 2188 2231 2229 eva-

650 2282 786 2336 nuit.
811 2279 878 2334 Et
902 2280 1023 2334 illos
1046 2277 1159 2348 jam
1180 2275 1428 2340 mundos,
1474 2289 1596 2329 eum
1625 2273 1692 2327 ab
1722 2270 1867 2326 omni
1896 2282 2106 2324 veneno
2134 2267 2230 2321 de-

650 2371 870 2426 faecatos
899 2368 1162 2433 exhibuit,
1188 2367 1396 2421 nuncin
1410 2365 1554 2420 sicco
1580 2362 1788 2433 positis,
1821 2361 1982 2416 draco
2005 2349 2230 2428 magnus

652 2460 770 2529 ipse
794 2459 1046 2528 princeps
1072 2456 1365 2511 draconum
1407 2453 1642 2517 advenit,
1670 2467 1829 2522 quem
1851 2449 1962 2505 suis
1989 2449 2231 2505 eibantes

655 2550 876 2630 nefariis
901 2547 1054 2625 iactis
1076 2562 1286 2605 veneno
1325 2544 1441 2614 ejus
1483 2545 1678 2598 iterum
1705 2541 2000 2609 nigrarunt.
2031 2539 2231 2594 Verum

654 2644 779 2713 quia
809 2640 1193 2714 paenitentibus
1217 2637 1474 2692 auxilium
1513 2633 1705 2690 divina:
1735 2633 1950 2703 pietatis
1975 2630 2228 2693 occurrit,

654 2734 1006 2804 eonfringitur
1033 2739 1087 2788 et
1115 2730 1274 2800 hujus
1317 2737 1476 2800 caput
1503 2726 1753 2783 draconis
1791 2726 1845 2780 in
1879 2725 2046 2780 sicco.
2077 2723 2231 2793 Aqua

653 2827 726 2881 ibi
753 2825 868 2881 sola
898 2824 1251 2896 laerymarum
1278 2828 1378 2876 est.
1410 2819 1477 2874 Et
1514 2818 1640 2889 quia
1668 2833 1777 2872 non
1805 2823 1930 2872 sunt
1956 2814 2101 2870 ﬂuvii
2129 2814 2233 2870 eir-

653 2934 715 2974 ca
744 2932 866 2973 eum
893 2915 1165 2979 salientes,
1191 2928 1310 2983 quae
1350 2918 1556 2966 tantum
1595 2908 1746 2965 nefas
1772 2907 1967 2962 veneni
1992 2905 2229 2972 abluant,

653 3009 810 3062 datur
838 3007 916 3061 eis
941 3007 996 3060 in
1023 3005 1163 3070 cibo,
1200 3011 1254 3059 et
1295 3003 1490 3058 dicitur
1516 3001 1595 3056 eis
1628 3019 1640 3053 :
1674 2999 1896 3066 Quando
1936 2997 2230 3053 draconum

656 3097 830 3166 capita
857 3095 910 3149 in
937 3095 1090 3163 aquis
1103 3093 1253 3148 vobis
1267 3091 1543 3147 confracta
1561 3097 1706 3154 sunt,
1733 3087 1984 3158 gustastis
2014 3095 2067 3142 et
2095 3085 2232 3142 vidi--

656 3188 752 3243 stis
779 3201 938 3256 quam
959 3183 1138 3240 suavis
1165 3190 1247 3238 est
1275 3181 1549 3237 Dominus.
1595 3179 1755 3234 Modo
1788 3179 1912 3248 quia
1944 3177 2230 3233 Dominum

2333 1988 2386 2043 in
2413 1986 2641 2042 Domino
2678 1995 2865 2042 nostro
2891 1984 3021 2041 Jesu
3046 1983 3280 2050 Christo,
3306 1985 3398 2055 qui
3419 1993 3618 2055 regnat
3643 1986 3692 2040 in
3715 1986 3865 2042 secula

2332 2079 2678 2136 seculorum.
2691 2077 2885 2134 Amen.

2841 2188 3155 2248 PSALMUS
3189 2186 3401 2247 LXXV.

2331 2290 2388 2346 ln
2419 2289 2578 2345 linem
2609 2289 2662 2344 in
2691 2283 3035 2353 carminibus,
3086 2288 3353 2357 canticum
3401 2285 3470 2341 ad
3497 2284 3731 2357 Assyrios
3753 2282 3864 2354 psal-

2339 2369 2342 2371 λ
2941 2373 3062 2413 mus
3091 2356 3291 2427 Asaph.

2402 2450 2572 2507 Notus
2611 2451 2667 2504 in
2700 2449 2887 2504 Judwa
2933 2447 3093 2514 Deus,
3126 2449 3182 2502 in
3231 2446 3398 2502 Israel
3443 2463 3677 2518 magnum
3709 2459 3859 2498 nomen

2330 2543 2462 2614 ejus.
2493 2541 2562 2595 Et
2591 2544 2756 2614 [aetiis
2785 2550 2862 2595 est
2887 2542 2940 2594 in
2962 2557 3090 2610 pace
3125 2540 3264 2594 locus
3295 2538 3427 2609 ejus,
3458 2546 3510 2592 et
3531 2535 3759 2590 habitatio
3777 2534 3863 2604 ejus

2331 2635 2387 2687 in
2409 2633 2559 2688 Sion.
2594 2631 2677 2686 lbi
2703 2632 2958 2702 confregit
2984 2631 3260 2702 potentias,
3305 2645 3502 2693 arcum,
3539 2637 3742 2691 scutum,
3764 2625 3862 2713 μισ·

2333 2727 2475 2780 dium
2525 2734 2575 2779 et
2610 2723 2810 2778 bellum.
2848 2722 3156 2777 Illuminans
3184 2730 3236 2775 tu
3261 2720 3566 2775 mirabiliter
3594 2735 3628 2772 a
3661 2715 3861 2772 montibus

2333 2819 2558 2883 (sternis,
2590 2817 2780 2871 turbati
2806 2824 2926 2870 sunt
2947 2831 3121 2870 omnes
3145 2813 3443 2884 insipientes
3472 2811 3646 2866 corde.
3679 2809 3860 2865 Dormis-

2332 2921 2453 2965 runt
2478 2925 2712 2964 somnum
2740 2925 2907 2973 suum,
2937 2916 2987 2961 et
3025 2905 3156 2959 nihil
3181 2905 3486 2959 invenerunt
3512 2919 3682 2958 omnes
3704 2901 3781 2954 viri
3805 2899 3858 2950 di-

2332 3002 2573 3055 vitiarum
2601 3001 2656 3053 in
2683 2999 2923 3053 manibus
2955 2998 3080 3051 suis.
3122 2995 3197 3049 Ab
3235 2996 3594 3061 increpatione
3623 3003 3719 3057 tua,
3756 2989 3861 3043 Deus

2330 3089 2517 3155 Iacob,
2546 3090 2948 3144 dormitaverunt
2977 3090 3061 3160 qui
3084 3086 3426 3141 ascenderunt
3452 3101 3623 3158 equos.
3651 3083 3720 3138 Tu
3750 3082 3863 3136 terri~

2332 3183 2452 3239 bilis
2487 3201 2561 3249 es,
2592 3193 2642 3237 et
2661 3185 2773 3255 quis
2812 3183 3013 3236 resistet
3043 3182 3150 3245 tibi,
3183 3197 3250 3234 ea:
3279 3190 3395 3233 tunc
3426 3181 3509 3234 ira
3549 3190 3646 3233 tua.
3677 3177 3749 3231 De
3771 3173 3863 3229 calo

656 3276 963 3346 reliquistis,
985 3282 1195 3344 gustate
1222 3281 1276 3328 et
1303 3271 1480 3327 videte
1505 3286 1665 3342 quam
1693 3285 1907 3324 amarus
1934 3278 2018 3325 est
2043 3270 2233 3327 diabo-
2260 3261 2306 3327 Ο
2337 3279 2568 3332 auditum
2597 3277 2764 3348 fecisti
2781 3275 3056 3347 judicium,
3091 3285 3226 3328 terra
3257 3272 3464 3327 tremuit
3480 3281 3530 3326 et
3555 3271 3741 3342 quierit.
3766 3267 3866 3320 Cum

656 3369 757 3424 lus.
792 3368 870 3424 lbi
897 3367 1150 3437 gustastis
1177 3365 1282 3420 mel
1311 3371 1366 3419 et
1386 3364 1486 3429 lac,
1516 3363 1606 3418 hic
1632 3369 1844 3433 gustate
1871 3362 2105 3417 cinerem
2131 3379 2232 3434 pro

656 3475 814 3531 pane,
869 3467 926 3515 et
971 3460 1234 3530 lacrymas
1279 3462 1486 3511 vestras
1533 3454 1586 3509 in
1633 3453 1844 3524 poculis
1882 3453 2122 3524 miscete.
2155 3454 2232 3511 lbi

657 3562 836 3610 vestes
880 3551 1132 3608 candidas
1173 3558 1229 3606 et
1271 3549 1517 3614 mundas,
1576 3548 1664 3603 hic
1711 3563 1928 3604 sacceas
1965 3543 2227 3604 sordidas.

658 3643 735 3699 lbi
764 3643 1021 3698 habuistis
1047 3641 1319 3711 gaudium,
1356 3640 1443 3694 hic
1470 3639 1732 3708 mugitum
1760 3640 2125 3708 gemitumque
2149 3640 2234 3694 in-

659 3745 744 3793 ter
761 3736 987 3806 suspiria
1015 3739 1322 3803 excrepate.
1353 3730 1548 3800 Sicque
1585 3730 1868 3801 IEthiopes
1895 3744 2014 3786 esse
2051 3745 2233 3785 cessa-

657 3829 801 3894 bitis,
823 3836 880 3884 et
897 3827 1152 3899 pristinus
1173 3824 1326 3880 vobis
1347 3823 1549 3879 candor
1575 3822 1935 3894 splendorque
1961 3823 2231 3879 reddetur.

656 3919 734 3976 lbi
764 3919 904 3974 enim
943 3919 1097 3974 vobis
1123 3923 1375 3986 rumpent
1401 3915 1597 3970 iterum
1646 3913 1823 3970 fontes
1851 3922 1908 3968 et
1947 3921 2231 3981 torrentes,

658 4013 750 4068 ubi
783 4012 965 4068 siccati
986 4011 1200 4067 fuerunt
1226 4007 1369 4063 ﬂuvii
1399 4005 1621 4062 Etban.
1656 4005 1857 4061 Ethan
1887 4005 2033 4060 ﬂuvii
2060 4005 2114 4060 in
2141 4004 2239 4060 de—

657 4111 804 4160 serto
824 4103 951 4158 Sina
975 4101 1344 4157 inventi'sunt.
1374 4097 1453 4153 Ex
1481 4099 1676 4167 quibus
1703 4098 1795 4168 qui
1816 4104 2102 4165 gustasset,
2128 4111 2235 4151 non

659 4194 797 4248 sicut
821 4192 891 4246 de
917 4191 1131 4263 myrrha
1169 4188 1276 4260 [AL
1320 4188 1493 4261 mora]
1522 4189 1876 4244 amaritudine
1904 4189 2232 4259 replebatur,

659 4281 753 4336 sed
773 4280 952 4336 statim
983 4287 1195 4334 tumore
1222 4285 1520 4346 correptus,
1550 4279 1740 4334 mortis
1765 4279 2006 4348 periculo
2051 4278 2235 4347 subja-

659 4371 838 4427 cebat.
862 4367 1086 4437 Quando
1107 4380 1256 4437 ergo,
1277 4367 1492 4438 quando
1520 4371 1764 4422 convertit
1786 4368 2012 4423 solidam
2037 4377 2251 4440 petram

658 4463 713 4516 in
741 4470 928 4532 stagna
949 4475 1114 4530 aqua,
1137 4467 1186 4512 et
1201 4474 1376 4528 rupem
1389 4459 1444 4510 in
1466 4459 1631 4529 fontes
1653 4475 1901 4529 aquarum
1923 4458 2038 4528 (Ps.
2063 4461 2230 4530 exul),

660 4554 750 4608 isti
776 4551 975 4606 Ethan
1004 4548 1148 4604 ﬂuvii
1170 4549 1268 4604 Dei
1299 4557 1428 4604 nutu
1449 4550 1735 4605 siccarunt.
1764 4550 1918 4616 Quod
1948 4551 2142 4606 factum
2166 4552 2234 4607 ad

2332 3377 2630 3441 exsurgeret
2653 3371 2707 3422 in
2731 3368 2983 3439 judicium
3009 3365 3169 3431 Deus,
3209 3375 3267 3419 ut
3312 3366 3481 3419 salvos
3513 3367 3694 3434 faceret
3724 3375 3866 3416 omnes

2333 3471 2622 3516 mansuetos
2654 3471 2824 3515 terrae.
2850 3459 3107 3524 Quoniam
3135 3459 3375 3530 cogitatio
3397 3458 3606 3513 hominis
3631 3454 3869 3524 conﬁtebi-

2337 3562 2420 3606 tur
2443 3553 2552 3618 tibi,
2583 3562 2632 3606 et
2661 3552 2888 3622 reliquias
2916 3550 3242 3622 cogitationis
3264 3549 3395 3604 diem
3416 3550 3583 3619 festum
3601 3553 3746 3615 agent
3770 3539 3869 3596 tibi.

2344 3642 2533 3697 Vovete
2551 3652 2600 3697 et
2629 3641 2824 3697 reddite
2851 3639 3075 3696 Domino
3095 3640 3206 3695 Deo
3225 3650 3397 3704 vestro,
3421 3653 3581 3693 omnes
3599 3635 3680 3706 qui
3704 3633 3754 3686 in
3769 3632 3858 3684 cir-

2335 3735 2471 3788 cuitu
2499 3735 2610 3805 ejus
2631 3723 2831 3803 aﬁ'eriis
2851 3748 3082 3786 munera.
3103 3730 3357 3794 Terribili,
3377 3738 3424 3783 et
3449 3729 3492 3782 ei
3510 3727 3586 3799 qui
3602 3721 3869 3796 aufertspi-

2335 3826 2491 3879 ritum
2518 3825 2828 3896 principum,
2854 3821 3067 3878 terribili
3091 3820 3232 3892 apud
3257 3836 3430 3876 omnes
3448 3832 3580 3890 reges
3600 3823 3761 3870 terra.

2899 3972 3333 4014 COIIENTARIUI.

2402 4091 2681 4147 Canticum
2700 4099 2888 4158 contra
2909 4089 3200 4161 Assyrium,
3223 4088 3278 4144 id
3305 4095 3406 4155 est,
3424 4095 3608 4143 contra
3638 4081 3872 4140 diabolum

2335 4187 2665 4242 inchoamus.
2699 4184 2896 4238 Contra
2920 4198 3043 4238 eum
3079 4183 3222 4239 enim
3242 4188 3402 4237 notus
3429 4179 3599 4237 factus
3626 4186 3706 4234 est
3730 4177 3777 4232 in
3795 4173 3871 4229 lu-

2336 4276 2448 4331 dtea
2467 4275 2628 4341 Deus,
2641 4276 2694 4329 in
2707 4273 2908 4329 Christo
2927 4273 3170 4329 mundum
3182 4272 3522 4328 reconcilians
3531 4271 3630 4327 sibi
3647 4269 3686 4341 (l
3705 4264 3873 4331 Com).

2335 4367 2394 4420 ln
2421 4367 2584 4422 lsrael
2623 4379 2874 4434 magnum
2901 4380 3098 4420 nomen
3125 4364 3260 4434 ejus.
3292 4363 3454 4418 lsrael
3482 4364 3648 4418 homo
3680 4357 3874 4414 luemus.

2335 4459 2500 4514 Deum
2521 4475 2648 4529 ergo
2666 4459 2758 4530 qui
2769 4457 2900 4513 vidit
2918 4459 3188 4514 hominem
3208 4466 3265 4513 et
3283 4457 3511 4513 credidit
3521 4457 3700 4517 Deum,
3721 4453 3766 4506 in
3780 4451 3878 4520 ipso

2335 4551 2567 4622 primum
2594 4551 2793 4606 factum
2821 4559 2904 4606 est
2929 4565 3124 4606 nomen
3153 4551 3289 4620 ejus.
3317 4549 3395 4604 lta
3417 4557 3478 4604 ut
3499 4549 3699 4605 diceret
3719 4543 3764 4600 ei
3783 4560 3794 4593 :
3813 4539 3881 4594 Τιι

658 4645 763 4700 hoc
789 4643 956 4706 ducit,
985 4641 1111 4710 quia
1147 4641 1531 4710 paenitentibus
1557 4640 1756 4696 [Ethan
1781 4641 1924 4696 ﬂuvii
1958 4643 2234 4698 exsiccan-
2262 4635 2312 4695 Ι)
2337 4659 2391 4696 es
2421 4642 2633 4708 Petrus,
2672 4652 2721 4697 et
2747 4660 2906 4715 supra
2932 4644 3068 4697 hanc
3099 4641 3309 4697 Petram
3331 4641 3610 4712 aediﬁcabo
3637 4637 3885 4694 Ecclesium

657 4742 762 4790 tur.
796 4731 866 4787 Et
891 4746 960 4788 ex
987 4730 1271 4802 desperato
1299 4729 1475 4800 lapide
1499 4739 1662 4800 atque
1687 4731 1968 4788 durissima
1993 4741 2145 4802 petra
2177 4734 2231 4791 in

659 4826 892 4889 deserto,
924 4833 979 4881 et
1006 4824 1059 4880 in
1078 4823 1447 4894 squalentibus
1474 4823 1607 4880 locis
1637 4825 1808 4894 posita
1831 4824 2006 4881 fontes
2033 4827 2233 4896 pariter

660 4922 946 4985 erumpunt
981 4923 1142 4984 atque
1186 4921 1473 4970 torrentes.
1525 4913 1651 4968 Hzec
1705 4912 1830 4968 fecit
1867 4913 1981 4970 Rex
2022 4923 2226 4981 noster,
2245 4905 2272 4948 ⁸

659 5003 803 5061 Deus
825 5013 950 5061 ante
969 5007 1159 5062 saecula
1186 5006 1278 5075 qui
1304 5013 1385 5060 est
1407 5005 1541 5075 ipse.
1569 5003 1695 5060 Htee
1713 5004 1840 5060 fecit
1858 5005 1975 5061 Rex
1998 5007 2090 5076 qui
2109 5024 2230 5078 ope-

657 5107 806 5153 ratus
823 5106 901 5152 est
919 5097 1133 5152 salutem
1168 5099 1224 5151 in
1245 5097 1412 5152 medio
1435 5106 1584 5152 terra:
1609 5095 1780 5168 (Psal.
1810 5097 2014 5171 Lxxm),
2048 5099 2100 5153 in
2121 5098 2232 5155 Do-

659 5192 809 5247 mino
837 5198 1021 5247 nostro
1046 5189 1176 5245 Jesu
1201 5189 1435 5254 Christo,
1477 5192 1570 5260 qui
1609 5191 1744 5246 dixit
1781 5191 1979 5262 iniquis
2008 5209 2019 5244 :
2051 5191 2229 5249 Nolite

659 5283 842 5354 iniqua
863 5296 1042 5351 agere,
1065 5287 1120 5336 et
1143 5281 1308 5336 nolite
1327 5281 1755 5352 delinquentibus
1780 5283 2018 5339 exaltare
2037 5299 2225 5349 cornu,

661 5373 829 5429 nolite
853 5372 1113 5428 extollere
1139 5371 1193 5426 in
1219 5372 1385 5427 altum
1428 5388 1597 5428 cornu
1642 5382 1900 5438 vestrum,
1948 5375 2113 5430 nolite
2151 5375 2232 5429 lo-

658 5466 752 5534 qui
781 5463 1063 5520 adversum
1090 5463 1258 5520 Deum
1279 5464 1636 5535 iniquitatem.
1658 5465 1716 5521 Si
1736 5467 1856 5535 quis
1880 5473 2060 5522 autem
2080 5467 2232 5522 vobis

661 5555 874 5617 dixerit,
902 5553 1041 5610 Ecce
1068 5555 1156 5611 hic
1175 5553 1438 5620 Christus,
1473 5563 1567 5610 aut
1594 5570 1722 5611 ecce
1759 5555 1884 5618 illic,
1911 5556 2076 5610 nolite
2107 5571 2230 5611 cre-

664 5657 815 5710 uere,
850 5647 974 5715 quia
1014 5662 1187 5716 neque
1224 5647 1290 5702 ab
1334 5649 1560 5708 oriente,
1603 5662 1777 5716 neque
1819 5648 1886 5700 ab
1933 5647 2226 5714 occidente,

667 5748 840 5801 neque
859 5749 889 5788 a
913 5735 1138 5791 desertis
1155 5738 1444 5798 montibus,
1468 5735 1562 5790 sed
1581 5736 1719 5790 sicut
1741 5735 1917 5804 fulgur
1935 5735 2007 5788 ita
2028 5737 2225 5802 veniet,

667 5823 917 5892 quoniam
947 5824 1087 5881 Deus
1109 5827 1270 5894 judex
1300 5838 1400 5882 est.
1437 5829 1552 5883 Non
1580 5829 1657 5883 sic
1678 5828 1820 5884 venit
1838 5827 2108 5896 quomodo
2132 5829 2228 5884 ho-

2337 4750 2522 4787 meam.
2554 4733 2622 4788 Et
2640 4734 2765 4805 quia
2792 4743 2955 4805 portae
2977 4735 3134 4806 inferi
3152 4751 3257 4788 non
3284 4733 3642 4809 praevalebunt
3679 4731 3885 4784 adversus

2337 4841 2450 4879 eam
2489 4824 2700 4896 (Matth.
2734 4825 2877 4895 xvi).
2911 4825 2986 4881 lbi
3031 4824 3294 4895 confregit
3329 4840 3536 4880 cornua
3578 4838 3808 4886 arcuum,
3846 4825 3890 4872 α

2334 4923 2564 4981 scutum,
2587 4926 2643 4970 et
2662 4917 2914 4986 gladium,
2932 4926 2988 4974 et
3005 4917 3222 4984 bellum,
3247 4916 3476 4987 fecitque
3498 4905 3556 4971 in
3585 4931 3721 4988 pace
3739 4915 3890 4970 locum

2334 5007 2467 5078 ejus,
2491 5015 2548 5063 et
2573 5008 2958 5065 habitationem
2985 5009 3100 5079 ejus
3140 5011 3195 5065 in
3223 5008 3380 5076 Sion,
3424 5016 3478 5064 et
3510 5008 3824 5065 illuminavit
3854 5004 3895 5058 ei

2333 5115 2366 5154 a
2385 5099 2656 5155 montibus
2673 5101 2905 5165 aeternis,
2931 5117 2962 5155 a
2983 5101 3259 5172 prophetis
3282 5101 3375 5170 qui
3401 5099 3627 5156 fuerunt
3653 5101 3722 5155 ab
3745 5096 3894 5154 initio.

2334 5190 2536 5247 Contra
2563 5206 2726 5263 quam
2751 5193 3036 5248 turbantur
3062 5207 3229 5262 usque
3255 5191 3416 5248 hodie
3444 5207 3642 5248 omnes
3667 5191 3899 5262 insipien-

2333 5291 2417 5338 tes
2441 5282 2622 5338 corde.
2651 5282 2722 5338 Et
2745 5284 2837 5353 qui
2863 5284 3164 5339 moriuntur
3181 5283 3233 5339 in
3254 5283 3488 5354 peccatis
3514 5285 3635 5340 suis
3659 5281 3903 5340 dormien-

2335 5382 2417 5430 tes
2442 5391 2691 5431 somnum
2716 5377 2904 5432 mortis
2930 5391 3106 5440 suum,
3132 5377 3186 5431 id
3213 5384 3312 5442 est,
3353 5391 3608 5432 somnum
3651 5392 3767 5432 suae
3791 5375 3903 5429 dor-

2335 5465 2582 5520 mientes.
2614 5466 2754 5521 Nihil
2775 5469 3092 5522 invenerunt
3118 5467 3172 5522 in
3219 5465 3462 5521 manibus
3485 5466 3605 5521 suis
3632 5466 3709 5522 ibi
3739 5477 3907 5521 omnes

2337 5556 2434 5611 viri
2471 5557 2792 5612 divitiarum.
2825 5558 2924 5614 llic
2951 5559 3092 5613 enim
3115 5564 3397 5614 nascentes
3422 5572 3541 5628 qute
3574 5559 3910 5617 invenerunt,

2336 5646 2426 5702 hic
2458 5647 2746 5703 morientes
2785 5649 3111 5718 relinquunt.
3159 5647 3274 5706 Non
3323 5649 3495 5703 solum
3544 5648 3755 5704 divites
3798 5647 3914 5701 dor-

2336 5737 2524 5802 miunt,
2573 5738 2668 5793 sed
2708 5747 2763 5792 et
2810 5739 2974 5794 fortes
3012 5740 3103 5809 qui
3145 5737 3500 5795 ascenderunt
3541 5754 3747 5809 equos.
3791 5739 3919 5793 Deus

2335 5830 2476 5886 enim
2496 5830 2748 5886 terribilis
2771 5839 2871 5894 est,
2895 5839 2951 5886 et
2979 5847 3136 5887 nemo
3157 5837 3334 5901 potest
3365 5830 3627 5887 resistere
3671 5833 3744 5886 ei.
3779 5829 3918 5882 Tunc
