4088 6346
239 339 349 402 455

1116 354 1586 411 COMMENTARII
1622 356 1690 412 IrN
1729 352 2052 413 PSLAMOS.
2096 359 2283 424 PSAL.
2327 353 2576 423 LXXVII.

3380 374 3484 432 434

238 458 292 510 in
323 458 401 511 ira
429 473 542 524 sna,
571 473 691 514 cum
720 462 858 516 enim
885 465 1104 534 cmperit
1127 464 1386 533 judicium
1410 469 1477 523 de
1505 470 1642 524 cmlo
1663 469 1811 538 jacu-
1838 469 1891 530 Δ
1916 472 2199 530 ricordiam
2228 481 2422 534 suam?
2449 479 2516 534 Et
2544 481 2673 549 dixi,
2704 483 2862 541 Modo
2899 487 3061 558 coepit
3098 490 3320 544 mutatio
3352 492 3484 547 dex-

238 547 359 612 lari,
386 558 528 604 terra
563 557 754 606 tremet
782 563 836 608 et
875 555 1132 624 quiescet,
1163 574 1284 613 cum
1313 576 1602 642 exsurgere
1628 577 1809 633 cmpe-

234 640 308 693 rit
334 640 387 694 in
426 639 628 710 judicio
675 643 833 710 Deus,
881 646 936 701 in
964 662 1073 716 quo
1100 665 1210 704 non
1252 639 1495 706 salvabit'
1516 653 1670 720 alios,
1708 653 1810 708 nisi

234 748 426 789 omnes
451 744 758 792 mansuetos
799 746 973 794 terrae.
1015 740 1092 796 lbi
1118 744 1370 812 cogitatio
1400 745 1629 801 hominis
1672 761 1806 800 con-

235 821 474 878 ﬁtebitur
513 825 598 892 ei,
643 836 699 883 et
741 830 978 900 reliquize
1015 833 1398 901 cogitationum
1424 834 1568 890 diem
1612 833 1806 890 festum

231 924 398 984 agent
425 915 552 973 Deo.
579 918 668 976 Sic
691 930 850 978 erunt
869 939 1058 980 omnes
1083 925 1198 981 dies
1218 925 1505 995 justorum,
1534 926 1805 997 quomodo

229 1005 390 1062 nobis
415 1008 580 1064 semel
601 1009 654 1064 in
681 1027 822 1068 anno
849 1022 1066 1071 sanctus
1085 1014 1198 1071 dies
1231 1023 1315 1072 est
1341 1014 1574 1072 Pascha.
1607 1013 1806 1072 Omnes

227 1113 363 1167 ergo
381 1100 552 1154 sancti
577 1100 692 1157 dies
730 1101 896 1161 festos
925 1115 1083 1176 agent
1108 1105 1259 1174 Deo;
1301 1115 1356 1162 et
1380 1122 1496 1172 vos,
1529 1107 1718 1177 inquit,
1756 1108 1803 1163 si

225 1191 389 1247 vultis
416 1192 646 1261 gaudere
671 1210 791 1251 cum
818 1198 1036 1264 sanctis,
1061 1207 1254 1255 vovete
1281 1208 1336 1254 et
1356 1197 1560 1254 reddite
1575 1198 1802 1254 Domino

224 1281 342 1338 Deo
361 1292 560 1351 vestro,
589 1301 778 1344 omnes
803 1289 896 1358 qui
924 1289 978 1344 in
1005 1286 1231 1346 circlhtu
1270 1289 1386 1360 ejus
1412 1288 1648 1346 olferetis
1682 1304 1802 1345 mu-

221 1387 376 1439 nera,
406 1391 672 1434 memores
691 1377 888 1434 debent
914 1395 1034 1436 esse
1052 1381 1179 1450 quid
1200 1381 1463 1444 voverint,
1485 1388 1576 1436 aut
1595 1381 1682 1437 cui
1702 1396 1802 1437 vo-

217 1467 417 1523 verint.
449 1467 581 1524 Nam
626 1469 679 1525 in
721 1470 1056 1544 baptismatis
1099 1473 1500 1530 consecratione
1540 1481 1802 1529 voverunt

215 1560 430 1630 seipsos
458 1563 688 1631 tradere,
720 1572 776 1621 et
811 1567 1055 1623 omnibus
1082 1568 1332 1638 operibus
1359 1568 1559 1625 diaboli
1595 1584 1798 1624 renuo-

215 1652 379 1708 tiare.
427 1651 541 1709 Hoc
568 1654 774 1711 reddite
800 1654 1030 1713 Domino
1067 1657 1179 1714 Deo
1204 1667 1405 1726 vestro,
1451 1667 1578 1715 ante
1612 1657 1799 1714 oculos

213 1745 329 1800 hoc
354 1745 629 1814 habentes,
658 1749 782 1819 quia
809 1749 970 1805 etiam
996 1750 1295 1823 principum
1326 1753 1531 1808 auferet
1557 1752 1794 1824 spiritus,

1915 573 2041 620 terte
2077 564 2305 623 Excelsi.
2349 568 2417 624 Et
2458 580 2514 627 ut
2559 575 2871 644 ostendam,
2914 578 3110 649 inquit,
3157 582 3282 650 quia
3319 581 3481 639 modo

1909 658 2088 727 coepit,
2118 674 2325 716 memor
2351 676 2446 717 ero
2475 662 2542 717 ab
2581 665 2736 721 initio
2765 669 3089 726 mirabilium
3113 671 3245 742 ejus,
3278 673 3331 728 in
3359 677 3484 745 qui-

1905 835 2048 895 Deus
2071 854 2231 910 quam
2259 841 2400 900 Deus
2429 855 2634 912 noster,
2661 862 2821 917 quem
2857 851 3105 909 videmnt
3131 871 3282 926 aqua:
3317 859 3482 914 maris

1905 939 1962 986 et
1988 933 2298 990 timuerunt.
2324 935 2571 994 Turbata:
2607 949 2734 995 sunt
2766 942 2965 1015 abyssi,
2994 945 3182 1003 dantes
3206 949 3348 1004 viam
3375 951 3481 1006 sic-

1904 1035 2022 1077 cam
2048 1023 2272 1094 pedibus
2304 1026 2530 1083 liliorum
2559 1027 2720 1085 Israel
2747 1039 2804 1086 et
2829 1029 3046 1104 Ioseph.
3077 1032 3207 1093 Post
3233 1037 3347 1095 haec
3382 1055 3478 1094 vo-

1902 1129 2020 1170 cem
2065 1115 2326 1172 dederunt
2369 1119 2538 1175 nubes
2581 1138 2594 1174 :
2628 1121 2680 1176 In
2725 1123 2974 1179 columna
3001 1126 3145 1181 enim
3189 1129 3345 1184 nubis
3372 1146 3476 1186 vox

1901 1214 2037 1272 erat,
2079 1209 2293 1278 quando
2336 1211 2544 1282 sagitta:
2579 1212 2673 1268 Dei
2717 1214 2771 1268 in
2810 1214 3093 1288 Egyptios
3129 1220 3471 1277 transierunt.

1901 1299 2018 1356 Vox
2048 1303 2268 1358 tonitrui
2296 1303 2412 1373 ejus
2445 1305 2498 1361 in
2536 1315 2669 1362 rota.
2706 1307 2917 1381 Moyses
2951 1320 3083 1366 rota:
3110 1321 3471 1383 comparatur.

1900 1389 2040 1446 Bota
2069 1392 2196 1448 licet
2215 1394 2267 1449 in
2289 1403 2431 1450 terra
2459 1397 2722 1463 volvatur,
2754 1407 2932 1455 tamen
2963 1400 3089 1457 dum
3105 1402 3473 1474 steterit,ma-

1900 1498 2005 1554 gna
2034 1502 2158 1557 pars
2185 1486 2302 1557 ejus
2340 1490 2514 1546 aliena
2547 1500 2630 1547 est
2667 1508 2700 1548 a
2727 1501 2888 1560 terra,
2914 1503 2970 1551 et
3008 1511 3174 1566 parva
3199 1511 3324 1568 pars
3355 1496 3472 1566 ejus

1900 1573 1955 1630 in
1983 1583 2124 1632 terra
2143 1578 2404 1634 comistit.
2429 1579 2545 1636 Vox
2573 1595 2701 1650 ergo
2726 1582 2821 1638 Dei
2860 1584 2914 1638 in
2941 1593 3058 1640 rota
3085 1594 3184 1652 est,
3223 1587 3316 1655 qui
3343 1601 3470 1657 par-

1899 1667 1980 1722 vis
2002 1669 2164 1726 rebus
2189 1671 2417 1728 terrenis
2445 1679 2750 1741 contentus,
2776 1681 2951 1730 totum
2976 1676 3120 1745 quod
3159 1693 3366 1733 sursum
3389 1686 3472 1733 est

1899 1761 2108 1831 quaerit,
2135 1763 2309 1833 pergit
2332 1765 2421 1821 ubi
2443 1763 2688 1821 Christus
2706 1774 2807 1822 est.
2839 1765 3128 1823 Illuxerunt
3143 1770 3470 1825 coruscatio-

211 1851 346 1901 cum
371 1851 402 1890 a
430 1843 556 1894 voto
584 1837 875 1895 discedunt.
909 1839 975 1895 Et
1000 1851 1083 1897 est
1111 1842 1361 1899 terribilis
1380 1844 1541 1899 etiam
1588 1842 1803 1913 regibus
1829 1829 1878 1892 Β
1904 1829 2000 1907 nes
2027 1829 2153 1922 ejus
2171 1829 2288 1911 orbi
2316 1864 2499 1924 terrae,
2525 1857 2739 1927 quando
2784 1859 2838 1914 in
2863 1859 2999 1914 mari
3041 1860 3182 1914 viam
3228 1861 3372 1916 fecit.
3406 1859 3471 1916 Et

210 1935 397 1982 serrae.
424 1927 526 1998 Ipsi
551 1928 717 2000 gloria
747 1931 798 1986 in
827 1932 1020 1987 saecula
1048 1934 1383 1990 saeculorum.
1417 1935 1606 1990 Amen.

715 2068 1028 2126 PSALMUS
1074 2070 1305 2129 LXXVI.

465 2179 525 2236 In
553 2180 713 2237 linem
730 2197 832 2254 pro
850 2181 1329 2256 Idithun,psalmus
1350 2187 1546 2258 Asaph.

299 2313 435 2370 Voce
453 2331 567 2370 mea
591 2317 662 2371 ad
688 2315 967 2392 Dominum
986 2319 1224 2386 clamavi,
1245 2337 1364 2376 voce
1382 2339 1496 2377 mea
1524 2322 1594 2376 ad
1613 2321 1795 2390 Deum,

210 2416 264 2461 et
313 2409 536 2463 intendit
584 2409 830 2465 mihisIn
859 2410 941 2465 die
968 2411 1314 2468 tribulationis
1347 2432 1472 2470 mea:
1511 2413 1676 2470 Deum
1701 2433 1796 2471 ea:-

209 2498 422 2567 quisivi,
453 2497 690 2553 manibus
717 2500 844 2553 meis
885 2491 1032 2556 nocte
1071 2512 1250 2558 contra
1283 2522 1418 2571 eum,
1461 2515 1509 2560 et
1536 2524 1640 2561 non
1685 2523 1795 2562 sum

213 2586 482 2655 deceptus.
514 2586 706 2643 Renuit
731 2591 990 2647 consolari
1013 2595 1188 2648 anima
1209 2609 1340 2661 mea,
1362 2613 1553 2651 memor
1580 2599 1658 2668 fui
1695 2596 1794 2653 Dei

215 2685 269 2728 et
300 2675 576 2734 delectatus
602 2696 731 2743 sum,
762 2690 812 2735 et
835 2685 1141 2737 exercitatus
1180 2703 1309 2752 sum,
1341 2695 1391 2741 et
1427 2686 1611 2759 defecit
1636 2689 1793 2758 spiri-

212 2772 304 2816 tus
334 2782 490 2820 meus.
534 2769 952 2839 Anticipaverunt
995 2773 1196 2844 vigilias
1223 2775 1357 2830 oculi
1387 2774 1516 2843 'mei,
1559 2777 1793 2833 turbatus

207 2874 328 2912 sum
357 2869 406 2913 et
433 2876 536 2915 non
562 2878 675 2916 sum
701 2862 914 2919 locutus.
947 2862 1179 2936 Cogitavi
1207 2867 1312 2922 dies
1342 2870 1597 2941 antiquos,
1619 2877 1670 2924 et
1697 2887 1793 2925 an-

205 2969 306 3007 nos
337 2961 557 3010 aeternos
583 2957 638 3010 in
663 2966 831 3012 mente
858 2957 1034 3012 habui.
1081 2957 1150 3012 Et
1187 2962 1460 3016 meditatus
1495 2980 1608 3017 sum
1645 2971 1794 3018 nocte

202 3061 327 3099 cum
356 3046 510 3101 corde
544 3065 677 3114 meo,
714 3057 764 3103 et
800 3049 1143 3116 exercitabar,
1171 3061 1222 3104 et
1259 3053 1531 3121 scopebam
1556 3055 1794 3124 spiritum

202 3152 399 3191 meum.
415 3134 676 3211 Nunquid
701 3141 754 3194 in
780 3149 1025 3196 (sternam
1050 3142 1286 3213 projiciet
1305 3142 1559 3210 Deus,aut
1579 3163 1681 3200 non
1698 3151 1792 3218 ap-

1897 1945 2143 2000 semitam
2171 1947 2224 2002 in
2253 1950 2403 2018 aquis
2446 1950 2645 2015 multis,
2669 1951 3130 2021 quando-deduxit
3154 1952 3300 2009 velut
3345 1969 3472 2010 oves

1899 2036 2154 2105 populum
2181 2053 2360 2104 suum,
2389 2040 2444 2095 in
2471 2055 2634 2095 manu
2662 2040 2830 2112 Moysi
2858 2050 2915 2100 et
2937 2043 3132 2100 Aaron.
3174 2042 3279 2115 Ipsi
3305 2043 3472 2112 gloria

1901 2124 1956 2178 in
1977 2126 2168 2183 saecula
2189 2129 2523 2186 saeculorum.
2555 2132 2743 2187 Amen.

2401 2284 2714 2344 PSALMUS
2750 2285 3002 2344 LXXVII.
3061 2364 3068 2370 .

2440 2429 2744 2487 Intellectus
2773 2429 2970 2502 Asaph.

1966 2585 2241 2651 Attendite,
2271 2588 2458 2659 popule
2483 2604 2645 2654 meus,
2687 2589 2849 2660 legem
2876 2605 3062 2654 meam,
3096 2587 3344 2643 inclinate
3375 2603 3468 2640 σας

1893 2693 2000 2730 rem
2035 2688 2256 2732 vestram
2290 2680 2343 2732 in
2371 2680 2521 2733 verba
2548 2681 2652 2734 oris
2679 2682 2797 2734 mei.
2836 2682 3078 2750 Aperiunt
3120 2681 3176 2734 in
3208 2676 3471 2749 parabolis

1893 2784 1950 2822 os
1973 2784 2157 2835 meum,
2188 2770 2369 2842 loquor
2388 2771 2762 2842 propositiones
2791 2771 2854 2823 ab
2881 2771 3049 2824 initio.
3084 2766 3292 2832 Quanta
3315 2767 3470 2821 audi-

1893 2860 2056 2913 vimus
2083 2868 2134 2913 et
2161 2863 2483 2932 cognovimus
2515 2877 2604 2925 ea,
2633 2867 2685 2914 et
2719 2869 2891 2931 patres
2940 2859 3105 2913 nostri
3145 2858 3473 2916 annuntiat»-

1895 2959 2016 3003 runt
2044 2951 2210 3005 nobis.
2238 2949 2363 3006 Non
2392 2961 2509 3004 sunt
2546 2955 2799 3005 occultata
2827 2968 2859 3004 a
2882 2951 3008 3021 ﬁliis
3041 2965 3216 3005 eorum
3233 2950 3288 3002 in
3313 2964 3468 3020 gene—

1895 3042 2099 3096 ratione
2134 3043 2316 3096 altera.
2365 3041 2420 3096 Ν
2423 3050 2657 3097 arrantes
2695 3042 2870 3097 laudes
2914 3041 3125 3098 Domini
3172 3048 3222 3097 et
3261 3042 3471 3095 virtutes

1897 3134 2028 3205 ejus,
2058 3142 2108 3187 et
2127 3133 2385 3190 mirabilia
2421 3137 2533 3207 ejus
2560 3152 2674 3207 qua:
2692 3137 2832 3208 fecit.
2863 3133 2932 3190 Et
2955 3134 3216 3190 suscitavit
3243 3134 3469 3188 testimo-

199 3236 368 3298 ponet
391 3236 448 3281 ut
473 3198 830 3296 complacitior
857 3233 924 3285 sit
951 3198 1160 3285 adhuc:
1176 3232 1278 3286 Aut
1309 3234 1366 3288 in
1397 3235 1554 3304 finem
1581 3198 1788 3291 νηίωὲ-

1899 3198 2038 3281 riium
2065 3227 2121 3281 in
2149 3226 2334 3291 Iacob,
2358 3198 2588 3300 et
2613 3198 2783 3299 posuit
2806 3230 2860 3283 in
2891 3226 3078 3283 Israel.
3104 3223 3311 3292 Quanta
3329 3241 3470 3281 man-

202 3320 439 3374 rordiam
466 3337 612 3375 suam
637 3321 880 3388 abscidet,
906 3339 939 3377 a
966 3323 1292 3396 generdtibne
1311 3328 1365 3380 in
1389 3331 1785 3399 generationem.

202 3413 315 3464 Aut
360 3410 682 3467 obliviscetur
720 3416 950 3469 misereri
985 3413 1144 3483 Deus,
1187 3427 1278 3472 aut
1313 3419 1589 3475 continebit
1629 3423 1682 3476 in
1706 3423 1789 3478 ira

202 3519 306 3556 sua
327 3504 706 3559 misericordias
725 3522 862 3560 suas.
890 3504 962 3560 Et
979 3507 1092 3562 didi
1115 3525 1133 3562 :
1156 3506 1212 3561 Ν
1214 3525 1312 3564 unc
1334 3511 1477 3583 ccepi,
1500 3513 1608 3567 haec
1627 3524 1790 3568 muta-

202 3594 284 3646 tio
312 3593 534 3650 dexteraa
565 3593 792 3650 Excelsi.
833 3595 1032 3651 Memor
1061 3600 1135 3670 fui
1165 3616 1371 3670 operum
1401 3601 1628 3669 Domini,
1666 3605 1788 3676 quia

201 3701 409 3738 memor
436 3701 522 3740 ero
555 3687 618 3740 ab
647 3688 792 3742 initio
819 3689 1128 3744 mirabilium
1163 3699 1382 3746 tuorum.
1415 3691 1484 3746 Et
1509 3693 1790 3749 meditabor

199 3779 261 3829 in
316 3777 548 3831 omnibus
591 3780 824 3849 operibus
855 3783 971 3846 tuis,
1013 3790 1062 3836 et
1108 3782 1162 3835 in
1202 3783 1644 3838 adinventionibus
1693 3785 1791 3838 tuis

199 3866 503 3920 exercebar.
537 3868 693 3934 Deus,
729 3871 784 3922 in
816 3881 993 3926 sancto
1021 3873 1102 3925 vid
1133 3881 1236 3936 tua,
1277 3873 1390 3943 quis
1412 3871 1547 3927 Deus
1575 3890 1792 3944 magnus

199 3957 352 4008 sicut
372 3953 508 4008 Deus
529 3949 717 4020 noster,
751 3968 802 4010 tu
839 3975 891 4011 es
920 3959 1058 4013 Dens
1090 3962 1174 4030 qui
1203 3963 1330 4031 facis
1352 3963 1631 4016 mirabilia.
1674 3961 1793 4018 No-

203 4058 330 4098 tam
359 4047 522 4114 fecisti
550 4046 602 4098 in
635 4049 833 4117 populis
855 4050 1084 4102 virtutem
1114 4059 1291 4133 tuam,.
1305 4051 1561 4105 redemisti
1588 4054 1643 4105 in
1673 4052 1794 4106 bra-

198 4137 340 4191 chio
370 4145 454 4190 tuo
473 4137 714 4208 populum
745 4147 882 4191 tuum
901 4139 1038 4207 ﬁlios
1057 4137 1220 4193 Iacob
1233 4150 1282 4194 et
1300 4139 1515 4212 Ioseph.
1548 4141 1800 4218 Viderunt

117 4236 122 4240 ”
194 4241 255 4283 te
289 4243 461 4299 ullum,
491 4226 652 4291 Dens,
684 4229 919 4283 viderunt
958 4239 1005 4285 te
1030 4247 1178 4303 aqum
1206 4241 1256 4285 et
1285 4234 1578 4298 timuerunt,
1608 4242 1658 4287 et
1688 4243 1798 4288 tur-

196 4320 350 4373 bata:
376 4327 497 4373 sunt
534 4319 723 4390 abyssi.
757 4318 1038 4375 Multitudo
1066 4324 1262 4376 sonitus
1310 4339 1588 4395 aquarum;
1625 4340 1794 4378 vocem

195 4412 449 4469 viderunt
483 4411 660 4466 nubes.
691 4411 898 4467 Etenim
940 4415 1142 4485 sagittd:
1183 4423 1284 4470 tua:
1319 4417 1654 4482 transierunt,
1695 4432 1794 4472 vos:

195 4504 427 4560 tonitrui
457 4504 528 4557 tui
558 4505 614 4557 in
651 4512 787 4559 rota.
820 4502 1112 4559 Illuxerunt
1145 4508 1524 4562 coruscationes
1552 4517 1652 4563 tua:
1679 4508 1790 4563 orbi

197 4607 367 4650 terra:
386 4611 404 4659 ;
427 4603 676 4648 commota
696 4604 771 4649 est
785 4603 836 4648 et
849 4599 1147 4650 contremuit
1170 4607 1323 4652 terra.
1351 4597 1416 4651 In
1439 4601 1569 4652 mari
1589 4599 1669 4653 via
1681 4608 1788 4668 tua,

197 4697 255 4741 et
285 4686 485 4740 semita:
512 4694 612 4740 tua:
628 4687 684 4739 in
723 4688 866 4758 aquis
893 4687 1084 4750 multis,
1123 4696 1173 4742 et
1199 4689 1409 4758 vestigia
1438 4698 1522 4742 tua
1557 4706 1660 4744 non
1703 4707 1791 4745 co-

197 4787 540 4850 gnoscentur.
563 4775 836 4832 Deduxisti
856 4780 986 4832 sicut
1011 4795 1125 4834 oves
1143 4781 1385 4851 populum
1412 4790 1572 4847 tuum,
1592 4783 1647 4837 in
1675 4799 1791 4837 ma-

197 4889 276 4925 nu
310 4868 486 4940 Moysi
511 4878 559 4924 et
586 4869 779 4924 Aaron.

791 4977 1221 5020 COIIEN'I'AIUUI.

279 5052 347 5107 In
377 5051 482 5107 isto
510 5052 714 5124 psalmo
751 5053 1016 5123 promittit
1042 5069 1102 5109 se
1139 5054 1402 5126 propheta
1423 5055 1603 5110 omnia
1629 5055 1795 5110 mira-

197 5146 344 5202 bilia
360 5142 458 5199 Dei
471 5145 538 5200 ab
552 5144 704 5200 initio
723 5150 1162 5211 memoratarum,
1179 5155 1235 5202 et
1248 5160 1462 5201 causam
1484 5145 1639 5215 hujus
1657 5161 1798 5202 com-

197 5238 625 5296 memorationis
651 5239 892 5310 exponit.
935 5238 1011 5294 Ac
1053 5254 1360 5296 memorans
1387 5242 1656 5310 pncterita
1701 5242 1799 5296 bo-

198 5349 297 5397 na,
332 5317 406 5385 de
449 5330 603 5385 malis
637 5330 986 5401 praesentibus
1010 5332 1320 5402 querelatur
1362 5350 1374 5385 :
1422 5329 1679 5398 Clamavi,
1712 5331 1795 5387 in-

197 5427 356 5497 quit,
389 5423 458 5478 ad
492 5422 775 5479 Dominum
813 5423 867 5478 in
911 5423 998 5478 die
1039 5424 1413 5480 tribulationis.
1461 5423 1530 5479 Et
1567 5423 1799 5496 expandi

197 5532 414 5576 manus
454 5531 600 5572 meas
633 5531 813 5572 coram
842 5530 909 5570 eo
937 5515 991 5569 in
1037 5516 1301 5583 noctibus,
1341 5525 1396 5572 et
1425 5533 1532 5572 non
1559 5534 1677 5573 sum
1705 5517 1804 5572 de-

198 5620 432 5683 ceptus.
457 5609 615 5666 Modo
641 5617 820 5664 autem
851 5615 1026 5662 tantas
1051 5623 1230 5663 moras
1256 5609 1380 5664 facit
1403 5609 1457 5664 in
1480 5610 1803 5664 subvenien-

198 5705 278 5762 do
310 5703 599 5768 Dominus,
628 5709 686 5756 ut
713 5701 886 5756 dicam
919 5718 932 5753 :
964 5699 1212 5769 Nunquid
1240 5701 1294 5754 in
1322 5709 1582 5756 aeternum
1612 5701 1805 5756 oblivi-

200 5807 405 5859 scetur
433 5794 675 5850 misereri
703 5792 863 5860 Deus,
891 5798 983 5848 aut
1011 5791 1306 5849 continebit
1332 5792 1384 5846 in
1406 5792 1484 5847 ira
1510 5807 1607 5848 sua
1640 5792 1804 5852 mise-

1891 3320 2032 3374 davit
2045 3320 2278 3392 patribus
2301 3321 2493 3375 nostris
2512 3330 2637 3375 nota
2659 3322 2899 3392 facereea
2915 3320 3037 3390 ﬁliis
3058 3318 3186 3382 suis,
3208 3326 3264 3371 ut
3277 3333 3467 3388 cogno-

1889 3421 2003 3465 scat
2021 3415 2283 3484 generatio
2310 3413 2494 3467 altera.
2513 3411 2641 3466 Filii
2668 3414 2753 3483 qui
2783 3421 3081 3476 nascentur,
3099 3419 3148 3463 et
3170 3417 3467 3478 exsurgent,

1889 3513 1938 3557 et
1963 3502 2252 3559 Ilarrdbunt
2270 3506 2395 3574 [iliis
2425 3507 2550 3558 suis.
2589 3502 2656 3556 lit
2685 3511 2882 3574 ponant
2907 3503 2962 3557 in
2995 3500 3105 3556 Deo
3127 3516 3268 3572 spem
3292 3514 3463 3563 suam,

1889 3610 1939 3653 et
1985 3616 2088 3654 non
2135 3599 2503 3653 obliviscantur
2541 3613 2750 3669 operum
2799 3595 2897 3651 Dei
2919 3637 2934 3663 ,
2979 3605 3031 3650 et
3071 3593 3317 3650 mandata
3355 3593 3470 3664 ejus

1890 3692 2182 3762 exquirant.
2208 3687 2292 3742 Ne
2306 3690 2439 3760 ﬁant
2458 3690 2588 3742 sicut
2608 3694 2780 3758 patres
2799 3701 3007 3742 eorum:
3031 3685 3290 3756 generatio
3309 3696 3471 3753 prava

1893 3793 1942 3838 et
1969 3798 2306 3854 exasperans.
2343 3778 2617 3835 Generatio
2655 3796 2768 3852 qua:
2803 3796 2904 3833 non
2951 3778 3140 3831 direxit
3179 3791 3268 3829 cor
3300 3788 3470 3837 mm,

1893 3886 1943 3930 et
1997 3893 2102 3931 non
2147 3884 2223 3929 est
2277 3873 2498 3952 creditus
2554 3887 2668 3926 cum
2719 3870 2828 3924 Deo
2885 3870 3095 3940 spiritus
3151 3867 3280 3937 ejus.
3338 3860 3474 3915 Filii

1897 3964 2124 4035 Ephrem
2153 3962 2472 4018 intendentes
2505 3968 2554 4015 et
2590 3961 2844 4015 mittentes
2882 3973 3083 4022 arcum,
3106 3955 3331 4010 conversi
3352 3960 3473 4007 sunt

1897 4056 1952 4108 in
1981 4054 2063 4107 die
2085 4053 2222 4107 belli.
2257 4051 2382 4106 Non
2411 4051 2760 4106 custodierunt
2785 4057 3140 4104 testamentum
3183 4044 3302 4112 Dei,
3340 4053 3390 4098 et
3416 4044 3471 4098 in

1900 4147 2011 4217 lege
2057 4145 2168 4216 ejus
2196 4145 2472 4199 noluerunt
2489 4141 2772 4197 ambulare.
2790 4139 2862 4194 Et
2880 4139 3022 4196 obliti
3041 4147 3160 4193 sunt
3174 4135 3469 4208 benefacto-

1899 4253 2013 4290 rum
2056 4235 2188 4306 ejus,
2216 4243 2268 4288 et
2287 4233 2600 4288 mirdbilium
2640 4233 2753 4304 ejus
2774 4241 2886 4303 qua
2912 4227 3132 4285 ostendit
3156 4227 3249 4281 eis.
3281 4223 3470 4279 Coram

1904 4324 2135 4397 patribus
2170 4339 2347 4378 eorum
2385 4324 2506 4395 fecit
2543 4321 2802 4377 mirabilia
2846 4323 2902 4376 in
2939 4329 3076 4375 terra
3114 4315 3363 4388 Egypti,
3411 4313 3469 4366 in

1897 4433 2080 4486 campo
2115 4413 2333 4470 'I‘aneos.
2379 4411 2662 4485 Interrupit
2699 4429 2842 4467 mare
2877 4421 2927 4468 et
2965 4411 3204 4484 perduxit
3252 4425 3372 4474 eos,
3419 4415 3469 4459 et

1896 4510 2076 4564 statuit
2097 4525 2261 4578 aquas
2280 4508 2429 4579 quasi
2447 4509 2503 4561 in
2529 4515 2661 4561 utre.
2687 4505 2755 4560 Et
2782 4505 2998 4560 deduxit
3017 4505 3169 4559 eosin
3194 4500 3327 4556 nube
3345 4500 3469 4564 diei,

1896 4611 1946 4655 et
1970 4610 2075 4654 tota
2102 4609 2250 4654 nocte
2269 4602 2324 4654 in
2356 4600 2732 4654 illuminatione
2769 4597 2924 4670 ignis.
2959 4593 3244 4664 Interrupit
3272 4599 3470 4661 petram

1894 4695 1949 4748 in
1979 4709 2166 4758 eremo,
2213 4692 2512 4762 adaquavit,
2535 4707 2642 4754 eos,
2683 4689 2814 4743 velut
2851 4689 2908 4740 in
2947 4683 3130 4754 abysso
3175 4680 3356 4736 multa.
3403 4674 3473 4728 Et

1896 4785 2074 4840 eduxit
2118 4799 2305 4854 aquam
2347 4781 2410 4834 de
2454 4775 2622 4852 pet'ra,
2655 4789 2704 4833 et
2748 4777 2928 4832 eduxit
2975 4783 3214 4845 tanquam
3255 4769 3474 4839 ﬂumina

1899 4893 2080 4948 aquas.
2104 4874 2172 4928 Et
2194 4881 2538 4947 opposuerunt
2551 4871 2720 4925 adhuc
2745 4883 2956 4939 peccare
2969 4867 3044 4932 ei,
3069 4866 3124 4920 in
3147 4865 3283 4919 iram
3303 4863 3474 4918 conci-

1904 4977 2136 5024 taverunt
2163 4965 2440 5021 Excelsum
2469 4967 2525 5019 in
2554 4967 2822 5032 inaquoso.
2862 4959 2933 5015 Et
2969 4965 3283 5016 tentaverunt
3309 4955 3474 5011 Deum

1901 5061 1958 5114 in
1997 5057 2234 5114 cordibus
2263 5059 2368 5110 suis
2386 5096 2401 5122 ,
2430 5065 2486 5110 ut
2526 5064 2754 5127 peterent
2777 5070 2923 5109 escas
2959 5053 3230 5109 animabus
3248 5050 3376 5106 suis.
3405 5045 3476 5099 Et

1903 5151 2040 5204 male
2076 5149 2232 5203 locuti
2264 5156 2386 5202 sunt
2429 5148 2493 5202 de
2518 5145 2649 5213 Deo,
2692 5147 2953 5214 dixerunt,
2997 5143 3247 5217 Nunquid
3292 5138 3483 5211 poterit

1907 5240 2044 5295 Deus
2093 5255 2282 5312 parare
2327 5255 2553 5295 mensam
2581 5240 2636 5294 in
2671 5238 2905 5295 deserto?
2933 5236 3188 5303 Quoniam
3227 5226 3478 5302 percutit

1902 5339 2103 5401 petram
2144 5340 2194 5384 et
2218 5331 2478 5398 ﬂuxerunt
2505 5346 2681 5404 aquae,
2721 5341 2771 5386 et
2811 5336 3058 5384 torrentes
3078 5320 3472 5378 inundaverunt.
3507 5371 3509 5376 ,

1907 5423 2159 5498 Nunquid
2198 5435 2247 5479 et
2292 5442 2476 5497 panem
2519 5427 2705 5497 poterit
2725 5424 2868 5487 dare,
2896 5434 3085 5512 parare
3386 5425 3477 5512 po~

1906 5517 2027 5589 pulo
2063 5518 2194 5572 suo?
2221 5516 2368 5588 Ideo]
2393 5518 2586 5572 audivit
2625 5514 2878 5568 Dominus
2914 5519 2964 5562 et
3007 5504 3225 5566 distulit,
3249 5509 3297 5582 et
3341 5502 3478 5573 ignis

1908 5626 2152 5665 accensus
2180 5619 2256 5664 est
2279 5609 2462 5673 Iacob,
2493 5619 2542 5662 et
2564 5608 2645 5660 ira
2664 5601 2895 5656 ascendit
2921 5600 2976 5650 in
2999 5593 3185 5649 Israel.
3215 5590 3351 5657 Quia
3377 5613 3476 5651 non
3501 5618 3504 5624 '

1910 5703 2237 5757 crediderunt
2265 5703 2320 5754 in
2361 5699 2488 5762 Deo,
2514 5713 2605 5750 nec
2635 5697 2968 5762 speraverant
3005 5687 3058 5737 in
3099 5686 3315 5741 salutari
3344 5687 3476 5758 ejus.

1911 5793 1982 5853 Et
2009 5793 2277 5846 mandavit
2316 5788 2530 5842 nubibus
2559 5785 2796 5850 desuper,
2825 5789 2874 5833 et
2897 5781 3089 5853 januas
3118 5777 3233 5832 cali
3259 5781 3460 5835 anei-nit
