4088 6346
664 342 768 399 455

1974 340 2244 398 ARNOBII
2280 340 2584 400 JUNIORIS
3807 349 3898 406 156

667 450 735 507 Et
760 453 889 522 pluit
910 453 1016 506 illis
1046 467 1238 506 manna
1260 451 1330 504 ad
1351 451 1800 516 manducandum,
1832 461 1880 504 et
1908 470 2093 521 panem
2124 453 2237 507 cteli
2262 456 2313 515 Α
2340 470 2487 509 suam
2516 458 2720 528 sprevit.
2753 456 2969 512 Iuvenes
2992 472 3167 514 eorum
3195 458 3415 514 comedit
3433 461 3596 531 ignis,
3627 468 3678 515 et
3699 436 3891 532 virgines

661 544 801 599 dedit
839 546 931 598 eis.
966 542 1161 596 Parisiis
1187 542 1485 613 angelorum
1505 543 1836 597 manducavit
1856 540 2236 609 ltomo,cibaria

658 637 800 689 misit
826 635 900 689 eis
922 635 979 688 in
1000 632 1339 688 abundantia.
1364 624 1651 688 Transtulit
1670 632 1902 689 (lustrum
1929 635 1994 688 de
2019 635 2163 699 caelo,
2185 644 2239 690 et

657 724 936 780 induxitin'
960 726 1145 780 v‘irltlte
1162 732 1258 781 sua
1288 726 1537 798 africum,
1569 734 1618 781 et
1643 724 1773 800 pluit
1803 732 1956 799 super
1991 736 2076 783 eas
2105 729 2237 782 sicut

655 816 910 886 patvere»:
949 822 1154 883 carnes,
1186 827 1235 871 et
1256 819 1389 872 sicut
1416 826 1629 873 arenam
1659 821 1816 873 maris
1851 818 2084 875 volatilia
2118 818 2237 892 pen-

656 912 805 960 nata.
837 904 908 960 Et
942 907 1241 962 ceciderunt
1272 910 1327 962 in
1365 909 1534 963 medio
1563 917 1851 964 castrorum
1878 926 2052 964 eorum
2095 912 2235 964 circa

657 996 993 1051 tabernacula
1036 1004 1235 1052 eorum.
1285 986 1355 1053 Et
1400 999 1872 1066 manducaverunt,
1921 1010 1971 1055 et
2016 1000 2235 1055 saturati

653 1095 774 1140 sum
795 1087 968 1153 nisus,
1001 1094 1051 1142 et
1081 1086 1393 1143 desiderium
1421 1102 1595 1144 eorum
1639 1082 1812 1145 attulit
1851 1094 1947 1159 eis,
1985 1110 2088 1147 non
2116 1098 2235 1148 sunt

652 1174 887 1247 fraudati
918 1195 951 1232 a
992 1179 1246 1235 desiderio
1280 1196 1391 1235 suo.
1430 1178 1610 1234 Adhuc
1643 1194 1773 1236 escae
1800 1190 1974 1237 eorum
2003 1178 2150 1238 erant
2178 1185 2233 1237 in

656 1276 749 1325 ore
771 1268 1022 1342 ipsorum,
1044 1281 1095 1326 et
1118 1274 1203 1327 ira
1224 1271 1327 1345 Dei
1364 1274 1596 1327 ascendit
1630 1290 1785 1339 super
1813 1291 1917 1329 eos.
1948 1268 2018 1328 Et
2046 1276 2236 1330 occidit

652 1361 868 1433 pingues
897 1368 1094 1428 eorum,
1123 1372 1175 1417 et
1193 1364 1378 1418 electos
1401 1363 1565 1418 Israel
1595 1365 1875 1436 impedivit.
1910 1364 1973 1418 In
1997 1357 2231 1421 omnibus

648 1450 737 1506 Itis
764 1458 1100 1523 peccaverunt
1126 1455 1314 1520 adhuc,
1345 1464 1393 1509 et
1422 1460 1527 1509 non
1568 1454 1901 1510 crediderunt
1932 1459 1987 1511 in
2017 1457 2230 1512 mirabi-

650 1541 788 1597 libus
804 1543 940 1615 eﬁss.
962 1543 1034 1598 Et
1058 1544 1353 1617 defecerunt
1371 1546 1427 1600 in
1446 1548 1673 1602 vanitate
1693 1548 1802 1602 dies
1824 1546 2018 1615 eorum,
2034 1548 2084 1604 et
2104 1554 2230 1606 anni

651 1632 831 1689 eorum
846 1640 965 1689 cum
984 1636 1335 1707 festinatione.
1371 1637 1497 1692 Cum
1534 1634 1791 1693 occideret
1817 1650 1903 1693 eos
1933 1634 2267 1712 duatre'ba‘nto

652 1736 789 1791 eum,
812 1734 866 1779 et
898 1725 1297 1807 moriebantur,
1337 1738 1387 1782 et
1423 1727 1650 1807 diluculo
1682 1726 1954 1785 veniebant
1984 1730 2053 1785 ad
2090 1738 2223 1786 eum.

654 1813 725 1868 Et
758 1804 1084 1873 mentonis
1108 1820 1233 1872 sunt
1247 1848 1273 1885 ,ι
1300 1820 1421 1890 quia
1441 1804 1583 1874 Deus
1620 1820 1834 1892 adjutor
1853 1828 1931 1876 est
1961 1832 2154 1887 eorum,
2179 1830 2229 1877 et
2256 1829 2308 1892 Β

651 1904 790 1961 Deus
816 1906 1046 1964 excelsus
1066 1910 1361 1980 redemptor
1381 1914 1557 1966 eorum
1585 1916 1680 1967 est.
1711 1910 1785 1967 Et
1804 1912 2096 1968 dilexerunt
2115 1930 2230 1969 eum

648 1999 704 2052 in
730 2014 819 2053 ore
836 2008 953 2067 suo,
973 2010 1024 2055 et
1042 2001 1221 2074 lingua
1240 2014 1337 2056 sua
1352 2005 1557 2058 θηρηιίιί
1580 2016 1701 2060 sunt
1726 2007 1795 2060 ei.
1822 2003 1923 2060 Cor
1954 2016 2123 2061 autem
2143 2025 2230 2065 eo-

648 2105 763 2143 rum
788 2092 894 2146 non
920 2101 1035 2146 erat
1050 2096 1253 2148 rectum
1279 2102 1393 2149 cum
1420 2108 1500 2160 eo,
1535 2114 1628 2151 nec
1641 2097 1822 2169 ﬁdeles
1849 2097 2011 2154 habiti
2032 2111 2154 2156 sunt
2172 2100 2229 2158 in

649 2189 950 2239 testamento
968 2185 1098 2254 ejus.
1126 2184 1248 2256 Ipse
1266 2196 1436 2243 autem
1461 2197 1538 2243 est
1556 2192 1868 2258 misericors,
1897 2202 1948 2247 et
1973 2196 2226 2265 propitius

647 2271 736 2340 ﬁet
758 2274 978 2342 peccatis
994 2291 1189 2343 eorum,
1215 2286 1266 2330 et
1293 2293 1399 2333 non
1425 2278 1687 2351 disperdet
1710 2297 1817 2336 eos.
1856 2279 1928 2335 Et
1947 2282 2229 2338 abundavit

646 2369 705 2412 ut
734 2372 981 2417 averteret
1006 2365 1136 2419 iram
1163 2381 1343 2432 suam,
1378 2373 1430 2422 el
1462 2386 1568 2425 non
1606 2366 1841 2426 accendit
1863 2390 2064 2429 omnem
2092 2376 2227 2431 iram

648 2467 814 2505 suam.
835 2450 882 2505 Ε
888 2463 907 2505 t
924 2455 1224 2511 recordatus
1242 2465 1340 2524 est,
1353 2460 1611 2528 quiacaro
1629 2471 1749 2516 sunt
1768 2479 1786 2516 :
1807 2466 2017 2533 spiritus
2035 2457 2224 2521 vadens

654 2552 705 2597 et
742 2559 845 2597 non
878 2545 1109 2601 rediens.
1143 2545 1391 2611 Quotiens
1432 2554 1865 2609 exacerbaveruut
1888 2573 2001 2610 eum
2040 2559 2095 2612 in
2136 2560 2226 2615 de-

649 2642 805 2701 serto,
830 2636 889 2689 in
917 2634 1054 2691 iram
1083 2630 1465 2696 concitaverunt
1488 2646 1606 2698 cum
1626 2645 1683 2699 in
1701 2628 1971 2718 inaquoso.
2003 2646 2076 2703 Et
2094 2660 2222 2706 con-

646 2724 779 2780 versi
805 2737 928 2783 sunt
948 2738 1001 2785 st
1023 2738 1344 2788 unuth
1370 2734 1558 2802 Deum,
1593 2748 1644 2792 et
1669 2744 1904 2795 sanctum
1924 2738 2094 2797 Israel
2131 2761 2223 2799 ea:-

646 2816 1032 2877 acerbaccrunl.
1090 2821 1216 2880 Non
1257 2832 1380 2882 sunt
1425 2829 1682 2886 recordati
1735 2846 1921 2889 manus
1973 2834 2083 2908 ejus
2140 2838 2224 2894 die

645 2921 744 2983 qua
770 2914 988 2971 me
1012 2924 1103 2974 eos
1142 2918 1208 2976 de
1248 2922 1408 2977 manu
1440 2922 1753 2982 tribalau'tis.
1784 2924 1935 2983 sua:
1960 2930 2131 3001 posuit
2166 2929 2222 2985 in

645 3002 876 3076 Egypto
904 3008 1057 3080 signa
1076 3016 1199 3079 sua,
1237 3020 1287 3066 et
1314 3002 1554 3087 prodigia
1575 3022 1669 3071 sua
1697 3019 1754 3073 in
1783 3022 1965 3091 campo
1995 3016 2216 3076 Taneos.

647 3093 982 3154 Etcon'uer‘lit
1016 3102 1075 3156 in
1115 3104 1420 3181 sanguinem
1458 3102 1676 3176 ﬂumina
1703 3122 1909 3180 eorum,
1948 3119 1999 3166 et
2030 3111 2219 3169 imbres

644 3196 815 3244 eorum
839 3194 905 3246 ne
928 3192 1173 3250 biberent.
1200 3196 1347 3252 Misit
1371 3201 1428 3253 in
1452 3214 1538 3255 eos
1563 3203 1901 3276 ctenomyiam
1926 3212 1977 3260 et
1996 3206 2217 3262 comedit
2243 3193 2292 3259 C

643 3292 766 3347 eos;
787 3286 838 3338 'el
1130 3296 1180 3342 et
1213 3286 1521 3361 disperdidit
1558 3290 1666 3348 eo‘s.
1714 3288 1783 3348 Et
1821 3292 1963 3351 dedit
2000 3299 2222 3371 terugini

642 3375 837 3445 [mm
861 3380 1067 3445 eorum,
1099 3380 1151 3434 et
1169 3378 1371 3437 labores
1399 3392 1579 3439 eorum
1604 3378 1830 3442 locustis.
1855 3384 1928 3441 Et
1949 3389 2137 3444 occidit
2162 3392 2220 3446 in

641 3468 897 3539 grandine
924 3468 1101 3527 vineas
1133 3472 1309 3529 eorum
1337 3485 1388 3531 et
1411 3478 1593 3534 moros
1612 3492 1788 3535 eorum
1805 3481 1861 3536 in
1896 3482 2106 3552 pruina.
2148 3482 2221 3539 Et

639 3560 855 3614 tradidit
875 3563 1369 3636 grandinijumsnta
1391 3585 1588 3637 eorum,
1610 3574 2022 3643 etpossessiones
2041 3593 2219 3631 eorum

800 3648 1018 3708 Hisitin
1038 3658 1124 3711 eos
1149 3658 1282 3711 iram
1316 3657 1695 3732 indigrtdtibnis
1723 3679 1862 3731 sure,
1894 3664 2217 3738 indignatio-

642 3741 761 3794 rie'in
784 3744 989 3799 e'tir’am
1017 3755 1067 3828 et
1102 3746 1504 3819 tribulationem,
1541 3752 1916 3812 immissionem
1944 3768 2035 3827 per
2064 3766 2218 3832 tinge-

640 3832 720 3888 los
747 3836 932 3892 mulos.
984 3832 1134 3895 Viam
1162 3842 1284 3915 fecit
1301 3846 1498 3902 semita:
1524 3846 1622 3903 ira:
1648 3856 1774 3918 suos,
1797 3867 1899 3906 non
1928 3853 2155 3924 pepercit
2182 3870 2216 3906 a

637 3932 800 3982 morte
841 3929 1115 3989 aitiir‘iabus
1158 3944 1353 4003 eorum,
1394 3948 1444 3993 et
1478 3941 1718 4011 fomenta
1755 3954 1927 3999 eorum
1959 3940 2015 3999 in
2051 3954 2215 4004 morte

636 4019 902 4076 conclusit.
951 4021 1023 4078 Et
1059 4030 1310 4096 percussit
1348 4044 1497 4086 omne
1540 4034 1937 4108 primogenitum
1974 4039 2030 4093 in
2076 4044 2215 4094 terra

637 4109 877 4185 Egypti,
905 4118 1157 4187 primitias
1185 4124 1349 4177 omnis
1380 4123 1573 4181 laboris
1599 4146 1771 4184 eorum
1793 4129 1847 4185 in
1870 4132 2213 4190 tabernaculis

637 4201 816 4256 Cham.
841 4202 912 4295 Et
932 4208 1140 4262 abstulit
1160 4212 1291 4266 sicut
1314 4220 1427 4268 oves
1450 4216 1694 4295 populum
1716 4237 1884 4288 suum,
1902 4232 1950 4276 et
1970 4224 2211 4295 perduxit

636 4298 721 4347 eo‘s
750 4290 994 4367 tenariam
1019 4308 1219 4370 gregem
1247 4302 1300 4356 in
1329 4293 1546 4361 deserto.
1580 4294 1652 4361 Et
1678 4300 1894 4364 deduxit
1919 4290 2005 4367 eos
2026 4314 2079 4366 in
2101 4331 2210 4385 spe,

637 4386 688 4437 el
715 4392 819 4439 non
849 4387 1144 4454 timuerunt,
1181 4398 1231 4445 et
1257 4392 1491 4449 inimicos
1520 4406 1695 4452 eorum
1723 4403 1923 4470 operuit
1948 4410 2108 4457 mare.
2141 4401 2213 4457 Et

634 4470 844 4530 induxit
868 4484 954 4532 eos
990 4476 1044 4532 in
1085 4488 1306 4537 montem
1333 4486 1762 4564 sanctiﬁcationis
1804 4494 1938 4559 sate,
1983 4503 2235 4567 montem»

2341 563 2513 600 eorum
2536 564 2638 602 non
2664 558 2783 604 sunt
2813 553 3127 606 lamentata.
3172 550 3483 607 Sacerdotes
3507 569 3686 606 eorum
3714 556 3764 607 iu
3796 555 3892 626 glu-

2342 636 2426 691 dlo
2454 640 2772 708 ceciderunt,
2803 651 2853 695 et
2880 641 3046 696 vidua:
3088 658 3263 697 eorum
3310 659 3415 697 non
3441 641 3793 714 plorabantur.
3832 643 3892 698 Et

2338 724 2588 785 excitatus
2625 741 2704 787 est
2749 742 2991 805 tanquam
3037 733 3297 789 dormiens
3345 732 3624 798 Dominus,
3678 743 3892 804 tauquam

2339 828 2519 888 potens
2556 822 2852 892 crapulatus
2905 841 2938 877 a
2977 825 3112 879 vino.
3142 822 3215 876 Et
3243 825 3493 895 percussit
3533 824 3771 878 inimicos
3792 840 3891 879 suos

2337 909 2390 963 in
2419 914 2724 982 posteriora,
2757 915 3088 986 opprobrium
3109 917 3485 986 sempiternum
3520 915 3669 969 dedit
3695 915 3811 970 illis.
3834 916 3892 970 Et

2338 1001 2525 1072 repulit
2554 996 2941 1060 tabernaculum
2979 1005 3196 1074 Ioseph,
3238 1015 3289 1061 et
3321 1004 3511 1061 tribum
3550 1005 3781 1078 Ephrem
3806 1025 3889 1061 non

2336 1088 2507 1162 elegit.
2533 1086 2640 1149 Sed
2658 1096 2811 1168 elegit
2839 1095 3026 1152 tribum
3044 1097 3202 1164 Juda,
3227 1108 3452 1153 montem
3479 1095 3632 1164 Sion,
3664 1116 3802 1171 quem
3826 1099 3890 1153 di-

2337 1178 2480 1235 lexit.
2496 1181 2567 1236 Et
2594 1186 2868 1256 aedificavit
2884 1188 3015 1241 sicut
3037 1190 3363 1244 unicornium
3389 1189 3742 1259 sauctiﬁcium
3766 1205 3890 1243 sunt

2335 1275 2389 1327 in
2419 1283 2562 1328 terra
2588 1294 2741 1348 quam
2768 1278 3001 1348 fundavi
3024 1281 3079 1334 in
3108 1280 3319 1335 sarcula.
3343 1280 3414 1335 Et
3436 1282 3592 1353 elegit
3611 1280 3782 1345 David
3804 1298 3891 1335 set"

2335 1386 2451 1423 vum
2480 1386 2645 1438 suum,
2668 1383 2717 1426 et
2744 1374 2951 1427 sustulit
2977 1391 3093 1428 eum
3113 1375 3176 1429 de
3203 1374 3442 1448 gregibus
3464 1378 3637 1431 ovium
3665 1393 3683 1431 :
3715 1376 3777 1430 de
3797 1385 3890 1447 post

2336 1468 2557 1537 fetantes
2587 1467 2783 1537 accepit
2803 1483 2937 1520 eum.
2969 1466 3195 1523 Poscere
3224 1468 3388 1524 Jacob
3415 1485 3618 1524 servum
3652 1484 3825 1536 suum,
3850 1480 3889 1526 tt

2337 1538 2504 1610 Israel
2535 1556 2885 1613 bwreditatem
2925 1576 3094 1613 suam.
3143 1558 3214 1613 Et
3243 1562 3383 1633 pavit
3418 1579 3506 1617 eos
3534 1562 3593 1615 in
3620 1563 3889 1618 innocentis

2334 1647 2505 1703 cordis
2534 1650 2634 1713 sui,
2659 1660 2711 1703 et
2734 1651 2788 1704 iu
2817 1650 3161 1706 iutellectibus
3182 1667 3434 1707 manuum
3459 1669 3676 1708 suarum
3701 1652 3886 1708 deduxit

2398 1762 2422 1798 8
2430 1783 2443 1797 .

2332 1761 2393 1801 eo
2895 1828 3331 1870 COIIENTABIUI.

2404 1932 2557 2002 Quod
2578 1931 2821 2004 promisit
2865 1931 2976 1987 Deo
3004 1932 3060 1987 in
3086 1931 3481 2003 septuagesimo
3512 1941 3693 1998 sexto,
3723 1934 3817 1991 hoc
3839 1934 3881 1989 in

2332 2016 2724 2097 septuagesimo
2738 2023 2965 2093 septimo
2984 2022 3289 2079 hominibus
3310 2022 3490 2078 tradit.
3507 2022 3587 2079 Ibi
3609 2023 3747 2079 dixit
3765 2024 3879 2079 Deo:

2330 2117 2533 2173 Memor
2552 2134 2639 2171 ero
2668 2114 2732 2169 ab
2758 2112 2906 2170 initio
2922 2110 3242 2170 mirabilius:
3271 2120 3495 2171 tuorum.
3529 2115 3630 2171 Hic
3657 2116 3782 2172 dicit
3804 2131 3882 2187 po-

2330 2215 2459 2286 pulo
2513 2233 2525 2264 ς
2581 2211 2798 2281 Loquar
2840 2210 3243 2281 propositiones
3288 2212 3355 2267 ab
3395 2211 3571 2279 initio,
3594 2213 3810 2267 virtutes
3840 2219 3883 2267 et

2329 2306 2593 2363 mirabilia
2622 2304 2740 2374 ejus
2766 2319 2885 2374 qua:
2922 2302 3068 2369 fecit,
3100 2310 3161 2357 ut
3204 2311 3497 2372 cognoscat
3523 2303 3793 2373 generatio
3815 2302 3884 2356 al-

2331 2401 2465 2464 lera,
2497 2394 2557 2452 ni
2588 2395 2682 2450 ﬁlii
2716 2392 3002 2451 nascentes
3030 2400 3337 2465 exsurgant.
3384 2393 3493 2465 Ipsi
3532 2402 3737 2450 narrent
3774 2392 3879 2447 ﬁliis

2328 2491 2459 2557 suis,
2489 2498 2549 2544 ut
2576 2504 2685 2544 non
2714 2484 2987 2543 conﬁdant
3015 2485 3069 2540 in
3094 2484 3281 2541 mundi
3308 2482 3494 2551 lucris,
3524 2500 3633 2540 non
3660 2484 3712 2539 in
3736 2491 3883 2537 terre—

2326 2580 2411 2637 nis
2438 2576 2814 2651 cupiditatibus
2838 2575 3038 2644 saeculi,
3054 2570 3148 2632 sed
3169 2576 3223 2631 in
3246 2574 3358 2631 Deo
3378 2575 3497 2631 solo
3526 2582 3728 2647 ponant
3752 2587 3881 2644 Spem

2327 2670 2498 2741 suam,
2523 2679 2578 2727 et
2607 2686 2714 2726 non
2758 2664 3140 2726 obliviscantur
3168 2683 3332 2739 opera
3379 2668 3478 2724 Dei
3512 2668 3615 2734 sui,
3660 2675 3713 2723 et
3747 2682 3878 2720 man-

2325 2765 2450 2820 data
2480 2763 2596 2833 ejus
2620 2762 2925 2833 exquirant.
2942 2756 3015 2816 Ut
3041 2775 3149 2816 non
3180 2759 3311 2815 ﬁant
3336 2759 3477 2816 sicut
3494 2767 3677 2830 patres
3696 2772 3873 2819 eorum,

2324 2871 2494 2927 genus
2521 2869 2745 2927 pravum
2770 2862 2824 2911 et
2847 2868 3207 2925 peramarum.
3237 2853 3380 2909 Sane
3408 2852 3578 2923 genus
3605 2866 3725 2908 cum
3751 2849 3870 2914 dicit,

2324 2950 2450 3001 ante
2477 2944 2774 3002 considera.
2805 2944 2922 3000 Non
2941 2945 3087 3000 enim
3114 2943 3417 3000 creaturam
3439 2942 3495 2998 in
3515 2940 3869 2997 damnabilibus

2322 3016 2484 3105 Deus,
2516 3034 2608 3091 sed
2637 3035 2969 3091 voluntatem
2990 3030 3331 3090 condemnat.
3361 3031 3564 3090 Videns
3606 3045 3728 3102 ergo
3765 3031 3864 3102 quia

2320 3130 2491 3200 genus
2512 3126 2862 3200 vituperando
2890 3127 3239 3198 quaestionem
3263 3122 3485 3193 fecerat,
3518 3140 3707 3181 erueus
3744 3123 3862 3179 hunc

2321 3234 2626 3275 sermonem
2677 3234 2710 3274 a
2762 3216 3034 3274 Creatoris
3063 3216 3275 3288 injuria,
3325 3216 3575 3287 exposuit
3618 3227 3722 3271 non
3767 3227 3865 3269 esse

2322 3311 2535 3381 generis
2562 3310 2768 3387 vitium,
2799 3309 2893 3366 sed
2922 3306 3234 3365 voluntatis.
3279 3306 3602 3365 Prosecutus
3629 3308 3761 3363 erum
3784 3305 3862 3366 ait,

2323 3402 2518 3469 Genus,
2551 3404 2742 3474 inquit,
2767 3400 2913 3473 quod
2933 3420 3042 3459 non
3071 3401 3326 3457 direxerit
3347 3417 3444 3458 cor
3462 3414 3631 3458 suum.
3652 3398 3717 3454 Et
3735 3397 3867 3468 quasi

2323 3497 2684 3568 interrogatus
2730 3503 2913 3563 esset,
2969 3494 3239 3565 quomodo
3302 3510 3414 3551 non
3459 3492 3736 3550 direxerint
3786 3504 3868 3545 cor

2320 3603 2496 3655 suum,
2509 3582 2812 3660 respondit:
2831 3584 2967 3654 Quia
2988 3602 3095 3642 non
3125 3585 3483 3643 custodierunt
3509 3590 3865 3639 testamentum

2321 3678 2440 3742 Dei,
2491 3688 2546 3734 et
2594 3678 2647 3733 in
2695 3676 2812 3746 lege
2848 3676 2964 3747 ejus
3010 3677 3300 3732 noluerunt
3332 3673 3606 3731 ambulare.
3635 3669 3857 3726 Diceudo

2319 3768 2595 3826 noluerunt
2649 3764 2875 3824 exclusit
2913 3768 3124 3838 culpam
3163 3784 3193 3823 a
3235 3780 3448 3837 genere,
3475 3771 3528 3819 et
3554 3763 3748 3818 crimen
3772 3775 3865 3814 vo-

2319 3862 2541 3919 luntatis
2561 3862 2811 3928 ostendit,
2834 3877 2932 3932 per
2959 3876 3121 3930 quam
3166 3858 3316 3916 obliti
3344 3866 3469 3915 sunt
3490 3853 3865 3911 benefactorum

2319 3960 2375 4010 et
2396 3950 2718 4009 mirabilium
2746 3944 3088 4022 Dei,.quando
3117 3950 3296 4006 divisit
3322 3964 3471 4005 mare
3500 3956 3557 4003 ut
3576 3945 3860 4004 transirent.

2318 4055 2375 4104 et
2402 4046 2588 4103 statuit
2607 4061 2773 4115 aquas
2799 4045 2913 4115 ejus
2939 4045 3064 4099 hinc
3093 4044 3217 4099 inde
3243 4043 3396 4112 quasi
3422 4041 3476 4096 in
3504 4049 3646 4104 utre;
3672 4034 3860 4107 quando

2317 4136 2470 4193 duxit
2480 4152 2575 4193 eos
2587 4134 2639 4191 in
2652 4137 2899 4193 columna
2912 4135 3068 4190 nubis
3079 4150 3175 4205 per
3186 4135 3347 4201 diem,
3364 4141 3421 4189 et
3434 4131 3487 4189 in
3500 4132 3732 4187 columna
3744 4127 3857 4195 ignis

2315 4222 2413 4300 per
2424 4236 2655 4295 noctem;
2665 4226 2876 4298 qnando
2886 4228 3027 4297 rupit
3038 4228 3091 4282 in
3101 4226 3313 4295 deserto
3326 4233 3537 4297 petram
3548 4232 3600 4281 et
3609 4219 3855 4292 adaquavit

2316 4302 2411 4375 eos
2426 4317 2569 4374 velut
2588 4319 2641 4373 in
2656 4319 2849 4390 abysso
2860 4318 3044 4387 multa,
3059 4324 3113 4372 et
3126 4317 3295 4388 potati
3311 4317 3512 4387 gratias
3525 4331 3629 4372 non
3644 4317 3850 4384 egerunt,

2312 4408 2410 4466 sed
2438 4418 2803 4483 apposuerunt
2821 4424 3063 4480 peccare.
3096 4407 3164 4463 Et
3186 4409 3260 4463 ita
3291 4416 3349 4463 ut
3376 4408 3521 4464 male
3542 4408 3852 4479 loquerentur

2312 4502 2382 4558 de
2407 4502 2541 4568 Deo,
2582 4510 2642 4557 ut
2679 4501 2919 4557 dicerent
2944 4519 2957 4554 :
2988 4499 3127 4557 Ecce
3163 4500 3230 4556 de
3261 4506 3414 4583 petra
3443 4499 3628 4583 eduxit
3651 4509 3811 4566 aquam
3830 4531 3847 4558 ν

634 4574 778 4637 quem
808 4564 1075 4641 acquisivit
1095 4572 1306 4673 decrero
1325 4577 1459 4673 ejus.
1492 4572 1566 4631 Et
1591 4561 1740 4650 eiecit
1790 4599 1823 4637 a
1872 4584 2006 4655 facie
2031 4602 2206 4642 eorum
2231 4561 2289 4624 Ῑ)
2304 4561 2555 4664 nunquid
2579 4608 2772 4664 panem
2791 4593 2991 4673 poterit
3009 4592 3171 4648 dare?
3189 4561 3314 4648 Huic
3332 4570 3604 4660 dicebant,
3633 4561 3741 4662 quia
3757 4599 3853 4640 non

632 4665 826 4743 gentes,
858 4666 909 4714 et
924 4669 1061 4746 sorte
1090 4662 1261 4719 divisit
1289 4666 1363 4722 eis
1394 4677 1584 4724 terram
1611 4673 1666 4726 in
1696 4672 1925 4746 funiculo
1954 4674 2205 4734 distribu-

634 4750 804 4836 tionis.
837 4744 910 4805 Et
931 4744 1165 4839 habitare
1188 4758 1323 4839 fecit
1342 4759 1398 4813 in
1443 4744 1787 4832 tabernaculis
1826 4770 1999 4823 eorum
2041 4768 2203 4828 tribus

633 4833 820 4896 Israel.
846 4838 918 4897 Et
935 4832 1267 4903 'l‘entoveiunt
1294 4859 1346 4904 et
1380 4854 1811 4911 exacerbaverunt
1836 4856 2004 4915 Deum
2031 4864 2203 4918 excel-

632 4946 762 4999 sum,
794 4942 843 4991 et
872 4939 1160 4994 (alimonia
1207 4940 1318 5013 ejus
1344 4956 1447 5000 non
1494 4950 1858 5006 custodierunt.
1893 4950 1966 5008 Et
2002 4963 2200 5011 averte-

632 5032 751 5080 runt
776 5032 849 5099 se,
871 5037 920 5081 et
940 5032 1042 5083 non
1065 5030 1390 5089 servaverunt
1406 5038 1632 5107 paetum,
1662 5043 2091 5112 quemadmodum
2111 5064 2199 5118 pa-

630 5124 734 5170 tres
766 5116 941 5172 eor'tlm
987 5116 1213 5176 conversi
1251 5120 1371 5178 sunt
1408 5127 1462 5181 in
1499 5120 1677 5184 arcum
1704 5138 1935 5203 pravum.
1971 5133 2037 5190 In
2066 5116 2200 5193 iram

630 5206 1016 5291 concitaberunl
1041 5210 1153 5264 eain
1192 5212 1247 5266 in
1274 5210 1649 5286 collibtts‘s’uis,
1689 5230 1738 5275 et
1787 5225 1842 5277 in
1870 5226 2200 5297 ‘sculptilibus

2314 4682 2605 4742 credebant
2624 4682 2734 4740 Deo
2761 4700 2879 4751 suo,
2903 4699 3003 4740 nec
3022 4690 3372 4754 speraverant
3399 4683 3456 4738 in
3484 4683 3711 4740 salutare
3734 4675 3851 4747 ejus.

2312 4760 2382 4830 Et
2408 4772 2680 4829 mandavit
2720 4773 2946 4829 nubibus
2978 4772 3225 4846 desuper.
3267 4772 3334 4828 Et
3370 4772 3571 4844 januas
3606 4771 3719 4829 οωιί
3744 4780 3852 4838 ape-

2310 4868 2438 4925 ruit.
2467 4865 2666 4923 Januas
2686 4856 2904 4923 abusive
2931 4850 3152 4934 dictum,
3175 4867 3314 4923 sicut
3334 4860 3406 4923 de
3436 4876 3581 4923 terra
3604 4885 3617 4921 :
3640 4860 3853 4936 Aperuit.

2309 4960 2501 5031 inquit,
2530 4974 2592 5015 os
2619 4974 2772 5014 suum
2805 4974 2820 5013 :
2853 4957 3137 5029 Aperiendi
3159 4973 3321 5015 causa
3345 4946 3545 5028 exegit,
3575 4966 3630 5013 et
3655 4958 3704 5012 in
3731 4962 3856 5008 terra

2310 5067 2374 5109 os
2401 5059 2455 5108 et
2480 5051 2534 5106 in
2558 5051 2721 5113 ccelis
2751 5050 2941 5121 januas
2970 5052 3248 5107 nominare
3267 5091 3286 5120 ,
3309 5059 3365 5107 et
3390 5051 3530 5122 pluit
3554 5051 3657 5107 illis
3683 5059 3857 5103 manna

2307 5144 2378 5200 ad
2406 5138 2830 5200 manducandum
2870 5162 2884 5198 :
2934 5144 3147 5212 Manna,
3197 5144 3385 5200 Latine
3430 5144 3577 5215 quod
3616 5142 3859 5199 dicimuS.

2307 5218 2437 5305 quid
2477 5244 2559 5292 est
2594 5236 2716 5304 hoc,
2766 5235 2895 5291 dicit
2950 5232 3224 5293 Hebraeus.
3266 5237 3400 5293 Cum
3446 5250 3578 5306 ergo
3625 5244 3862 5304 tanquam

628 5298 735 5352 suis
766 5297 837 5352 ad
862 5296 1238 5357 amnicum»:
1265 5310 1375 5359 eum
1396 5312 1810 5378 prouocauerunt.
1832 5312 2045 5397 ‘Audivit
2058 5316 2199 5372 Deus

2322 5340 2494 5380 semen
2533 5325 2801 5382 coriandri
2853 5326 3101 5397 pluerent
3147 5327 3298 5392 coeli,
3346 5327 3738 5396 interrogantes
3757 5320 3865 5377 ‘ﬁlii

626 5399 679 5445 et
702 5392 908 5463 sprevit,
940 5400 992 5447 et
1024 5392 1097 5448 ad
1121 5392 1337 5452 nihilum
1368 5400 1563 5472 redegit
1590 5402 1739 5456 valde
1779 5392 1968 5459 Israel.
2019 5404 2090 5459 Et
2117 5425 2199 5462 re-

626 5483 778 5552 plevit
804 5482 1188 5544 tabernaculum
1218 5486 1373 5565 Silo,
1393 5492 1775 5564 tabernaculum
1805 5510 1950 5552 suum
1979 5497 2066 5554 ubi
2092 5501 2193 5555 ha-

628 5572 802 5627 bitavit
820 5566 875 5630 in
905 5574 1213 5636 hminibus.
1247 5579 1317 5637 Et
1345 5584 1559 5639 tradidit
1585 5587 1639 5639 in
1660 5574 2005 5658 captivitatem
2033 5591 2193 5645 virtu-

630 5666 727 5748 rem
754 5679 931 5721 eorum
958 5679 1007 5748 et
1030 5672 1457 5742 pulchritudinem
1485 5686 1659 5733 eorum
1690 5681 1742 5733 in
1773 5696 1952 5735 manus
1973 5684 2187 5738 inimici.

632 5746 698 5803 Et
728 5746 1046 5813 conclusitin
1082 5757 1255 5834 gladio
1281 5768 1520 5837 populum
1556 5787 1701 5826 suum
1720 5812 1734 5839 ,
1766 5783 1813 5826 et
1839 5771 2248 5852 hwreditatem“

1236 5922 1295 5931 “c

2303 5414 2468 5471 Israel
2498 5433 2692 5472 nomen
2716 5417 2997 5485 dederunt,
3011 5418 3136 5473 dum
3156 5427 3418 5489 quzerunt.
3438 5402 3581 5473 Nam
3602 5419 3831 5473 dicentes
3853 5429 3867 5464 :

2308 5502 2449 5569 Quid
2474 5516 2566 5573 est,
2601 5506 2653 5562 id
2681 5516 2763 5563 est
2790 5523 3004 5575 manna,
3038 5509 3104 5564 de
3152 5509 3254 5565 hoc
3288 5509 3432 5578 quod
3473 5494 3868 5579 interrogabant

2301 5596 2487 5664 verbo,
2532 5614 2729 5653 nomen
2768 5599 2976 5668 species
3019 5594 3136 5671 ipsa
3176 5601 3430 5670 suscepit,
3478 5601 3625 5669 quod
3655 5596 3871 5655 auxesin

2298 5686 2501 5745 iaciens
2530 5684 2742 5759 adjecit.
2773 5688 2972 5745 Panem
2994 5690 3113 5747 οωιί
3135 5684 3279 5746 dedit
3299 5685 3395 5756 eis,
3420 5682 3516 5762 per
3535 5691 3871 5747 occasionem

2302 5782 2512 5837 manna:
2541 5782 2694 5854 panis
2722 5782 2813 5852 qui
2840 5781 2907 5840 de
2943 5783 3081 5840 coelo
3109 5780 3384 5841 descendit
3409 5785 3716 5841 nominatus
3741 5789 3825 5839 εει
3854 5797 3868 5834 :
