4088 6346
239 346 350 467 r57

1136 368 1607 431 COMMENTARII
1644 368 1713 429 IN
1750 366 2079 427 PSALMOS.
2123 366 2313 428 PSA]...
2359 371 2613 433 LXXVII.

3419 380 3525 439 ω

242 496 473 560 Panem,
505 491 695 562 inquit,
725 490 1034 561 angelorum
1065 486 1407 545 manducavit
1449 486 1633 544 homo.
1662 484 1832 553 Quid-
1861 484 1916 546 Α
1939 496 2100 553 sunt,
2145 486 2278 542 nihil
2316 487 2369 540 in
2418 488 2609 558 spiritu
2639 488 2911 559 sapientes
2934 530 2949 557 ,
2999 494 3053 546 et
3094 486 3310 565 spiritus
3346 504 3531 550 essent

240 585 378 655 quid
404 584 762 641 mternitatem
789 581 842 638 in
870 580 1108 652 potando
1138 588 1193 636 et
1219 580 1273 635 in
1303 576 1674 634 manducando
1699 592 1837 649 pne-

236 685 375 740 stat,
402 676 700 746 angelicum
726 682 831 741 est,
860 689 970 729 non
991 674 1200 730 habens
1230 679 1481 744 putentes
1508 678 1671 741 atque
1698 677 1837 725 ster-

144 810 149 819 .
237 783 437 825 cereas
479 766 823 837 digestiones.
875 752 1087 825 Habent
1137 765 1282 821 enim
1328 763 1578 819 universa
1622 756 1837 817 vivendi

234 862 545 927 materiam,
568 868 626 916 et
647 861 765 916 sive
791 860 988 930 angeli,
1019 875 1116 915 seu
1148 874 1487 930 quaecunque
1510 858 1564 914 in
1591 852 1729 913 cmlo
1749 854 1834 910 vi-

235 962 399 1019 vunt,
447 969 556 1010 non
594 953 699 1009 sibi
744 953 865 1009 sine
912 952 1170 1008 alimento
1218 949 1507 1008 sufficiunt.
1552 950 1832 1006 Ducuntur

234 1046 389 1101 enim
426 1040 579 1100 fame
615 1053 671 1101 et
710 1044 822 1110 siti,
852 1044 968 1100 sive
1002 1043 1174 1099 laudis
1202 1043 1432 1098 Domini.
1478 1041 1547 1096 Et
1587 1041 1834 1097 esuriunt

233 1147 296 1195 et
320 1139 515 1194 sitiunt
537 1136 805 1207 justitiam
834 1135 970 1206 ejus,
1014 1151 1111 1208 per
1146 1150 1309 1206 quam
1353 1136 1728 1205 pinguescunt,
1777 1140 1833 1187 et

232 1219 505 1286 mternum
542 1228 753 1301 apicem
783 1236 987 1284 tenent.
1018 1227 1168 1284 Sicut
1194 1243 1226 1282 e
1254 1226 1528 1283 contrario
1567 1226 1830 1296 apostatm

232 1320 422 1391 angeli
445 1319 689 1376 'esuriunt
716 1328 771 1375 et
796 1320 987 1375 sitiunt
1015 1308 1351 1388 injiistitiam,
1384 1325 1439 1373 et
1470 1332 1537 1373 ex
1566 1332 1633 1374 eo
1663 1331 1829 1388 opere

231 1414 572 1483 saginantur.
600 1411 738 1467 Nam
767 1419 822 1468 et
849 1412 994 1482 quod
1022 1410 1151 1467 dicit
1178 1411 1437 1467 Dominus
1478 1410 1708 1482 gaudere
1730 1427 1829 1464 an-

1941 586 2150 647 cuntes,
2176 586 2236 633 et
2265 594 2371 633 non
2397 586 2755 636 revertentes.
2781 579 2907 636 Ideo
2936 597 3080 653 saepe
3109 572 3364 639 Dominus
3390 590 3524 656 pec-

1940 660 2215 727 catoribus
2252 664 2307 726 in
2332 671 2441 727 hoc
2485 670 2687 728 mundo
2718 666 2955 729 laetitiam
2978 681 3033 730 et
3060 672 3443 731 abundantiam
3471 686 3531 732 et

1938 764 2239 835 potentiam
2260 771 2571 836 usurpatam
2592 762 2866 836 relinquit,
2907 766 3033 838 quia
3054 765 3157 823 scit
3175 779 3293 837 quae
3318 766 3532 840 passuri

1938 864 2064 911 sunt
2091 855 2145 911 in
2188 856 2448 925 gehennze
2477 854 2748 921 incendio,
2778 865 2835 913 et
2861 854 3158 916 condolens
3204 856 3303 928 eis,
3334 858 3531 917 avertit

1939 951 1994 1006 in
2023 951 2127 1007 hoc
2163 950 2359 1007 szeculo
2380 948 2517 1005 iram
2542 966 2695 1006 suam
2725 950 2794 1006 ab
2840 948 2938 1007 eis.
2980 949 3099 1009 Hoc
3135 950 3518 1021 considerans,

1937 1030 2081 1115 quod
2119 1054 2310 1099 euntes
2340 1034 2492 1099 ibunt
2526 1042 2583 1098 in
2631 1038 2908 1099 interitum
2953 1044 3142 1101 interni
3189 1045 3443 1114 incendii,
3473 1052 3532 1104 et

1937 1134 2078 1189 ultra
2105 1150 2212 1190 non
2243 1130 2488 1191 redeunt.
2521 1131 2804 1203 Quotiens,
2835 1134 3029 1206 inquit,
3062 1138 3530 1194 exacerbaverunt

1937 1241 2061 1282 eum
2084 1228 2140 1283 in
2180 1227 2419 1293 deserto,
2462 1243 2572 1283 non
2593 1224 2941 1283 recordantes
2970 1224 3114 1284 diem
3142 1243 3248 1299 qua
3276 1222 3531 1286 liberavit

1939 1337 2036 1377 eos
2056 1321 2318 1378 Dominus
2344 1322 2412 1379 de
2440 1338 2604 1378 manu
2632 1316 2954 1389 tribulantis,
2981 1330 3036 1379 et
3060 1322 3313 1379 inimicos
3340 1339 3529 1380 eorum
3610 1384 3613 1391 ,

1946 1413 2097 1484 prius
2126 1411 2312 1468 decem
2342 1412 2514 1485 plagis
2542 1415 2838 1484 percussit,
2868 1422 3059 1484 postea
3096 1413 3262 1469 etiam
3290 1413 3345 1468 in
3391 1411 3531 1471 mari

232 1504 382 1577 gelo:
407 1506 462 1560 in
492 1504 620 1560 calo
646 1521 799 1579 super
823 1520 984 1558 unum
1011 1506 1364 1576 pauitantem,
1405 1503 1694 1560 ostendere
1734 1520 1829 1560 νο·
1931 1507 2138 1572 mersit,
2170 1507 2318 1578 ipsos
2364 1514 2544 1563 autem
2575 1506 2761 1564 eduxit
2798 1514 3055 1577 tanquam
3096 1514 3282 1579 pastor
3308 1520 3438 1561 oves
3472 1504 3529 1561 in
3612 1548 3623 1565 .

232 1596 343 1651 luit
362 1595 432 1651 ad
446 1611 635 1652 eorum
662 1578 1012 1651 refectionem
1041 1594 1261 1651 rediisse
1290 1609 1388 1666 per
1408 1594 1675 1664 justitiam
1701 1606 1826 1650 eum
1928 1598 2167 1665 deserto,
2196 1608 2253 1655 et
2278 1599 2488 1655 induxit
2518 1598 2575 1655 in
2596 1608 2817 1656 montes
2840 1595 3275 1655 sanctiﬁcationis
3298 1612 3430 1665 sum,
3458 1605 3517 1652 et
3543 1664 3547 1673 Δ
3616 1578 3622 1601 ⁸

233 1689 337 1759 qui
378 1703 478 1760 per
530 1686 847 1758 iniustitiam
901 1696 1115 1744 ventres
1163 1686 1468 1743 daemonum
1523 1687 1821 1757 saginabat.
1930 1689 2098 1761 ejecit
2121 1706 2153 1746 a
2177 1690 2315 1747 facie
2340 1706 2527 1747 eorum
2556 1700 2768 1761 gentes.
2801 1689 2869 1745 Et
2905 1698 3030 1761 post
3057 1690 3258 1757 omnia,
3289 1687 3420 1759 quid
3445 1686 3500 1744 fe
3541 1700 3547 1743 ε

232 1782 453 1849 Quanta
475 1788 601 1837 sum
625 1781 787 1837 etiam
811 1781 864 1836 in
886 1782 1220 1852 corporibus,
1253 1795 1375 1851 qua:
1402 1781 1521 1837 sine
1548 1789 1823 1838 stercorea
1914 1783 2155 1838 cerunt?
2178 1783 2513 1838 Averterunt
2551 1797 2629 1849 se,
2655 1781 2858 1852 inquit.
2888 1790 2945 1836 et
2967 1796 3072 1837 non
3102 1780 3531 1837 observaverunt

233 1874 540 1945 digestione
568 1874 833 1942 reﬁciunt,
861 1886 919 1930 ut
942 1882 1027 1930 est
1047 1875 1269 1930 nuntius
1288 1875 1489 1940 bonus,
1508 1882 1567 1930 ut
1589 1882 1674 1930 est
1694 1874 1833 1929 odor
1862 1858 1911 1925 Β
1938 1883 2156 1946 pactum
2178 1876 2318 1932 sicut
2346 1883 2527 1946 patres
2547 1890 2756 1937 eorum,
2790 1873 2864 1928 ita
2892 1872 3057 1928 etiam
3084 1879 3146 1927 ut
3172 1871 3225 1927 in
3264 1870 3530 1942 sculptili-

235 1966 500 2037 Optimus,
526 1974 585 2021 ut
610 1975 696 2023 est
723 1974 977 2047 aspectus
1005 1966 1286 2032 mirabilis,
1312 1973 1372 2020 ut
1399 1972 1481 2020 at
1514 1965 1688 2034 gratia
1716 1981 1835 2020 ma-
1936 1968 2039 2024 bus
2066 1968 2179 2025 suis
2205 1968 2590 2031 simularentur
2617 1983 2742 2023 eum
2776 1985 2788 2020 :
2815 1963 3047 2038 Propter
3075 1966 3197 2033 hoc,
3235 1965 3427 2035 inquit,
3451 1979 3530 2019 rea

236 2057 436 2129 jorum,
461 2068 520 2114 ut
536 2067 628 2114 est
652 2058 839 2129 opinio
870 2059 1095 2128 optima,
1127 2074 1247 2129 qua:
1292 2057 1489 2113 dicitur
1516 2058 1682 2112 etiam
1710 2071 1835 2112 ossa
1940 2059 2075 2128 pulit
2114 2058 2521 2114 tabernaculum
2570 2056 2741 2113 Silon.
2773 2054 2924 2113 Facit
2964 2057 3116 2113 locus
3140 2063 3329 2113 contra
3354 2055 3531 2111 hatre-

236 2149 594 2220 impinguare.
628 2148 753 2205 Haec
778 2148 900 2204 ideo
927 2148 1180 2212 diximus,
1199 2156 1258 2202 ut
1277 2148 1626 2203 ostendamus
1655 2148 1837 2202 omnia
1941 2149 2199 2220 ticos'qui
2229 2148 2432 2214 dicunt,
2467 2163 2566 2219 pro
2597 2148 2825 2204 duorum
2858 2148 3099 2219 peccatis
3120 2142 3350 2201 filiorum
3384 2142 3525 2211 Hei,

237 2255 361 2310 qua:
390 2242 443 2295 in
491 2240 631 2296 coelo
672 2247 727 2295 et
771 2254 891 2309 qua:
916 2240 970 2293 in
1000 2247 1146 2294 terra
1187 2246 1314 2293 sunt
1360 2238 1647 2293 invisibilia
1676 2246 1840 2307 atque
1943 2240 2085 2297 Deus
2098 2239 2276 2309 justus
2295 2255 2513 2295 omnem
2532 2236 2969 2309 lsraelpopulum
2991 2232 3523 2299 tradiditPhilistmis,

241 2332 499 2399 visibilia,
529 2339 585 2387 et
613 2345 897 2386 mensuras
935 2345 1062 2385 suas
1080 2330 1302 2392 habere,
1345 2330 1471 2399 quia
1508 2328 1657 2384 solus
1698 2328 1840 2384 Deus

244 2424 551 2496 Emmeusus
598 2431 710 2489 est;
757 2430 815 2478 et
862 2436 961 2492 per
1007 2421 1381 2492 compaginem
1410 2436 1520 2476 suae
1564 2420 1840 2491 qualitatis

240 2518 562 2583 subsistere,
593 2516 719 2585 quia
765 2515 918 2570 solus
946 2514 1090 2569 Deus
1119 2514 1470 2585 incorporeus
1507 2520 1627 2579 est;
1658 2521 1714 2567 et
1734 2527 1839 2583 per

245 2608 411 2663 aliam
456 2608 813 2664 substantiam
847 2608 1045 2674 vivere,
1093 2607 1217 2676 quia
1253 2606 1402 2661 solus
1449 2606 1589 2661 Deus
1638 2604 1836 2660 nullius

250 2706 394 2768 eget.
427 2698 546 2771 Ipse
568 2707 748 2755 autem
778 2698 1029 2754 omnibus
1056 2706 1141 2752 est
1180 2697 1549 2761 necessarius,
1580 2696 1682 2766 ipsi
1722 2695 1836 2750 nul-

243 2786 348 2844 lus.
364 2788 471 2846 Sed
498 2791 622 2861 quia
643 2789 804 2845 nimia
823 2790 994 2859 gratia
1012 2789 1242 2860 ,pietatis
1260 2803 1368 2843 sua:
1396 2788 1658 2843 facturam
1678 2802 1833 2843 suam

244 2884 302 2939 in
332 2882 582 2938 omnibus
609 2882 800 2951 diligit,
824 2881 1077 2951 dignatur
1100 2896 1202 2952 per
1229 2878 1422 2949 legem,
1454 2895 1552 2950 per
1574 2879 1834 2936 virtutum

239 2971 460 3042 judicia,
489 2971 1082 3049 per'compunctionem
1129 2970 1341 3035 cordis;
1376 2986 1477 3040 per
1505 2969 1835 3038 magnitudi-

240 3079 368 3120 nem
391 3078 616 3135 operum
651 3063 932 3118 hominum
979 3062 1208 3117 invitare
1255 3060 1550 3117 hominem.
1602 3059 1671 3114 Et
1715 3059 1838 3116 idet)

237 3178 352 3218 non
390 3162 566 3221 solum
596 3176 774 3233 panes
820 3161 1178 3230 angelorum,
1224 3160 1320 3217 sed
1364 3168 1421 3216 et
1440 3161 1620 3217 avium
1647 3174 1840 3216 carnes

239 3253 710 3308 innumerabilium
729 3252 1241 3322 concupiscentibus
1261 3251 1452 3307 tribuit
1471 3252 1633 3307 etiam
1651 3252 1833 3321 ingra-

240 3344 333 3403 tis.
364 3343 525 3400 Et‘ne
546 3344 774 3399 inultum
804 3344 1139 3413 ingratorum
1165 3343 1369 3398 crimen
1395 3343 1683 3414 posteritas
1724 3358 1834 3400 non

240 3436 461 3490 timeret
484 3449 611 3489 eum
639 3433 816 3489 adhuc
844 3421 981 3488 esca:
1010 3440 1385 3490 eorum-erant
1411 3434 1465 3489 in
1490 3449 1589 3491 ore
1618 3450 1827 3502 eorum,

239 3526 322 3580 ira
346 3525 443 3581 Dei
472 3524 622 3584 venit
648 3539 814 3596 super
838 3540 957 3591 eos,
990 3525 1116 3596 quia
1147 3542 1255 3582 non
1292 3526 1640 3582 crediderunt
1666 3528 1831 3583 mira-

238 3617 436 3673 bilibus
464 3616 622 3686 ejus.
661 3615 987 3672 Defecerunt
1032 3617 1087 3672 in
1111 3618 1349 3674 vanitate
1374 3617 1490 3673 dies
1535 3633 1745 3683 eorum,
1774 3626 1833 3673 et

238 3711 370 3765 anui
391 3725 722 3766 eorumcum
750 3708 1113 3767 festinatione.
1147 3711 1347 3767 Verum
1392 3712 1556 3781 quia»,
1590 3720 1648 3767 ut
1675 3712 1784 3767 dixi
1811 3752 1828 3776 ,

239 3813 300 3859 tu
346 3805 393 3860 si
436 3821 543 3861 non
588 3807 731 3861 malo
777 3814 997 3863 coactus
1028 3807 1351 3864 benefacere
1396 3824 1507 3863 non
1535 3809 1660 3863 vis:
1693 3808 1831 3863 Cum

240 3893 538 3961 occideret,
582 3896 778 3964 inquit,
819 3912 933 3960 eos,
969 3898 1287 3967 quaerebant
1332 3913 1478 3962 eum,
1517 3906 1572 3953 et
1607 3914 1834 3955 conver-

243 3990 422 4037 tentes
450 3978 704 4039 diluculo
726 3985 1014 4041 veniebant
1058 3986 1129 4040 ad
1164 4002 1308 4041 eum.
1359 3986 1513 4042 Tunc
1558 3988 1833 4044 recordati

245 4080 375 4127 sunt
399 4072 525 4143 quia
555 4072 697 4129 Deus
723 4074 939 4143 adiutor
970 4085 1027 4131 et
1063 4084 1342 4146 protector
1372 4092 1562 4133 eorum
1590 4086 1693 4134 est.
1724 4078 1835 4134 Sed

243 4162 512 4230 dicentes,
545 4166 737 4235 inquit,
786 4176 843 4222 tu
873 4183 932 4223 es
978 4168 1122 4225 Deus
1150 4178 1368 4235 noster,
1415 4172 1521 4230 hoc
1542 4172 1683 4238 sola,
1712 4173 1791 4227 ait
1813 4214 1829 4241 ,

240 4255 428 4343 lingua
458 4256 671 4312 mentiti
692 4266 825 4313 sunt
848 4256 920 4325 ei,
950 4274 1046 4315 cor
1088 4267 1269 4325 autem
1306 4276 1503 4318 eorum
1548 4273 1660 4320 non
1708 4276 1828 4320 erat

235 4357 452 4404 rectum
479 4364 601 4404 cum
631 4364 716 4404 eo.
764 4348 922 4425 Unde
959 4360 1014 4407 et
1058 4351 1319 4410 Dominus
1362 4353 1493 4410 dicit
1525 4373 1539 4409 :
1569 4354 1826 4428 Populus,

236 4440 437 4510 inquit,
468 4440 551 4495 hic
569 4438 721 4496 labiis
748 4458 831 4495 nte
852 4442 1042 4516 diligit,
1072 4459 1162 4498 cor
1188 4454 1358 4501 autem
1378 4463 1553 4501 eorum
1578 4446 1734 4520 longe
1750 4457 1829 4504 est

235 4533 566 4607 ameUsui.
609 4534 781 4606 sua).
824 4534 968 4599 Huic,
1008 4552 1179 4606 quare
1225 4538 1372 4596 lucc?
1397 4539 1823 4608 Quialidesnon

1856 4586 1907 4654 D

1942 2332 2173 2405 Spiritus
2202 2348 2331 2388 vero
2357 2340 2577 2388 sanctus
2598 2331 2858 2402 detegens
2905 2331 3110 2387 crimen
3160 2330 3393 2386 universi
3438 2345 3531 2400 po.

1942 2424 2055 2495 puli
2082 2424 2213 2480 dicit
2243 2443 2256 2478 :
2283 2423 2436 2492 Quod
2456 2432 2771 2483 averterunt
2793 2439 2853 2480 se
2887 2440 2917 2479 a
2947 2422 3078 2489 Deo,
3105 2431 3159 2478 et
3191 2439 3297 2479 non
3340 2420 3529 2478 obser~

1939 2516 2185 2572 vaverint
2212 2524 2480 2588 praecepta
2501 2516 2639 2586 ejus,
2669 2517 2810 2573 sicut
2832 2526 2889 2572 et
2915 2526 3099 2589 patres
3126 2532 3314 2573 eorum
3339 2531 3353 2569 :
3377 2513 3526 2581 Ideo,

1940 2609 2148 2679 inquit,
2179 2610 2247 2666 ad
2294 2611 2520 2667 nihilum
2560 2609 2771 2681 redegit
2811 2612 2972 2668 nimis
2999 2611 3184 2677 Israel,
3211 2619 3269 2667 et
3297 2609 3419 2667 ideo
3447 2626 3525 2666 re-

1939 2702 2075 2771 pulit
2097 2703 2506 2761 tabernaculum
2535 2702 2718 2771 Silon,
2751 2704 2874 2761 ideo
2909 2705 3180 2761 convertit
3210 2704 3265 2759 in
3293 2703 3527 2774 captivi-

1940 2802 2108 2850 tatem
2135 2797 2388 2852 virtutem
2418 2798 2684 2868 ipsorum.
2707 2796 2776 2850 Et
2812 2795 3267 2867 pulchritudinem
3294 2807 3485 2848 eorum
3509 2831 3528 2857 ,

1939 2884 1993 2940 id
2021 2896 2124 2950 est,
2156 2901 2341 2943 arcam
2370 2889 2678 2943 testamenti
2725 2887 2939 2942 Domini
2966 2886 3189 2941 tradidit
3235 2886 3290 2940 in
3336 2893 3529 2939 manus

1941 2979 2164 3036 inimici.
2197 2977 2478 3037 Conclusit
2522 2979 2577 3033 in
2602 2977 2788 3047 gladio
2815 2976 3076 3048 populum
3105 2992 3281 3043 suum,
3313 2983 3369 3031 et
3414 2974 3529 3030 hm-

1940 3070 2226 3128 reditatem
2254 3084 2410 3125 suam
2444 3068 2669 3140 sprevit,
2715 3068 2789 3123 ita
2819 3076 2879 3125 ut
2917 3075 2973 3125 et
3000 3067 3319 3124 sacerdotes
3337 3080 3527 3124 eorum

1941 3160 2120 3231 gladio
2146 3158 2440 3229 caderent,
2479 3161 2707 3232 juvenes
2744 3160 2881 3231 ignis
2918 3159 3262 3225 comederet,
3294 3158 3527 3228 virgines

1940 3255 2058 3311 sine
2085 3254 2321 3311 lamento
2349 3255 2621 3326 perirent,
2648 3254 2823 3310 viduae
2850 3253 2967 3311 sine
2994 3251 3333 3325 plorantibus
3360 3253 3527 3308 inter-

1939 3346 2096 3402 irent.
2130 3345 2386 3403 Venimus
2414 3363 2556 3403 nunc
2578 3333 2647 3401 ad
2675 3344 2854 3403 locum
2879 3388 2894 3414 ,
2944 3346 3037 3416 (jui
3064 3362 3166 3401 nos
3194 3346 3262 3400 ab
3299 3342 3528 3402 historia

1934 3437 2002 3495 ad
2030 3440 2317 3510 mysticum
2344 3447 2402 3495 et
2422 3438 2686 3495 moralem
2730 3438 2971 3494 auditum
3016 3436 3278 3508 impellat.
3312 3433 3529 3491 Excita-

1933 3537 2022 3585 tus
2048 3538 2152 3593 est,
2181 3529 2374 3600 ittQuit,
2427 3538 2682 3600 tanquam
2731 3528 3007 3611 dormiens
3047 3524 3330 3583 Dominus.
3374 3524 3528 3594 Quo-

1937 3623 2249 3691 tiescunque
2277 3635 2407 3689 ergo
2436 3619 2721 3691 captivitas
2765 3621 2879 3676 sive
2925 3619 3175 3684 carnalis,
3208 3619 3322 3675 sive
3370 3618 3528 3689 spiri-

1936 3712 2057 3767 talis
2101 3711 2282 3778 venit,
2328 3711 2561 3767 sciamus
2618 3711 2856 3767 dormire
2900 3708 3208 3778 ‘Dominum,
3240 3720 3296 3766 et
3343 3709 3528 3768 tandiu

1932 3796 2151 3870 dormit,
2181 3800 2419 3872 quandiu
2448 3802 2790 3858 inveniantur
2819 3801 3017 3867 idonei,
3048 3803 3140 3873 qui
3162 3802 3279 3856 ausi
3307 3802 3414 3856 sint
3434 3816 3528 3855 ex-

1935 3893 2104 3949 citare
2141 3909 2287 3949 eum.
2337 3891 2455 3949 Hoc
2476 3899 2709 3963 namque
2754 3902 2837 3948 est
2883 3892 3027 3963 quod
3076 3891 3230 3946 tinxit
3270 3890 3529 3946 Dominus

1937 3994 2123 4040 noster
2169 3982 2325 4041 Jesus
2369 3982 2614 4040 Christus
2664 3988 2718 4041 in
2764 3986 2889 4040 navi
2929 3985 3056 4040 dum
3097 3981 3468 4038 transfretaret
3512 4002 3525 4036 :

1938 4076 2104 4132 nimia
2131 4084 2188 4133 et
2215 4074 2621 4147 incomparabili
2649 4085 2970 4147 tempestate
3009 4076 3166 4132 navis
3196 4075 3248 4130 in
3277 4089 3382 4144 qua
3410 4080 3529 4129 erat

1937 4184 2061 4226 cum
2084 4162 2361 4241 discipulis
2388 4170 2518 4236 suis,
2541 4170 2819 4240 agebatur,
2843 4171 2917 4227 ita
2948 4180 3007 4227 ut
3034 4170 3166 4228 nihil
3194 4174 3521 4242 superesset,

1936 4264 2040 4321 nisi
2093 4272 2152 4321 ut
2174 4272 2550 4334 mergerentur
2575 4265 2630 4321 in
2658 4261 2927 4322 ﬂuctibus.
2980 4263 3315 4320 Accedentes
3354 4260 3519 4317 disci-

1934 4354 2045 4425 puli
2073 4354 2141 4409 ad
2182 4353 2542 4411 dormientem
2579 4348 2887 4424 Dominum,
2912 4355 3149 4411 clamore
3192 4368 3316 4410 eum
3355 4351 3522 4408 nimio

1934 4449 2174 4505 excitant
2200 4448 2442 4506 dicentes
2468 4468 2482 4502 :
2515 4447 2834 4521 Prmeeptor,
2864 4452 3090 4521 perimus
3121 4446 3348 4521 (Matth.
3381 4447 3517 4519 vin).

1931 4542 2024 4599 Ille
2053 4550 2235 4599 autem
2271 4555 2498 4611 surgens
2537 4542 2822 4615 imperavit
2850 4543 3056 4608 ventis,
3087 4548 3143 4597 et
3198 4540 3521 4611 quieverunt

236 4634 323 4681 cst
356 4626 544 4682 habita
574 4634 898 4683 testamento
922 4627 1062 4698 ejus.
1093 4628 1223 4684 Sine
1246 4631 1383 4700 ﬁde,
1410 4641 1629 4698 autem,
1662 4644 1728 4690 ut
1750 4636 1829 4691 ait
1857 4626 1907 4654 ν
1936 4636 2091 4692 unda:
2118 4644 2175 4693 et
2198 4636 2556 4708 tranquillam
2578 4636 2857 4692 sunt.Non
2885 4649 3015 4706 ergo
3045 4634 3166 4691 ideo
3186 4633 3386 4691 dormit
3407 4632 3517 4688 Do-

235 4719 555 4789 Apostolus,
598 4718 912 4792 impossibile
962 4730 1042 4776 est
1096 4724 1302 4792 placere
1344 4724 1457 4780 Deo
1486 4724 1682 4797 (Hebr.
1712 4730 1816 4800 ιιι).

236 4811 926 4883 f)iscutiamus.parumper
961 4812 1029 4868 de
1092 4829 1203 4884 quo
1249 4823 1574 4873 testamento
1612 4830 1821 4889 agatur.

234 4903 376 4958 Audi
408 4904 723 4974 Apostolum
755 4924 769 4956 :
830 4904 1106 4972 Hoininis,
1142 4908 1245 4974 ait,
1270 4919 1650 4967 «testamentum
1670 4930 1826 4972 «anno

233 4998 449 5057 irritam
462 4999 609 5069 facit,
650 5008 741 5052 aut
764 5000 1163 5070 supper-arderet.
1208 5001 1432 5057 Abi-alia:
1465 5003 1662 5059 dictum
1693 5018 1776 5061 est
1806 5024 1825 5063 :

235 5091 306 5145 lu
339 5091 534 5145 mitte
554 5100 644 5145 «to
658 5089 978 5146 Mreditabo
1006 5108 1180 5147 omnes
1207 5102 1384 5164 gnum
1411 5110 1428 5148 :
1452 5093 1506 5147 Ν
1509 5113 1600 5160 οη,
1631 5097 1824 5167 inquit,

230 5184 379 5237 dixit
396 5182 773 5249 summ,
796 5184 945 5254 quasi
978 5185 1037 5236 in
1066 5185 1269 5251 multis,
1288 5186 1383 5239 sed
1406 5188 1683 5243 hemina
1712 5199 1821 5256 tuo,

231 5274 378 5346 quod
397 5284 477 5328 est
494 5272 731 5338 Christus
757 5269 956 5337 (Galat.
990 5290 1049 5329 Ill
1069 5274 1111 5345 ).
1143 5272 1258 5329 Hoc
1279 5289 1413 5345 ergo
1436 5284 1823 5335 testamentum

230 5366 386 5438 quod
416 5381 539 5421 cum
584 5366 848 5423 Abraham
883 5376 1037 5437 patre
1065 5383 1257 5424 eorum
1286 5369 1482 5424 habuit
1508 5370 1671 5438 Deus,
1694 5352 1826 5429 dum

230 5458 537 5528 conipleret
566 5458 623 5513 in
653 5446 787 5513 Filio
826 5474 961 5525 suo,
994 5459 1124 5516 ﬁdes
1164 5477 1272 5516 non
1321 5471 1405 5517 est
1430 5463 1615 5518 habita
1654 5472 1825 5525 testa-

229 5557 426 5605 mento
453 5549 586 5618 ejus.
616 5549 733 5621 Ipse
755 5558 936 5605 autem
955 5559 1039 5606 est
1063 5552 1388 5622 misericors,
1402 5555 1571 5610 etiam
1588 5556 1645 5611 in
1663 5573 1826 5615 cruce

229 5641 469 5712 positus,
501 5642 767 5711 propitius
797 5642 853 5695 tit
874 5645 1116 5712 peccatis
1140 5659 1350 5713 eorum,
1375 5655 1451 5711 et,
1472 5662 1597 5703 cum
1617 5656 1821 5717 posset,

232 5750 348 5788 non
374 5732 696 5804 disperdidit
722 5749 838 5788 eos.
881 5734 952 5787 ita
982 5743 1043 5788 ut
1072 5745 1284 5798 rogaret
1334 5736 1548 5793 Patrem
1577 5754 1735 5793 manu
1762 5750 1825 5796 ut

230 5837 289 5883 et
326 5826 438 5895 ipse
467 5827 763 5895 indulgeret
784 5829 877 5882 eis.
913 5829 1045 5895 Quia
1079 5830 1391 5884 recordatus
1412 5840 1493 5888 est
1521 5831 1666 5903 quod
1694 5848 1821 5892 caro

872 5939 1019 5953 νεα-...ο
1046 5946 1050 5950 ι

1933 4728 2130 4795 minus,
2160 4736 2224 4783 ut
2260 4744 2452 4784 somno
2474 4736 2741 4784 teneatur.
2784 4726 3012 4799 Semper
3044 4725 3245 4795 vigilat,
3278 4731 3333 4779 et
3378 4738 3520 4779 nun-

1931 4834 2095 4891 quam
2110 4819 2344 4875 dormiet
2362 4820 2602 4885 omnino,
2629 4833 2805 4889 neque
2824 4817 3153 4874 domitabit.
3178 4814 3285 4871 Sed
3305 4816 3519 4886 quando

1932 4912 1984 4965 ei
2009 4927 2108 4966 nos
2135 4911 2406 4966 sibntium
2435 4909 2659 4966 facimus
2686 4909 2795 4965 tale
2818 4950 2834 4976 ,
2860 4909 3020 4979 quale
3044 4910 3137 4979 qui
3173 4909 3317 4965 dicat
3368 4928 3380 4964 :
3426 4908 3518 4965 Sic

1931 5019 2031 5081 vos
2051 5004 2253 5067 siletis,
2276 5003 2424 5058 sicut
2450 5002 2591 5058 solet
2634 5001 2752 5060 ﬁeri
2799 5000 3071 5058 silentium
3100 5001 3474 5074 patrifamilias
3498 5018 3514 5067 ;

1937 5103 1997 5149 ut
2023 5096 2267 5164 quiescat
2304 5107 2430 5150 ecce
2455 5094 2676 5164 quiesco
2699 5134 2716 5162 ,
2747 5108 2883 5151 ecce,
2900 5094 3063 5163 sileo,
3114 5110 3243 5152 ecce
3279 5092 3512 5156 dormio,

1937 5205 2046 5263 non
2088 5189 2394 5245 orationum
2439 5183 2725 5259 gemitibus
2763 5188 2949 5261 pulsor
2969 5232 2984 5257 ,
3028 5205 3141 5247 non
3184 5186 3517 5259 psalmorum

1936 5281 2159 5343 Vocibus
2185 5281 2484 5352 inquietor,
2514 5296 2615 5338 nec
2642 5280 2869 5340 assiduis
2908 5277 3377 5354 deprecationibus
3415 5288 3515 5328 ex-

1936 5374 2095 5440 citor,
2123 5372 2312 5443 grandi
2336 5374 2439 5431 hoc
2461 5382 2641 5431 vestro
2678 5374 2895 5431 silentio
2941 5386 3042 5442 ego
3084 5369 3315 5431 dormio,
3338 5373 3394 5420 et
3428 5380 3518 5421 me

1934 5466 2237 5523 dormiente
2258 5468 2405 5524 venit
2424 5483 2589 5539 super
2617 5484 2712 5525 vos
2732 5475 2831 5522 aut
2851 5464 3128 5536 spiritalis,
3157 5468 3215 5515 ut
3253 5459 3383 5524 dixi,
3414 5467 3511 5515 aut

1929 5559 2160 5615 carnalis
2189 5569 2480 5631 tempestas
2502 5600 2516 5625 ,
2561 5575 2665 5629 qua
2712 5556 2973 5625 compulsi
3000 5553 3069 5606 ad
3116 5563 3297 5619 regem
3325 5550 3514 5607 confu-

1931 5652 2111 5720 giatis,
2142 5661 2199 5707 ut
2220 5652 2337 5721 ejus
2367 5652 2557 5721 vigiliis
2577 5645 2876 5704 liberemitti
2900 5683 2915 5709 ,
2958 5640 3109 5708 cujus
3136 5658 3327 5699 somno
3358 5647 3509 5715 capi-

1928 5745 2079 5799 milti.
2109 5744 2347 5812 Denique
2374 5742 2637 5796 excitatus
2664 5734 2914 5807 precibus
2940 5741 3281 5802 sanctorum,
3327 5734 3510 5793 audite

1926 5836 2056 5906 quid
2103 5834 2330 5890 fecerit:
2364 5830 2665 5900 Percussit,
2705 5824 2894 5899 inquit,
2938 5836 3128 5883 omnes
3167 5827 3410 5884 inimicos
3455 5830 3511 5886 iu
