4088 6346
596 317 697 369 459

1910 304 2180 362 ARNOBII
2218 303 2518 360 JUNIORIS

3757 311 3856 367 4J0

593 435 804 482 secreto
833 426 1035 482 natium
1062 441 1265 480 eorum.
1303 422 1576 492 Tantaque
1619 423 1847 476 murium
1877 422 2029 491 copia
2074 436 2170 475 ex-
2201 421 2254 479 Δ
2281 422 2509 475 cessoris
2529 423 2609 476 sui
2638 407 2881 487 secutus,
2915 423 3204 476 lamentum
3250 422 3408 478 simul
3449 423 3556 478 Deo
3587 440 3709 478 cum
3738 440 3852 480 ora-

595 517 752 585 stitit,
784 527 843 571 ut
872 517 1046 572 nullus
1071 532 1260 571 eorum
1289 523 1432 570 esset
1461 514 1616 584 cujus
1641 529 1776 568 anus
1805 529 1912 567 non
1943 530 1973 566 a
2009 513 2176 566 muri-

592 607 693 661 bus
718 605 1016 672 roderetur,
1040 607 1113 660 ita
1142 607 1373 670 ut,sicut
1391 605 1521 660 dicit
1550 605 1686 659 liber
1714 604 1920 675 primus
1949 601 2176 669 Regum,

593 701 805 754 exirent
844 699 1213 769 prominentes
1262 698 1469 754 extales
1508 713 1715 754 eorum.
1768 695 1883 751 Hoc
1924 708 2052 763 ergo
2094 703 2178 749 est

594 790 739 862 quod
767 792 844 845 ait
881 807 1023 846 nunc
1053 793 1107 846 in
1152 792 1256 847 isto
1285 793 1510 862 psalmo,
1557 790 1849 846 excitatum
1890 789 2175 843 Dominum

591 884 926 952 percussisse
955 883 1202 939 inimicos
1232 883 1286 937 in
1315 882 1634 953 posteriora.
1667 880 2024 952 Opprobrium
2048 920 2062 945 ,
2095 881 2177 934 in-

590 977 724 1046 quit,
743 977 1128 1048 sempiternum
1156 976 1301 1030 dedit
1325 977 1445 1040 illis,
1472 984 1527 1030 et
1547 975 1744 1045 repulit
1766 972 2174 1028 tabernaculum

588 1064 787 1137 Joseph
810 1068 862 1121 in
893 1081 1058 1136 regno
1086 1066 1281 1122 Saulis.
1312 1065 1440 1120 Durc
1469 1067 1582 1120 ista:
1609 1066 1775 1120 tribus
1798 1064 2052 1119 tenebant
2075 1063 2174 1116 im-

587 1159 820 1227 perimn,
850 1156 1049 1228 Joseph
1072 1158 1277 1213 scilicet
1317 1165 1372 1212 et
1407 1156 1705 1225 Benjamin.
1739 1155 1891 1211 Unde
1932 1154 2170 1223 adjecit,

588 1251 788 1303 tribum
831 1249 1064 1318 Ephrem
1099 1266 1206 1304 non
1250 1250 1438 1318 elegit,
1490 1257 1548 1303 ut
1590 1247 1940 1303 subaudiatur
1980 1245 2047 1300 ad
2087 1261 2174 1300 re-

588 1355 775 1408 gnum,
804 1341 897 1395 sed
923 1341 1084 1408 elegit
1113 1342 1311 1395 tribum
1338 1339 1472 1395 Juda
1502 1341 1567 1395 ad
1601 1354 1843 1409 regnum,
1873 1338 2016 1408 quod
2046 1337 2174 1393 licet

511 1462 520 1502 ἓ
589 1433 641 1484 in
675 1431 838 1485 David
867 1439 994 1486 tunc
1020 1440 1236 1502 pactum
1262 1432 1329 1486 sit
1353 1473 1367 1496 ,
1392 1432 1444 1486 in
1470 1429 1684 1486 Christo
1708 1431 2038 1501 completum
2066 1436 2168 1484 est.

503 1531 515 1574 ς·
585 1522 643 1576 In
678 1531 860 1576 monte
907 1521 1036 1578 Sion
1083 1537 1244 1592 quem
1273 1522 1464 1590 elegit,
1494 1523 1548 1577 in
1583 1537 1691 1592 quo
1727 1520 2010 1576 aediﬁcavit
2033 1517 2174 1574 sicut

499 1597 514 1648 ῖ
595 1615 869 1670 unicornis
897 1615 1258 1670 sanetuarium
1301 1630 1476 1680 suum,
1509 1614 1581 1668 ibi
1609 1623 1795 1679 natus,
1840 1611 1913 1666 ibi
1939 1609 2173 1681 baptiza-

594 1715 700 1769 tus,
734 1706 804 1759 ibi
835 1713 1086 1771 tentatus,
1139 1706 1210 1760 ibi
1253 1706 1304 1760 in
1342 1705 1628 1761 virtutibus
1670 1703 2065 1770 manifestatus,
2097 1701 2170 1757 ibi

2283 514 2430 566 tione
2473 513 2714 568 ethindit.
2780 514 2946 582 Cujus
2999 515 3220 569 historia
3289 515 3611 585 prseteritam
3664 517 3854 574 eadem

2282 599 2683 659 Philistinorum
2742 605 3032 675 explanat,
3084 605 3422 675 prophetiam
3474 603 3708 659 futuram
3754 606 3850 662 Na—

2280 696 2740 756 huchodonosoris
2785 706 3172 754 commemorat
3228 698 3448 753 moralis
3493 699 3668 754 nostri
3707 699 3854 768 hujus

2279 790 2532 860 spiritalis
2597 791 2788 861 przelii.
2851 789 2922 845 Ut
2975 805 3104 845 vere
3165 789 3454 846 dicendum
3508 797 3628 856 est,
3686 789 3851 859 plorat

2279 882 2488 937 venisse
2535 891 2723 952 gentes
2776 882 2829 936 in
2877 881 3241 938 haereditatem
3291 881 3407 937 Dei.
3451 878 3519 935 Et
3569 880 3711 936 liber
3752 879 3849 936 Re-

2278 987 2403 1041 gum
2445 973 2504 1037 I,
2537 974 2604 1029 de
2651 973 2855 1030 Salom.
2884 1015 2898 1041 ,
2958 983 3013 1028 et
3067 989 3191 1030 arca
3240 973 3546 1029 testamenti
3576 982 3846 1041 memorat.

2277 1063 2346 1118 Et
2365 1063 2629 1118 Jeremias
2657 1065 2724 1118 de
2750 1062 3046 1118 Jerusalem
3067 1071 3120 1118 et
3147 1063 3214 1118 de
3235 1063 3451 1134 templo,
3473 1063 3517 1117 si
3543 1062 3850 1133 prophetico

2277 1155 2438 1226 modo
2468 1157 2610 1211 hunc
2636 1156 2898 1225 psalmum
2925 1156 3121 1224 quaeris
3147 1155 3416 1226 explanat.
3467 1155 3576 1210 Nos
3602 1169 3735 1210 vero
3771 1153 3848 1224 qui

2275 1215 2572 1325 Jerujsalem
2613 1256 2849 1301 nostram
2895 1248 3128 1302 animam
3174 1248 3418 1313 dicimus,
3459 1247 3506 1302 si
3544 1256 3732 1302 tamen
3767 1263 3848 1303 rex

2277 1339 2530 1409 paciﬁcus
2548 1341 2836 1408 requiescit
2864 1340 2915 1394 in
2945 1354 3030 1402 ea,
3061 1339 3176 1394 hmo
3187 1339 3401 1408 quando
3420 1354 3518 1410 per
3544 1353 3848 1394 consensum

2276 1445 2450 1494 suum,
2483 1438 2539 1485 et
2566 1438 2788 1501 propter
2809 1430 3185 1500 negligentiam
3213 1446 3387 1496 suam,
3418 1430 3545 1486 dum
3573 1445 3688 1486 non
3710 1445 3849 1501 repu-

2275 1520 2488 1590 gnando
2515 1529 2816 1591 superatur,
2841 1536 2904 1575 ac
2923 1521 3048 1576 dum
3079 1521 3350 1592 peccando
3391 1521 3503 1578 Deo
3528 1523 3599 1577 ab
3638 1521 3755 1592 ejus
3778 1522 3846 1577 ol-

2275 1608 2517 1666 fensione
2545 1611 2870 1676 discesserit,
2896 1611 3120 1666 veniunt
3159 1611 3226 1666 ad
3263 1626 3384 1666 eam
3411 1619 3616 1680 gentes.
3644 1611 3726 1666 Ad
3746 1627 3845 1667 eam

2276 1701 2462 1772 utique
2489 1717 2650 1771 quam
2694 1703 2749 1756 in
2790 1702 3100 1757 hmreditate
3129 1717 3224 1757 sua
3244 1701 3482 1773 possidet
3515 1699 3776 1769 Christus,
3801 1711 3846 1757 et

587 1813 795 1866 passus,
830 1797 901 1850 ibi
940 1806 1215 1864 mortuus,
1259 1797 1330 1852 ibi
1366 1797 1606 1868 sepultus
1627 1839 1642 1864 ,
1687 1797 1761 1852 ibi
1802 1810 2094 1865 exsurgens
2139 1810 2169 1848 a
2199 1795 2249 1856 B
2277 1793 2524 1863 polluunt
2564 1793 2820 1864 templum
2849 1802 3096 1848 sanctum
3134 1793 3270 1863 ejus,
3300 1802 3545 1850 sanctum
3588 1793 3777 1850 factum
3801 1795 3843 1849 in

585 1891 809 1944 mortuis
841 1890 996 1944 tertia
1025 1889 1145 1955 die,
1174 1889 1247 1944 ibi
1275 1888 1516 1946 ascendit
1552 1890 1604 1945 in
1643 1889 1828 1946 caalos.
1857 1887 1914 1945 In
1961 1895 2160 1946 terram

583 1993 743 2046 quam
768 1979 1006 2035 fundavit
1036 1982 1089 2035 in
1120 1982 1312 2037 smcula
1331 2024 1345 2047 ,
1380 1981 1429 2036 id
1467 1990 1577 2047 est,
1621 1983 1675 2036 in
1697 1981 1847 2045 Sion,
1875 1980 1928 2036 id
1954 1990 2069 2045 est,
2106 1981 2162 2037 in

581 2070 818 2128 Ecclesia
848 2083 1176 2129 sanctorum.
1222 2073 1355 2129 Nam
1387 2075 1458 2130 ibi
1481 2072 1719 2144 elegerat
1753 2073 1922 2130 David
1947 2090 2160 2131 servum

581 2178 753 2228 suum,
783 2165 1000 2234 quando
1025 2181 1148 2221 eum
1180 2165 1301 2220 tulit
1345 2165 1412 2220 de
1445 2167 1696 2236 gregibus
1725 2167 1936 2232 ovium,
1968 2173 2028 2221 ut
2066 2181 2162 2237 pa-

582 2262 754 2308 sceret
780 2253 944 2311 Jacob
988 2264 1043 2310 et
1070 2256 1252 2324 Israel,
1294 2257 1661 2313 [nereditatem
1687 2274 1868 2325 suam,
1899 2273 2039 2328 quos
2064 2273 2163 2328 pa-

583 2354 699 2400 scet
725 2362 893 2416 usque
920 2347 1082 2403 hodie
1110 2348 1206 2403 Dei
1234 2348 1399 2403 Filius
1419 2349 1534 2405 sine
1562 2349 1766 2404 malitia
1793 2349 1991 2416 cordis,
2023 2358 2079 2405 et
2107 2350 2162 2404 in

584 2453 745 2492 sensu
770 2453 1024 2494 manuum
1054 2455 1273 2494 suarum
1315 2440 1534 2496 seducet
1563 2457 1680 2495 nos.
1725 2440 1850 2496 Ideo
1875 2441 2019 2496 enim
2047 2456 2164 2494 ma-

586 2543 682 2582 nus
711 2545 836 2584 suas
866 2530 918 2582 in
949 2546 1104 2585 cruce
1135 2531 1356 2593 levavit,
1390 2539 1450 2584 ut
1478 2532 1531 2585 in
1560 2531 1729 2600 gloria
1759 2547 2010 2586 manuum
2039 2547 2165 2586 sua-

583 2634 704 2673 rum
732 2621 926 2690 dirigat
955 2638 1090 2687 nos,
1139 2623 1231 2692 qui
1258 2630 1448 2692 regnat
1493 2639 1614 2678 cum
1657 2622 1819 2679 Patre
1864 2633 1919 2678 et
1962 2623 2164 2696 Spiritu

587 2721 772 2768 sancto
801 2713 854 2768 in
885 2713 1072 2769 saecula
1103 2715 1435 2769 saeculorum.
1476 2714 1665 2770 Amen.

1061 2848 1280 2904 PSALM
1290 2845 1374 2904 US
1411 2847 1686 2902 LXXVIII.

1138 2962 1378 3018 Psalmus
1406 2963 1605 3034 Asaph.

662 3097 821 3164 Deus,
844 3109 1085 3152 venerunt
1113 3109 1285 3171 gentes
1324 3102 1375 3153 in
1417 3100 1767 3154 Iiwreditatem
1791 3108 1947 3162 tuam,
1971 3099 2166 3170 pollue-

2272 1887 2537 1959 baptismo
2557 1903 2752 1961 corpus
2781 1887 2915 1958 ejus.
2958 1886 3172 1943 Ponunt
3214 1887 3527 1953 Jerusalem,
3558 1890 3729 1946 veluti
3753 1907 3835 1961 po—

2267 1997 2478 2036 morum
2504 1981 2820 2037 custodiam.
2842 1979 2920 2037 Ita
2941 1979 3205 2038 desertam
3234 1979 3436 2041 faciunt
3463 1996 3608 2048 eam,
3626 1991 3686 2036 ut
3707 1990 3837 2064 putes

2269 2071 2412 2126 illam
2443 2072 2716 2128 civitatem
2759 2088 3006 2142 magnam
3050 2074 3104 2127 in
3132 2073 3292 2128 vilem
3321 2073 3558 2128 casulam
3588 2071 3836 2129 hortulanl

2271 2180 2606 2222 conversam.
2653 2163 2954 2223 Ροευεῐιιηι
2991 2166 3272 2220 morticina
3321 2182 3602 2221 servorum
3645 2175 3826 2221 IUOI'IIII

2275 2272 2430 2313 escas
2456 2257 2763 2313 volatilibus
2783 2257 2925 2313 cmli.
2951 2256 3069 2312 Hoc
3097 2257 3216 2313 loco
3243 2257 3479 2313 volatilia
3519 2259 3730 2328 spiritus
3748 2259 3832 2311 im:

2270 2349 2455 2405 mundi
2512 2350 2877 2416 nominantur,
2908 2348 2975 2404 de
3003 2349 3197 2419 quibus
3223 2349 3353 2404 dicit
3378 2347 3668 2420 Apostolus
3694 2369 3705 2401 :
3727 2348 3827 2417 Spi-

2270 2441 2408 2497 ritus
2437 2441 2579 2496 aeris
2626 2441 2802 2511 hujus.
2836 2441 2938 2512 Ipsi
2974 2441 3122 2497 velut
3165 2441 3409 2497 volucres
3453 2441 3724 2497 comedunt
3746 2454 3822 2510 per

2271 2538 2537 2595 luxuriam
2567 2554 2759 2594 carnes
2783 2547 3090 2594 sanctorum
3113 2546 3346 2594 tuorum.
3370 2538 3676 2595 Comedunt
3696 2536 3827 2594 simul

2272 2628 2460 2684 bestiae
2508 2637 2684 2696 terras,
2713 2630 2758 2683 si
2787 2628 3070 2684 eﬂ‘udcrint
3123 2630 3436 2699 sanguinem
3484 2645 3688 2695 eorum,
3714 2629 3831 2684 velut

2271 2735 2468 2790 aquam
2493 2722 2636 2778 circa
2662 2722 2830 2792 ipsam
2851 2720 3170 2778 Jerusalem.
3193 2721 3261 2777 Et
3287 2738 3395 2778 non
3418 2721 3576 2777 fuerit
3605 2721 3690 2792 qui
3713 2730 3831 2790 sepc'

2271 2812 2387 2878 liat,
2431 2813 2557 2868 dum
2614 2829 2772 2869 nemo
2819 2824 2902 2870 est
2946 2815 3038 2884 qui
3067 2815 3316 2885 exemplo
3371 2815 3492 2868 vita:
3532 2813 3601 2868 ab
3643 2813 3824 2868 interitu

2273 2906 2465 2961 mortis
2493 2906 2805 2962 abscondat.
2831 2905 2981 2960 Tunc
3009 2905 3272 2961 eﬂicimur
3298 2908 3352 2960 in
3397 2905 3575 2960 derisu
3620 2903 3830 2960 omnibus

2275 2994 2572 3063 daemoniis,
2604 2998 2695 3068 qui
2735 2997 2858 3052 ideo
2883 2997 3043 3053 vicini
3088 2997 3256 3052 nostri
3285 3005 3339 3052 et
3368 2997 3570 3052 inimici
3597 2996 3828 3057 dicuntur,

2274 3088 2399 3158 quia
2423 3102 2525 3143 nec
2561 3103 2670 3143 uno
2691 3088 2908 3157 quidem
2947 3097 3146 3158 puncto
3174 3088 3241 3142 ab
3271 3088 3564 3144 inimicitiis
3586 3087 3726 3158 juxta
3753 3101 3831 3142 nos

591 3198 710 3242 runt
739 3190 979 3259 templum
1009 3165 1240 3242 sanctum
1278 3199 1417 3243 tuum
1441 3229 1454 3248 ,
1489 3200 1767 3259 posuerunt
1794 3165 2084 3244 Jerusalem
2110 3191 2168 3243 in
2196 3165 2244 3232 C
2275 3181 2437 3254 pOSiti
2468 3196 2575 3237 11011
2603 3180 2883 3237 recedunt.
2920 3181 3001 3237 Ad
3049 3182 3161 3237 hinc
3187 3181 3458 3250 rogandus
3485 3181 3754 3247 Dominus,
3786 3188 3828 3235 ιιι

592 3297 864 3348 pontorum
903 3279 1216 3333 custodiam.
1268 3279 1556 3333 Posuerunt
1595 3281 1862 3333 morticina
1912 3296 2171 3334 seruorum

593 3383 793 3426 tuorum
818 3391 961 3427 escas
982 3375 1272 3428 volatilibus
1301 3373 1443 3439 cazli,
1494 3390 1674 3426 carnes
1720 3383 2013 3427 sanctorum
2057 3383 2171 3428 tuo-

590 3481 701 3517 rum
731 3465 899 3517 bestiis
925 3475 1093 3519 terrw.
1120 3463 1429 3532 Effuderunt
1452 3465 1754 3534 sanguinein
1788 3465 2015 3534 ipsorum
2045 3472 2168 3517 tan-

589 3572 738 3624 quam
761 3571 941 3625 aquam
972 3556 1023 3609 in
1054 3557 1268 3609 circuitu
1295 3555 1606 3621 Jerusalem,
1637 3566 1685 3610 et
1705 3574 1804 3610 non
1837 3567 1949 3611 erat
1975 3559 2060 3629 qui
2074 3572 2166 3610 ‘se-

589 3645 788 3713 peliret.
822 3645 971 3699 Facti
1013 3665 1187 3700 sumus
1215 3647 1542 3718 approbrium
1579 3651 1757 3704 vicinis
1801 3650 2022 3715 nostris,
2054 3649 2170 3704 sub-

589 3737 830 3789 sannatio
877 3745 925 3789 et
971 3737 1145 3790 illusio
1193 3739 1259 3790 iis
1301 3740 1386 3809 qui
1440 3742 1492 3792 in
1545 3741 1758 3792 circuitu
1811 3749 1985 3794 nostro
2023 3751 2162 3794 sunt.

591 3825 895 3898 (isqueguo,
947 3826 1186 3892 Domine,
1237 3831 1477 3884 irasceris
1527 3831 1581 3883 in
1622 3832 1808 3900 ﬁnem,
1861 3833 2168 3885 accendetur

587 3919 718 3972 velut
759 3921 890 3990 ignis
935 3921 1071 3975 zelus
1110 3933 1240 3976 tuus.
1287 3920 1515 3991 E/I'unde
1541 3924 1672 3976 iram
1706 3932 1844 3977 luant
1889 3926 1944 3978 in
1989 3934 2167 3996 gentes

586 4026 698 4080 qua!
741 4020 788 4063 te
831 4028 931 4064 non
961 4022 1224 4078 noverunt,
1269 4021 1317 4067 et
1357 4014 1408 4066 in
1439 4031 1598 4084 regna
1637 4031 1748 4086 qua:
1792 4032 1974 4070 nomen
2024 4025 2167 4070 tuum

584 4117 688 4153 non
720 4102 1094 4155 invocaverunt.
1145 4101 1277 4166 Quia
1325 4105 1653 4158 comederunt
1683 4104 1874 4170 Jacob,
1906 4114 1955 4160 et
1996 4109 2166 4161 locum

588 4194 694 4258 ejus
717 4194 1090 4248 desolaverunt.
1109 4194 1190 4248 Ne
1216 4199 1506 4251 memineris
1528 4199 1849 4268 iniquitatum
1870 4210 2164 4253 nostrarum

589 4283 933 4352 mitiquarum,
965 4285 1065 4336 cito
1087 4286 1364 4356 anticipent
1390 4305 1483 4340 nos
1509 4289 1876 4342 misericorditc
1903 4299 2021 4354 tute,
2043 4292 2166 4361 quia

587 4389 837 4441 pauperes
863 4374 986 4444 facti
1016 4390 1190 4426 sumus
1219 4376 1609 4447 nimis.Adjuva
1629 4378 1896 4442 nos,Deus
1917 4380 2164 4435 salutaris

587 4471 778 4526 noster,
811 4470 859 4515 et
891 4474 1098 4534 propter
1133 4464 1351 4535 gloriam
1381 4467 1604 4521 nominis
1640 4470 1711 4521 tui
1749 4467 1909 4523 libera
1956 4487 2080 4537 nos,
2112 4480 2164 4526 et

2275 3271 2513 3329 cﬁ‘undat
2533 3285 2696 3342 super
2714 3286 2810 3327 eos
2845 3273 2980 3326 iram
3007 3286 3176 3328 suam.
3209 3270 3343 3338 Quia
3393 3271 3508 3344 ipsa
3551 3279 3666 3328 sunt
3691 3266 3829 3340 rcgna

2273 3378 2392 3435 qua:
2415 3379 2611 3420 nomen
2640 3364 2757 3435 ejus
2782 3379 2890 3420 non
2919 3364 3190 3431 invocant,
3233 3365 3328 3422 sed
3356 3365 3638 3421 comedunt
3673 3363 3828 3434 quoti-

2273 3457 2360 3513 die
2386 3457 2573 3524 Jacob,
2589 3464 2644 3513 et
2663 3457 2840 3512 locum
2865 3456 3000 3527 ejus,
3033 3456 3176 3526 quod
3205 3465 3322 3512 erat
3349 3467 3588 3512 ornatum
3614 3455 3828 3511 moribus

2273 3550 2328 3604 in
2350 3565 2588 3605 eremum
2609 3556 2948 3606 convertunt.
2982 3547 3250 3604 Eveniunt
3275 3549 3428 3604 nobis
3446 3549 3551 3603 haec
3567 3548 3611 3602 si
3635 3561 3826 3600 memor

2273 3642 2345 3697 sit
2374 3641 2630 3696 Dominus
2658 3641 2999 3711 iniquitatum
3029 3643 3351 3704 nos'trarum,
3382 3639 3566 3692 utinam
3585 3635 3814 3702 antiqua-

2272 3750 2392 3788 rum
2413 3743 2468 3789 et
2493 3751 2598 3790 non
2628 3750 2908 3790 novarum.
2947 3733 3053 3790 Sed
3081 3735 3207 3804 quia
3241 3731 3517 3789 remedium
3549 3726 3818 3784 vulneratis

2273 3835 2357 3880 est
2410 3827 2793 3892 necessarium,
2839 3827 2948 3882 cito
3003 3842 3102 3882 nos
3151 3826 3440 3897 anticipent
3477 3820 3828 3880 misericordiae

2271 3925 2397 3983 tum,
2425 3916 2583 3971 Deus.
2615 3916 2750 3983 Quia
2773 3932 3036 3988 pauperes
3062 3919 3187 3973 facti
3210 3933 3393 3974 sumus
3418 3917 3588 3980 nimis,
3617 3912 3830 3986 perdidi-

2271 4022 2390 4061 mus
2428 4022 2616 4061 aurum
2646 4005 2931 4076 pudicitiae,
2974 4016 3252 4078 argentum
3288 4009 3446 4064 bona:
3496 4003 3826 4062 conscientia.

2269 4097 2378 4152 Nos
2406 4097 2506 4166 ipsi
2522 4097 2698 4168 prmda
2728 4098 2961 4154 hostium
2991 4098 3116 4155 facti
3145 4115 3329 4156 sumus
3350 4107 3571 4172 propter
3595 4098 3832 4153 honorem

2271 4191 2501 4246 nominis
2529 4193 2624 4256 tui,
2651 4191 2894 4258 Domine,
2921 4193 3088 4248 libera
3118 4208 3236 4258 nos,
3269 4201 3324 4249 et
3343 4193 3608 4264 propitius
3625 4199 3750 4256 esto,
3777 4202 3833 4244 ne

2268 4283 2537 4351 gaudeant
2563 4285 2840 4352 increduli,
2873 4294 2927 4342 et
2969 4285 3149 4342 dicant
3182 4305 3194 4340 :
3229 4285 3330 4342 Ubi
3355 4297 3438 4342 est
3461 4287 3605 4343 Deus
3641 4282 3832 4341 eorum?

2268 4375 2506 4432 Defende
2543 4379 2855 4446 sanguinem
2913 4394 3187 4435 servorum
3231 4387 3490 4456 tuorum“
3523 4379 3620 4451 qui
3664 4374 3831 4432 emisti:

2269 4477 2368 4525 est.
2395 4469 2544 4525 Sicut
2589 4469 2730 4524 enim
2759 4471 2812 4524 in
2840 4471 2994 4525 ruina
3016 4471 3293 4526 hominum
3321 4471 3527 4526 habent
3577 4467 3826 4528 (Immunes.

585 4555 835 4625 propitius
857 4567 962 4610 esto
984 4559 1206 4626 peccatis
1233 4561 1422 4613 nostris
1445 4571 1652 4630 propter
1680 4579 1863 4616 nomen
1886 4572 2044 4618 tuum.
2078 4563 2166 4619 Ne
2191 4542 2247 4603 Ῑ)
2272 4561 2346 4616 ita
2372 4563 2425 4616 in
2452 4561 2794 4631 reparatione
2821 4570 3002 4618 nostra
3030 4563 3282 4631 gaudium
3300 4563 3506 4618 habent
3527 4563 3714 4633 angeli.
3731 4558 3831 4630 Spi-

514 4697 516 4700 ,
583 4647 716 4716 forte
744 4646 920 4699 dicant
945 4647 998 4700 in
1030 4649 1296 4719 gentibus:
1319 4649 1416 4705 Ubi
1437 4660 1511 4705 est
1531 4650 1670 4706 Deus
1694 4655 1908 4708 eorum?
1934 4665 1983 4709 et
2009 4658 2163 4711 inno-

583 4745 740 4788 tescat
790 4738 844 4790 in
893 4737 1186 4794 nationibus
1218 4758 1393 4795 coram
1430 4742 1590 4796 oculis
1618 4745 1828 4800 nostris.
1867 4744 2008 4800 Ultio
2035 4765 2159 4801 san-

581 4829 752 4894 guinis
798 4845 1058 4884 servorum
1097 4840 1299 4886 tuorum
1345 4834 1432 4904 qui
1454 4835 1645 4903 eﬂ'usus
1682 4845 1790 4900 est,
1835 4838 2059 4892 introeat
2103 4841 2159 4894 in

579 4929 849 4986 conspectu
880 4931 962 4975 tuo
991 4927 1206 4994 gemitus
1249 4927 1670 4997 compeditorum.
1705 4928 2000 4985 Secundum
2041 4950 2157 4987 ma-

577 5011 896 5081 gnitudinem
938 5014 1132 5071 brachii
1175 5022 1246 5072 tui
1283 5020 1488 5089 posside
1521 5021 1661 5092 ﬁlios
1701 5025 2150 5094 mortiﬁcatorum.

575 5100 646 5154 Et
670 5103 824 5157 redde
844 5107 1021 5160 vicinis
1043 5110 1234 5162 nostris
1262 5113 1549 5182 septuplum
1578 5115 1632 5168 in
1672 5115 1791 5167 sinu
1819 5132 1994 5169 eorum
2012 5156 2027 5180 ,
2060 5118 2153 5170 im-

574 5197 869 5264 properium
897 5199 1122 5267 ipsorum
1141 5201 1276 5270 quod
1294 5203 1731 5272 exprobrauerunt
1754 5207 1842 5260 tibi
1859 5247 1872 5270 ,
1905 5206 2147 5261 Domine.

575 5286 690 5342 Nos
732 5298 899 5343 autem
935 5291 1152 5361 populus
1183 5301 1296 5348 tuus
1323 5304 1373 5347 et
1401 5313 1515 5350 oves
1545 5315 1749 5366 pascua:
1784 5309 1902 5364 tute,
1934 5299 2153 5370 conﬁte—

573 5379 740 5432 bimur
768 5379 856 5434 tibi
876 5382 929 5434 in
950 5382 1211 5436 saxulum.
1233 5383 1299 5438 In
1317 5389 1696 5456 generationem
1709 5399 1758 5442 et
1771 5393 2150 5458 generationem

573 5473 991 5527 minantiabimus
1016 5472 1218 5530 laudem
1238 5484 1395 5530 tuam.

1148 5624 1586 5664 COIIENTABIUM.

647 5732 1076 5804 Septuagesimus
1115 5749 1168 5794 et
1196 5751 1419 5799 octavus
1463 5744 1697 5814 psalmus
1745 5745 1951 5818 apicem
1992 5755 2143 5804 ante-

2271 4653 2406 4707 ritus
2435 4667 2564 4708 vero
2581 4653 2892 4722 nequissimi
2921 4655 3196 4710 interitum
3222 4655 3521 4727 patiuntur,
3553 4672 3674 4713 cum
3692 4656 3830 4710 intra-

2267 4741 2408 4796 verit
2451 4743 2504 4797 in
2557 4752 2850 4814 conspectu
2896 4745 2990 4800 Dei
3037 4747 3267 4814 gemitus
3318 4749 3765 4818 compeditorum.
3789 4741 3835 4797 Si

2266 4840 2476 4886 tantum
2498 4834 2728 4902 gemitus
2753 4851 2853 4905 pro
2891 4837 3126 4906 peccatis
3147 4853 3253 4893 non
3275 4845 3455 4908 potest
3478 4836 3622 4906 ﬁeri,
3648 4837 3744 4893 nisi
3770 4836 3839 4890 in-

2265 4932 2373 4978 tret
2401 4924 2452 4977 iu
2483 4933 2770 4996 conspectu
2801 4925 2916 4982 Dei.
2947 4925 3015 4982 Et
3047 4928 3234 4998 incipit
3270 4927 3572 4984 secundum
3600 4927 3842 4997 magnitu-

2265 5017 2446 5072 dinem
2491 5018 2698 5075 brachii
2754 5019 2836 5074 sui
2883 5022 3159 5091 possidere
3198 5015 3455 5076 deinus
3480 5020 3628 5078 ﬁlios
3652 5021 3842 5080 mortis.

2262 5115 2322 5162 ut
2357 5109 2636 5176 quierant
2679 5109 2772 5165 lilii
2811 5112 2999 5167 mortis
3042 5113 3297 5182 incipiant
3345 5127 3464 5168 esse
3507 5122 3568 5169 et
3597 5113 3693 5168 ﬁlii
3717 5112 3842 5166 vita.

2261 5197 2399 5253 Cum
2420 5200 2710 5256 reddiderit
2737 5201 2964 5257 inimicis
3001 5204 3302 5274 septuplum
3319 5243 3334 5269 ,
3357 5203 3484 5273 quia
3501 5203 3669 5273 quod
3695 5200 3845 5271 septi.

2260 5291 2419 5347 formi
2441 5293 2630 5364 spiritu
2661 5295 2714 5349 in
2745 5295 3079 5366 baptismatis
3107 5307 3352 5367 tempore
3390 5298 3726 5366 promissum
3752 5303 3843 5354 est.

2261 5386 2453 5440 horum
2481 5397 2564 5442 est
2591 5392 3021 5460 suggestionibus
3048 5392 3114 5446 ab
3143 5392 3207 5447 iis
3233 5392 3325 5461 qui
3368 5393 3742 5462 promiserant
3760 5389 3846 5444 de-

2259 5487 2532 5546 negatum.
2565 5481 2706 5537 Satis
2734 5492 2913 5537 autem
2944 5483 3200 5538 facientes
3220 5483 3444 5553 Spiritui
3464 5493 3666 5540 sancto
3699 5494 3846 5552 quem

2258 5567 2314 5622 in
2344 5571 2750 5628 consecratione
2775 5575 3128 5642 suscepimus,
3157 5573 3395 5628 dicamus
3421 5574 3473 5630 ei
3499 5590 3609 5629 nos
3644 5592 3658 5626 :
3684 5573 3850 5642 Popu-

2256 5657 2340 5714 lus
2358 5667 2481 5716 tuus
2519 5669 2574 5717 et
2601 5677 2729 5716 oves
2749 5664 2926 5731 gregis
2952 5662 3048 5728 tui,
3078 5664 3190 5718 sive
3217 5678 3430 5734 pascua:
3467 5671 3602 5730 tum,
3636 5658 3851 5718 conﬁte-

2252 5753 2432 5811 bimur
2453 5756 2547 5810 tibi
2587 5756 2640 5810 in
2669 5757 2882 5824 saecula,
2916 5768 2970 5813 et
3000 5759 3050 5815 in
3082 5759 3335 5815 saeculum
3375 5758 3560 5814 saeculi
3607 5755 3847 5812 narrabi-
