4088 6346
241 397 347 454 tu

1159 401 1625 461 COMMENTARII
1665 401 1728 455 IN
1767 399 2092 457 PSALMOS.
2138 402 2324 460 PSAL.
2371 400 2575 458 LXXX.

3414 395 3518 450 M2

242 529 371 569 mus
392 514 575 568 laudes
600 523 732 579 tuas,
751 515 843 584 qui
871 531 1062 586 regnas
1082 530 1202 570 cum
1219 513 1378 569 Patre
1397 523 1450 568 et
1471 512 1624 575 Filio,
1649 520 1834 566 sancte
1859 513 1912 574 Α
1939 513 2097 568 timus
2121 514 2323 569 rabiem
2351 514 2653 570 da-monum
2686 516 2737 570 in
2766 515 2929 572 corde
2958 521 3144 570 nostro
3173 511 3392 582 ingredi,
3426 511 3516 568 ubi

240 607 514 677 Spiritus,
558 623 697 662 nunc
739 615 792 662 et
821 622 1034 679 semper
1072 609 1125 663 in
1153 616 1351 662 aeterna
1391 605 1582 662 smcula
1612 604 1833 659 seculo.

239 711 391 752 rum.
422 698 613 752 Amen.

744 788 1058 846 PSALMUS
1095 789 1328 846 LXXIX.

238 878 303 936 In
358 877 517 936 ﬁnem
562 896 662 952 pro
707 880 792 937 his
827 884 920 951 qui
971 883 1440 952 commutabuntur
1473 881 1710 952 psalmus
1731 894 1833 951 pro

615 951 850 1023 Assyriis
879 953 1242 1009 testimonium
1271 951 1471 1024 Assph.

317 1058 425 1125 Qui
453 1064 589 1134 regis
637 1060 804 1118 Israel
829 1065 1056 1130 intende,
1076 1065 1161 1136 qui
1189 1064 1396 1119 deducis
1423 1064 1556 1119 velut
1572 1081 1714 1118 ovem
1733 1064 1830 1119 Jo-

231 1155 392 1226 ‘seph.
445 1151 546 1218 Qui
593 1155 737 1210 sedes
782 1171 935 1228 super
978 1155 1224 1210 cherubin
1277 1157 1610 1227 manifestare
1656 1171 1832 1210 coram

239 1243 523 1316 Ephraim,
543 1242 815 1316 Benjarnin
830 1243 1150 1300 etManasse.
1165 1244 1353 1300 Escita
1367 1246 1648 1316 potentiam
1669 1253 1829 1310 tuam,

240 1344 293 1387 et
341 1334 472 1401 veni,
495 1343 552 1388 ut
595 1335 768 1390 salvos
794 1337 961 1407 facias
993 1353 1107 1391 nos.
1133 1334 1273 1390 Deus
1299 1338 1559 1401 virtutum,
1597 1345 1834 1391 converte

240 1443 366 1493 nos,
394 1435 446 1481 et
471 1427 680 1481 ostende
701 1429 888 1496 faciem
923 1427 1084 1494 tuam,
1127 1436 1178 1482 et
1221 1427 1346 1482 salvi
1373 1429 1580 1482 erimus.
1613 1425 1832 1481 Domine

242 1516 392 1573 Deus
413 1519 671 1584 virtutum,
685 1534 940 1591 quousque
957 1519 1199 1573 irasceris
1224 1534 1377 1589 super
1389 1519 1672 1572 orationem
1701 1517 1834 1571 serui

245 1609 364 1662 tui?
384 1606 584 1663 Cibabis
605 1625 698 1663 nos
719 1625 852 1680 pane
870 1609 1235 1680 lacrynsarum,
1253 1619 1306 1664 et
1323 1619 1496 1682 potum
1517 1609 1664 1664 dabis
1685 1611 1833 1666 nobis

239 1701 304 1754 in
335 1700 579 1771 (amntis
604 1701 659 1754 in
696 1715 956 1756 mersura.
993 1700 1221 1756 Posuisti
1244 1717 1341 1757 nos
1377 1703 1432 1757 in
1461 1702 1831 1757 contradictio-

241 1806 374 1845 nem
609 1791 818 1855 nostris,
849 1801 899 1845 et
949 1792 1144 1847 inimici
1185 1795 1350 1848 nostri
1388 1795 1833 1850 subsannaverunt

1937 607 2270 676 suscepimus
2287 604 2578 661 Christum.
2612 605 2680 661 Et
2715 607 2837 662 ideo
2863 608 3016 664 cibus
3034 605 3190 662 nobb
3212 619 3323 661 Ion
3357 604 3516 659 debet

1936 713 2058 753 esse
2076 697 2272 767 gaudii,
2303 697 2396 754 sed
2416 699 2569 768 panis
2597 698 2973 771 lacrymarum,
2996 708 3053 755 et
3077 707 3236 770 potus
3262 696 3315 753 in
3341 695 3518 770 lacry.

1936 788 2055 851 mis,
2081 789 2127 844 si
2153 789 2415 845 sentimus
2434 789 2560 860 quia
2580 787 2705 844 facti
2729 805 2914 846 sumus
2941 792 2995 846 in
3018 789 3362 862 opprobrium
3381 789 3515 845 vici-

1937 880 2039 946 nis,
2069 887 2126 935 et
2155 881 2256 951 ipsi
2283 880 2721 937 deriserunttnos.
2742 880 2803 937 In
2830 882 3076 938 oratione
3095 882 3238 937 enim
3258 881 3515 955 lacryma-

1934 987 2055 1027 rum
2081 980 2488 1042 permanentes,
2528 973 2668 1029 Deus
2695 973 2955 1028 virtutum
2995 973 3214 1044 respicit
3260 970 3329 1028 de
3355 973 3513 1038 ccelo,

1935 1072 1992 1118 et
2016 1063 2180 1128 videt,
2210 1071 2264 1118 et
2285 1064 2462 1119 visitat
2486 1064 2694 1119 vineam
2715 1063 2894 1130 istam,
2920 1072 2976 1119 et
3003 1063 3185 1133 dirigit
3212 1078 3331 1118 eam
3355 1077 3513 1133 quam

1936 1155 2196 1224 plantavit
2242 1155 2296 1209 in
2325 1154 2480 1211 nobis
2516 1154 2740 1210 dextera
2783 1151 2900 1223 ejus
2924 1168 3024 1224 per
3065 1151 3257 1207 Filium
3284 1152 3517 1208 hominis

1933 1242 2134 1310 Jestuu,
2151 1257 2312 1314 quem
2332 1242 2667 1300 conﬁrmavit
2693 1243 2795 1299 sibi
2815 1244 3034 1298 incenso
3055 1243 3197 1312 igne,
3219 1250 3276 1298 et
3291 1241 3515 1298 sull'ossa

1934 1351 2118 1402 manu,
2143 1335 2358 1405 quando
2371 1335 2637 1390 Abraham
2661 1335 2882 1390 incenso
2900 1334 3043 1404 igne,
3055 1340 3111 1388 et
3130 1339 3333 1387 armata
3356 1346 3516 1386 manu

1936 1426 2134 1496 gladio,
2165 1436 2384 1497 paratus
2416 1426 2517 1482 fuit
2545 1425 2712 1482 ﬁlium
2749 1440 2903 1482 suum
2922 1423 3168 1495 jugulare
3194 1436 3377 1478 coram
3407 1420 3514 1476 Do-

1935 1518 2107 1573 mino.
2139 1517 2289 1573 Tunc
2309 1517 2749 1587 juravitAbrahaz
2775 1515 2920 1587 quod
2953 1514 3116 1570 ﬁlium
3141 1512 3258 1583 ejus
3287 1513 3360 1567 ita
3386 1527 3516 1567 con-

1937 1606 2175 1664 limaret
2219 1608 2340 1674 sibi,
2379 1617 2439 1663 ut
2466 1609 2520 1663 in
2560 1609 2677 1679 ipso
2703 1607 3045 1664 haereditsret
3091 1619 3279 1661 omnes
3305 1610 3511 1672 gentes.

1934 1699 2077 1770 Ergo
2103 1716 2312 1756 memor
2336 1710 2476 1766 esto,
2527 1701 2771 1767 Domine,
2797 1699 2941 1770 quod
2994 1699 3204 1770 iurasti,
3233 1707 3289 1752 et
3325 1710 3516 1766 repara

1935 1793 2080 1865 quod
2117 1793 2352 1862 donasti,
2381 1804 2441 1850 ut
2464 1810 2573 1850 non
2592 1791 2928 1849 discedamus
2949 1806 2982 1846 s
3011 1799 3092 1858 te;
3121 1806 3229 1846 non
3247 1789 3389 1845 enim
3408 1787 3516 1842 dis-

242 1899 368 1938 nos.
412 1880 551 1936 Deus
603 1883 863 1950 uirtutum,
894 1894 1125 1939 converte
1150 1901 1266 1952 nos,
1323 1896 1378 1940 et
1412 1888 1622 1942 ostende
1649 1889 1833 1959 faciem
1863 1891 1914 1953 Β
1938 1885 2190 1941 cedemus
2209 1901 2241 1940 a
2270 1893 2346 1951 te,
2387 1886 2432 1942 si
2463 1893 2522 1941 tu
2557 1881 2936 1940 viviﬁcaberis.
2959 1881 3068 1937 Nos
3095 1888 3273 1935 autem
3302 1892 3517 1949 semper

244 1982 412 2037 tuam,
444 1983 494 2028 et
519 1976 876 2032 salvierimus.
910 1975 1125 2032 Vineam
1162 1978 1224 2032 de
1243 1973 1477 2051 Egypto
1498 1982 1829 2046 transtulisti,

245 2069 447 2139 ejecisti
482 2078 659 2140 gentes
684 2077 735 2122 et
777 2069 1028 2135 plantasti
1053 2086 1184 2124 eam.
1233 2069 1354 2124 Dux
1382 2073 1586 2127 itineris
1617 2074 1760 2144 fuisti
1779 2076 1835 2127 in

248 2171 525 2232 conspectu
569 2161 702 2232 ejus,
754 2170 804 2214 et
831 2159 1082 2230 plantasti
1119 2162 1320 2215 radices
1347 2162 1480 2232 ejus,
1519 2173 1570 2216 et
1612 2164 1838 2233 implevit

246 2261 464 2307 terram.
507 2247 722 2322 Operuit
746 2257 946 2304 montes
970 2250 1152 2304 umbra
1187 2251 1334 2321 ejus,
1378 2259 1426 2304 et
1469 2248 1680 2305 arbusta
1726 2252 1839 2323 ejus

247 2346 434 2400 redros
472 2343 590 2398 Dei.
617 2341 872 2398 Extendit
893 2343 1131 2414 palmites
1171 2361 1292 2416 suos
1317 2361 1477 2417 usque
1501 2345 1572 2399 ad
1600 2362 1762 2411 mare,
1791 2356 1842 2402 et

248 2452 414 2508 usque
465 2435 533 2488 ad
579 2436 767 2506 ﬂumen
797 2436 1105 2506 propagines
1147 2436 1280 2506 ejus.
1308 2434 1376 2490 Ut
1393 2436 1516 2508 quid
1541 2437 1840 2492 destruxisti

251 2528 538 2581 maceriam
565 2527 696 2598 ejus,
713 2535 764 2580 et
780 2526 1092 2580 vindemiant
1107 2542 1222 2580 eam
1241 2543 1413 2582 omnes
1431 2529 1516 2600 qui
1536 2537 1840 2601 praetergre-

256 2620 471 2673 diuntur
488 2620 622 2673 viam
637 2618 661 2672 1’
676 2617 1053 2672 Exterminavit
1076 2635 1187 2672 eam
1215 2635 1341 2689 aper
1359 2619 1422 2673 de
1447 2619 1595 2686 silva,
1626 2628 1676 2673 et
1721 2622 1836 2674 sin-

255 2710 457 2782 galeris
476 2711 614 2782 ferus
632 2710 872 2780 depastus
899 2718 976 2763 est
997 2726 1126 2763 eam.
1159 2708 1299 2764 Deus
1327 2711 1586 2776 virtutum,
1626 2727 1836 2766 conver-

252 2811 382 2866 tere,
406 2803 599 2872 respice
617 2801 681 2856 de
703 2800 846 2866 caelo,
877 2811 926 2854 et
944 2800 1071 2866 vide,
1104 2811 1154 2855 et
1171 2801 1322 2854 visita
1347 2803 1543 2856 rineam
1569 2803 1746 2857 istam.
1763 2801 1835 2857 Et

250 2893 444 2963 perfice
470 2909 583 2947 eam
609 2910 760 2966 quam
788 2893 1040 2964 plantavit
1085 2892 1298 2947 dextera
1332 2903 1446 2961 tua,
1477 2905 1527 2948 et
1547 2911 1700 2967 super
1736 2894 1834 2950 Fi-

249 2986 376 3039 lium
402 2985 623 3041 hominis
643 3003 790 3058 quem
811 2987 1130 3056 confirmasti
1153 2987 1262 3041 tibi.
1283 2985 1506 3042 Incensa
1525 2991 1634 3061 igni
1648 2998 1697 3043 et
1725 2992 1838 3062 suf-

250 3079 398 3149 fossa
433 3076 499 3131 ab
539 3079 889 3150 increpatione
907 3078 1074 3132 vultus
1099 3078 1172 3131 tui
1199 3078 1452 3149 peribunt.
1486 3079 1612 3134 Fiat
1653 3097 1840 3137 manus

250 3177 342 3222 tua
371 3185 523 3240 super
548 3170 709 3224 uirum
737 3171 962 3225 (latera!
984 3180 1100 3235 tuae,
1133 3178 1183 3222 et
1212 3185 1366 3239 super
1395 3170 1590 3226 Filium
1618 3174 1839 3228 hominis

1936 1993 2134 2033 nomen
2164 1985 2313 2032 tuum
2339 1977 2726 2033 invocabimus.
2743 1975 2861 2030 Alia
2881 1974 3024 2030 enim
3043 1985 3172 2043 spes
3198 1977 3379 2026 nostra
3410 1984 3517 2023 non

1935 2077 2038 2133 est,
2063 2069 2164 2123 nisi
2185 2075 2245 2122 ut
2263 2076 2546 2124 convertas
2564 2082 2684 2132 nos,
2714 2065 2891 2121 dando
2910 2065 3050 2121 bona
3070 2061 3293 2119 consilia
3317 2061 3372 2115 in
3398 2073 3517 2114 cor-

1937 2158 2096 2213 dibus
2124 2159 2342 2225 nostris,
2373 2166 2427 2214 et
2453 2155 2786 2213 ostendendo
2816 2155 2972 2211 nobis
2998 2153 3189 2210 faciem
3213 2162 3379 2208 tuam.
3411 2149 3518 2206 Cu-

1934 2247 2024 2318 jus
2037 2264 2137 2304 nos
2157 2257 2378 2321 aspectu
2408 2249 2696 2315 salvemur,
2720 2249 2774 2304 in
2793 2246 3009 2303 Christo
3034 2243 3160 2301 Iesu
3181 2241 3409 2298 Domino
3430 2257 3518 2296 no-

1940 2347 2074 2408 stro,
2105 2341 2197 2409 qui
2225 2349 2398 2396 tecum
2427 2349 2622 2396 etcum
2668 2338 2867 2410 Spiritu
2890 2343 3077 2393 sancto
3102 2335 3232 2391 vivit
3255 2343 3310 2390 et
3337 2341 3518 2404 regnat

1939 2430 1998 2490 ἡ
2019 2431 2211 2488 stecula
2231 2432 2567 2488 saeculorum.
2593 2431 2782 2486 Amen.

2459 2543 2772 2601 PSALMUS
2809 2541 3018 2599 LXXX.

1936 2638 1997 2696 In
2026 2639 2190 2698 ﬁnem
2206 2655 2306 2712 pro
2334 2637 2982 2765 torcularibstlsﬁbptplmus
3010 2636 3110 2710 ipsi
3130 2635 3308 2707 Asaph
3334 2633 3516 2705 quinta

2007 2802 2296 2860 Exsultat.
2335 2801 2441 2858 Deo
2470 2803 2697 2874 adjutori
2725 2810 2920 2865 nostro,
2938 2799 3155 2872 jubilate
3198 2797 3308 2852 Deo
3334 2795 3516 2850 Iacob.

1939 2895 2141 2953 Sumite
2161 2898 2424 2968 psalmum
2447 2905 2496 2950 et
2525 2895 2643 2949 date
2672 2904 2989 2966 tympanum,
3010 2891 3309 2961 psalterium
3333 2890 3520 2960 jucun~

1941 2987 2064 3042 dum
2082 3003 2199 3044 cum
2227 2986 2450 3042 cithara.
2480 2985 2757 3043 Buccinate
2781 2986 2840 3038 in
2857 2981 3123 3038 neomenia
3152 2983 3289 3046 tuba,
3318 2979 3373 3032 in
3400 2977 3520 3032 insi-

1942 3082 2031 3152 gni
2052 3081 2135 3134 die
2169 3077 2514 3136 solemnitatis
2537 3085 2746 3138 uestris.
2772 3073 2906 3141 Quin
2936 3080 3242 3147 praeceptum
3269 3071 3324 3125 in
3352 3068 3520 3124 Israel

1943 3182 2040 3240 est,
2054 3183 2104 3228 et
2111 3173 2366 3245 judicium
2380 3170 2491 3228 Deo
2503 3169 2686 3228 Jacsb.
2707 3168 3071 3228 Tesu'monium
3082 3166 3134 3220 in
3148 3163 3339 3236 Ioseph
3353 3162 3522 3234 posuit

249 3275 400 3330 quem
437 3259 757 3330 confirmasti
782 3261 890 3314 tibi.
920 3259 994 3318 Et.
1014 3278 1120 3316 non
1168 3263 1478 3322 discedimus
1516 3281 1549 3317 α
1579 3273 1644 3330 te,
1676 3266 1841 3337 vivifi-
1865 3264 1911 3328 C
1943 3264 2092 3330 illud,
2123 3282 2236 3320 cum
2261 3267 2424 3320 exiret
2457 3265 2520 3320 de
2555 3273 2693 3320 terra
2713 3259 2950 3334 diggpti,
2983 3260 3211 3332 linguam
3238 3273 3388 3328 quam
3417 3270 3520 3308 non

249 3351 396 3407 cabis
422 3368 540 3420 nos,
569 3360 621 3408 et
661 3369 847 3408 nomen
871 3363 1008 3408 tuum
1036 3354 1406 3411 invocabimus.
1436 3353 1658 3410 Domine
1695 3354 1837 3413 Deus

249 3447 514 3513 uirtutum,
547 3454 779 3501 converte
798 3461 913 3514 nos,
936 3455 986 3500 et
1013 3449 1225 3503 ostende
1249 3450 1432 3520 faciem
1455 3458 1615 3514 mam,
1641 3460 1691 3504 et
1709 3451 1837 3507 salvi

249 3537 458 3616 erimus.

819 3625 1252 3666 COIIINTAIIUI.

325 3720 514 3777 Adhuc
541 3720 731 3777 eadem
753 3735 852 3793 per
877 3721 1063 3778 eadem
1089 3721 1157 3778 de
1185 3723 1352 3779 exitio
1381 3732 1435 3779 et
1453 3723 1642 3779 eadem
1670 3724 1839 3779 tribu-

256 3813 459 3869 latione
486 3813 672 3884 populi
700 3813 753 3869 in
799 3813 903 3868 isto
930 3814 1136 3884 psalmo
1181 3823 1382 3869 cantat.
1414 3815 1632 3884 Rogans
1659 3823 1714 3869 ut
1745 3816 1839 3884 qui

253 3906 392 3975 regit
437 3904 604 3960 Israel
647 3903 910 3972 intendat,
957 3906 1487 3975 excitetpotentiam
1517 3921 1688 3970 suam,
1713 3906 1839 3974 quia

254 3996 435 4050 nullus
453 3995 645 4062 dignus
665 3994 932 4049 invenitur
951 3996 1042 4064 qui
1064 4003 1186 4049 eum
1215 3993 1409 4063 audeat
1440 3995 1692 4050 excitare.
1725 3994 1844 4065 Ipse

259 4100 390 4156 ergo
417 4085 618 4141 excitet
642 4087 940 4156 potentiam
967 4101 1138 4149 suam,
1163 4086 1342 4140 veniat
1367 4095 1423 4140 et
1443 4087 1621 4140 salvos
1641 4101 1738 4140 nos
1763 4085 1844 4140 fa-

255 4178 382 4233 ciat.
417 4175 616 4232 Verum
636 4177 762 4247 quia
792 4176 1068 4231 invisibilis
1094 4185 1193 4243 est,
1223 4184 1279 4232 et
1298 4191 1330 4230 a
1356 4176 1503 4231 nullo
1517 4170 1737 4247 penitus
1762 4177 1843 4232 vi-

252 4268 372 4324 deri
401 4274 604 4339 potest,
625 4273 802 4322 sumat
830 4266 1108 4321 materiam
1139 4281 1236 4336 per
1270 4281 1432 4335 quam
1475 4266 1726 4334 dignetur
1759 4265 1842 4322 fa-

250 4360 391 4415 ciem
439 4372 592 4414 suam
619 4356 925 4423 ostendere,
976 4372 1134 4426 quam
1173 4358 1218 4412 si
1263 4357 1559 4412 ostenderit
1586 4357 1695 4420 ille,
1741 4374 1840 4414 nos

246 4451 385 4508 salvi
415 4450 631 4506 erimus.
675 4447 850 4504 Veluti
871 4450 915 4504 si
962 4448 1015 4502 in
1043 4448 1250 4517 glaciali
1279 4448 1518 4520 periculo
1545 4448 1724 4520 positi,
1749 4449 1841 4504 ubi

246 4543 334 4597 vis
354 4540 567 4610 frigoris
587 4541 822 4595 minatur
850 4539 1145 4605 interitum,
1175 4540 1472 4596 liberantur
1507 4541 1625 4597 sine
1650 4539 1837 4607 dubio,

1943 3369 2154 3416 noverat
2171 3359 2383 3414 audivit.
2407 3357 2626 3412 Diserti!
2659 3355 2724 3409 αδ
2749 3351 2991 3409 oneribus
3018 3351 3227 3406 dorsum
3256 3350 3388 3420 ejus,
3411 3357 3523 3399 ma-

1941 3469 2038 3505 nus
2064 3452 2177 3522 ejus
2203 3452 2256 3504 in
2279 3450 2496 3522 cophino
2519 3447 2818 3501 servierunt.
2852 3442 2917 3500 In
2940 3439 3264 3495 tribulatione
3277 3433 3525 3489 inuocaui

1940 3561 2040 3609 me,
2072 3552 2121 3597 et
2144 3543 2355 3598 liberavi
2385 3550 2450 3604 te,
2479 3548 2530 3594 et
2556 3537 2797 3593 exaudiri
2827 3544 2874 3588 te
2902 3535 2964 3589 ἃ
3006 3529 3304 3588 abssomﬂto
3335 3538 3524 3597 tempe-

1941 3637 2110 3700 statis,
2140 3634 2349 3705 probavi
2395 3642 2444 3686 te
2489 3629 2628 3702 apud
2670 3643 2856 3699 aquam
2896 3621 3346 3680 contradictionis.
3367 3617 3522 3683 Audi,

1940 3725 2163 3797 populus
2182 3741 2346 3789 meus,
2376 3732 2426 3777 et
2453 3719 2780 3777 contestabor
2802 3727 2879 3782 te;
2907 3714 3092 3780 Israel,
3109 3715 3154 3768 si
3180 3711 3408 3772 audieris
3423 3726 3522 3775 me,

1942 3833 2048 3870 non
2077 3817 2174 3870 erit
2202 3815 2293 3869 tibi
2345 3813 2484 3867 Deus
2512 3828 2712 3875 recens,
2750 3825 2910 3880 neque
2939 3804 3180 3860 adorabis
3209 3803 3371 3857 Deum
3399 3801 3526 3858 a50-

1943 3925 2085 3961 nnm.
2117 3905 2229 3978 Ego
2248 3908 2387 3960 enim
2427 3919 2538 3959 sum
2567 3902 2818 3955 Dominus
2846 3897 2986 3951 Deus
3031 3905 3163 3959 tuus,
3194 3894 3279 3964 qui
3299 3889 3454 3945 educi
3468 3898 3534 3978 te

1945 3997 2010 4049 de
2037 3976 2180 4048 terrai
2201 3991 2442 4066 Egypti,
2481 3988 2645 4045 dildtd
2673 4005 2731 4042 os
2762 3997 2899 4041 tuum
2941 3994 2990 4038 et
3017 3981 3234 4053 implebo
3273 3978 3419 4036 illud.
3460 3976 3531 4034 Et

1944 4101 2052 4139 non
2079 4083 2273 4138 audivit
2299 4082 2518 4153 populus
2560 4095 2703 4134 meus
2743 4092 2911 4132 rocem
2938 4076 3123 4137 meam,
3153 4080 3203 4127 et
3232 4070 3400 4126 Israel
3427 4085 3530 4123 non

1943 4174 2168 4229 intendit
2194 4172 2340 4228 mihi.
2357 4170 2429 4225 Et
2450 4169 2645 4226 diruisit
2670 4185 2758 4223 eos
2779 4160 3055 4222 secuhdum
3074 4162 3332 4218 desideria
3358 4159 3530 4214 cordis

1945 4283 2141 4332 eorum,
2163 4265 2308 4320 ibunt
2333 4267 2387 4319 in
2413 4259 2859 4318 adinventionibus
2893 4259 3019 4314 suis.
3053 4250 3117 4313 Si
3145 4255 3362 4327 populus
3387 4269 3531 4308 meus

1945 4359 2172 4413 audisset
2191 4374 2290 4422 me,
2309 4356 2476 4411 Israel
2496 4356 2540 4409 si
2558 4357 2610 4409 in
2631 4354 2725 4409 riis
2748 4353 2875 4406 meis
2894 4349 3222 4404 ambuldsset.
3238 4344 3346 4400 Pro
3366 4346 3531 4399 nihilo

1945 4453 2167 4524 forsitan
2187 4451 2425 4505 inimicos
2446 4463 2621 4503 eorum
2644 4445 3009 4507 humiliassem,
3035 4451 3083 4496 et
3105 4457 3257 4511 super
3285 4437 3530 4492 tributan-

1947 4551 2022 4597 tes
2048 4559 2134 4597 eos
2173 4541 2426 4595 misissem
2455 4555 2663 4593 manum
2689 4543 2874 4590 meam.
2910 4533 3115 4588 Inimici
3146 4529 3356 4585 Domini
3381 4543 3528 4582 men-

243 4636 296 4691 si
349 4632 665 4690 ostendatur
691 4634 770 4688 eis
814 4633 944 4688 solis
984 4632 1494 4704 aspectus.'Quanto
1538 4635 1708 4704 magis
1745 4634 1842 4691 Dei
1865 4637 1921 4700 D
1949 4637 2030 4690 titi
2051 4643 2170 4690 sunt
2196 4635 2262 4696 ei,
2304 4642 2352 4686 et
2373 4633 2471 4686 erit
2500 4640 2695 4701 tempus
2733 4643 2907 4683 eorum
2931 4626 2984 4680 in
3012 4623 3220 4679 uacula.
3250 4617 3320 4675 Et
3345 4617 3531 4673 cibarit

245 4727 410 4782 nobis
444 4733 659 4781 ostensa
688 4723 854 4787 facie,
897 4725 952 4779 in
983 4725 1209 4781 Domino
1247 4733 1430 4782 nostro
1473 4724 1598 4781 Jesu
1627 4723 1843 4781 Christo

247 4835 357 4874 nos
374 4818 509 4874 salvi
527 4815 830 4873 (ξι-ἰηιυεῖὃί
855 4831 985 4886 ergo
1007 4819 1266 4874 sentimus
1288 4818 1651 4888 captivitatem
1671 4818 1842 4874 vinea:

245 4911 486 4977 Domini,
502 4925 663 4980 quam
683 4910 751 4965 de
773 4909 1006 4982 Egypto
1025 4927 1125 4983 per
1151 4926 1344 4981 aquam
1369 4919 1425 4966 et
1448 4909 1704 4980 Spiritum
1724 4926 1844 4966 san-

243 5011 403 5058 ctum
427 5003 716 5066 transtulit,
746 5017 906 5071 quam
934 5001 1122 5070 ejectis
1147 5001 1425 5057 daemoniis
1451 5001 1728 5071 plantavit,
1745 5001 1841 5070 qui

247 5096 332 5149 ita
354 5093 452 5148 fuit
481 5093 563 5148 via
585 5095 638 5148 in
663 5099 957 5162 conspectu
985 5100 1193 5157 nostro,
1225 5101 1283 5147 ut
1307 5093 1512 5148 diceret
1542 5112 1555 5145 :
1588 5093 1702 5164 Ego
1727 5110 1841 5147 sum

246 5187 341 5240 uia
373 5170 548 5255 (.loan.
580 5185 655 5255 x).
681 5184 783 5251 Qui
812 5185 884 5239 ita
903 5184 1164 5254 plantavit
1184 5184 1393 5239 radices
1417 5191 1630 5239 nostras
1658 5184 1712 5239 in
1739 5183 1844 5239 ﬁde

247 5293 379 5341 sua,
411 5283 469 5333 ut
510 5278 744 5348 repleret
771 5293 984 5333 onmem
1025 5286 1223 5332 terram
1269 5277 1511 5347 corporis
1557 5276 1743 5332 nostri.
1775 5275 1846 5331 Et

249 5378 406 5427 esset
459 5369 512 5425 in
567 5370 721 5426 nobis
759 5371 913 5425 vinea
961 5386 1109 5435 vera,
1154 5370 1306 5440 cujus
1357 5369 1594 5425 membra
1633 5369 1846 5441 operuit

253 5472 497 5530 montes,
519 5465 767 5519 omnibus
798 5465 997 5520 sanctis
1023 5465 1232 5520 melior.
1263 5464 1429 5534 Cujus
1459 5465 1674 5520 arbusta
1701 5478 1843 5534 prae-

252 5557 524 5614 stantiora
550 5563 748 5621 essent,
781 5564 835 5611 et
855 5556 1044 5612 altiora
1074 5557 1247 5613 cedris
1266 5558 1381 5622 Dei,
1414 5559 1551 5612 hanc
1590 5556 1845 5612 extermi-

256 5649 415 5706 navit
439 5641 491 5704 In
530 5648 778 5720 passione
819 5663 949 5718 aper
975 5647 1043 5702 de
1064 5649 1217 5712 silva,
1264 5648 1494 5718 populus
1520 5647 1846 5712 incredulus,

1942 4727 2064 4782 illos
2107 4742 2171 4780 ea:
2227 4726 2380 4794 adipe
2431 4721 2695 4794 frumenti,
2746 4727 2795 4772 et
2825 4717 2888 4772 de
2913 4713 3057 4787 petra
3084 4713 3234 4768 melle
3274 4708 3532 4786 saturavit

1943 4835 2049 4874 eo"
2246 4886 2256 4895 '
2521 4893 2962 4938 counsnnnuus.

2016 5002 2074 5056 ln
2097 4997 2496 5071 septuagesimo
2524 5009 2670 5049 nono
2717 4991 2926 5064 psalmo
2957 4989 3113 5044 vinea
3140 4995 3438 5058 reparatur.
3464 4980 3530 5036 Et

1948 5094 2004 5148 in
2033 5090 2362 5159 octogesimo
2389 5101 2489 5157 pro
2514 5083 2868 5140 torcularibus
2895 5081 3085 5152 agitur.
3125 5078 3400 5133 Exsultate
3419 5073 3530 5126 Deo

1949 5182 2180 5254 adjutori
2201 5187 2407 5244 nostro,
2430 5176 2553 5248 quia
2577 5174 2808 5231 sumsit
2828 5174 2982 5230 vinea
3010 5173 3145 5242 ejus.
3165 5167 3394 5222 Jubilate
3414 5160 3526 5212 Deo

1948 5275 2138 5340 Jacob,
2173 5278 2419 5344 reparata
2468 5277 2551 5325 est
2577 5269 2732 5324 vinea
2774 5267 2909 5338 ejus.
2934 5262 3178 5322 Surrexit
3205 5258 3344 5312 enim
3371 5265 3529 5320 quem

1949 5364 2330 5423 exterminavit
2358 5360 2662 5419 incredulus
2692 5358 2939 5430 populus.
2960 5348 3342 5443 Ipsum‘ntique
3361 5349 3526 5443 cllt‘t‘
3627 5434 3635 5443 I

1952 5459 2202 5526 minavit,
2230 5458 2322 5529 qui
2341 5457 2479 5513 dixit
2501 5475 2514 5510 :
2540 5454 2654 5526 Ego
2673 5469 2784 5507 sum
2803 5451 2916 5504 ritis
2945 5461 3062 5500 vera
3085 5439 3280 5511 (Joan.
3305 5434 3414 5504 xv).
3450 5431 3530 5529 lp-

1949 5569 2069 5609 sum
2097 5551 2188 5623 qui
2207 5525 2343 5606 dixit
2366 5567 2380 5602 :
2410 5525 2893 5602 Externuinarerunt
2911 5548 3092 5590 manus
3120 5545 3279 5623 meas,
3300 5535 3354 5623 et
3381 5525 3530 5595 pedes

1946 5661 2086 5699 meos
2102 5619 2313 5716 (Matth.
2341 5640 2542 5706 xxvm).
2569 5635 2687 5703 Ipse
2705 5645 2832 5685 vero
2855 5625 2944 5696 qui
2963 5619 3530 5716 exterminavit‘pop-ut

257 5751 322 5798 et
346 5710 630 5810 singularis
658 5740 801 5794 lenis
844 5710 1100 5809 depastus
1253 5710 1390 5792 eam.
1424 5737 1593 5804 Quem
1621 5738 1769 5807 prius
1795 5710 1852 5792 et
1949 5737 2054 5802 lus,
2087 5710 2220 5804 apro
2257 5729 2490 5787 silvestri
2525 5733 2608 5778 est
2659 5722 2836 5776 acrior
2885 5729 3011 5810 ecce
3048 5713 3300 5810 sut'ﬂtXiI:
3322 5710 3431 5810 ‘Qlli
3453 5711 3530 5810 ξίξί

261 5837 323 5902 in
352 5835 505 5894 nobis
534 5833 816 5895 tumultum
860 5833 1344 5905 Cltristtts‘patitur,
1377 5830 1591 5902 quando
1628 5831 1850 5905 pennit-

1953 5802 2271 5898 plorabatis,
2302 5821 2391 5876 hic
2420 5815 2686 5870 exsultate
2723 5830 2736 5864 :
2767 5812 2858 5882 qui
2886 5807 2956 5863 ibi
2985 5804 3252 5872 tacuistis,
3281 5805 3368 5861 hic.
3394 5802 3528 5866 iubi-
