4088 6346
580 353 679 411 αδ

1874 344 2147 403 ARNOBII
2182 345 2491 405 JUNIORIS

3738 348 3831 404 444

580 442 687 524 late
717 486 729 520 :
757 467 848 536 qui
878 466 949 521 ibi
989 466 1186 539 anxiati
1226 466 1382 532 estis,
1414 467 1496 519 hic
1532 467 1582 520 in
1609 467 1826 536 psalmis
1856 474 1910 521 et
1939 462 2152 537 hymnis
2179 467 2230 527 Α
2258 464 2320 518 de
2346 482 2502 520 manu
2532 467 2819 539 peccatoris
2860 464 3096 521 liberate.
3130 465 3460 530 Nescierunt,
3498 480 3658 536 neque
3696 466 3835 523 intel.

580 550 929 626 congaude‘te,
954 556 1079 633 etin
1106 538 1192 611 die
1215 550 1424 627 insigni,
1440 557 1489 614 id
1516 569 1616 625 est,
1648 559 1699 613 in
1723 559 1808 614 die
1838 556 2156 626 rcdcniptio-
2258 557 2508 622 (exerunt,
2540 559 2594 611 in
2625 556 2844 612 tenebris
2870 558 3157 623 ambulant,
3186 557 3517 619 movebuntur
3534 558 3714 611 omnia
3734 559 3835 628 {un-

582 646 667 701 his
688 634 922 701 Doiniili.
964 640 1105 713 Quia
1135 638 1257 718 ipsa
1288 649 1370 703 est
1397 640 1512 704 dies
1549 645 1901 705 solemnita'tis
1942 658 2157 710 nostra},

583 730 637 788 in
656 738 763 804 quo
784 726 1107 807 praereptum
1133 732 1263 792 dare
1291 732 1542 809 dignatur
1552 732 1813 795 Dominus
1833 738 1899 794 ad
1924 734 2163 795 testimo-

2262 646 2502 702 damenta
2531 658 2700 703 terrae.
2747 647 2861 721 Ego
2891 649 3003 703 dixi
3024 666 3042 703 :
3073 646 3165 702 Dii
3190 651 3345 715 eatis,
3389 649 3488 719 ﬁlii
3516 646 3727 704 Excolsi
3746 665 3839 702 om-

2263 754 2373 792 nes.
2414 737 2518 793 Vos
2547 747 2717 793 autem
2742 740 2874 792 sicut
2899 740 3132 794 homines
3152 738 3461 804 moriemini,
3492 747 3543 793 et
3565 740 3697 792 sicut
3721 754 3837 791 unus

584 812 735 913 nium.
759 814 977 897 tosep’h,
1021 834 1088 913 eo
1133 828 1277 901 (med
1302 808 1609 889 viSitatione
1658 835 1967 890 visitaturus
2021 838 2167 887 esset.
2267 828 2330 883 de
2355 829 2675 900 principibus
2704 808 2930 885 cadetis:
2951 829 3136 902 Surge,
3186 828 3351 894 Deus,
3376 829 3558 902 judico
3605 838 3837 885 terrain:

585 917 679 976 eos
702 906 983 979 Dominus.
1020 906 1163 992 Ergo
1190 916 1388 996 Ioseph
1432 920 1799 982 ‘testimonium
1828 927 1895 983 de
1914 926 2037 997 ipso
2058 940 2166 996 p0-

584 1011 712 1078 Suit,
744 1014 865 1067 cu'tn
891 1014 1065 1069 exiret
1092 1012 1324 1070 'de'terra
1348 1012 1586 1093 Egypti,
1611 1016 1844 1087 linguam
1872 1032 2033 1087 quam
2062 1030 2171 1070 non

587 1104 1057 1170 noverat‘audiVit,
1088 1106 1212 1181 post
1258 1096 1674 1178 quadringentos
1717 1108 1933 1178 triginta
1980 1121 2169 1162 annos.

589 1186 807 1252 ’Audivit
832 1213 1021 1253 vocem
1046 1197 1142 1253 Dei
1166 1214 1269 1270 per
1289 1200 1502 1256 noctem
1537 1196 1710 1274 Moysi
1728 1216 1897 1271 genus
1926 1190 2171 1264 Abrahae,

590 1288 730 1343 sicut
752 1282 806 1343 ei
836 1288 1157 1360 promissum
1174 1288 1371 1361 fuerat,
1390 1307 1510 1347 cum
1533 1286 1825 1349 diverteret
1840 1292 1906 1347 ab
1924 1291 2179 1347 oneribus

593 1370 928 1463 gravissimis
948 1373 1171 1437 dorsum
1360 1378 1590 1452 Quando
1618 1399 1810 1439 manus
1848 1383 1965 1454 ejus
2002 1383 2058 1439 in
2085 1398 2179 1439 co-

593 1472 761 1543 phino
808 1462 1135 1543 serviebant,
1163 1474 1220 1531 In
1259 1476 1372 1533 luto
1401 1487 1454 1532 et
1477 1478 1663 1533 latere.
1696 1476 1847 1533 Tunc
1884 1477 1935 1531 in
1968 1475 2182 1529 tribula-

596 1552 745 1618 tione
773 1562 1032 1657 invocasli
1061 1582 1166 1657 me,
1190 1558 1493 1641 etliberavi
1522 1577 1596 1635 te,
1621 1568 1751 1624 dicit
1779 1560 1846 1622 ad
1885 1565 2049 1621 Israel
2074 1564 2184 1620 Do-

598 1651 803 1724 ininus;
854 1646 1101 1713 exaudivi
1150 1668 1204 1716 te
1258 1661 1311 1715 in
1362 1652 1676 1719 abscondito
1706 1659 2073 1733 tempestatis;
2129 1665 2183 1714 ιθ

596 1736 867 1831 eraudivi,
892 1744 1209 1812 etin‘imicos
1243 1765 1363 1814 tuos
1391 1761 1572 1815 mersi.
1624 1756 1854 1815 Probavi
1884 1767 1939 1813 te
1963 1760 2018 1813 in
2040 1771 2180 1827 aqua

2269 921 2511 993 quoniam
2537 929 2590 974 tu
2619 920 2947 977 haereditabis
2973 923 3030 987 in
3056 920 3295 977 omnibus
3314 920 3571 993 gentibus.

2824 1066 3272 1115 maxumum.

2347 1190 2517 1251 Omne
2541 1193 2688 1264 quod
2716 1192 3013 1252 honoriﬁco
3041 1195 3261 1251 nomine
3286 1195 3618 1266 generaliter
3652 1212 3837 1253 nuncu-

2278 1287 2398 1358 pari
2414 1294 2615 1357 potest,
2648 1288 2751 1343 hoc
2778 1287 3012 1358 speciale
3032 1287 3129 1343 Dei
3148 1297 3251 1354 est,
3262 1302 3366 1358 per
3391 1294 3642 1343 naturam
3666 1288 3838 1343 incom-

2278 1379 2655 1450 prehensibilis
2682 1380 2978 1450 majestatis
3006 1380 3144 1453 ejus,
3172 1396 3282 1451 qua
3322 1390 3409 1437 est
3445 1380 3609 1449 Deus,
3648 1390 3706 1438 et
3728 1382 3838 1439 (1ὶαὶ-

2280 1478 2370 1525 tur
2399 1479 2579 1526 tamen
2610 1471 2837 1539 homini,
2874 1471 3012 1529 Dedi
3060 1482 3108 1528 te
3127 1472 3295 1528 Deum
3321 1473 3620 1529 Pharaonis
3660 1473 3837 1543 (Exod.

2280 1579 2354 1645 vn
2380 1562 2438 1645 )l:
2470 1562 2667 1643 dicitur
2694 1572 2750 1619 et
2790 1556 3049 1620 Dominus
3076 1565 3260 1631 homo,
3289 1580 3414 1621 curn
3448 1564 3600 1620 Deus
3628 1565 3769 1620 solus
3785 1566 3837 1621 sit

2281 1642 2543 1711 Dominus
2575 1672 2588 1708 :
2621 1655 2815 1712 dicitur
2834 1664 3055 1713 sanctus
3080 1657 3263 1724 homo,
3294 1672 3419 1713 cum
3443 1655 3591 1712 Deus
3622 1656 3768 1712 solus
3786 1658 3837 1711 sit

2282 1757 2522 1813 sanctus,
2553 1749 2749 1805 dicitur
2773 1750 2948 1805 bonus
2996 1751 3179 1815 homo,
3226 1765 3348 1806 cum
3372 1765 3534 1806 neruo
3570 1750 3749 1806 bonus
3767 1752 3835 1814 sit,

597 1838 1055 1913 contradictionis,
1083 1847 1137 1904 in
1163 1864 1435 1904 murmure
1452 1849 1706 1919 pessimo,
1738 1850 1791 1903 in
1814 1864 1921 1919 quo
1950 1858 2007 1904 et
2032 1847 2182 1920 Moy—
2212 1833 2262 1895 Β
2287 1840 2389 1895 nisi
2410 1839 2550 1895 Deus
2578 1840 2744 1895 solus-
2777 1838 2843 1893 Ει
2869 1840 2974 1896 hoc
3000 1849 3087 1896 est
3107 1839 3221 1895 Deo
3249 1840 3425 1896 εἰωὶιθ
3450 1840 3507 1895 in
3536 1840 3837 1904 homlnihﬂs.

598 1950 687 1992 ses
712 1953 896 1994 servus
921 1940 1404 2011 irreprehensibilis
1425 1943 1570 1998 visus
1596 1951 1680 1998 est
1707 1940 2014 1998 offendisse.
2044 1940 2182 1996 Audi

599 2042 762 2107 nunc,
786 2031 1020 2101 pepulus
1044 2048 1216 2088 meus.
1250 2031 1313 2088 Et
1342 2034 1533 2104 loquar
1558 2034 1741 2102 Israel,
1774 2042 1829 2090 ct
1858 2034 2185 2099 testificabor

600 2110 718 2197 tibi,
740 2137 827 2177 me
848 2137 1009 2192 quem
1036 2124 1319 2197 crucifigis,
1343 2125 1455 2199 Ego
1476 2144 1589 2182 sum
1610 2126 1768 2182 Deus.
1794 2126 1860 2182 Et
1883 2128 1977 2198 qui
2004 2127 2184 2182 Deus?

599 2210 721 2291 Ipse
768 2215 854 2285 qui
898 2225 945 2271 te
990 2217 1148 2272 eduxi
1181 2202 1245 2273 de
1277 2218 1677 2299 terra‘Aigypti
1717 2217 1914 2292 (Num.
1949 2220 2060 2290 xx).
2093 2218 2185 2273 Di-

602 2302 709 2359 lata
730 2320 792 2360 os
832 2313 1002 2374 tuum,
1042 2316 1097 2364 et
1124 2323 1224 2378 ego
1249 2306 1553 2381 adimplebo
1586 2310 1733 2367 illud.
1768 2308 1905 2378 Quid
1930 2316 2016 2366 est
2042 2309 2185 2379 quod

605 2396 888 2467 tantopere
903 2399 1082 2467 juhes,
1114 2410 1174 2456 ut
1212 2402 1400 2458 dilatet
1420 2419 1483 2459 os
1504 2419 1659 2459 suum
1684 2404 1913 2475 populus
1939 2403 2187 2459 crimine-

604 2502 698 2542 sus
717 2495 879 2558 atque
899 2491 1220 2558 incredulus,
1244 2495 1337 2562 qui
1358 2493 1621 2550 cruciﬁxit
1644 2495 1967 2550 Dominum?
1992 2493 2183 2558 Dilata,

607 2577 796 2647 inquit,
846 2595 908 2635 os
935 2590 1103 2648 tuum,
1130 2584 1184 2637 et
1210 2586 1310 2652 ego
1340 2582 1641 2656 adimplebo
1670 2585 1816 2640 illud.
1840 2583 1885 2639 Ο
1922 2585 2190 2654 piissimus

606 2658 874 2739 Salvator,
900 2673 961 2727 ’ἐι
1000 2675 1219 2730 humani
1246 2678 1485 2755 generis.
1512 2676 1943 2732 evidentissimus
1974 2692 2191 2747 repara-

609 2770 712 2818 tor.
745 2762 917 2820 Dilata
940 2782 1003 2822 os
1031 2775 1199 2835 tuum,
1224 2778 1280 2826 et
1308 2784 1410 2840 ego
1428 2754 1733 2842 adimplebo
1763 2770 1911 2826 illud.
1936 2769 1994 2826 Si
2031 2754 2192 2825 vultis

607 2846 835 2933 evadere
858 2868 1088 2915 mortem
1117 2864 1279 2943 quam
1321 2850 1637 2930 incurristis,
1675 2864 1840 2920 bibite
1877 2864 2191 2934 sanguinem

607 2950 1027 3027 quem'l‘udistis.
1055 2948 1162 3010 Sed
1189 2955 1316 3025 quid
1346 2957 1625 3027 sequitur?
1653 2955 1770 3012 Non
1798 2956 2002 3012 audivit
2027 2971 2194 3029 popl-

610 3040 694 3127 lus
714 3056 904 3096 vocem
932 3059 1128 3129 meam,
1150 3054 1205 3099 et
1231 3046 1395 3127 Israel
1419 3064 1525 3105 non
1552 3048 1779 3104 intendit
1798 3048 1948 3104 mihi.
1980 3046 2049 3102 Et
2069 3047 2192 3103 ideo

611 3122 788 3186 dimisi
815 3147 908 3188 eos
936 3122 1228 3192 secundum
1256 3122 1521 3195 desideria
1543 3139 1722 3196 cordis
1749 3155 1956 3207 eorum,
1978 3147 2032 3196 et
2044 3139 2192 3203 abie-

2284 1931 2429 2001 quod
2458 1947 2522 1986 ea
2549 1946 2669 2000 qua:
2704 1930 2847 1986 Deus
2896 1930 3213 1986 naturaliter
3260 1930 3522 2002 possidet,
3574 1931 3736 1986 homo
3764 1945 3836 2000 per

2286 2020 2573 2089 imaginem
2619 2020 2861 2090 suscipit,
2891 2028 3047 2091 tanto,
3081 2021 3202 2092 plus
3242 2020 3624 2089 simulaturus,
3672 2029 3836 2091 quanto

2284 2104 2449 2168 fuerit
2476 2113 2703 2184 amplius
2724 2113 2838 2168 suis
2865 2114 3104 2169 moribus
3125 2114 3241 2183 ejus
3266 2113 3673 2169 similitudinem
3696 2113 3836 2167 imita-

2286 2194 2392 2261 tus.
2421 2200 2577 2262 Unde
2605 2213 2659 2262 et
2690 2206 2742 2261 in
2772 2206 3025 2277 praesenti
3038 2206 3253 2277 psalmo
3278 2200 3425 2262 Deus
3471 2207 3589 2277 ipse
3640 2206 3835 2274 loquitur

2287 2296 2371 2351 his
2386 2297 2581 2366 quibus
2600 2295 2875 2365 judicandi
2899 2297 3084 2351 tribuit
3110 2305 3455 2368 potestatem.
3491 2295 3631 2365 Ego,
3674 2296 3831 2366 inquit,

2284 2389 2399 2446 dixi
2426 2409 2438 2441 :
2466 2391 2549 2446 Dii
2573 2390 2721 2456 estis,
2753 2400 2808 2444 et
2831 2389 2924 2445 lilii
2940 2390 3153 2446 Excelsi
3174 2405 3380 2446 omnes.
3402 2388 3513 2445 Vos
3526 2389 3828 2444 autemsicut

2288 2483 2536 2540 homines
2560 2482 2886 2550 moriemini,
2917 2480 2973 2538 et
2990 2483 3127 2539 sicut
3154 2496 3293 2538 unus
3319 2481 3732 2551 de,principibus
3752 2496 3831 2535 ca-

2290 2576 2449 2645 detis.
2485 2574 2634 2631 Unus
2653 2572 2721 2630 de
2749 2574 3097 2645 principibus,
3117 2573 3171 2628 id
3198 2582 3303 2640 est,
3332 2572 3599 2638 diabolus,
3630 2582 3684 2627 et
3704 2570 3836 2626 ludas

2294 2666 2543 2732 traditor,
2576 2675 2631 2721 et
2669 2664 2816 2728 Saul,
2858 2672 2914 2720 et
2946 2663 3272 2730 Jeroboam,
3316 2674 3411 2718 aut
3438 2679 3575 2721 unus
3598 2678 3664 2718 ex
3690 2662 3836 2731 iisqui

2287 2758 2653 2833 principatum
2681 2764 2989 2812 tenuerunt.
3004 2754 3104 2837 .Sic
3132 2763 3187 2811 et
3208 2771 3304 2810 vos
3323 2754 3546 2821 cadetis,
3588 2755 3710 2825 quia
3724 2752 3837 2821 judi‘

2293 2854 2430 2910 eatis
2450 2852 2807 2922 iniquitatem.
2830 2849 2899 2905 Et
2923 2849 3087 2906 facies
3127 2857 3472 2920 peccatorum
3490 2849 3727 2914 sumitis;
3752 2862 3835 2900 non

2289 2943 2543 3016 judicatis
2563 2942 2767 3015 pupillo
2795 2949 2851 2997 et
2878 2955 3070 3013 egeno,
3098 2940 3352 2997 humilem
3374 2948 3430 2996 et
3450 2955 3737 3012 pauperem
3754 2953 3838 2992 non

2287 3037 2659 3111 justiticastis;
2696 3051 2811 3093 non
2865 3035 3139 3106 eripuistis
3182 3048 3475 3105 pauperem
3523 3042 3581 3089 et
3617 3046 3837 3102 egenum.

2294 3146 2397 3187 nec
2415 3130 2484 3186 de
2510 3145 2676 3185 manu
2691 3131 3039 3199 peccatorum
3069 3125 3356 3181 liberastis.
3386 3122 3458 3179 Et
3494 3124 3625 3181 licet
3646 3137 3839 3193 genera-

613 3232 737 3277 runt
765 3223 818 3277 in
843 3223 1309 3284 adinventionibus
1336 3212 1466 3285 suis.
1501 3230 1581 3286 Ad
1629 3232 1887 3303 populum
1915 3204 2060 3287 hunc
2089 3243 2191 3300 ego
2219 3208 2268 3277 c
2292 3208 2419 3279 liter
2445 3223 2590 3279 dicta
2613 3222 2723 3278 sint
2740 3221 2844 3278 ἱειιό
2874 3220 2942 3277 (ιθ
2954 3204 3223 3291 Ῑιιάίείδυε
3243 3220 3660 3290 «parum
3691 3228 3841 3271 me"

612 3314 766 3379 veni,
791 3313 857 3368 ad
887 3314 1033 3372 hunc
1060 3319 1336 3388 populum,
1369 3330 1425 3376 et
1449 3328 1733 3391 antequam
1778 3322 2019 3377 venirem
2062 3336 2192 3392 pro—

608 3404 804 3490 phetas
832 3408 972 3463 misi.
998 3400 1079 3464 Ad
1099 3410 1440 3466 hunc-solum
1466 3398 1723 3484 populum
1744 3412 2021 3483 apostolos
2042 3421 2196 3467 ante-

611 3510 773 3571 quam
792 3506 1006 3568 paterer
1033 3490 1314 3570 destinavi,
1335 3503 1428 3575 qui
1467 3518 1553 3559 me
1576 3505 1791 3574 penitus
1835 3503 2020 3559 audire
2066 3520 2196 3560 con-

615 3590 851 3658 tempsit.
884 3589 941 3645 Si
968 3592 1110 3646 enim
1132 3608 1219 3649 me
1248 3594 1502 3661 audisset,
1527 3602 1620 3650 aut
1647 3595 1691 3650 si
1722 3595 1776 3651 in
1804 3595 1906 3651 viis
1927 3596 2063 3652 meis
2088 3610 2199 3651 am-

612 3666 876 3745 bulasset,
902 3680 967 3734 ad
994 3683 1216 3738 nihilum
1246 3684 1492 3741 inimicos
1512 3701 1700 3742 eorum
1726 3687 2111 3750 humiliassem,
2144 3694 2199 3743 et

614 3786 781 3855 super
832 3772 1149 3830 tribulantes
1176 3790 1272 3831 eos
1316 3777 1584 3832 misissem
1614 3793 1833 3832 manum
1871 3793 2064 3833 meam.
2090 3774 2199 3833 Sed

610 3854 885 3936 principes
903 3866 1262 3933 sacerdotum,
1286 3876 1341 3923 et
1355 3867 1555 3925 Scriba:
1571 3877 1626 3923 et
1646 3854 1918 3937 Pharistei,
1935 3868 2027 3938 qui
2048 3876 2203 3924 erant

617 3953 816 4009 inimici
844 3954 1056 4012 Domini
1079 3954 1205 4013 Jesu
1227 3956 1444 4026 Christi,
1476 3959 1578 4030 ipsi
1597 3960 1807 4015 mentiti
1835 3968 1960 4015 sunt
1979 3959 2199 4031 populo,

618 4046 859 4107 dicentes
888 4067 902 4101 :
936 4047 1060 4105 Non
1100 4060 1177 4118 est
1224 4068 1256 4107 a
1310 4051 1438 4106 Deo.
1469 4051 1549 4107 Illi
1597 4061 1776 4109 autem
1806 4054 1986 4109 miseri
2014 4061 2201 4110 contra

606 4139 848 4211 salutem
868 4155 1020 4196 suam
1049 4142 1151 4197 illis
1187 4144 1569 4201 mentientibus
1594 4142 1955 4201 crediderunt.
1988 4144 2057 4200 Et
2080 4160 2202 4201 eum

621 4231 711 4299 qui
734 4247 829 4285 eos
857 4232 1085 4288 liberare
1112 4244 1335 4290 venerat
1349 4245 1701 4315 negaverunt,
1724 4237 1827 4292 erit
1853 4246 2037 4293 tamen
2065 4245 2203 4291 tem-

616 4334 727 4403 pus
749 4320 937 4403 corruit
966 4322 1019 4376 in
1046 4331 1325 4403 atomum.
1359 4308 1497 4379 Cum
1524 4326 1667 4381 enim
1689 4327 1951 4397 plenitudo
1980 4327 2209 4397 gentium

618 4411 900 4479 introierit,
926 4420 1045 4466 tunc
1064 4414 1228 4467 omnis
1259 4412 1433 4469 Israel
1455 4415 1623 4470 salvus
1640 4416 1731 4486 ﬁet
1753 4414 1929 4486 (Rom.
1956 4417 2054 4488 ιι),
2082 4424 2211 4473 tunc

626 4504 947 4559 eibabuntur
989 4514 1044 4560 et
1092 4490 1196 4575 ipsi
1239 4521 1309 4561 ex
1353 4506 1511 4577 adipe
1538 4506 1810 4576 frumenti,
1859 4518 1914 4565 et
1939 4509 2008 4565 de
2052 4518 2206 4581 petra

2295 3316 2601 3383 Pharisaeis,
2625 3331 2732 3372 una
2751 3330 2874 3372 cum
2892 3314 3223 3387 principibus
3240 3314 3576 3371 sacerdotum
3592 3312 3843 3385 prophetia

2292 3412 2552 3469 carminis
2574 3417 2752 3467 sonat.
2778 3409 3100 3466 Nescierunt
3116 3408 3260 3465 enim
3280 3422 3456 3478 neque
3472 3407 3845 3467 intellexerunt,

2297 3503 2423 3572 quia
2445 3501 2647 3558 dictum
2671 3510 2756 3557 est
2783 3501 2886 3557 illis
2911 3518 2924 3554 :
2956 3498 3079 3554 Nisi
3098 3497 3416 3553 credideritis
3434 3514 3531 3552 non

2298 3594 2381 3650 Illi
2405 3596 2451 3651 si
2479 3594 2854 3660 credidissent,
2883 3592 3248 3661 intelligerent
3268 3605 3420 3647 suum
3440 3602 3553 3644 esse
3576 3586 3838 3641 Dominum

2300 3703 2463 3760 quem
2482 3687 2771 3756 negabant,
2790 3692 2848 3740 et
2864 3683 3173 3753 diligentem
3196 3697 3257 3738 se
3276 3681 3392 3738 odio
3412 3677 3841 3750 pet-sequebantur

2299 3780 2507 3849 iniquo.
2548 3776 2683 3834 Esto
2704 3774 3005 3833 secundum
3048 3773 3471 3830 incredulitatem
3493 3778 3716 3825 vestram
3751 3781 3854 3820 non

2302 3880 2420 3928 erat
2439 3869 2717 3935 Dominus,
2735 3866 2901 3923 frater
2914 3873 3092 3952 tamen
3111 3863 3516 3933 eragﬂebrazus
3534 3876 3600 3917 ex
3617 3850 3855 3952 Bebmis,

2302 3971 2359 4020 et
2385 3969 2640 4034 parentes
2685 3959 2882 4016 fratres
2915 3950 3175 4015 dicebatis
3219 3956 3366 4028 apud
3391 3960 3489 4011 v'os
3525 3954 3660 4011 esse.
3708 3950 3859 4006 Dicite

2305 4069 2437 4125 ergo
2463 4070 2583 4126 quae
2611 4053 2773 4111 fuerit
2800 4044 2963 4110 causa
3000 4051 3110 4107 odii
3141 4069 3155 4105 :
3195 4048 3693 4118 Quarqrinquiuut,
3742 4045 3861 4101 intir~

2306 4164 2428 4206 mos
2478 4156 2635 4205 curat
2680 4148 2738 4203 in
2784 4146 3054 4203 sabbatis?
3093 4142 3162 4199 Et
3214 4144 3319 4200 hoc
3370 4149 3610 4199 meretur
3652 4140 3862 4196 medicas

2304 4242 2491 4299 odium
2510 4258 2619 4312 {pro
2642 4241 2824 4298 salute
2852 4239 3077 4295 fratrum
3103 4240 3396 4304 incurrere,
3420 4246 3480 4293 et
3498 4236 3864 4308 prodebat-itote

2302 4349 2406 4391 sua
2457 4342 2637 4390 vestra
2685 4331 3119 4388 exsecrabilitate
3160 4330 3360 4386 vexari.
3393 4329 3598 4386 Verum
3634 4329 3865 4401 quoniam

2302 4428 2399 4499 "Qui
2423 4427 2531 4483 odit
2561 4428 2939 4499 fratremsstum
2964 4426 3022 4479 in
3041 4422 3262 4480 tenebris
3289 4423 3520 4479 mutat
3546 4422 3770 4494 (I-Ioan.
3796 4420 3861 4485 ni.

2306 4526 2479 4590 atque
2521 4518 2885 4576 movebuntur
2929 4518 3110 4573 omnia
3136 4514 3483 4573 fimdamenta
3537 4526 3724 4579 terra},
3760 4522 3866 4568 rem

627 4595 787 4650 melle
810 4597 1191 4653 saturabuntur
1209 4597 1508 4666 credentes,
1532 4614 1601 4654 ex
1620 4614 1729 4669 quo
1774 4602 2082 4658 ceciderunt
2122 4604 2204 4657 in-
2228 4588 2284 4646 Ῑ)
2302 4588 2567 4681 exsurget
2584 4610 2751 4674 Deus,
2774 4617 2835 4687 ut
2859 4608 3062 4678 judioet
3090 4616 3310 4673 terram,
3336 4605 3659 4663 recedemus
3682 4605 3747 4660 ab
3768 4601 3874 4658 odio

625 4688 888 4745 videntes.
922 4687 1120 4746 Potens
1160 4699 1243 4746 est
1267 4692 1410 4747 enim
1439 4690 1698 4748 Dominus
1726 4693 1919 4749 iterum
1966 4694 2203 4751 inserere

630 4780 767 4836 illos.
809 4781 916 4839 Nos
943 4794 1121 4839 autem
1154 4786 1206 4839 in
1237 4785 1341 4841 lide
1367 4786 1484 4855 ejus
1525 4794 1747 4853 stemus,
1790 4796 1849 4843 ut
1887 4788 1954 4843 ad
1982 4788 2204 4863 nihilum

631 4873 874 4929 inimicos
914 4884 1126 4932 nostros
1165 4876 1389 4946 redigat.
1424 4876 1507 4932 Et
1544 4893 1711 4948 super
1741 4879 2053 4935 tribulantes
2081 4895 2201 4947 nos,

628 4966 744 5020 sive
772 4966 1038 5035 spiritales
1063 4967 1272 5035 hostes,
1306 4967 1423 5024 sive
1472 4969 1744 5035 carnales,
1774 4970 1953 5025 mittat
1990 4985 2209 5025 manum

628 5072 801 5123 suam,
834 5073 930 5130 per
954 5057 1223 5134 Christum
1271 5060 1556 5117 Dominum
1594 5071 1867 5131 nostrum,
1897 5065 1991 5135 qui
2019 5072 2208 5135 regnat

629 5165 752 5205 cum
779 5148 938 5205 Patre
960 5159 1019 5205 et
1039 5149 1243 5223 Spiritu
1260 5162 1465 5219 sancto,
1497 5169 1594 5225 per
1618 5156 1798 5212 omnia
1819 5157 2011 5213 saecula
2040 5173 2207 5214 stew-

631 5239 826 5296 Iorum.
849 5241 1039 5297 Amen.

1117 5296 1432 5369 PSALM‘US
1459 5302 1691 5370 LXXXI.

1189 5401 1432 5461 Psalmus
1452 5404 1652 5476 Asaph.

702 5515 843 5573 Deus
862 5520 1000 5574 stetit
1018 5521 1072 5574 in
1094 5536 1358 5592 synagoga
1376 5519 1605 5586 deorum,
1636 5521 1691 5574 in
1713 5521 1882 5575 medio
1901 5531 2071 5577 autem
2091 5522 2213 5577 deos

634 5606 905 5678 diiudicat.
959 5610 1517 5686 Usquequojudicatis
1560 5614 1904 5686 iniquitatem,
1953 5623 2002 5668 et
2056 5617 2213 5686 facies

633 5706 957 5768 peccatorum
976 5704 1175 5758 sumitis
1191 5704 1215 5757 ?
1230 5701 1471 5758 Judicate
1495 5720 1653 5775 egeno
1673 5712 1721 5757 et
1738 5703 1952 5775 pupillo,
1974 5705 2215 5762 humilem

635 5799 686 5844 ct
714 5807 985 5860 pauperem
1007 5795 1305 5863 iustiﬁcata.
1353 5795 1555 5867 Eripite
1577 5813 1871 5868 pauperem,
1915 5807 1967 5853 et
2001 5814 2216 5871 egenum

2300 4704 2551 4761 fratrum.
2583 4700 2720 4768 Quia
2748 4700 2846 4772 qui
2884 4699 2996 4755 odit
3024 4700 3237 4770 fratrem
3266 4712 3433 4762 sum,
3483 4699 3650 4752 nescit
3672 4713 3771 4769 quo
3800 4701 3876 4747 est

2308 4793 2527 4868 (Ibid),
2554 4792 2684 4864 quia
2711 4790 3047 4848 circumdant
3073 4805 3196 4845 eum
3223 4789 3477 4845 tendit-8.
3502 4788 3745 4857 Agamus
3768 4800 3880 4853 ergo

2302 4885 2543 4945 sollicite
2556 4884 2632 4940 de
2674 4881 2783 4939 tiae
2812 4882 3033 4952 psalmi,
3065 4889 3125 4936 ut
3160 4896 3285 4937 eum
3310 4881 3620 4936 surrexerit
3644 4877 3883 4933 Dominus

2306 4978 2555 5050 iudicare
2580 4984 2799 5042 terram,
2824 4983 2880 5030 et
2898 4988 2997 5030 nos
3018 4974 3071 5028 in
3094 4972 3402 5029 haereditate
3425 4973 3629 5041 capiat,
3656 4974 3715 5027 in
3739 4968 3888 5026 omni-

2308 5070 2416 5127 bus
2454 5069 2745 5140 gentibus,
2790 5067 2889 5137 qui
2950 5074 3137 5133 regnat
3188 5065 3241 5120 in
3292 5064 3488 5119 saecula
3558 5064 3887 5121 saeculorum.

2306 5161 2504 5219 “om
2805 5222 3119 5282 PSALMUS
3148 5214 3402 5280 Lxx‘xu.

2741 5318 3022 5374 Canticum
3050 5317 3240 5388 psalmi
3276 5318 3474 5387 Asapb.

2389 5435 2552 5499 Deus,
2578 5436 2693 5507 quis
2722 5434 2908 5489 similis
2934 5432 3035 5487 erit
3060 5431 3190 5487 tibi?
3213 5448 3276 5486 ne
3300 5440 3493 5495 taceas,
3516 5448 3688 5503 neque
3715 5446 3901 5501 compa

2319 5527 2504 5593 scaris,
2533 5525 2693 5581 Deus.
2724 5525 2985 5591 Quoniam
3020 5540 3135 5578 ecce
3178 5522 3373 5577 inimici
3400 5524 3473 5576 tui
3516 5532 3828 5587 sonuerunt,
3860 5529 3923 5597 et-

2318 5622 2404 5692 qui
2431 5621 2652 5676 oderunt
2696 5628 2744 5673 te
2771 5618 3062 5673 extulerunt
3088 5626 3261 5688 caput.
3290 5615 3461 5687 Super
3482 5616 3744 5686 populum
3772 5625 3905 5670 nam

2319 5711 2728 5783 malignaverunt
2750 5707 3040 5768 consilium.
3064 5716 3114 5760 et
3135 5708 3483 5777 cogitaverunt
3507 5704 3768 5761 adversus
3800 5721 3911 5759 saa-
3999 5773 4005 5787 ‘

2321 5812 2431 5860 ctos
2456 5813 2589 5858 tuos.
2622 5799 2896 5865 Dixerunt,
2955 5797 3154 5864 Venite,
3209 5807 3259 5852 et
3308 5796 3672 5870 disperdanrus
3719 5814 3811 5854 eos
3852 5797 3912 5865 de
3982 5808 3989 5815 '

4025 2664 4027 2735 γ

4027 2760 4031 2907 {1

4032 2950 4033 2989 ι

4034 3046 4035 3083 ι

4036 3142 4037 3179 ι
