4088 6346
504 295 608 351 447

1821 275 2091 340 ARNOBll
2128 271 2430 339 IUNlORlS

3687 277 3792 336 “8

506 427 535 464 a
565 411 676 464 Deo
717 407 963 470 bibimus,
995 411 1048 458 et
1091 400 1325 456 avaritiae
1355 377 1512 454 ferire
1538 388 1926 467 cogitabamus,
1952 413 2091 451 nunc
2118 399 2170 456 Α
2197 397 2335 452 rubis
2365 416 2485 463 nos,
2513 410 2560 451 et
2583 399 2723 472 plebs
2763 406 2849 451 tua
2891 396 3150 452 (relabitur
3178 398 3230 451 in
3260 405 3326 450 te.
3362 396 3586 449 Ostende
3616 397 3788 462 nobis,

507 504 628 571 igne
648 500 844 556 amoris
871 497 1033 552 divini
1052 494 1292 550 succensi
1327 492 1587 547 dicimus:
1621 491 1791 558 Quam
1822 490 2093 555 amabilia,

507 611 667 666 quam
697 593 909 656 dilecta,
941 603 1208 660 quamque
1243 586 1467 657 pulchra
1513 583 1860 640 tabernacula
1902 591 2009 647 tua,
2043 582 2096 635 in

505 688 699 758 quibus
753 684 981 747 habitas,
1033 680 1259 735 Domine
1315 678 1456 735 Deus
1485 678 1760 734 virtutum.
1786 674 2100 756 Quae-sunt

505 778 623 848 ipsa
653 774 1016 839 tabernacula,
1044 772 1113 829 de
1158 767 1352 843 quibus
1389 769 1538 838 dicit,
1580 767 1717 837 Quia
1746 765 2096 838 concupiscit,

505 879 563 927 et
589 869 769 926 deﬁcit
797 869 971 926 anima
1002 882 1124 923 mea
1149 867 1205 925 in
1233 866 1384 922 atriis
1412 862 1548 934 ejus,
1592 864 1647 918 in
1686 862 1888 932 quibus
1921 869 1978 915 et
2005 875 2101 915 cor

506 963 625 1033 ejus
649 970 707 1020 et
742 976 837 1018 cor
855 960 1092 1017 exsultat
1118 961 1245 1037 novi
1292 957 1450 1028 hujus
1486 955 1776 1021 amatoris;
1803 954 1855 1008 in
1884 951 2098 1022 quibus,

506 1055 699 1128 inquit,
728 1069 919 1124 passer
939 1051 1186 1108 Christus
1214 1051 1419 1106 invenit
1446 1049 1548 1105 sibi
1593 1049 1845 1114 domum;
1887 1044 2017 1099 inibi
2045 1050 2102 1100 et

507 1156 685 1206 turtur
724 1146 929 1213 nidum,
973 1145 1025 1200 id
1053 1154 1154 1211 est,
1187 1143 1446 1211 Ecclesia,
1479 1141 1571 1197 ubi
1604 1146 1897 1210 congreget
1923 1137 2102 1209 pullos

508 1257 655 1301 suos.
669 1241 772 1298 Ubi
784 1247 934 1306 sunt,
949 1239 1141 1309 inquit,
1159 1237 1348 1292 altaria
1364 1245 1475 1301 tua,
1500 1235 1728 1291 Domine
1750 1234 2027 1295 virtutum,
2048 1228 2101 1284 id

509 1341 612 1399 est,
638 1333 894 1406 mysteria
922 1340 1035 1397 tua,
1058 1331 1176 1386 Rex
1203 1344 1356 1384 meus
1382 1336 1436 1384 et
1458 1327 1601 1382 Deus
1626 1341 1797 1381 meus.
1830 1323 1980 1379 Beati
2008 1321 2102 1392 qui

510 1425 580 1482 ad
593 1441 657 1486 ea
677 1423 1151 1496 pertingant,quia
1168 1422 1222 1476 in
1250 1431 1508 1477 aeternum
1532 1419 1824 1475 laudabunt
1852 1425 1926 1482 te,
1955 1417 2099 1472 sola-

512 1518 647 1573 tium
668 1515 824 1572 dulce
843 1515 1090 1571 miseriae.
1109 1513 1185 1569 lbi
1206 1513 1348 1570 enim
1377 1513 1631 1567 auxilium
1648 1512 1906 1566 habentes
1928 1518 2098 1576 tuum,

513 1608 858 1665 ascensiones
886 1615 1095 1678 ponunt
1145 1607 1199 1661 in
1244 1605 1406 1662 corde
1452 1620 1572 1669 suo,
1603 1619 1712 1659 non
1742 1604 1797 1658 in
1843 1601 2103 1658 conviviis

515 1699 821 1765 ridentium,
853 1698 948 1754 sed
967 1698 1020 1753 in
1049 1697 1292 1754 convalle
1319 1697 1696 1768 lacrymarum.
1727 1695 1804 1750 Ibi
1831 1695 1975 1750 enim
2002 1694 2100 1749 be-

2199 490 2437 556 Domine,
2461 491 2866 547 misericordiam
2894 500 3052 555 tuam,
3084 500 3132 544 et
3157 490 3386 544 salutare
3421 498 3558 542 tuum
3591 489 3665 542 da
3691 506 3791 543 no-

2199 587 2294 640 bis.
2329 585 2549 640 Audiam
2577 587 2702 658 quid
2728 585 2963 657 loquatur
2986 586 3039 638 in
3067 601 3148 638 me
3172 582 3425 638 Dominus
3457 581 3598 637 Deus
3618 624 3633 647 ,
3668 600 3793 655 quo-

2198 681 2341 734 niam
2369 679 2600 750 loquetur
2628 697 2804 752 pacem
2832 680 2887 733 in
2906 677 3101 750 plebem
3131 693 3296 731 suam.
3321 675 3391 729 Et
3411 692 3564 748 super
3582 685 3794 732 sanctos

2199 790 2339 836 suos,
2369 781 2420 826 et
2464 774 2519 826 in
2558 790 2645 827 eos
2673 774 2756 844 qui
2787 781 3154 826 convertuntur
3183 770 3250 824 ad
3278 787 3386 824 cor.
3423 767 3791 823 Verumtamen

2201 882 2359 936 prope
2383 865 2615 919 timentes
2642 881 2754 918 eum
2778 851 3008 918 salutare
3044 863 3226 934 ipsius,
3266 869 3322 914 ut
3349 858 3606 914 inhabitet
3627 859 3792 930 gloria

2199 958 2256 1011 in
2279 967 2415 1011 terra
2439 966 2636 1012 nostra.
2665 955 3026 1010 Misericordia
3045 963 3094 1009 et
3113 955 3300 1008 veritas
3321 951 3659 1007 obviaverunt
3676 952 3789 1019 sibi,

2195 1051 2402 1121 justitia
2430 1060 2478 1104 et
2503 1067 2609 1121 pan:
2637 1048 2885 1104 osculata:
2910 1055 3049 1102 sunt.
3083 1045 3285 1100 Veritas
3306 1043 3371 1098 de
3393 1034 3531 1098 terra
3561 1052 3681 1097 orta
3700 1052 3789 1106 est,

2201 1153 2250 1198 et
2289 1142 2496 1215 justitia
2535 1142 2599 1197 de
2643 1143 2767 1198 creto
2793 1137 3091 1213 prospexit.
3119 1136 3330 1192 Etenim
3358 1136 3618 1192 Dominus
3658 1137 3793 1190 dabit

2204 1237 2588 1308 benignitatem,
2611 1245 2662 1290 et
2691 1244 2828 1289 terra
2857 1241 3037 1288 nostra
3064 1229 3206 1285 dabit
3231 1231 3453 1302 fructum
3488 1245 3663 1283 suum.
3703 1227 3793 1281 Ju-

2205 1330 2348 1383 stitia
2391 1338 2511 1383 ante
2555 1344 2671 1382 eum
2715 1324 3030 1390 ambulabit,
3079 1334 3130 1379 et
3174 1331 3329 1396 ponet
3370 1324 3427 1377 in
3464 1323 3552 1377 via
3594 1337 3791 1393 gressus

2204 1437 2344 1476 88108.

2782 1503 3216 1545 COIIENTABIUI.

2277 1602 2647 1674 Octogesimus
2695 1612 2921 1674 quartus
2974 1603 3213 1673 psalmus
3260 1600 3616 1658 nihilominus
3659 1599 3787 1656 Core

2210 1696 2331 1754 tiliis
2365 1698 2682 1770 applicatur.
2711 1695 2851 1754 Core
2892 1696 2987 1753 lilii
3013 1705 3159 1764 sunt,
3205 1696 3398 1767 quibus
3435 1705 3600 1767 pater
3626 1695 3789 1765 ignem

513 1781 874 1848 ncdictionem
923 1790 1194 1861 accipiunt
1222 1805 1253 1845 a
1284 1777 1366 1856 te;
1404 1804 1436 1844 a
1476 1803 1585 1858 quo
1628 1786 1826 1856 Legem
1854 1801 2107 1857 suscepe-
2135 1773 2184 1836 Β
2210 1790 2446 1845 alienum
2468 1789 2521 1844 in
2541 1789 2711 1845 altare
2730 1789 2918 1844 volens
2937 1803 3144 1859 ponere
3163 1787 3386 1853 tollitur,
3403 1796 3460 1843 et
3476 1785 3789 1858 paterChri-

515 1891 657 1948 runt,
687 1891 742 1938 et
767 1881 949 1937 vident
979 1882 1033 1936 in
1079 1882 1164 1938 his
1193 1881 1363 1936 Deum
1405 1880 1629 1936 deorum
1655 1880 1712 1934 in
1741 1878 1892 1946 Sion,
1924 1878 1977 1933 id
2005 1887 2104 1945 est,

515 1974 570 2029 in
592 1971 829 2029 Ecclesia
849 1980 964 2039 tua,
993 1973 1048 2028 in
1068 1987 1195 2042 qua,
1227 1973 1453 2029 Domine
1476 1973 1618 2028 Deus
1643 1973 1919 2040 virtutum,
1944 1987 2108 2028 exau-

516 2066 632 2121 dies
659 2081 868 2136 preces,
900 2081 1012 2122 non
1038 2066 1313 2134 vitiorum,
1345 2066 1486 2122 Deus
1513 2084 1524 2118 :
1555 2065 1646 2122 ille
1670 2075 1816 2122 amet
1841 2080 1947 2132 me,
1977 2064 2109 2120 illud

512 2158 807 2228 acquiram,
823 2158 955 2215 illud
976 2159 1224 2226 habeam,
1245 2159 1344 2216 has
1370 2160 1623 2216 vitiorum
1644 2173 1834 2229 preces
1856 2157 2110 2226 dedigna-

515 2257 604 2303 tur
631 2248 888 2305 Dominus
914 2250 1190 2305 virtutum.
1216 2249 1282 2305 Et
1320 2251 1449 2321 quid
1471 2239 1844 2322 amplectitur?
1873 2250 1949 2304 Da
1978 2249 2110 2304 mihi

515 2341 818 2400 castitatem
837 2381 854 2408 ,
886 2342 1238 2412 sapientiam,
1268 2351 1638 2414 contemptum
1666 2341 1869 2407 mundi,
1901 2341 2111 2413 patien-

519 2433 668 2500 tiam,
717 2434 1056 2502 charitatem,
1097 2435 1296 2491 bonam
1341 2437 1704 2507 suspicionem
1741 2438 1794 2491 in
1825 2431 2107 2508 proximo.

517 2523 574 2579 Si
602 2525 706 2579 ista
751 2526 1010 2581 virtutum
1037 2541 1238 2596 genera
1280 2536 1423 2594 sunt,
1449 2536 1504 2583 et
1548 2527 1690 2584 Deus
1716 2531 1975 2584 virtutum
2028 2536 2112 2583 est

517 2633 680 2686 quem
708 2633 962 2696 oramus,
989 2621 1072 2675 his
1120 2621 1308 2692 utique
1351 2622 1512 2677 rebus
1540 2622 1747 2689 annuit,
1778 2622 1970 2691 quibus
2013 2636 2112 2676 nos

517 2728 626 2769 sum
655 2711 815 2769 faciet
836 2700 1041 2771 naturae
1070 2725 1370 2772 consortes.
1411 2715 1545 2771 Cum
1589 2717 1809 2787 respicit
1838 2717 1890 2770 in
1921 2716 2112 2772 faciem

517 2806 733 2876 Christi,
763 2815 818 2864 et
845 2809 1118 2865 hominem
1163 2810 1360 2866 viderit
1404 2811 1683 2866 sedentem
1728 2810 1794 2865 ad
1834 2810 2111 2866 dexteram

515 2915 688 2965 suam,
713 2915 811 2970 per
832 2916 993 2971 quem
1012 2901 1207 2957 melior
1225 2903 1344 2959 dies
1367 2919 1496 2968 una,
1529 2903 1654 2972 quia
1681 2904 1886 2958 {eterna
1913 2903 2034 2968 erit,
2057 2910 2113 2957 et

517 2999 732 3046 noctem
755 3006 860 3047 non
881 2993 1118 3060 habebit,
1133 2995 1187 3047 in
1217 2993 1400 3049 laetitia
1421 2995 1525 3050 erit
1553 2994 1903 3061 credentium,
1921 2995 2114 3050 melior

519 3082 623 3136 erit
643 3081 758 3137 haec
772 3081 886 3138 dies
908 3099 1014 3138 una
1043 3085 1099 3138 in
1119 3098 1287 3153 regno
1314 3086 1431 3155 ejus
1452 3100 1616 3155 super
1631 3086 1796 3140 millia
1825 3101 2106 3150 annorum,

2211 1891 2326 1939 stus
2346 1898 2444 1954 per
2475 1882 2700 1952 gratiam
2728 1879 3082 1938 condonatur.
3120 1879 3273 1935 Sicut
3311 1878 3453 1934 enim
3484 1878 3633 1934 illius
3668 1879 3787 1948 ignis

2213 1977 2377 2032 libido
2405 1985 2489 2031 est
2508 1983 2697 2032 contra
2718 1975 2886 2031 Deum
2904 1983 2960 2030 ει
2988 1982 3177 2030 contra
3201 1973 3443 2045 Moysen,
3476 1973 3529 2028 id
3557 1980 3786 2038 est,con-

2213 2078 2296 2126 tra
2325 2069 2523 2139 Legem
2547 2069 2781 2136 vadens;
2810 2069 2885 2124 ita
2915 2068 3074 2139 hujus
3099 2067 3258 2137 ignis,
3275 2067 3438 2123 corda
3468 2065 3783 2122 credentium

2213 2162 2267 2216 in
2297 2162 2545 2233 amplexu
2573 2147 2953 2217 misericordiae
2999 2169 3055 2216 et
3078 2159 3320 2216 veritatis
3354 2158 3584 2223 excitat,
3629 2159 3695 2212 ita
3735 2164 3784 2211 ut

2207 2251 2414 2321 justitia
2444 2260 2500 2308 et
2527 2269 2631 2323 pax
2667 2252 2979 2308 osculentur
3004 2265 3080 2307 se.
3113 2249 3339 2318 Quando
3363 2258 3550 2324 autem
3584 2250 3673 2304 ista
3697 2262 3778 2317 ge-

2212 2354 2296 2400 sta
2322 2345 2451 2411 sint,
2480 2344 2527 2400 si
2554 2345 2786 2414 requiris
2812 2344 3073 2400 ausculta.
3104 2341 3332 2410 Quando
3377 2339 3648 2397 benedixit
3684 2338 3772 2395 Do-

2213 2435 2391 2490 minus
2419 2444 2618 2490 terram
2647 2450 2799 2490 suam
2827 2435 3059 2489 adventu
3082 2449 3212 2501 suo,
3255 2441 3384 2488 tunc
3409 2433 3610 2488 avertit
3633 2429 3774 2502 Capti-

2213 2528 2434 2583 vitatem
2481 2527 2666 2584 Jacob.
2692 2527 2842 2583 Tunc
2869 2527 3077 2583 remisit
3104 2527 3432 2599 impietatem
3474 2527 3646 2598 plebis
3668 2539 3778 2588 sine.

2214 2621 2478 2690 mitigavit
2505 2627 2718 2676 omnem
2745 2621 2879 2676 iram
2904 2635 3077 2686 suam,
3107 2629 3163 2676 et
3195 2621 3390 2676 avertit
3416 2636 3447 2675 a
3476 2621 3634 2677 nobis
3666 2620 3780 2675 iram

2218 2711 2596 2782 indignationis
2635 2726 2766 2768 suae.
2817 2712 3118 2768 Ostendens
3172 2712 3330 2769 nobis
3380 2711 3780 2769 misericordiam

2214 2817 2386 2868 suam,
2411 2812 2467 2858 et
2491 2803 2727 2859 salutare
2753 2819 2910 2858 suum
2932 2805 2987 2858 in
3013 2801 3229 2859 Christo
3257 2803 3393 2861 dans
3421 2803 3597 2860 nobis.
3613 2801 3779 2858 Audis-

2213 2912 2333 2952 mus
2383 2896 2512 2966 quid
2559 2897 2829 2968 loquatur,
2881 2897 2974 2968 qui
3020 2898 3168 2953 venit
3204 2905 3260 2952 et
3304 2897 3582 2954 benedixit
3605 2904 3778 2954 ten-am

2214 3005 2366 3046 suam
2396 3008 2409 3044 :
2443 2989 2637 3045 Pacem
2682 3006 2872 3055 meam,
2905 2991 3096 3060 inquit,
3150 2990 3216 3046 do
3261 2987 3401 3046 vobis
3432 2989 3617 3062 (Joan.
3648 2987 3773 3059 xtv).

2215 3079 2358 3139 Ecce
2380 3085 2460 3139 sic
2479 3083 2717 3153 loquitur
2753 3093 2944 3154 paCem
2973 3084 3025 3139 in
3053 3083 3266 3155 plebem
3285 3100 3439 3140 suam
3473 3103 3486 3139 :
3518 3084 3684 3156 primo
3704 3097 3776 3137 su-

518 3189 643 3244 qute
672 3174 798 3230 sunt
824 3176 878 3230 in
904 3183 1047 3231 terra
1076 3149 1415 3248 consumpta.
1448 3149 1550 3243 Qui
1578 3178 1692 3233 haec
1719 3186 1896 3232 autem
1921 3149 2110 3242 credit,
2141 3149 2188 3214 C
2217 3190 2315 3248 per
2341 3149 2579 3243 sanctos,
2609 3174 2664 3232 id
2688 3149 2790 3242 est,
2833 3177 2996 3249 supe'r
3021 3149 3313 3248 apostolos.
3346 3175 3476 3234 Post
3633 3187 3776 3245 super

518 3266 642 3338 plus
669 3267 820 3336 eligit
837 3266 1079 3345 ahjectus
1098 3283 1216 3324 esse
1245 3269 1300 3324 in
1328 3270 1738 3326 conversatione
1759 3269 2110 3328 credentium.

516 3358 655 3426 Quia
675 3359 868 3416 domus
889 3359 985 3415 Dei
1011 3376 1120 3417 non
1150 3372 1401 3418 cemento
1423 3371 1635 3420 constat
1661 3371 1718 3418 ct
1744 3364 1910 3430 calce,
1941 3363 2035 3420 sed
2061 3364 2114 3418 in

518 3450 736 3508 homine
763 3453 1016 3510 credente
1056 3463 1111 3510 et
1166 3454 1284 3524 ejus
1326 3465 1594 3526 praecepta
1641 3465 1910 3512 servante.
1972 3456 2116 3511 Inter

520 3555 622 3596 nos
645 3555 776 3612 ergo
806 3543 998 3600 melius
1027 3553 1112 3600 est
1134 3545 1264 3600 mihi
1294 3562 1394 3616 pro
1424 3546 1634 3616 abjecto
1657 3547 1864 3615 haberi,
1887 3559 2048 3618 quam
2069 3549 2116 3604 si

521 3648 620 3704 pro
640 3647 768 3703 rege
795 3635 996 3691 habear
1017 3637 1072 3692 in
1103 3639 1464 3694 tabernaculis
1491 3647 1854 3710 peccatorum,
1885 3641 1974 3696 ubi
2014 3642 2116 3697 mi-

520 3726 869 3784 sericordiam
897 3738 953 3785 et
972 3731 1258 3787 veritatem
1277 3732 1450 3801 diligit
1478 3731 1754 3800 Dominus,
1778 3743 1977 3805 etpost
2010 3736 2114 3790 mi-

520 3819 867 3876 sericordiam
914 3821 1112 3878 viderit
1140 3831 1196 3878 et
1221 3825 1505 3881 veritatem
1547 3826 1868 3882 custoditam
1916 3826 1983 3881 ab
2027 3841 2112 3894 eo,

518 3910 613 3980 qui
632 3925 753 3966 eam
779 3911 929 3968 dedit
947 3911 1225 3971 Dominus.
1257 3913 1386 3972 Post
1413 3916 1528 3972 haec
1553 3918 1780 3986 gratiam
1808 3925 1864 3973 et
1891 3917 2113 3986 gloriam

518 4000 685 4068 dabit,
711 4002 783 4057 ita
804 4012 863 4058 ut
881 4006 998 4061 sine
1025 4008 1365 4064 successione
1385 4022 1480 4064 eas
1501 4009 1791 4079 possideat.
1825 4009 1941 4066 Non
1971 4012 2113 4067 enim

519 4092 756 4161 privabit
781 4094 938 4150 bonis
964 4111 1061 4152 eos
1106 4098 1198 4166 qui
1246 4099 1638 4155 ambulaverint
1683 4103 1737 4156 in
1785 4102 2109 4159 innocentia.

521 4186 603 4239 Ad
654 4187 768 4242 haec
816 4188 1058 4247 dicamus
1101 4206 1290 4248 omnes
1322 4211 1334 4246 :
1366 4192 1593 4250 Domine
1647 4195 1790 4250 Deus
1836 4197 2110 4263 virtutum,

475 4331 479 4335 .
524 4278 716 4334 beatus
742 4279 828 4334 vir
874 4282 966 4352 qui
1003 4293 1187 4354 sperat
1234 4285 1288 4339 in
1343 4291 1416 4340 te.
1449 4284 1546 4341 Vir
1585 4302 1708 4342 cum
1753 4287 1973 4353 dixeris,
2005 4305 2115 4345 non

525 4384 714 4426 sexum
742 4369 1040 4441 discrevisti
1059 4415 1074 4440 ,
1106 4375 1202 4429 sed
1229 4384 1484 4432 mentem.
1517 4375 1739 4434 Femina
1767 4379 1911 4435 enim
1940 4381 2114 4436 virum

526 4468 650 4528 aget
671 4461 948 4518 virtutum.
990 4463 1150 4520 Amat
1174 4481 1270 4523 rex
1297 4481 1416 4536 qua:
1458 4468 1580 4538 jure
1620 4469 1704 4524 vir
1734 4455 1958 4538 dicitur,
1989 4488 2112 4529 cum

521 4550 651 4605 vitia
672 4565 791 4620 quae
844 4552 1097 4610 feminam
1141 4558 1305 4613 etiam
1334 4559 1506 4615 virum
1558 4560 1788 4625 faciunt,
1819 4561 1985 4618 animi
2026 4565 2110 4619 sui

521 4639 839 4697 credulitate
858 4647 1209 4714 prostraverit
1229 4664 1328 4720 per
1336 4651 1562 4718 gratiam
1578 4650 1789 4709 Domini
1806 4656 1974 4711 nostri
1985 4655 2113 4713 Iesu

523 4728 742 4800 Christi,
793 4737 884 4806 qui
937 4747 1126 4808 regnat
1153 4757 1276 4798 cum
1305 4740 1466 4800 Patre
1497 4753 1552 4801 et
1585 4743 1789 4816 Spiritu
1826 4757 2015 4806 sancto
2056 4749 2111 4804 in

526 4823 719 4877 saacula
749 4826 1087 4883 seculorum.
1121 4831 1311 4888 Amen.

1001 4963 1310 5024 PSALMUS
1349 4967 1630 5028 LXXXIV.

1023 5078 1080 5134 In
1112 5079 1270 5137 linem
1300 5081 1420 5140 ﬁliis
1447 5084 1604 5142 Core.

599 5184 931 5280 Benedixisti,
956 5190 1197 5260 Domine,
1224 5207 1413 5253 terram
1452 5211 1612 5267 tuam,
1641 5207 1869 5260 avertisti
1892 5210 2110 5280 captivi-

525 5287 678 5333 tatem
699 5277 881 5335 Jacob.
911 5281 1175 5340 Remisisti
1195 5288 1518 5360 iniquitatem
1539 5292 1700 5364 plebis
1721 5304 1841 5363 tute,
1869 5277 2114 5369 aperuisti

523 5373 698 5424 omnia
736 5383 949 5443 peccata
991 5393 1185 5432 eorum.
1230 5377 1489 5453 Mitigasti
1527 5401 1726 5440 omnem
1767 5389 1902 5444 iram
1950 5401 2109 5458 tuam,

523 5465 750 5518 avertisti
783 5467 847 5520 ab
877 5470 958 5522 ira
987 5469 1362 5542 indignationis
1402 5483 1519 5530 tute.
1552 5477 1799 5534 Converte
1825 5497 1940 5546 nos,
1973 5481 2113 5537 Deus

523 5553 766 5644 salutaris
787 5569 979 5625 noster,
1009 5571 1058 5633 et
1076 5574 1248 5618 averte
1277 5565 1411 5620 irem
1436 5575 1574 5622 tuam
1599 5586 1632 5622 a
1657 5571 1824 5626 nobis.
1862 5570 2116 5644 Nunquid

521 5643 577 5695 in
608 5653 853 5701 teternunt
881 5651 1116 5707 irasceris
1150 5654 1317 5721 nobis,
1349 5667 1441 5711 aut
1463 5661 1707 5716 extendes
1735 5663 1871 5716 iram
1899 5643 2042 5717 tuam
2079 5681 2112 5718 a

526 5739 856 5809 generatione
880 5743 934 5795 in
961 5749 1374 5813 generationem?
1400 5751 1557 5819 Deus,
1585 5764 1636 5809 tu
1657 5773 1928 5813 conversus
1948 5758 2112 5832 viviﬁ-

1749 5919 1817 5932 ~.-
1837 5916 1840 5917 ⁷

2139 4522 2193 4586 D

2215 3283 2311 3324 eos
2337 3269 2431 3338 qui
2460 3285 2559 3340 per
2604 3269 2882 3340 apostolos
2925 3277 3312 3325 convertuntur
3338 3268 3408 3325 ad
3449 3284 3585 3325 eum.
3620 3267 3776 3337 Prope

2217 3367 2300 3415 est
2327 3360 2470 3415 enim
2509 3361 2818 3418 timentibus
2845 3361 3014 3417 Deum
3041 3362 3276 3418 salutare
3303 3362 3488 3434 ipsius,
3517 3363 3559 3417 si
3585 3360 3774 3416 inhabi-

2220 3453 2413 3508 taverit
2432 3453 2624 3522 gloria,
2647 3453 2702 3509 id
2718 3461 2819 3520 est,
2838 3452 3070 3525 Spiritus
3088 3463 3336 3522 sanctus;
3363 3454 3417 3510 in
3433 3464 3561 3510 terra
3579 3458 3762 3516 nostra,

2219 3544 2272 3600 id
2300 3551 2402 3611 est,
2433 3547 2485 3601 in
2529 3545 2847 3617 corporibus
2876 3547 3093 3613 nostris,
3123 3563 3233 3617 quo
3261 3547 3534 3610 habitante,
3565 3542 3755 3598 miseri-

2219 3638 2402 3695 cordia
2429 3648 2486 3694 et
2530 3640 2728 3696 veritas
2756 3648 3048 3696 occurrunt
3073 3639 3176 3696 sibi
3214 3641 3268 3695 in
3296 3638 3442 3695 nobis
3469 3634 3627 3694 charis
3654 3647 3760 3688 am-

2219 3732 2483 3803 plexibus.
2508 3731 2721 3788 Justitia
2742 3747 2872 3801 vero
2893 3740 2948 3787 et
2966 3747 3074 3802 pax
3101 3729 3409 3788 osculantur
3433 3745 3509 3786 se.
3535 3727 3662 3796 Quia
3682 3740 3770 3779 veo-

2219 3823 2372 3890 ritas,
2402 3837 2521 3892 quae
2541 3830 2624 3878 est
2642 3820 2906 3890 Christus,
2922 3821 2992 3878 de
3012 3831 3174 3889 terra,
3193 3822 3246 3878 id
3262 3831 3365 3888 est,
3387 3821 3456 3878 de
3474 3820 3648 3884 Maria,
3665 3825 3772 3873 orta

2219 3921 2320 3976 est,
2347 3920 2403 3968 et
2422 3913 2496 3968 ita
2513 3914 2659 3983 justo
2681 3915 2786 3970 hoc
2807 3913 3011 3985 judicio
3035 3915 3234 3970 factum
3265 3913 3538 3984 est,'quod
3554 3926 3668 3969 cum
3691 3908 3776 3964 Ile-

2183 3985 2301 4060 λνει
2320 4005 2666 4072 docebamur,
2690 4005 2833 4076 quod
2856 4004 3062 4076 justitia
3093 4005 3162 4062 de
3187 4006 3326 4063 cano
3354 4005 3639 4077 prospexit.
3660 4001 3779 4058 Cum

2219 4099 2477 4156 Dominus
2524 4101 2678 4157 daret
2722 4099 2862 4156 hanc
2888 4100 3318 4157 benedictionem
3365 4098 3565 4164 Mariae,
3593 4098 3646 4153 in
3687 4108 3778 4165 qua

2218 4191 2373 4261 quasi
2419 4199 2564 4248 terra
2589 4199 2794 4256 nostra,
2827 4206 2896 4248 ex
2924 4200 3109 4248 nostra
3139 4193 3323 4262 utique
3375 4191 3622 4256 materia,
3647 4187 3780 4244 daret

2217 4285 2451 4340 fructum
2476 4301 2651 4342 suum.
2684 4283 2853 4340 Suum
2881 4285 3064 4355 utique
3086 4285 3358 4341 hominem
3385 4282 3696 4355 perfectum,
3722 4293 3778 4334 ex

2217 4377 2423 4434 semine
2458 4376 2629 4433 David
2656 4376 2950 4434 secundum
2997 4391 3215 4432 carnem
3251 4383 3378 4431 ante
3411 4391 3578 4445 quem
3600 4371 3776 4445 justitia

2219 4469 2511 4525 ambulavit
2538 4469 2593 4524 in
2639 4469 2847 4526 Joanne
2869 4468 3129 4539 Baptista,
3177 4475 3237 4524 ut
3265 4467 3340 4522 ita
3375 4474 3610 4539 poneret
3634 4466 3686 4520 in
3707 4461 3776 4516 vis

2216 4565 2431 4630 gressus
2459 4577 2606 4628 suos,
2637 4570 2698 4617 ut
2743 4562 2859 4632 ipse
2896 4569 3042 4617 esset
3087 4568 3194 4616 vox
3228 4559 3380 4623 Isaia;
3411 4557 3783 4615 vaticinatione

2215 4652 2499 4724 promissa,
2539 4667 2644 4723 qua
2667 4654 2928 4709 clamaret
2946 4653 3000 4708 in
3027 4653 3244 4710 deserto
3263 4652 3423 4723 huius
3441 4653 3626 4709 seculi
3655 4648 3784 4705 :Pa-

2214 4753 2328 4799 rate
2345 4745 2454 4798 vias
2484 4743 2713 4810 Domini,
2745 4755 2911 4801 rectas
2939 4747 3096 4818 facite
3121 4747 3329 4800 semitas
3347 4743 3450 4800 Dei
3475 4746 3645 4802 nostri
3664 4740 3782 4815 (ιω.

2216 4838 2327 4908 xL).
2361 4837 2494 4893 Nam
2523 4846 2579 4894 et
2607 4837 2893 4894 Zacharias
2920 4838 3000 4894 sic
3032 4837 3164 4893 dicit
3188 4835 3381 4892 Joanni
3411 4854 3424 4891 :
3456 4835 3533 4891 Tu
3564 4833 3784 4907 quidem.

2214 4948 2360 5004 puer,
2385 4933 2632 5004 propheta
2669 4932 2922 4986 Altissimi
2959 4931 3253 4995 vocaberis;
3282 4929 3489 5001 prteibis
3521 4931 3661 4984 enim
3686 4934 3791 4980 ante

2215 5026 2403 5099 faciem
2432 5025 2663 5092 Domini,
2693 5042 2882 5098 parare
2906 5027 3016 5081 vias
3042 5027 3154 5098 ejus
3176 5025 3325 5099 (Luc.
3357 5025 3417 5096 ι).
3449 5024 3508 5080 In
3531 5026 3651 5095 ipso
3675 5033 3789 5088 ergo

2209 5116 2416 5187 justitia
2445 5126 2571 5173 ante
2601 5133 2722 5173 eum
2752 5117 3062 5184 ambulavit,
3088 5126 3147 5172 ut
3173 5114 3285 5188 ipsa
3309 5116 3514 5186 justitia
3537 5131 3638 5187 per
3655 5111 3793 5168 Chri-

2216 5219 2361 5267 stum
2387 5221 2616 5282 poneret
2645 5213 2698 5267 in
2738 5213 2878 5267 viam
2925 5227 3030 5284 qua
3062 5213 3230 5268 iretur
3265 5211 3334 5278 ad
3381 5210 3551 5268 caelos
3592 5220 3794 5279 gressus
3879 5213 3890 5227 '

2217 5318 2363 5369 suos,
2379 5311 2438 5356 ut
2461 5319 2752 5373 sequamur
2760 5305 2984 5373 vestigia
2995 5305 3112 5375 ejus
3130 5305 3222 5374 qui
3243 5311 3524 5376 peccatum
3540 5318 3647 5359 non
3661 5297 3792 5360 fecit.

2221 5409 2322 5450 nec
2350 5394 2599 5450 inventus
2626 5403 2710 5451 est
2737 5395 2892 5452 dolus
2921 5397 2974 5451 in
3002 5411 3098 5452 ore
3125 5395 3263 5466 ejus,
3286 5397 3387 5467 ipsi
3429 5395 3600 5463 gloria
3630 5394 3681 5448 in
3707 5403 3795 5446 sae-

2218 5486 2338 5542 cula
2367 5486 2701 5543 saeculorum.
2731 5489 2920 5544 Amen.

2711 5579 3026 5657 PSAL'MUS
3063 5579 3315 5638 LXXXV.

2811 5669 2998 5728 Oratio
3029 5671 3212 5728 David.

2251 5795 2254 5799 -
2288 5761 2497 5824 Inclina
2559 5762 2812 5831 Domine,
2860 5781 3036 5822 aurem
3065 5774 3204 5821 tuam
3233 5774 3283 5820 et
3317 5762 3507 5820 exaudi
3532 5777 3647 5826 me,
3674 5772 3794 5834 qvo-
