4088 6346
296 335 403 390 “9

295 449 617 531 niaminops
641 456 690 500 et
713 461 903 517 pauper
927 461 1038 499 sum
1057 463 1171 517 ego.
1204 445 1416 500 Custodi
1438 447 1666 500 animam
1685 463 1869 509 meam,
1899 448 1952 509 Α

287 539 536 613 quoniam
562 545 767 592 sanctus
805 553 944 600 sum,
971 538 1169 590 salvum
1193 539 1277 608 fac
1305 555 1501 592 servum
1532 545 1668 590 tuum
1685 579 1700 603 ,
1731 536 1869 592 Deus

288 645 457 692 meus,
481 636 770 700 sperantem
793 630 846 682 in
867 637 931 682 te.
957 627 1202 683 Miserere
1220 631 1338 694 mei,
1362 628 1600 693 Domine,
1628 630 1869 699 quoniam

290 722 366 776 ad
393 731 440 776 te
458 721 676 775 clamavi
703 729 809 776 tota
829 720 945 785 die;
977 721 1185 791 laetiﬁca
1203 720 1433 774 animam
1455 722 1585 774 servi
1613 721 1704 782 tui,
1739 736 1869 791 quo-

289 815 440 868 niam
458 811 527 865 ad
547 820 612 877 te,
628 810 870 876 Domine,
885 813 1115 866 animum
1133 828 1300 865 meam
1320 811 1494 865 levavi.
1515 810 1772 874 Quoniam
1795 820 1865 876 tu,

288 902 534 967 Domine,
558 902 728 956 suavis
747 911 796 956 et
813 903 974 964 mitis,
990 912 1040 956 et
1058 902 1234 957 multa
1251 901 1617 956 misericordia
1635 899 1870 955 omnibus

285 991 645 1048 invocantibus
672 1001 739 1048 te.
780 992 1002 1047 Auribus
1039 995 1271 1064 percipe,
1314 992 1555 1058 Domine,
1585 993 1869 1046 orationem

284 1104 479 1153 vneam,
510 1097 560 1141 et
579 1085 788 1141 intende
805 1087 913 1141 voci
940 1085 1311 1157 deprecationis
1338 1102 1482 1140 metu.
1509 1084 1574 1138 In
1597 1084 1681 1138 die
1702 1083 1868 1137 tribu-

286 1179 504 1234 lationis
529 1195 656 1234 metu
681 1178 897 1232 clamavi
916 1176 986 1232 ad
1015 1187 1080 1241 te,
1103 1177 1224 1249 quia
1243 1177 1502 1232 exaudisti
1521 1193 1620 1231 me.
1649 1174 1771 1230 Non
1792 1183 1869 1230 est

285 1272 478 1326 similis
509 1273 583 1326 tui
608 1272 665 1325 in
693 1270 814 1338 diis,
838 1269 1079 1336 Domine,
1100 1278 1151 1322 et
1177 1286 1282 1324 non
1303 1277 1384 1324 est
1409 1268 1688 1324 secundum
1712 1283 1868 1340 opera

288 1370 406 1414 tua.
438 1358 631 1415 Omnes
657 1367 831 1432 gentes
858 1375 1184 1430 quascunque
1203 1359 1369 1430 fecisti
1388 1362 1588 1414 venient
1605 1367 1655 1413 et
1675 1359 1870 1414 adora-

285 1451 418 1506 bunt
450 1468 624 1506 coram
659 1460 726 1517 te,
752 1450 992 1516 Domine,
1025 1460 1073 1504 et
1105 1449 1468 1524 glorificabunt
1486 1468 1671 1507 nomen
1706 1461 1864 1505 tuum.

286 1539 554 1605 Quoniam
580 1557 796 1613 magnus
818 1558 874 1596 es
895 1550 970 1606 tu,
995 1548 1046 1594 et
1065 1541 1260 1610 faciens
1280 1539 1559 1605 mirabilia,
1585 1550 1636 1593 tu
1655 1558 1709 1596 es
1730 1540 1871 1596 Deus

287 1633 452 1688 solus.
477 1632 656 1687 Deduc
674 1649 773 1698 me,
795 1632 1032 1699 Domine,
1062 1635 1117 1687 in
1145 1633 1225 1686 via
1255 1642 1340 1686 tua
1357 1672 1372 1696 ,
1418 1643 1468 1687 et
1510 1634 1776 1705 ingrediar
1814 1636 1870 1688 in

286 1724 505 1777 veritate
522 1732 630 1790 tua,
661 1724 864 1779 latetur
884 1741 974 1780 cor
1000 1740 1168 1779 meum
1189 1732 1246 1776 ut
1275 1725 1448 1778 timeat
1480 1741 1666 1778 nomen
1705 1732 1863 1779 tuum.

1157 330 1620 387 COMMENTARII
1660 329 1724 386 IN
1766 326 2090 386 I‘SALMOS.
2134 328 2323 384 PSAL.
2366 329 2641 386 LXXXVI.

3443 335 3550 391 450

2451 446 2671 500 PSALM
2681 446 2764 502 US
2801 447 3079 504 LXXXVI.

2353 537 2593 594 Psalmus
2617 539 2823 596 Cantici
2854 541 2973 598 ﬁliis
3003 541 3160 598 Core.

2041 632 2403 688 Fundamenta
2431 633 2540 704 ejus
2562 633 2615 687 in
2644 635 2899 690 montibus
2927 637 3141 703 sanctis,
3175 635 3342 707 diligit
3364 634 3545 688 Domi-

1971 743 2067 780 nus
2095 735 2270 797 portas
2299 725 2429 781 Sion
2452 742 2605 796 super
2634 727 2810 779 omnia
2841 726 3170 782 tabernacula
3201 727 3380 781 Jacob.
3427 725 3538 780 Clo-

1972 818 2114 873 riosa
2143 818 2279 871 dicta
2308 825 2426 870 sunt
2456 816 2519 869 de
2539 825 2604 877 te,
2642 818 2822 870 civitas
2845 817 2960 871 Dei.
2988 818 3187 873 Memor
3212 835 3300 872 ero
3327 817 3471 871 Raab
3498 827 3548 871 et

1971 907 2270 978 Babylonis,
2289 909 2558 962 scientium
2586 923 2684 960 me.
2707 906 2843 961 Ecce
2863 909 3189 979 alienigenis,
3214 919 3263 963 et
3293 908 3478 980 Tyrus,
3499 909 3556 964 e‘l

1970 998 2188 1069 populus
2212 997 2540 1068 At‘thiopum,
2569 997 2608 1050 ii
2632 999 2838 1068 fumnt
2864 997 2991 1050 illic.
3028 995 3282 1068 Nunquid
3306 997 3435 1053 Sion
3464 999 3545 1051 di-

1971 1098 2048 1143 cet
2077 1106 2094 1142 :
2127 1088 2316 1152 Homo,
2340 1098 2391 1142 et
2414 1089 2563 1143 homo
2591 1098 2741 1142 natus
2768 1097 2845 1142 est
2877 1090 2931 1142 in
2960 1106 3055 1154 ea,
3085 1099 3136 1143 et
3173 1091 3285 1160 ipse
3317 1091 3549 1162 fundarit

1969 1199 2082 1236 eam
2103 1181 2437 1236 Altissimus?
2459 1179 2711 1236 Dominus
2732 1179 2969 1234 narrabit
2994 1178 3049 1234 in
3071 1179 3356 1251 Scripturis
3388 1200 3548 1252 popu-

1969 1273 2137 1327 lorum
2181 1281 2231 1325 et
2277 1273 2588 1342 principum,
2625 1273 2808 1326 horum
2842 1271 2928 1342 qui
2957 1272 3163 1342 fuerunt
3200 1272 3254 1324 in
3294 1289 3372 1326 ea.
3405 1272 3549 1327 Sicut

1971 1363 2257 1417 laetantium
2276 1362 2502 1416 omnium
2530 1360 2778 1416 habitatio
2806 1370 2886 1416 est
2912 1361 2965 1414 in
2995 1369 3060 1413 te.

2544 1467 2978 1508 COIIENTARIUI.

2041 1545 2241 1600 Omnes
2289 1558 2428 1615 pene
2455 1542 2645 1612 psalmi
2693 1542 2786 1612 qui
2827 1540 2882 1595 in
2936 1539 3058 1596 ﬁliis
3080 1540 3221 1596 Core
3250 1541 3547 1606 titulantnr,

1969 1635 2152 1692 lmtitia
2178 1635 2321 1707 pleni
2347 1642 2492 1691 sunt.
2509 1631 2627 1689 Non
2647 1632 2790 1688 enim
2817 1631 2986 1688 secuti
3007 1630 3338 1703 iniquitatem
3360 1633 3548 1703 patris,

1970 1727 2205 1783 alienum
2235 1741 2264 1780 a
2289 1725 2402 1781 Deo
2426 1724 2606 1794 ignem
2635 1723 2975 1779 libidinosum
3004 1732 3298 1789 assumunt,
3323 1723 3415 1779 sed
3447 1725 3550 1779 hoc

289 1813 587 1884 Conﬁtebor
615 1815 723 1881 tibi,
755 1813 976 1870 Domine
1005 1814 1142 1870 Deus
1163 1831 1322 1880 meus,
1353 1817 1408 1868 in
1438 1823 1542 1871 toto
1563 1815 1718 1870 corde
1735 1833 1867 1883 meo,
1898 1823 1948 1885 Β
1974 1827 2218 1874 amantes
2244 1816 2390 1888 quod
2416 1816 2588 1886 diligit
2634 1815 2912 1880 Dominus,
2952 1814 3020 1870 de
3067 1814 3550 1883 civitate-gloriosa

287 1914 343 1960 ct
365 1904 668 1976 glorificabo
697 1921 880 1960 nomen
915 1915 1056 1960 tuum
1095 1907 1150 1959 in
1186 1914 1450 1960 retentum.
1495 1903 1631 1970 Quia
1668 1907 1872 1961 miseri-

288 1995 470 2051 cordia
510 2005 596 2050 tua
640 2013 832 2069 magna
880 2005 956 2051 est
999 2013 1153 2068 super
1188 2013 1268 2050 me
1284 2037 1298 2064 ,
1344 2005 1394 2050 et
1429 1998 1608 2050 eruisti
1646 1999 1874 2052 animam

292 2105 460 2142 meam
481 2103 547 2142 ex
571 2089 778 2159 inferno
796 2088 1055 2159 inferiori.
1094 2085 1234 2140 Deus
1252 2125 1268 2151 ,
1295 2087 1459 2156 iniqui
1486 2087 1876 2141 insurrexerunt

291 2195 448 2250 super
484 2195 584 2244 me,
615 2187 665 2232 et
701 2193 969 2248 synagoga
997 2177 1280 2248 potentium
1306 2177 1619 2247 quasierunt
1645 2175 1876 2230 animam

294 2288 482 2336 meam,
513 2281 564 2326 et
586 2288 689 2325 non
716 2278 1092 2342 proposuerunt
1112 2278 1160 2323 te
1183 2271 1240 2323 in
1267 2277 1540 2340 conspectu
1567 2285 1678 2324 suo.
1701 2268 1772 2322 Et
1801 2279 1872 2335 tu,

296 2363 521 2420 Domine
542 2363 701 2428 Deus,
724 2364 1066 2430 miseratoret
1085 2361 1394 2426 misericors,
1418 2362 1616 2430 patiens
1636 2370 1685 2414 et
1703 2361 1876 2416 multa:

297 2454 665 2510 misericordias
688 2464 738 2508 et
765 2469 943 2508 verax.
977 2451 1194 2522 Respice
1219 2453 1273 2507 in
1296 2469 1394 2518 me,
1425 2461 1476 2507 et
1498 2455 1740 2508 miserere
1753 2455 1872 2519 mei,

299 2545 372 2598 da
397 2545 664 2615 imperium
693 2555 834 2598 tuum
860 2560 1013 2613 puero
1044 2554 1147 2608 tuo,
1179 2552 1228 2597 et
1250 2545 1442 2598 salvum
1468 2546 1553 2616 fac
1576 2545 1742 2614 filium
1777 2557 1872 2598 an-

303 2637 439 2692 cilla:
463 2645 581 2691 tute.
605 2635 716 2690 Fac
744 2651 938 2690 mecum
967 2636 1170 2707 signum
1205 2637 1260 2689 in
1292 2635 1452 2702 bono,
1480 2644 1536 2688 ut
1556 2635 1759 2690 videant
1785 2637 1872 2708 qui

301 2728 519 2783 oderunt
537 2744 633 2794 me,
655 2736 705 2782 et
721 2727 1144 2800 confundantur;
1165 2728 1404 2798 quoniam
1425 2735 1498 2796 tu,
1517 2725 1759 2794 Domine,
1782 2727 1872 2783 ad-

298 2818 471 2887 iuvisti
497 2827 547 2874 et
571 2821 863 2874 consolatus
891 2835 944 2873 es
972 2836 1072 2873 me.

861 2905 1292 2968 concursantis.

313 3037 321 3046 .
369 3004 504 3060 Dum
559 3005 611 3060 in
655 3005 988 3075 octogesimo
1041 3006 1278 3062 secundo
1321 3006 1538 3062 aieret:
1586 3004 1722 3059 Deus
1764 3007 1876 3077 quis

296 3097 480 3151 similis
508 3095 637 3151 tibi?
663 3096 816 3152 Nunc
858 3097 912 3150 in
961 3097 1292 3165 octogesimo
1321 3096 1512 3165 quinto
1555 3095 1727 3151 dicit:
1760 3094 1877 3151 Non

1975 1912 2288 1980 loquuntur.
2339 1906 2496 1974 Quod
2540 1916 2718 1963 tamen
2769 1905 3087 1976 principium
3115 1903 3324 1960 dederit
3347 1905 3551 1975 psalmo

1976 2000 2306 2069 octogesimo
2353 2008 2508 2056 sexto
2554 1997 2850 2070 prophetia:
2899 1993 3143 2067 spiritus,
3199 1994 3548 2064 requiramus.

1977 2091 2348 2147 Fundamenta
2373 2091 2512 2161 ejus.
2541 2089 2728 2144 Adhuc
2756 2104 2863 2143 non
2916 2086 3095 2143 dixisti
3123 2085 3294 2156 cujus,
3325 2093 3381 2141 et
3424 2086 3553 2142 dicis

1971 2181 2086 2252 jam
2113 2181 2268 2252 ejus?
2297 2179 2451 2237 Unde
2481 2163 2703 2252 apparet
2729 2179 2898 2234 Deum
2927 2177 3022 2232 tibi
3043 2175 3344 2232 ostendisse
3367 2175 3554 2231 civita-

1977 2281 2108 2339 tem,
2138 2273 2292 2344 cujus
2317 2281 2372 2330 te
2415 2273 2635 2345 positio,
2665 2271 2793 2327 dum
2817 2278 3062 2326 cantares
3098 2268 3348 2337 Domino,
3375 2267 3554 2339 appel-

1978 2365 2138 2432 lavit;
2161 2372 2218 2420 et
2245 2365 2379 2421 dans
2400 2373 2504 2420 tua:
2549 2362 2862 2433 cogitationi
2889 2375 3229 2432 responsum,
3247 2361 3431 2425 subito
3453 2376 3551 2416 ex-

1975 2461 2219 2516 clamasti
2251 2477 2268 2516 :
2317 2460 2684 2528 Fundamenta
2732 2458 2872 2514 illius
2917 2458 3146 2514 civitatis
3167 2473 3328 2527 quam
3355 2456 3552 2527 cogito,

1973 2552 2128 2622 cujus
2156 2562 2340 2625 portas
2357 2552 2529 2623 diligit
2548 2552 2806 2608 Dominus
2832 2567 2994 2622 super
3005 2551 3184 2606 omnia
3214 2551 3553 2606 tabernacula

1972 2645 2158 2712 Jacob,
2189 2644 2259 2701 de
2284 2661 2390 2716 qua
2431 2645 2662 2715 gloriosa
2691 2643 2832 2699 dicta
2861 2651 2985 2698 sunt
3012 2658 3043 2697 a
3086 2643 3394 2712 prophetis;
3432 2641 3554 2694 fun-

1973 2736 2227 2792 damenta
2255 2735 2375 2805 ejus
2403 2736 2458 2790 in
2504 2735 2773 2790 montibus
2824 2733 3040 2788 sanctis.
3089 2731 3166 2786 lbi
3211 2740 3334 2786 sunt
3371 2731 3555 2785 funda-

1975 2836 2156 2881 menta
2184 2825 2439 2892 civitatis,
2467 2839 2605 2894 quos
2629 2822 2875 2878 Christus
2913 2830 3124 2878 montes
3143 2823 3385 2878 excelsos
3412 2823 3555 2889 fecit,

1978 2930 2208 2984 quorum
2237 2915 2466 2970 vertices
2493 2914 2686 2969 cmlum
2715 2912 2952 2984 pulsant,
2984 2913 3035 2967 in
3059 2912 3250 2982 quibus
3280 2911 3555 2982 transﬁgu.

1978 3015 2164 3061 rantur
2187 3006 2245 3060 in
2267 3004 2567 3076 splendore,
2600 3005 2654 3059 in
2681 3005 2874 3074 quibus
2893 2994 3151 3075 apparent
3177 3019 3296 3060 cum
3319 3020 3384 3060 eo
3409 3003 3555 3076 Moy-

1980 3111 2068 3152 ses
2091 3103 2147 3151 et
2173 3094 2338 3162 Elias,
2369 3095 2421 3150 in
2449 3096 2642 3166 quibus
2669 3094 2778 3151 Lex
2799 3103 2854 3150 et
2886 3094 3171 3165 Prophetia
3200 3112 3321 3151 cum
3342 3094 3556 3151 Christo

296 3197 383 3245 est
399 3188 588 3245 similis
606 3189 683 3244 tui
710 3189 766 3244 in
789 3187 910 3253 diis,
938 3187 1184 3244 Domine.
1213 3187 1366 3254 Quod
1388 3186 1434 3242 si
1454 3188 1880 3256 interrogaverat
1903 3193 1950 3257 α
1979 3187 2326 3252 concordant,
2359 3187 2412 3241 in
2437 3187 2630 3256 quibus
2657 3186 2856 3258 apertis
2883 3186 3050 3251 cmlis,
3079 3186 3275 3241 clamat
3308 3185 3468 3242 Pater
3489 3186 3555 3240 de

295 3280 452 3350 quasi
505 3280 740 3348 ignarus,
770 3278 1002 3335 edocuit.
1053 3278 1130 3334 lbi
1170 3286 1357 3334 contra
1412 3293 1598 3334 omnes
1646 3286 1874 3346 gentes:

298 3370 399 3428 Hic
418 3386 609 3428 omnes
633 3377 839 3441 gentes,
865 3370 1059 3441 inquit,
1081 3386 1215 3442 quas
1241 3369 1431 3436 fecisti,
1454 3387 1564 3426 non
1584 3371 1800 3428 venient
1822 3378 1879 3427 et

296 3463 593 3528 bellabunt,
623 3463 717 3528 ait,
744 3463 883 3518 sicut
914 3463 986 3518 ibi
1005 3462 1255 3518 dixerat:
1289 3462 1392 3520 Sed
1423 3463 1655 3530 venient,
1683 3463 1876 3534 inquit,

298 3563 356 3610 et
379 3554 680 3611 adorabunt
705 3570 887 3610 coram
916 3563 990 3621 te,
1015 3554 1260 3611 Domine.
1307 3554 1454 3612 Unde
1481 3556 1585 3611 ista
1613 3555 1706 3610 tibi
1737 3571 1878 3626 prte-

298 3647 566 3718 sumptio?
591 3645 649 3702 Si
676 3646 1036 3712 inclinaveris,
1069 3647 1262 3717 inquit,
1287 3663 1473 3704 aurem
1503 3656 1673 3712 tuam,
1705 3654 1760 3702 et
1785 3663 1877 3702 au-

299 3739 462 3794 dieris
507 3753 613 3802 me,
657 3746 714 3793 et
756 3739 1076 3794 custodieris
1102 3747 1207 3806 me;
1238 3740 1365 3809 quia
1410 3749 1628 3795 sanctus
1654 3755 1794 3804 sum,
1827 3739 1881 3795 id

300 3837 405 3894 est,
429 3831 554 3900 quia
581 3828 942 3886 sanctiﬁcatus
969 3845 1108 3894 sum,
1149 3839 1204 3884 et
1229 3830 1581 3886 laetiﬁcaveris
1607 3845 1717 3896 me,
1756 3829 1882 3898 quia

303 3937 491 3977 servus
517 3929 640 3976 tuus
683 3936 821 3987 sum,
844 3929 900 3977 et
921 3922 975 3976 in
999 3921 1087 3977 die
1109 3922 1468 3977 tribulationis
1493 3938 1627 3977 meat
1651 3923 1885 3978 claman-

308 4018 417 4066 tem
445 4025 533 4064 me
558 4009 627 4064 ad
646 4019 702 4066 te
724 4011 1045 4078 exaudieris,
1076 4019 1132 4065 et
1157 4012 1443 4066 deduxeris
1469 4027 1558 4066 me
1584 4011 1637 4066 in
1665 4012 1752 4067 via
1772 4019 1882 4078 tua,

309 4107 366 4155 et
391 4099 734 4155 ambulavero
761 4100 817 4154 in
843 4101 1072 4155 veritate
1093 4107 1202 4166 tua,
1233 4107 1289 4154 et
1322 4099 1633 4156 liberaveris
1654 4100 1883 4156 animam

305 4207 482 4247 meam
525 4207 592 4248 ex
621 4191 829 4248 inferno
874 4190 1132 4257 inferiori,
1177 4193 1357 4248 ethos
1408 4192 1634 4261 injustos
1670 4192 1888 4263 spiritus

303 4283 626 4350 immundos,
657 4283 749 4354 qui
777 4282 1183 4339 insurrexerunt
1222 4283 1275 4337 in
1302 4297 1389 4338 me
1416 4282 1736 4347 confoderis,
1759 4290 1886 4338 tunc

301 4373 571 4430 lmtabitur
614 4389 710 4430 cor
760 4387 940 4428 meum
968 4373 1035 4428 de
1078 4372 1322 4439 victoria,
1372 4381 1430 4428 et'
1455 4374 1661 4428 timebit
1687 4389 1883 4429 nomen

301 4473 454 4522 tuum
492 4462 559 4519 de
586 4477 782 4535 pugna.
813 4461 873 4518 In
901 4463 1084 4533 praelio
1112 4463 1257 4518 enim
1285 4463 1390 4519 hoc
1415 4479 1580 4518 unum
1609 4472 1665 4518 et
1707 4463 1880 4518 solum

1981 3281 2196 3338 Christo
2224 3297 2323 3338 suo
2357 3299 2369 3334 :
2421 3281 2524 3336 ﬂic
2557 3291 2659 3345 est,
2705 3281 2762 3334 in
2788 3297 2887 3351 quo
2912 3281 3040 3334 mihi
3089 3280 3216 3334 bene
3252 3280 3552 3350 complacui,

1977 3375 2147 3448 ipsum
2173 3377 2348 3430 audite
2369 3374 2582 3445 (Matth.
2610 3374 2762 3444 xvn).
2796 3373 2853 3428 In
2881 3374 3010 3443 ipsis
3055 3373 3325 3428 montibus
3367 3371 3555 3426 funda-

1979 3477 2161 3524 menta
2185 3475 2310 3522 sunt
2328 3465 2580 3522 Ecclesia:
2608 3464 2888 3520 collocata.
2922 3462 3341 3517 Fundamentum
3381 3471 3556 3518 autem

1981 3558 2056 3614 ibi
2091 3573 2238 3612 nemo
2295 3564 2460 3626 potest
2496 3571 2704 3626 ponere,
2734 3561 2922 3625 prater
2957 3554 3013 3608 id
3053 3553 3188 3625 quod
3212 3556 3430 3626 positum
3483 3565 3558 3609 est

1984 3649 2184 3720 (lCor.
2234 3649 2334 3719 ιιι).
2383 3646 2582 3703 Saxum
2638 3647 2780 3702 enim
2810 3645 3043 3716 positum
3085 3654 3166 3701 est
3214 3645 3460 3702 solidum.
3493 3644 3558 3700 Et

1983 3740 2029 3795 si
2074 3739 2195 3809 quis
2239 3746 2436 3809 praeter
2489 3739 2594 3792 hoc
2631 3737 2775 3806 quod
2817 3737 3049 3806 positum
3090 3743 3172 3792 est
3218 3736 3475 3804 posuerit,
3507 3736 3558 3790 in

1981 3844 2201 3885 arenam
2229 3828 2428 3899 posuit.
2471 3827 2579 3882 Sed
2622 3827 2760 3881 forte
2787 3826 2940 3890 dicis,
2986 3826 3122 3881 Cum
3163 3841 3328 3879 unum
3373 3824 3560 3878 funda~

1984 3925 2224 3972 mentum
2269 3923 2534 3971 memoret
2579 3914 2868 3985 Apostolus
2889 3954 2902 3980 ,
2946 3913 3218 3984 quomodo
3272 3913 3358 3968 hic
3409 3913 3559 3984 plura

1986 4022 2255 4065 memoras
2307 4006 2687 4062 fundamenta?
2726 4004 2806 4060 Ad
2861 4006 2964 4061 hoc
3015 4005 3144 4060 illud
3198 4005 3403 4076 respice
3449 4023 3460 4056 :
3517 4004 3560 4060 si

1986 4113 2169 4170 regem
2194 4098 2394 4154 dixeris
2438 4095 2705 4152 Christum
2749 4096 2940 4163 solum,
2972 4095 3168 4152 dicitur
3194 4097 3311 4162 tibi,
3334 4095 3448 4152 Rex
3477 4109 3560 4151 rc-

1986 4204 2112 4261 gum
2139 4197 2250 4254 est;
2280 4191 2326 4244 si
2355 4188 2656 4254 Dominum,
2700 4187 3110 4258 respondebitur
3155 4187 3270 4253 tibi,
3303 4186 3559 4242 Dominus

1985 4281 2371 4338 dominantium
2421 4286 2534 4345 est;
2581 4278 2626 4334 si
2675 4285 2942 4344 sanctum,
2990 4285 3206 4333 sanctus
3244 4271 3558 4332 'satmorum

1985 4381 2088 4430 est.
2135 4371 2223 4428 Sic
2250 4380 2306 4428 et
2333 4372 2379 4428 si
2406 4371 2580 4427 solum
2625 4369 3030 4426 fundamentum
3058 4385 3344 4436 memores,
3373 4369 3559 4424 funda-

1983 4473 2222 4522 mentum
2267 4463 2731 4518 fundamentorum
2782 4476 2979 4532 negare
3005 4477 3110 4517 non
3139 4463 3361 4532 poteris.
3412 4462 3560 4518 Unde

299 4554 552 4612 solatium
577 4553 760 4617 habui,
783 4553 926 4623 quod
952 4560 1008 4608 te
1052 4552 1335 4610 Dominum
1363 4569 1540 4610 meum
1569 4570 1654 4610 me
1693 4555 1883 4611 timere
1904 4561 1960 4624 ι)
1984 4557 2126 4614 idem
2177 4555 2468 4626 Apostolus
2529 4554 2943 4626 supermdillcari
3009 4553 3289 4610 credentes
3349 4552 3560 4608 Christo

299 4645 592 4719 gloriabar,
636 4659 757 4700 cum
781 4643 837 4698 hi
865 4643 957 4714 qui
979 4643 1383 4700 insurrexerunt
1408 4645 1464 4699 in
1504 4660 1592 4700 me
1615 4661 1726 4701 non
1753 4660 1881 4715 pro-
1986 4649 2256 4706 desiderat
2273 4657 2329 4704 et
2354 4655 2596 4718 exoptat,
2628 4664 2781 4718 super
2801 4645 3192 4717 fundamentum
3217 4645 3560 4714 apostolorum

297 4743 568 4809 ponerent
591 4743 646 4791 te
672 4742 796 4790 ante
823 4733 1010 4792 oculos
1036 4745 1180 4791 suos.
1205 4735 1403 4792 Verum
1421 4737 1546 4806 quia
1575 4737 1881 4792 misericors
1985 4750 2034 4794 et
2053 4739 2417 4811 prophetarum
2445 4737 2607 4810 (Eph.
2638 4738 2718 4807 ιι).
2749 4736 2807 4790 In
2835 4736 2936 4790 hac
2961 4748 3090 4802 ergo
3116 4733 3332 4788 civitate
3360 4750 3562 4790 memo-

295 4838 365 4886 et
390 4829 671 4885 miserator
697 4843 777 4891 es,
807 4835 863 4882 et
888 4835 1225 4898 contemptor
1252 4841 1331 4892 es,
1359 4844 1468 4883 non
1496 4828 1725 4894 occides,
1744 4829 1883 4884 sicut
1989 4830 2122 4884 rabo
2170 4828 2338 4894 Raab,
2370 4827 2730 4898 excipientem
2759 4824 2995 4888 nuntios,
3023 4831 3080 4878 et
3105 4821 3429 4895 Babylonem
3467 4823 3561 4878 du-

298 4923 366 4977 in
390 4921 494 4976 illis
519 4921 824 4976 misericors
843 4935 922 4986 es,
946 4920 1000 4974 in
1019 4935 1107 4976 me
1124 4935 1290 4976 verax
1309 4927 1447 4986 esto,
1475 4927 1532 4976 et
1551 4920 1619 4976 da
1639 4929 1880 4990 potesta-
1986 4928 2197 4976 centem
2226 4920 2488 4990 captivos,
2518 4917 2755 4986 gentium
2783 4915 2990 4972 scilicet
3026 4916 3211 4987 plebes
3237 4917 3478 4974 sordidas
3510 4917 3561 4971 in

299 5023 422 5070 tem
442 5021 586 5068 tuam
608 5027 777 5082 puero
790 5018 884 5066 tuo
902 5009 1029 5066 Jesu
1055 5009 1287 5076 Christo,
1310 5018 1366 5065 et
1383 5011 1589 5066 salvum
1614 5010 1699 5067 fac
1717 5011 1883 5084 lilium
1994 5011 2366 5077 fornicatione,
2397 5011 2537 5066 sicut
2558 5007 2727 5074 Raab,
2749 5016 2805 5064 et
2831 5009 3159 5081 superbasin
3181 5009 3398 5075 virtute,
3427 5009 3560 5063 sicut

299 5104 516 5160 ancilla:
544 5112 649 5159 tua:
676 5103 872 5158 Mariae.
904 5101 1001 5157 lllo
1027 5103 1171 5158 enim
1221 5109 1539 5171 exsurgente
1585 5117 1615 5155 a
1662 5102 1889 5158 mortuis
1992 5099 2250 5171 Babylon.
2282 5098 2391 5155 llas
2417 5099 2558 5165 dico,
2590 5097 2780 5167 inquit,
2825 5098 2878 5154 in
2905 5098 3009 5154 ista
3046 5099 3261 5156 civitate
3287 5104 3558 5158 venturas,

299 5203 371 5254 et
395 5196 715 5252 ascendente
742 5195 796 5250 in
825 5193 1039 5259 omium,
1062 5209 1161 5250 nos
1185 5194 1415 5264 apostoli
1434 5202 1491 5249 et
1506 5193 1751 5265 discipuli
1772 5192 1888 5263 ejus
1991 5198 2051 5246 ut
2075 5191 2250 5246 sciant
2297 5197 2368 5246 te.
2398 5189 2475 5245 Ibi
2503 5189 2644 5245 enim
2698 5197 2753 5246 et
2797 5189 3128 5260 alienigenae,
3177 5188 3249 5242 ibi
3294 5184 3457 5254 Tyrii,
3489 5181 3560 5236 ibi

299 5286 629 5344 habebimus
655 5286 862 5355 signum
888 5285 1061 5341 crucis
1088 5284 1207 5355 ejus
1235 5286 1288 5340 in
1314 5286 1458 5341 bono
1480 5300 1600 5340 cum
1625 5284 1888 5340 universis

300 5375 409 5446 qui
433 5376 715 5440 credimus,
748 5376 819 5430 ita
847 5385 907 5429 ut
929 5375 1147 5430 videant
1188 5375 1242 5430 in
1289 5374 1550 5431 frontibus
1587 5377 1783 5432 nostris
1808 5375 1884 5431 si-

302 5484 477 5542 gnum
505 5476 673 5534 tuum,
696 5477 751 5522 et
768 5467 1182 5531 confundantur,
1212 5469 1325 5524 sive
1362 5469 1614 5532 visibiles,
1646 5469 1759 5522 sive
1804 5467 1884 5522 in-

305 5559 556 5615 visibiles
604 5559 824 5615 inimici.
866 5557 923 5613 In
952 5559 1068 5629 ipso
1095 5559 1238 5612 enim
1285 5560 1435 5626 signo
1463 5558 1698 5627 adjuvas,
1727 5566 1782 5613 ct
1834 5558 1885 5612 in

319 5637 438 5722 ipso
466 5651 760 5708 consolaris
788 5667 903 5716 nos,
933 5650 1023 5721 qui
1050 5663 1240 5718 regnas
1259 5652 1313 5706 in
1334 5651 1524 5707 saecula
1553 5651 1882 5705 saeculorum.

310 5745 510 5803 Amen.

1989 5281 2153 5338 etiam
2190 5280 2418 5351 populus
2463 5279 2775 5351 Ethiopum
2823 5280 3128 5335 clamabunt
3173 5275 3240 5328 de
3282 5270 3558 5342 apostolis,

1989 5373 2230 5428 dicentes
2272 5389 2284 5424 :
2316 5371 2616 5427 Audiuimus
2644 5389 2731 5427 eos
2773 5371 3116 5438 unusquisque
3156 5363 3342 5430 linguis
3372 5363 3562 5416 nostris

1989 5465 2247 5536 loquentes
2269 5465 2532 5535 magnalia
2561 5462 2657 5516 Dei
2687 5464 2822 5532 (Act.
2854 5459 2933 5526 ιι).
2967 5456 3040 5509 lbi
3069 5449 3416 5520 cognovimus
3448 5467 3560 5506 ma-

1991 5563 2128 5612 trem
2157 5555 2286 5611 Sion
2315 5555 2603 5614 dicentem,
2635 5551 2778 5620 quod
2824 5549 2986 5602 homo
3027 5552 3081 5598 et
3119 5543 3279 5596 homo
3309 5549 3465 5598 natus
3493 5547 3561 5602 sit

1993 5653 2046 5707 in
2075 5667 2158 5716 ea,
2189 5650 2241 5705 in
2269 5649 2397 5703 Sion
2427 5643 2696 5716 provincia
2726 5646 2951 5694 matrem
2977 5635 3171 5691 civium
3215 5631 3560 5693 Hebra-orum

1995 5742 2258 5798 dicentem
2283 5759 2294 5792 :
2320 5733 2678 5805 Cognovimus
2697 5745 2792 5785 nos
2819 5735 3022 5798 gentes,
3047 5727 3188 5796 quod
3209 5727 3370 5783 humo
3392 5727 3558 5784 Adam
