4088 6346
263 398 369 453 ιδδ

1121 392 1595 454 COMMENTARII
1631 391 1704 448 IN
1738 389 2062 450 PSALDIOS.
2108 388 2300 445 PSAL.
2343 386 2666 443 LXXXVIII.

3422 385 3526 448 454

260 513 374 584 ejus
405 523 456 566 tu
483 509 707 584 mitigas.
755 508 828 564 Tu
857 508 1136 566 humiliasti
1165 509 1296 560 sicut
1321 508 1639 562 vulneratum
1665 522 1836 578 super-
1858 510 1910 570 Α
1935 503 2132 560 inimici
2159 505 2263 570 tui,
2292 501 2515 560 Domine
2533 543 2548 568 ,
2585 502 2723 575 quod
2765 501 3197 573 exprobrauerunt
3231 513 3518 567 eam-

262 604 410 666 bum,
438 603 492 655 in
521 600 729 654 brachio
757 600 953 652 virtutis
984 608 1084 652 tute
1123 599 1407 669 dispersisti
1435 599 1673 652 inimicos
1703 610 1832 651 tuos.

262 695 362 750 Tui
391 702 508 748 sunt
535 692 647 747 caeli
663 733 676 756 ,
708 701 758 745 et
787 701 872 744 tua
911 701 985 744 est
1017 700 1182 754 terra,
1225 688 1396 744 orbem
1421 700 1571 746 terra:
1597 700 1646 744 et
1669 689 1838 759 pleni-

260 786 493 839 tudinem
533 785 642 855 ejus
673 792 725 835 tu
755 781 1016 853 fundasti,
1047 782 1336 852 aquilonem
1364 790 1412 834 et
1441 797 1581 836 mare
1610 791 1661 833 tu
1690 796 1838 834 crea-

261 879 348 931 sti.
401 874 605 928 Thabor
640 883 689 926 et
737 871 966 926 Hermon
1010 874 1064 925 in
1111 874 1317 927 nomine
1363 881 1448 926 tuo
1487 870 1834 934 exsulttsbunt,

259 981 403 1022 tuum
434 967 697 1022 brachium
737 983 850 1018 cum
887 965 1132 1035 potentia.
1174 964 1437 1021 Firmetur
1464 981 1644 1022 manus
1675 975 1764 1020 tua
1789 972 1842 1017 et

258 1062 519 1116 exaltetur
547 1059 758 1113 dextera
788 1068 874 1112 tua
892 1099 906 1122 ,
944 1059 1147 1129 justitia
1174 1068 1223 1112 et
1244 1059 1498 1131 judicium
1524 1060 1837 1131 praeparatio

257 1158 398 1210 sedis
432 1164 545 1208 tute.
602 1152 964 1206 Misericordia
1011 1162 1059 1205 et
1104 1153 1290 1220 veritas
1335 1152 1622 1223 prazcedent
1650 1152 1839 1222 faciem

257 1258 424 1313 (itam,
455 1248 630 1304 beatus
658 1249 874 1320 populus
903 1249 1096 1320 quiscit
1108 1243 1486 1322 jubilationeut.
1513 1242 1754 1310 Domine,
1783 1246 1840 1300 in

257 1341 461 1393 lumine
488 1341 653 1396 vultus
683 1341 759 1394 tui
782 1339 1144 1403 ambulabunt,
1174 1349 1225 1394 et
1249 1339 1304 1392 in
1325 1338 1532 1408 justitia
1559 1346 1648 1396 tua
1668 1337 1840 1392 assul-

257 1428 443 1482 tabunt
472 1439 578 1486 tota
608 1431 720 1492 die,
771 1441 819 1486 et
849 1432 900 1484 in
927 1431 1131 1486 nomine
1166 1439 1251 1485 tuo
1278 1427 1661 1484 exaltabuntur.
1707 1425 1841 1492 Quo-

165 1585 188 1600 .
255 1523 403 1574 niam
422 1523 588 1592 gloria
618 1524 814 1578 virtutis
843 1540 1020 1584 eorum
1047 1532 1096 1576 tu
1131 1540 1184 1578 ss
1206 1563 1220 1592 ,
1243 1530 1300 1592 et
1328 1522 1382 1575 in
1410 1520 1728 1591 bensplocito
1755 1529 1840 1576 tuo

255 1613 576 1667 exaltabitur
599 1631 757 1670 cornu
779 1625 1026 1670 nostrum.
1063 1613 1196 1680 Quia
1218 1612 1430 1668 Domini
1456 1621 1536 1672 est
1554 1614 1839 1680 assumptio

255 1713 440 1756 nostra
459 1743 474 1768 ,
503 1713 550 1756 et
578 1705 740 1758 sancti
782 1703 948 1762 Israel
977 1705 1110 1778 regis
1141 1703 1322 1760 nostri.
1379 1702 1521 1758 Tunc
1561 1705 1760 1768 locutus
1786 1719 1839 1756 es

255 1795 314 1848 in
344 1794 536 1848 visione
556 1795 746 1847 sanctis
777 1796 905 1858 tuis,
933 1803 983 1850 et
1005 1795 1216 1857 dixisti,
1248 1793 1412 1848 Posui
1440 1793 1760 1864 adjutorium
1781 1795 1837 1850 in

1941 598 2128 650 tionem
2166 595 2359 652 Christi
2397 596 2489 650 tui.
2522 594 2832 658 Benedictus
2860 594 3114 668 Dominus
3140 595 3198 652 ίη
3225 605 3512 663 mm;

1939 688 2054 757 ﬁat,
2082 689 2197 758 ﬁat.

2505 771 2940 814 εοιιιειιτλιιιωι.

2011 870 2088 928 De
2116 882 2359 946 tempore
2386 871 2496 940 illo,
2541 885 2652 941 quo
2679 878 2994 936 numeratus
3027 879 3113 928 ut
3138 872 3389 942 populus.
3419 872 3518 930 hn-

1936 966 2025 1042 jus
2051 965 2242 1036 psalmi
2269 963 2495 1020 historia
2517 962 2838 1030 deduntur.
2887 961 3196 1033 Mysterium
3223 979 3356 1024 vero
3383 965 3522 1036 pssi-

1937 1059 2014 1114 mi
2050 1058 2118 1116 ad
2145 1057 2354 1114 Domini
2382 1055 2558 1122 nostri
2592 1055 2900 1127 passionem
2917 1057 3242 1120 extenditur.
3273 1059 3522 1116 Dicamus

1941 1165 2071 1221 ergo
2100 1150 2249 1222 prius
2274 1149 2590 1212 historicum
2627 1162 2874 1216 sensum.
2903 1154 2960 1204 οι
2985 1146 3053 1208 de
3079 1147 3186 1208 hoc
3208 1148 3280 1206 ad
3303 1166 3520 1207 sensum

1939 1241 2222 1314 mysticum
2265 1247 2664 1298 convertamur.
2712 1236 2892 1302 Elian
2935 1236 3147 1300 ﬂebmi
3182 1239 3520 1300 humiliatum

1939 1338 2152 1388 vocant.
2195 1328 2515 1396 Humiliatur
2533 1341 2666 1400 ergo
2690 1343 2786 1390 res
2804 1327 2972 1386 David
2993 1343 3092 1399 per
3109 1328 3519 1390 dissolutionem

1939 1422 2142 1493 populi.
2198 1421 2393 1486 Totum
2416 1421 2485 1480 de
2932 1421 3142 1484 Domini
3167 1425 3370 1482 excitat
3394 1440 3519 1482 ear-

1942 1527 2088 1568 inen.
2121 1512 2194 1570 Se
2217 1513 2611 1574 misericordias
2637 1513 2766 1574 dicit
2785 1513 3004 1576 Mihi
3027 1523 3256 1577 atoma
3275 1523 3516 1581 cauere,

1940 1604 2110 1664 Deum
2136 1603 2265 1661 dicit
2289 1603 2486 1662 dixisse
2506 1645 2522 1670 ,
2573 1605 2630 1662 in
2655 1612 2914 1668 aeternum
3387 1607 3516 1662 uli-

1942 1698 2142 1754 licare:
2174 1696 2343 1758 cintus
2381 1696 2511 1756 dicit
2555 1696 2952 1764 misericordias
2993 1695 3238 1759 conﬁteri
3283 1697 3516 1763 Domini.

1938 1788 2068 1848 dicit
2113 1788 2218 1848 sibi
2262 1803 2422 1844 servo
2467 1803 2570 1846 suo
2612 1788 2864 1857 iurasse,
2909 1796 2967 1846 et
2994 1789 3134 1852 hanc
3153 1790 3434 1850 veritatem
3461 1791 3518 1845 in

256 1895 482 1958 potente,
511 1894 560 1940 et
587 1886 807 1940 exaltari
834 1886 1047 1939 electum
1076 1886 1138 1939 de
1165 1884 1308 1953 plebe
1336 1901 1468 1937 mea.
1521 1883 1699 1938 Inveni
1727 1884 1838 1938 Da-
1865 1880 1912 1943 Β
1940 1881 2091 1940 caelis
2134 1895 2464 1953 {imperasse
2488 1921 2502 1946 .
2565 1880 2781 1950 quando
2839 1879 3104 1950 ὧψοειήι
3141 1888 3520 1939 leuamentum

254 1979 348 2033 vid
373 1995 569 2032 servum
598 1996 781 2044 meum,
823 1980 939 2032 oleo
963 1987 1141 2031 sancto
1170 1994 1281 2031 meo
1308 1979 1435 2030 unxi
1464 1993 1596 2030 eum.
1647 1975 1838 2031 Manus

255 2072 395 2126 enim
423 2087 535 2128 mea
579 2069 915 2126 auxiliabitur
953 2071 1029 2134 ei,
1067 2079 1115 2122 et
1145 2067 1410 2122 brachium
1437 2083 1603 2122 meum
1629 2069 1839 2138 confor-

257 2162 386 2216 tabit
413 2180 547 2218 eum.
600 2161 750 2215 Nihil
787 2162 1022 2230 proﬁciet
1049 2161 1285 2214 inimicus
1303 2161 1359 2214 in
1381 2176 1440 2214 eo
1458 2201 1473 2223 ,
1503 2169 1554 2214 et
1578 2160 1717 2229 ﬁlius
1739 2161 1841 2214 ini-

257 2254 466 2323 quitatis
511 2269 613 2310 non
660 2260 883 2322 apponet
921 2267 1102 2306 nocere
1129 2251 1197 2304 ei.
1242 2248 1310 2303 Et
1355 2251 1621 2306 concidam
1649 2267 1681 2303 a
1710 2252 1844 2322 faeie

257 2344 421 2412 ipsius
451 2343 684 2396 inimicos
712 2341 846 2414 ejus,
875 2350 925 2396 et
952 2341 1182 2396 odictttes
1200 2356 1314 2404 eum
1341 2342 1397 2400 in
1425 2343 1599 2414 fugant
1627 2358 1838 2396 cont-er—

259 2442 386 2485 tant.
420 2431 486 2484 Et
520 2433 703 2486 veritas
738 2447 853 2486 mea
880 2439 929 2484 et
957 2429 1310 2486 misericordia
1340 2447 1451 2484 mea
1478 2447 1592 2484 cum
1630 2433 1760 2501 ipso,
1790 2440 1840 2486 st

257 2525 314 2575 in
345 2522 552 2574 nomine
596 2538 706 2576 meo
747 2520 1062 2575 exaltabitur
1107 2536 1264 2576 cornu
1291 2521 1420 2591 ejus.
1469 2520 1540 2575 Et
1565 2538 1755 2592 ponant
1783 2524 1836 2576 in

261 2613 396 2664 mari
427 2627 635 2664 manum
671 2612 781 2682 ejus
803 2651 818 2676 ,
867 2621 917 2665 et
957 2613 1011 2666 in
1055 2611 1350 2680 fluminibus
1395 2613 1660 2670 dexteram
1699 2614 1829 2683 ejus.

269 2701 391 2774 Ipse
418 2704 667 2758 invocabit
693 2721 773 2759 nte
796 2721 814 2757 :
846 2703 1005 2762 Pater
1047 2720 1189 2758 meus
1227 2721 1281 2760 es
1328 2714 1398 2772 tu,
1447 2705 1582 2760 Deus
1617 2723 1757 2762 meus
1783 2716 1834 2763 et

259 2805 525 2868 susceptor
562 2797 743 2852 salutis
769 2813 912 2854 metu.
963 2795 1033 2850 Et
1079 2813 1172 2871 ego
1215 2797 1609 2869 primogenitum
1639 2816 1832 2869 partem

258 2887 403 2942 illum
425 2928 440 2950 ,
471 2887 725 2942 excelsum
763 2905 872 2961 prce
898 2886 1101 2960 regibus
1131 2897 1300 2950 term.
1350 2889 1417 2943 In
1445 2901 1692 2948 cternunt
1723 2909 1833 2950 ser-

256 2977 384 3031 rabo
412 2978 488 3032 illi
529 2979 934 3034 misericordiam
961 2995 1126 3034 meam
1150 3019 1165 3043 ,
1199 2990 1248 3034 et
1277 2989 1635 3038 testamentum
1663 2999 1833 3038 meum

255 3070 407 3139 ﬁdele
429 3071 546 3138 ipsi.
593 3070 660 3128 Et
697 3089 886 3146 ponant
927 3075 981 3127 in
1009 3073 1254 3129 steculuns
1280 3075 1456 3132 steculi
1497 3091 1669 3132 semen
1696 3077 1829 3145 ejus,

255 3171 304 3214 et
335 3161 571 3224 thronum
607 3164 717 3232 ejus
752 3165 882 3218 sicut
908 3166 1016 3220 dies
1057 3165 1188 3222 caeli.
1247 3164 1308 3222 Si
1347 3175 1516 3230 autem
1547 3167 1830 3238 derelique-

1937 1974 2142 2040 electis,
2187 1981 2315 2034 tunc
2345 1974 2560 2044 iurasse
2606 1973 2776 2032 David
2818 1989 2976 2034 mo
3003 1988 3123 2032 suo.
3172 1973 3518 2041 Quidautem

1933 2062 2186 2133 jurasset,
2219 2065 2442 2122 inferius
2468 2064 2672 2134 pandit.
2715 2063 2870 2130 Quod
2897 2064 2947 2120 si
2970 2064 3134 2122 etiam
3158 2063 3252 2120 lilii
3279 2063 3414 2134 ejus,
3446 2065 3519 2120 in-

1938 2160 2078 2228 quit,
2103 2159 2419 2229 reliquerint
2445 2160 2618 2228 legem
2666 2173 2840 2217 meam
2863 2200 2880 2224 .
2928 2159 3156 2218 visitabo
3195 2159 3252 2214 in
3289 2159 3440 2228 virga
3465 2166 3520 2214 st

1941 2253 1996 2308 in
2044 2252 2358 2310 verberibus
2403 2260 2622 2322 peccata
2669 2266 2858 2308 eorum
2880 2291 2897 2316 ,
2941 2249 3364 2308 misericordium
3389 2265 3518 2304 vero

1939 2356 2115 2398 meam
2145 2357 2254 2400 non
2296 2341 2480 2400 tollam
2509 2341 2580 2402 sb
2604 2341 2683 2398 eis
2705 2382 2720 2406 ,
2773 2356 2948 2410 neque
2999 2340 3212 2398 nocebo
3238 2342 3518 2397 veritatem

1938 2448 2135 2490 meast.
2170 2431 2237 2490 Et
2264 2432 2499 2502 adiecit:
2547 2431 2726 2496 Semel
2765 2431 2942 2500 iuravi
2976 2432 3035 2488 in
3078 2439 3264 2488 sancto
3291 2446 3436 2495 meo,
3467 2432 3514 2487 si

1937 2521 2102 2580 David
2130 2523 2377 2582 mentiar.
2421 2521 2500 2580 'l‘u
2527 2530 2728 2587 autetu,
2761 2520 3004 2588 Domine,
3036 2522 3275 2593 reptdisti
3295 2563 3311 2589 ,
3341 2530 3397 2578 et
3420 2538 3518 2580 es-

1936 2611 2116 2681 pulisti
2138 2652 2152 2676 .
2199 2620 2255 2672 et
2300 2611 2554 2672 distulisti
2591 2610 2862 2674 Christum
2911 2620 3086 2678 tuum,
3121 2613 3174 2670 id
3202 2622 3319 2679 est,
3350 2613 3517 2671 David

1932 2715 2137 2770 regem.
2180 2701 2315 2769 Quis
2347 2717 2441 2771 per
2468 2704 2808 2762 caesionem
2837 2704 2993 2764 unius
3027 2704 3154 2764 ﬁcti
3191 2704 3339 2773 eius,
3373 2714 3518 2762 totus

1939 2793 2168 2862 populus
2213 2795 2458 2858 moritur.
2509 2793 2575 2854 Et
2622 2794 2742 2850 ideo
2771 2795 2883 2852 ait:
2929 2793 3178 2863 Nunquid
3221 2796 3276 2853 in
3321 2811 3518 2856 vanum

1933 2884 2259 2942 constituisti
2291 2883 2430 2942 ﬁlios
2451 2885 2772 2945 hominum?
2794 2884 2924 2950 Quis
2948 2892 3031 2942 est
3054 2885 3216 2946 homo
3245 2886 3338 2954 qui
3364 2887 3515 2952 vivit,

1936 2983 1992 3030 et
2017 2990 2129 3038 non
2151 2974 2352 3032 videbit
2381 2976 2650 3036 nionem?
2677 2974 2784 3034 Aut
2801 2975 2924 3044 quis
2941 2975 3083 3034 eruit
3103 2976 3336 3035 animam
3363 2992 3516 3034 suam

1936 3062 2006 3126 de
2057 3079 2220 3130 manu
2259 3063 2453 3130 inferi?
2503 3063 2602 3124 Ubi
2641 3073 2765 3128 sunt
2809 3065 3186 3129 miwioordia:
3234 3075 3338 3127 toto
3383 3070 3517 3126 anti-

1937 3170 2090 3226 qua,
2121 3156 2367 3226 Domine,
2410 3158 2550 3214 sicut
2588 3157 2778 3227 jurasti
2818 3158 2986 3218 David
3026 3161 3079 3220 in
3122 3161 3350 3222 veritate
3386 3165 3514 3218 tua?

254 3255 360 3310 riut
384 3256 482 3324 ﬁlii
525 3256 644 3326 ejus
684 3266 1040 3314 testamentum
1082 3274 1278 3324 meum,
1323 3267 1373 3312 et
1400 3259 1454 3314 in
1467 3259 1682 3329 judiciis
1709 3261 1834 3320 meis
1855 3247 1906 3322 ο
1937 3249 2177 3310 Sufﬁciat
2205 3251 2361 3308 nobis
2388 3251 2676 3311 historicus
2703 3268 2902 3319 temo.
2934 3254 3284 3314 ascendamus
3311 3255 3378 3311 ad
3405 3273 3514 3330 my-

254 3360 359 3399 non
385 3343 789 3410 ambulaverint;
822 3349 866 3402 si
901 3348 1136 3416 justitias
1163 3365 1302 3402 meas
1322 3351 1734 3420 profanaverint,
1783 3362 1834 3410 et

253 3437 501 3492 mandata
530 3455 642 3492 meo
685 3455 786 3495 non
818 3439 1182 3508 custodierint;
1225 3441 1438 3498 visitabo
1476 3444 1531 3498 in
1559 3443 1702 3514 virga
1729 3445 1833 3502 ini-

253 3542 473 3602 qitttates
500 3550 675 3588 eorum
699 3573 713 3600 ,
745 3534 797 3586 in
841 3532 1125 3587 verberibus
1150 3544 1360 3604 peccata
1387 3551 1581 3594 eorum.
1625 3533 1832 3592 Miseri-

253 3622 485 3677 cordiam
533 3632 701 3679 autem
748 3641 914 3678 meam
961 3641 1061 3679 non
1106 3625 1400 3696 dispergam
1447 3627 1510 3682 ab
1548 3644 1628 3693 eo,
1672 3643 1832 3698 nam

255 3714 445 3768 nocebo
474 3717 526 3768 in
555 3716 763 3770 veritate
790 3733 920 3770 mea.
957 3713 1136 3787 Neque
1155 3715 1446 3788 profanabo
1475 3726 1832 3776 testamentum

254 3824 419 3860 meum
444 3846 459 3870 ,
489 3817 536 3861 et
564 3824 675 3879 qua:
719 3808 999 3878 procedunt
1045 3809 1109 3863 de
1155 3809 1304 3864 labiis
1350 3811 1480 3870 meis
1509 3826 1612 3866 non
1641 3811 1833 3884 faciam

255 3899 425 3952 irrita.
465 3899 636 3954 Semel
659 3900 828 3970 juravt'
858 3902 910 3954 iu
939 3909 1118 3958 saneto
1156 3917 1296 3966 meo,
1327 3901 1374 3955 si
1396 3899 1565 3958 David
1591 3904 1830 3966 mentiar.

258 4005 430 4040 semen
451 3989 560 4059 ejus
585 3990 638 4058 in
668 3999 913 4048 atternum
945 3989 1192 4050 manebit.
1235 3989 1305 4046 Et
1335 3991 1549 4046 thronus
1573 3993 1685 4061 ejus
1705 3993 1836 4050 sicut

262 4079 338 4132 sol
367 4078 418 4129 in
448 4089 716 4150 conspectu
738 4097 882 4146 meo,
925 4091 973 4135 et
1007 4083 1136 4136 sicut
1173 4082 1297 4138 luna
1341 4083 1564 4152 perfecta
1602 4085 1658 4146 in
1687 4093 1838 4142 teter-

257 4185 382 4223 num
399 4211 413 4236 ,
446 4179 496 4226 et
535 4172 675 4230 testis
703 4172 755 4230 in
781 4171 905 4228 caelo
923 4172 1115 4242 ﬁdelis.
1167 4171 1242 4230 Tu
1269 4188 1388 4227 vero
1413 4173 1642 4244 repulisti
1669 4183 1719 4232 et
1743 4175 1833 4232 ὀθ-

254 4259 492 4329 spexisti,
525 4260 768 4316 distulisti
795 4259 1055 4318 Christum
1090 4271 1248 4318 tuum.
1291 4261 1532 4324 Auertisti
1561 4271 1835 4325 testam“—

251 4365 359 4408 tum
386 4356 518 4410 servi
562 4355 666 4419 tui,
709 4356 1001 4426 profanasti
1035 4356 1090 4410 in
1128 4363 1268 4414 terra
1309 4357 1660 4414 sanctuariutn
1697 4356 1828 4426 ejus.

250 4445 567 4502 Destruxisti
608 4462 784 4504 omnes
830 4462 974 4515 sepes
1019 4446 1129 4516 ejus
1153 4486 1168 4510 ,
1215 4448 1434 4516 posuisti
1476 4456 1832 4506 testamentum

248 4540 360 4612 ejus
382 4539 724 4611 formidinem.
758 4538 1094 4611 Diripuerunt
1128 4556 1243 4596 eum
1282 4557 1460 4598 omnes
1507 4550 1829 4600 transeuntes

1933 3344 2146 3410 sticum.
2193 3345 2252 3406 lu
2280 3345 2496 3408 Christo
2533 3349 2675 3406 cutim
2719 3348 3082 3406 misericordia
3119 3357 3323 3404 ater-tis
3349 3347 3514 3403 aedili-

1933 3446 2054 3500 oats
2080 3447 2182 3503 est,
2213 3454 2321 3500 non
2347 3456 2512 3498 manu
2542 3440 2681 3498 facta
2708 3439 3016 3504 mdilicstio,
3045 3440 3140 3495 sed
3168 3439 3367 3510 Spiritu
3392 3456 3514 3502 san-

1933 3535 2024 3586 cto
2051 3527 2371 3599 composita.
2413 3528 2579 3597 Cujus
2608 3530 2807 3589 veritus
2833 3537 2917 3586 est
2942 3530 3017 3586 ita
3042 3530 3097 3586 in
3124 3530 3273 3588 uelis
3304 3545 3512 3601 prepa-

1934 3630 2052 3684 rata
2077 3659 2092 3686 ,
2146 3628 2205 3676 ut
2261 3619 2523 3689 disposito
2588 3628 2910 3684 testamento
2958 3621 3089 3691 locis
3127 3638 3241 3681 sum
3280 3623 3513 3693 iurasset

1935 3710 2102 3776 David
2131 3726 2290 3768 servo
2313 3727 2433 3778 suo,
2462 3710 2605 3781 quod
2630 3711 2698 3772 de
2719 3711 2894 3772 fructu
2920 3714 3128 3773 ventris
3145 3713 3263 3783 ejus
3288 3722 3513 3784 perieret

1933 3819 2097 3873 super
2137 3802 2320 3868 sedem
2364 3818 2557 3868 suam.
2603 3805 2690 3862 cui
2730 3805 2908 3864 nullus
2955 3805 3143 3863 similis
3188 3814 3332 3862 esset
3374 3805 3513 3860 inter

1936 3894 2074 3964 tilias
2104 3893 2217 3959 Dei,
2252 3901 2310 3948 ut
2338 3902 2419 3956 est
2446 3909 2671 3962 magnus
2698 3904 2753 3950 et
2775 3895 3093 3954 metuendus
3128 3911 3290 3965 super
3325 3911 3514 3953 omnes

1935 3987 2030 4056 qui
2079 3986 2134 4042 in
2175 3985 2405 4046 circuitu
2451 3985 2567 4055 ejus
2612 3994 2755 4048 sunt.
2804 3986 3003 4048 Omnes
3048 3986 3193 4045 enim
3233 3988 3376 4045 servi
3399 3986 3514 4056 ejus

1937 4086 2082 4136 sunt.
2123 4079 2346 4148 Signum
2393 4088 2574 4142 autem
2619 4080 2766 4140 dedit
2811 4079 3047 4150 seipsutn
3093 4096 3212 4138 esse
3255 4080 3514 4142 Bantinos

1935 4169 2095 4236 Jesus
2121 4171 2394 4238 Christus,
2425 4189 2547 4232 cum
2576 4173 2629 4233 iu
2658 4174 2782 4233 navi
2810 4174 3048 4248 positus,
3075 4175 3189 4246 ipse
3208 4175 3512 4234 dominatus

1935 4275 2021 4328 est
2044 4281 2207 4336 super
2233 4273 2554 4336 potestatem
2577 4267 2773 4333 inst-is,
2790 4274 2856 4325 et
2881 4275 3084 4332 motum
3112 4266 3368 4337 ﬂuctum
3396 4269 3510 4340 ejus

1937 4359 2050 4429 ipse
2079 4358 2358 4428 mitigavit,
2391 4367 2444 4414 et
2472 4359 2769 4417 humiliavit
2795 4361 2933 4419 sicut
2959 4362 3297 4418 vulnerstnm
3323 4378 3510 4434 snper-

1933 4451 2058 4506 hum
2105 4451 2280 4523 ipsum
2319 4451 2618 4521 diabolum,
2669 4463 2725 4512 et
2767 4455 2823 4522 in
2850 4455 3046 4534 virtute
3074 4456 3278 4511 brachii
3307 4457 3388 4511 sui
3426 4457 3508 4511 di-

1913 4541 2128 4614 'spersit
2153 4558 2341 4598 omnes
2367 4542 2657 4599 datmones.
2702 4544 2850 4600 Tunc
2886 4562 3013 4601 suos
3050 4547 3287 4603 ostendit
3314 4548 3502 4613 caelos,

249 4634 421 4696 viam,
455 4635 622 4703 factus
660 4642 736 4690 est
769 4632 1095 4702 opprobrium
1142 4634 1322 4690 vicinis
1368 4633 1494 4688 suis.
1561 4630 1827 4692 Eultuti
1855 4623 1904 4706 ρ
1930 4649 2053 4688 cum
2091 4634 2245 4688 ctecis
2295 4633 2473 4688 lumen
2519 4635 2778 4690 calorum
2819 4636 2989 4692 daret.
3067 4636 3230 4692 Suam
3277 4639 3508 4695 ostendit

247 4724 519 4782 dexteram
548 4723 938 4793 deprimettlium
964 4740 1105 4788 eum,
1149 4725 1426 4794 ltotiﬁcasti
1454 4740 1626 4783 omnes
1652 4713 1830 4783 inimi-

245 4831 340 4870 cos
367 4815 496 4886 ejus.
546 4816 784 4876 Λυδηίδιὶ
822 4814 1133 4884 adjutorium
1161 4816 1322 4885 gladii
1351 4814 1496 4884 ejus,
1543 4824 1593 4870 et
1632 4832 1733 4874 non
1773 4832 1828 4876 es

243 4905 531 4962 auxiliatus
551 4907 594 4960 ei
615 4906 666 4959 in
689 4906 838 4960 bello.
871 4904 1185 4960 Destruxisti
1213 4923 1329 4962 eunt
1349 4905 1413 4968 ab
1441 4903 1824 4977 emundutione,

243 5007 296 5049 et
331 4997 500 5050 sedem
525 4997 634 5066 ejus
663 4998 716 5052 in
747 5006 882 5050 terra
926 4997 1183 5052 collisisti.
1233 4995 1510 5058 Hinorasti
1559 4997 1664 5052 dics
1691 5006 1825 5054 tem-

241 5088 390 5156 poris
420 5088 549 5157 ejus,
596 5087 867 5158 perfodisti
895 5105 1008 5143 eum
1035 5088 1351 5158 confusione.
1401 5087 1689 5158 Usquequo,
1717 5088 1826 5144 Do-

239 5180 405 5243 mine,
430 5181 611 5236 avertis
641 5180 693 5234 in
731 5180 906 5249 ﬁnem,
937 5178 1236 5234 exardescet
1264 5178 1397 5233 velut
1422 5180 1560 5249 ignis
1588 5179 1668 5234 ira
1697 5189 1785 5234 tua
1803 5181 1830 5236 1

239 5268 540 5324 Memorare
582 5285 695 5341 qua
734 5286 846 5326 mea
883 5268 1210 5324 substantia:
1245 5269 1476 5340 nunquid
1521 5270 1659 5326 enim
1698 5288 1826 5328 uane

236 5363 553 5416 constituisti
582 5363 720 5434 ﬁlios
757 5363 1066 5420 hominum?
1096 5360 1223 5430 Quis
1251 5373 1328 5418 est
1367 5363 1516 5426 homo
1549 5367 1638 5434 qui
1674 5367 1821 5431 vivet,

235 5464 293 5510 et
320 5470 422 5508 non
464 5453 644 5508 videbit
685 5464 926 5518 mortem,
958 5463 1099 5510 eruet
1131 5457 1360 5510 animam
1389 5471 1536 5512 suam
1565 5455 1628 5514 de
1663 5473 1822 5511 manu

234 5546 475 5617 inferni?
505 5545 601 5599 Ubi
629 5555 748 5599 sunt
777 5546 1140 5602 misericordia:
1167 5554 1269 5598 tum
1297 5548 1543 5617 antiquas,
1577 5543 1815 5612 Domine,

233 5639 376 5693 sicut
395 5637 586 5714 jurasti
627 5635 796 5689 David
833 5637 884 5688 in
924 5636 1132 5690 veritate
1166 5638 1292 5690 tua?
1321 5636 1522 5692 Memor
1549 5646 1676 5704 esto,
1710 5636 1819 5692 Do-

233 5730 380 5783 mine
402 5771 415 5793 ,
467 5727 724 5801 opprobrii
776 5744 1030 5784 servorum
1070 5737 1268 5782 tuorum
1294 5770 1306 5791 ,
1348 5729 1483 5800 quod
1510 5730 1736 5788 continui
1766 5731 1817 5783 in

232 5823 356 5882 sinu
408 5838 518 5878 meo
563 5822 838 5876 multarum
896 5821 1138 5892 gentium.
1197 5820 1346 5888 Quod
1386 5819 1819 5890 exprobrauerunt

1933 4732 2161 4789 terram.
2190 4739 2314 4782 eum
2337 4725 2577 4794 sepultos
2597 4725 2812 4794 jubet-et
2839 4742 2957 4780 eam
2985 4736 3229 4790 mortuos
3263 4723 3506 4783 reddere.

1931 4814 2001 4872 Se
2036 4831 2252 4885 quoque
2293 4817 2598 4886 aquilonem
2646 4831 2859 4874 creasse
2895 4816 3170 4882 ostendit,
3220 4831 3343 4871 cum
3391 4817 3508 4887 ejus

1928 4909 2143 4965 ﬂatibus
2189 4910 2500 4979 imperaret.
2532 4908 2747 4963 'I'bahor
2789 4917 2844 4964 et
2887 4907 3121 4966 Harmon
3169 4911 3224 4965 in
3265 4910 3380 4979 ejus
3406 4926 3506 4966 no-

1928 5000 2073 5056 mine
2121 4999 2557 5063 exsultsverunt,
2598 5013 2718 5053 cum
2763 4998 3009 5054 viderent
3053 5001 3384 5057 habitatores
3411 5003 3507 5056 ho-

1927 5105 2046 5145 rum
2075 5089 2340 5145 montium
2367 5087 2755 5160 Hierosolymis
2781 5090 3098 5158 vicinorum,
3127 5091 3367 5150 iniit-mos
3381 5107 3505 5145 suos

1927 5180 2120 5239 salvari
2139 5218 2156 5245 ,
2183 5182 2252 5237 ab
2279 5196 2346 5238 eo
2372 5182 2697 5254 paralyticos
2723 5185 2898 5240 curari
2917 5227 2931 5251 ,
2964 5185 3207 5256 leprosos
3235 5182 3500 5260 mundari,

1927 5278 2170 5329 mortuos
2214 5273 2477 5329 suscitari.
2525 5273 2632 5344 Ipsi
2672 5285 2921 5340 montes,
2968 5277 3020 5332 id
3069 5284 3154 5330 est
3193 5267 3407 5326 Thsbor
3451 5279 3503 5326 et

1927 5361 2161 5420 Harmon
2185 5404 2200 5428 .
2251 5363 2304 5421 in
2333 5363 2460 5422 Iesu
2482 5365 2701 5423 nomine
2726 5368 3074 5422 exsultabunt
3097 5402 3112 5426 ,
3143 5363 3382 5417 dicentes
3409 5361 3458 5415 ei
3484 5378 3500 5414 :

1927 5456 2097 5512 Tuum
2125 5457 2422 5524 brachium,
2456 5468 2512 5515 et
2538 5467 2626 5514 tua
2664 5458 2928 5530 potentia,
2959 5454 3085 5523 quia
3116 5451 3360 5516 firmatur
3387 5465 3504 5506 ma-

1929 5564 2029 5605 nus
2077 5557 2203 5614 tua,
2252 5559 2306 5605 et
2361 5552 2630 5606 enlietur
2678 5551 2899 5604 dextera
2952 5552 3039 5596 tua
3083 5555 3246 5610 super
3285 5556 3502 5599 omnem

1925 5643 2297 5709 ingratantium
2321 5644 2624 5698 sanitatem.
2678 5640 2786 5692 Nos
2812 5633 3159 5694 exsultamus,
3194 5646 3300 5685 non
3328 5633 3502 5693 solum

1929 5741 1978 5788 te
2006 5734 2109 5792 ista
2141 5735 2387 5797 faciente,
2422 5733 2513 5785 sed
2541 5739 2590 5783 at
2624 5727 2914 5796 discipulos
2941 5731 3062 5776 tuos
3091 5723 3360 5791 videmus,
3392 5727 3499 5782 Do-

1927 5825 2104 5888 mine,
2150 5825 2202 5880 in
2251 5823 2453 5878 lumine
2499 5821 2674 5876 vultus
2727 5819 2800 5873 tui
2850 5814 3204 5880 ambulantes,
3248 5821 3500 5893 quttnintn
