4088 6346
613 388 718 445 455

1942 393 2210 450 ARNOBII
2246 393 2549 452 JUNIORIS

3770 399 3875 456 156

611 490 804 576 gloria"
825 492 884 561 et
929 505 1099 562 virtus
1144 519 1334 562 eorum
1361 514 1421 563 tu
1451 523 1529 565 es.
1575 510 1689 566 Tua
1719 519 1802 566 est
1829 512 1993 580 enim,
2024 512 2182 577 Deus,
2214 517 2262 574 Α
2290 515 2457 568 nostri
2479 517 2610 568 sicut
2632 530 2795 568 arena
2823 513 3222 580 meditabantur,
3249 517 3364 570 dies
3383 533 3639 572 annorum
3674 531 3874 575 nostro-

611 601 908 671 assumptio
935 598 1170 655 hominis
1193 639 1209 666 ,
1252 601 1395 671 quod
1425 601 1664 657 locutum
1693 611 1749 659 te
1777 619 1840 658 ac
1869 603 2068 659 dixisse
2091 619 2190 674 per

612 706 674 746 os
700 697 1010 746 sanctorum
1037 704 1190 744 sacra
1220 696 1451 746 testatur
1477 690 1753 762 Scriptura
1773 733 1788 759 ,
1820 693 2045 749 eiecturi
2075 693 2188 748 ele-

612 789 756 838 ctum
784 781 852 836 de
897 780 1056 852 plebe
1100 780 1237 847 Dei,
1285 780 1340 836 in
1368 796 1476 852 quo
1521 783 1783 852 glorietur
1806 783 1978 851 gloria
2000 798 2192 837 manus

614 880 736 938 tuae,
767 873 859 941 qui
887 872 986 928 tibi
1019 872 1132 928 Deo
1166 872 1372 929 diceret
1398 875 1454 928 in
1479 875 1743 930 veritate:
1775 875 1938 930 Pater
1965 893 2109 930 meus
2137 891 2189 930 es

615 975 685 1018 tu.
719 965 796 1020 De
823 981 931 1036 quo
969 972 1025 1020 et
1051 973 1110 1021 tu
1136 965 1380 1023 diceres:
1412 965 1525 1036 Ego
1551 969 1964 1039 primogenitum
1994 984 2191 1040 ponam

613 1072 765 1122 eum,
797 1065 852 1110 ut
879 1058 1086 1112 nomine
1122 1059 1233 1129 ejus
1260 1075 1411 1114 omne
1446 1076 1582 1132 genu
1618 1061 1857 1131 ﬂectatur
1891 1060 2188 1126 ccelestium,

613 1149 936 1202 terrestrium
955 1139 1008 1201 et
1031 1149 1384 1220 infernarum,
1415 1158 1465 1204 et
1483 1152 1649 1205 omnis
1677 1151 1854 1222 lingua
1886 1151 2193 1221 conﬁteatur

613 1241 735 1310 quia
765 1239 1019 1295 Dominus
1054 1240 1209 1295 Iesus
1247 1242 1302 1295 in
1331 1243 1500 1310 gloria
1528 1253 1604 1297 est
1630 1241 1729 1297 Dei
1757 1242 1935 1297 Patris
1966 1241 2188 1315 (Philip.

617 1332 698 1401 ιι),
728 1333 822 1402 qui
846 1334 1028 1403 posuit
1048 1332 1103 1388 in
1124 1333 1374 1392 saeculum
1392 1334 1571 1388 smmili
1583 1333 1767 1389 sedem
1781 1332 1915 1403 ejus,
1930 1334 2016 1389 cui
2037 1340 2197 1389 testa-

579 1431 852 1479 ~-snentum
874 1439 1030 1480 suum
1050 1425 1105 1479 in
1126 1431 1382 1480 aeternum
1402 1423 1631 1481 ﬁdeliter
1653 1434 1834 1481 servat
1852 1466 1866 1492 ,
1900 1425 2054 1495 cujus
2075 1424 2193 1480 dies

610 1513 754 1569 sicut
767 1513 881 1569 dies
899 1513 1021 1570 εωιὶ
1039 1524 1164 1570 sunt
1181 1515 1521 1584 repromittit.
1539 1514 1642 1571 Hic
1655 1523 1836 1571 tamen
1848 1530 1946 1585 pro
1960 1515 2196 1586 peccatis

585 1634 588 1636 ~
617 1604 816 1660 nostris
842 1605 911 1660 ab
938 1605 1168 1662 inimicis
1191 1606 1301 1661 suis
1325 1613 1522 1673 tentus,
1552 1606 1834 1678 profanata
1863 1615 1945 1663 est
1969 1609 2025 1662 in
2049 1614 2195 1664 terra

589 1696 874 1753 .sanctitas
897 1695 1032 1766 ejus.
1077 1697 1196 1752 Non
1233 1686 1525 1770 permittit,
1569 1713 1670 1754 nec
1714 1699 1769 1753 in
1795 1715 1904 1755 uno
1931 1699 2194 1771 discipulo

617 1790 938 1860 adjutorium
967 1790 1130 1860 audii
1157 1789 1276 1860 ejus
1301 1829 1317 1856 ,
1354 1790 1450 1846 sed
1477 1790 1672 1846 clamat
1697 1791 1750 1847 ei
1773 1808 1788 1844 :
1822 1790 2062 1846 Reconde
2080 1791 2195 1864 gla-

617 1881 758 1935 dium
786 1884 926 1935 tuum
953 1883 1010 1936 in
1036 1881 1184 1935 theca
1218 1897 1312 1936 sua
1347 1874 1533 1952 (Joan:
1557 1879 1724 1950 xvm).
1770 1879 1838 1934 Et
1862 1895 1984 1936 cum
2007 1891 2190 1951 posset
2218 1888 2264 1950 Β

614 1973 664 2028 ei
691 1973 944 2029 exhibere
970 1971 1561 2043 plusquam‘duodecim
1590 1971 1827 2041 legiones
1855 1971 2187 2042 angelorum,
2270 1995 2271 2000 π

590 2065 786 2120 noluit
824 2064 1071 2120 auxiliari
1113 2064 1164 2120 ei
1211 2065 1266 2119 in
1311 2063 1419 2119 hoc
1440 2063 1614 2130 bello,
1645 2062 1741 2120 sed
1767 2063 2055 2118 minoravit
2076 2061 2192 2118 dies

613 2155 871 2225 temporis
898 2154 1032 2225 ejus,
1065 2163 1122 2211 et
1164 2153 1402 2225 perfudit
1429 2169 1552 2210 eum
1589 2161 1737 2209 tanta
1766 2151 2101 2216 confusione,
2131 2161 2194 2208 ut

611 2262 733 2301 cum
783 2247 958 2317 impiis
998 2246 1302 2317 deputatus,
1335 2246 1390 2300 in
1431 2244 1611 2300 medio
1651 2242 2040 2300 homicidarum
2075 2259 2193 2299 cru-

612 2338 690 2392 cis
735 2337 1151 2408 compelleretur
1194 2336 1377 2392 subire
1421 2336 1742 2407 patibulum.
1799 2334 1917 2390 Non
1963 2341 2048 2390 est
2088 2334 2193 2390 hoc

615 2429 894 2484 irascentis
923 2428 1037 2493 Dei,
1067 2428 1162 2482 sed
1185 2427 1507 2483 miserentis.
1537 2426 1677 2493 Quid
1706 2434 1885 2481 tamen
1903 2426 2040 2482 dicit
2065 2426 2193 2495 quia

616 2518 853 2589 patitur?
904 2533 1186 2588 quousque
1231 2517 1542 2573 accenditur
1583 2517 1732 2571 velut
1771 2516 1909 2584 ignis
1956 2516 2035 2570 ira
2063 2516 2194 2570 tua?

618 2608 936 2676 Memorare,
967 2608 1222 2674 Domine,
1252 2607 1380 2679 quia
1406 2622 1472 2663 ex
1500 2605 1717 2676 Virgine
1743 2621 1830 2662 me
1854 2606 2109 2676 genuisti,
2137 2613 2197 2662 et

619 2718 829 2758 memor
854 2710 972 2758 esto
996 2716 1115 2772 quae
1155 2700 1225 2756 sit
1250 2714 1371 2756 mea
1398 2698 1715 2755 substantia.
1774 2697 1909 2766 Quia
1937 2713 2058 2753 cum
2087 2712 2197 2752 om-

616 2809 713 2850 nes
739 2794 986 2850 homines
1014 2793 1312 2849 moriantur
1336 2791 1389 2846 in
1417 2791 1654 2862 peccatis
1678 2789 1816 2856 suis,
1848 2790 1920 2844 ita
1943 2795 2001 2844 ut
2021 2787 2196 2842 nullus

613 2886 684 2940 sit
711 2886 801 2956 qui
837 2885 1016 2951 vivat,
1047 2895 1103 2940 et
1139 2898 1246 2939 non
1276 2882 1454 2938 videat
1478 2890 1739 2948 mortem,
1771 2889 1826 2936 et
1852 2894 1990 2951 pene
2018 2879 2195 2934 nullus

614 2977 702 3042 sit,
735 2976 826 3046 qui
855 2983 1010 3030 eruat
1039 2975 1271 3030 animam
1300 2989 1450 3030 suam
1471 2974 1540 3030 de
1563 2989 1727 3028 manu
1740 2971 1898 3027 inferi
1929 2971 2196 3043 (conclusa

614 3076 734 3122 sunt
763 3069 895 3122 enim
943 3069 1118 3122 omnia
1162 3069 1220 3121 in
1265 3067 1654 3131 incredulitate,
1693 3074 1750 3120 ut
1777 3063 2013 3122 omnibus
2039 3065 2195 3119 mise~

618 3161 803 3224 rearis,
847 3157 997 3213 Rom.
1029 3159 1140 3229 xl),
1169 3158 1390 3212 veniant
1416 3157 1791 3212 misericordia:
1831 3164 1933 3211 tua:
1959 3155 2191 3227 promis-

2292 622 2403 658 rum
2432 605 2487 658 in
2513 605 2642 676 ipsis
2670 607 2994 676 septuaginta
3018 608 3162 660 anni.
3197 606 3258 660 Si
3293 618 3463 661 autem
3501 611 3558 662 in
3591 615 3871 679 potentati-

2293 695 2386 750 bus
2412 699 2676 768 octoginta
2702 700 2828 752 anni
2852 738 2866 764 ,
2909 707 2959 752 et
2986 699 3204 769 amplius
3242 717 3417 754 eorum
3457 700 3605 754 labor
3631 715 3678 756 et
3705 704 3868 758 dolor.

2299 783 2556 850 Quoniam
2589 790 2878 859 superuenit
2905 789 3242 844 mansuetudo
3270 801 3318 844 et
3351 793 3706 863 corripiemur.
3754 793 3872 858 Quis

2292 878 2434 930 novit
2458 886 2760 948 potestatem
2788 880 2881 933 ira?
2905 886 3022 943 tum,
3051 889 3102 932 et
3127 897 3235 949 pra:
3263 881 3442 935 timore
3471 892 3557 936 tuo
3579 883 3713 936 iram
3740 898 3871 939 tuom

2295 969 2656 1023 dinumerare?
2683 969 2966 1024 Dexteram
2994 980 3133 1024 tuam
3156 973 3228 1025 sic
3248 983 3421 1026 notam
3444 976 3548 1044 fac,
3573 984 3622 1028 et
3651 977 3869 1030 eruditos

2294 1059 2448 1114 corde
2473 1061 2530 1114 in
2557 1060 2837 1131 sapientia.
2886 1056 3213 1127 Convertere,
3254 1061 3493 1128 Domine,
3523 1080 3802 1137 usquequo,
3831 1083 3869 1117 r:

2295 1147 2631 1218 deprecabilis
2680 1159 2788 1204 esto
2841 1166 2998 1222 super
3048 1167 3220 1206 servos
3260 1161 3390 1206 tuos.
3451 1151 3655 1224 Repleti
3700 1174 3867 1210 siuna;

2293 1255 2446 1293 mane
2490 1240 2849 1295 misericordia
2874 1249 2982 1305 tua,
3019 1243 3403 1309 exsultavimus,
3427 1252 3478 1297 et
3515 1243 3760 1300 delectati
3787 1266 3864 1302 su-

2258 1346 2261 1349 '
2294 1347 2408 1385 mus
2432 1332 2488 1385 in
2515 1331 2748 1386 omnibus
2776 1332 2951 1387 diebus
2979 1335 3190 1388 nostris.
3236 1332 3420 1388 Loetati
3448 1351 3624 1390 sumus
3645 1355 3740 1407 pro
3770 1341 3862 1392 dic-

2295 1419 2386 1475 bus
2415 1421 2594 1494 quibus
2624 1439 2716 1478 nos
2737 1423 3044 1489 humiliasti,
3076 1425 3226 1479 annis
3254 1426 3434 1497 quibus
3463 1426 3686 1496 vidimus
3717 1432 3859 1483 mala.

2299 1510 2516 1584 Respice
2534 1515 2589 1566 in
2609 1529 2780 1568 servos
2822 1523 2961 1580 tuos,
2992 1523 3042 1569 et
3072 1516 3128 1570 in
3173 1532 3330 1587 opera
3374 1525 3484 1584 tua,
3515 1528 3566 1573 et
3612 1521 3778 1591 dirige
3801 1522 3859 1590 ῥυ
3891 1547 3902 1555 -

2295 1603 2394 1658 lios
2427 1621 2621 1659 eorum.
2667 1605 2738 1659 Et
2774 1608 2842 1660 sit
2873 1607 3118 1676 splendor
3155 1606 3368 1664 Domini
3395 1609 3496 1665 Dei
3527 1614 3697 1666 nostri
3725 1630 3858 1685 super

2296 1713 2407 1763 nos,
2439 1706 2489 1752 et
2515 1715 2674 1770 opera
2714 1715 2956 1754 manuum
3001 1707 3292 1755 nostrarum
3343 1701 3509 1775 dirige
3556 1721 3716 1776 super
3759 1723 3854 1768 nos,

2269 1792 2273 1796 ί
2296 1797 2346 1842 et
2372 1804 2497 1861 opus
2527 1806 2768 1844 manuum
2796 1801 3091 1846 nostrarum
3118 1791 3300 1864 dirige.

2851 1941 3286 1984 COIIENTAMUI.

2361 2061 2731 2130 Octogesimus
2777 2075 2950 2116 nonus
2990 2062 3226 2132 psalmus
3269 2063 3412 2118 canit
3456 2064 3740 2120 Dominum
3768 2082 3851 2121 no-

2290 2162 2480 2220 strum,
2507 2153 2598 2222 qui
2625 2153 2889 2222 refugium
2916 2151 3089 2210 factus
3116 2164 3200 2210 est
3224 2155 3378 2211 nobis
3400 2155 3454 2211 in
3474 2154 3692 2212 Christo
3717 2156 3845 2213 Jesu.

2268 2245 2446 2303 Hunc
2474 2261 2594 2302 esse
2617 2246 2709 2316 qui
2736 2245 2862 2302 fecit
2887 2254 3118 2313 montes,
3150 2256 3205 2303 et
3231 2247 3459 2303 ﬁrmavit
3489 2256 3685 2304 terram
3710 2260 3758 2306 et
3784 2267 3851 2306 or-

2291 2338 2435 2406 bem,
2467 2353 2498 2393 a
2525 2337 2721 2394 sreculo
2750 2346 2806 2393 et
2832 2338 2886 2392 in
2915 2338 3184 2405 saeculum,
3213 2348 3502 2410 antequam
3532 2340 3629 2395 ista
3657 2340 3845 2404 ﬁerent,

2288 2426 2411 2498 jam'
2447 2437 2575 2483 tunc
2602 2442 2875 2498 regnasse.
2917 2427 3222 2498 lnterroges
3267 2429 3452 2495 David,
3486 2438 3540 2484 et
3591 2430 3724 2485 dicas
3758 2430 3843 2484 ci:

2295 2515 2448 2572 Unde
2475 2518 2580 2574 hoc
2605 2518 2766 2583 nosti,
2797 2517 2923 2587 quia
2951 2518 3094 2574 Deus
3121 2527 3239 2575 tuus
3268 2527 3557 2589 antequam
3587 2519 3730 2576 ﬁeret
3755 2530 3849 2576 ter-

2293 2623 2376 2673 ra,
2419 2607 2531 2676 jam
2569 2608 2712 2664 Deus
2753 2616 2868 2663 erat
2912 2617 2967 2664 et
3003 2609 3297 2678 regnabat?
3324 2609 3689 2681 Respondebit
3731 2612 3846 2666 tibi:

2293 2698 2506 2772 Moyses
2547 2700 2636 2755 ille
2673 2714 2896 2771 magnus
2942 2701 3232 2772 propheta,
3273 2701 3363 2770 qui
3405 2701 3622 2756 locutus
3649 2711 3726 2756 est
3749 2717 3848 2757 cum

2281 2791 2408 2845 ‘Deo
2433 2789 2570 2847 facie
2597 2790 2663 2845 ad
2690 2790 2900 2854 faciem,
2933 2791 3084 2860 quasi
3114 2791 3363 2861 loquatur
3388 2807 3512 2848 cum
3534 2793 3706 2848 amico
3731 2808 3845 2846 suo:

2281 2883 2410 2954 ipse
2429 2898 2497 2938 ex
2525 2898 2620 2939 ore
2639 2882 2734 2939 Dei
2761 2882 2963 2950 didicit,
2989 2892 3044 2938 et
3064 2883 3178 2952 ipse
3205 2898 3306 2938 nos
3330 2882 3535 2938 docuit.
3561 2881 3683 2938 Haec
3707 2897 3849 2952 quare

2293 2976 2533 3046 egimus?
2561 2975 2694 3043 Quia
2724 2975 2947 3045 legimus
2975 2975 3029 3030 in
3057 2975 3212 3031 titulo
3242 2993 3254 3027 :
3285 2972 3470 3030 Oratio
3498 2975 3725 3031 hominis
3751 2974 3845 3030 Dei.

2286 3067 2422 3136 Quae
2447 3082 2574 3138 ergo
2603 3069 2671 3122 ab
2710 3068 2827 3138 ipso
2851 3067 3132 3132 didicerat,
3158 3065 3322 3138 ipsius
3365 3066 3416 3122 ei
3455 3068 3656 3122 nomini
3679 3081 3849 3122 conse-

2293 3160 2482 3214 cravit.
2515 3158 2630 3226 Qua
2677 3166 2855 3213 autem
2905 3173 3065 3214 causa
3094 3158 3146 3212 in
3194 3157 3476 3229 mysticum
3513 3158 3691 3212 vadit?
3733 3157 3850 3225 Quia

617 3269 710 3320 sm,
742 3251 989 3318 Domine,
1018 3259 1076 3306 et
1100 3265 1306 3307 memor
1326 3257 1444 3306 esto
1469 3249 1760 3321 apostolos,
1791 3263 1927 3320 quos
1953 3248 2192 3306 continui
2218 3254 2267 3320 C
2294 3250 2539 3323 praevidit
2576 3249 2996 3307 anathemabiles
3042 3265 3161 3307 esse
3211 3251 3444 3306 luercses
3463 3243 3736 3328 ,‘dicturas
3777 3248 3852 3306 ιη’ἱ·

609 3345 674 3398 in
721 3343 839 3398 sinu
886 3358 1028 3406 meo,
1075 3343 1372 3398 lucratores
1415 3342 1702 3397 multarum
1748 3342 2013 3411 gentium,
2057 3355 2195 3409 quos

608 3435 1076 3506 cxprobraverunt
1102 3433 1302 3490 inimici
1335 3434 1434 3501 tui,
1466 3433 1712 3501 Domine,
1740 3447 1877 3503 quos
1903 3431 2195 3503 exprobra-

617 3533 809 3582 verunt
851 3527 920 3582 ad
966 3526 1441 3583 commutationem
1483 3524 1679 3581 Christi
1711 3526 1818 3591 tui,
1850 3525 2012 3580 alium
2041 3524 2197 3580 Chri-

616 3627 756 3674 stum
785 3626 1190 3689 exspectantes,
1221 3619 1381 3674 istum
1406 3619 1496 3690 qui
1525 3634 1714 3690 passus
1740 3626 1823 3674 est
1846 3618 2189 3688 denegantes.

620 3709 730 3766 Nos
757 3718 940 3767 autem
966 3711 1059 3780 qui
1085 3712 1280 3767 scimus
1302 3710 1695 3781 jubilationem,
1714 3711 1767 3766 in
1790 3712 1992 3767 lumine
2016 3712 2195 3768 vultus

617 3802 733 3872 ejus
777 3802 1127 3859 ambulemus.
1177 3801 1244 3856 Et
1270 3816 1431 3872 quem
1473 3801 1712 3858 ﬂevimus
1740 3801 2030 3873 patientem
2067 3815 2195 3872 gau-

616 3877 839 3952 deamus
879 3911 912 3951 a
957 3896 1183 3952 mortuis
1227 3903 1595 3966 resurgentem
1612 3936 1628 3962 ,
1659 3902 1716 3950 et
1740 3893 2026 3950 adorantes
2049 3908 2192 3961 eum,

615 3987 857 4043 dicamus
896 3988 983 4044 ei:
1028 3986 1348 4044 Benedictus
1393 4003 1481 4056 es,
1528 3986 1782 4052 Domine,
1813 3987 1868 4043 in
1894 3995 2190 4043 :eternum:

617 4081 729 4145 liat,
761 4080 872 4136 ﬁat.
929 4079 1156 4137 Orantes
1195 4089 1256 4136 ut
1291 4081 1346 4136 in
1387 4074 1494 4136 ﬁne
1531 4089 1718 4136 nostro
1744 4079 2013 4136 confessio
2039 4078 2195 4135 nobis

616 4174 718 4228 ista
745 4171 992 4242 proficiat
1012 4213 1028 4240 ,
1078 4188 1175 4243 per
1219 4173 1392 4244 ipSum
1432 4172 1715 4227 Dominum
1744 4180 1988 4226 nostrum
2012 4169 2194 4226 Jesum

618 4261 912 4329 Christum,
935 4264 1029 4333 qui
1055 4271 1245 4333 regnat
1263 4278 1386 4318 cum
1413 4261 1571 4318 Patre
1592 4269 1658 4319 ‘et
1695 4261 1897 4334 Spiritu
1924 4268 2112 4318 sancto
2140 4261 2194 4317 in

620 4353 815 4410 saecula
835 4353 1171 4410 seculorum.
1203 4354 1394 4408 Amen.

1099 4487 1411 4546 PSALMUS
1440 4484 1722 4544 LXXXIX.

1000 4597 1184 4658 Oratio
1209 4599 1381 4674 Moysi
1415 4601 1652 4658 hominis
1685 4599 1806 4658 Dei.

625 4769 628 4772 ἠ
689 4711 941 4780 Domine,
982 4714 1238 4787 refugium
1267 4722 1321 4769 tu
1349 4716 1517 4786 factus
1545 4731 1600 4770 es
1631 4713 1776 4770 nobis
1805 4731 1838 4768 a
1861 4715 2193 4787 generatione

619 4805 674 4858 in
695 4806 1097 4876 generationem.
1128 4803 1443 4878 Priusquam
1477 4815 1676 4861 montes
1719 4807 1934 4876 ﬁerent,
1965 4813 2055 4859 aut
2081 4807 2194 4878 [or-

620 4902 847 4949 moretur
867 4904 1006 4950 terra
1026 4936 1042 4962 ,
1083 4904 1135 4951 et
1159 4895 1326 4962 orbis;
1357 4914 1390 4951 a
1408 4897 1598 4952 seculo
1625 4905 1675 4952 et
1710 4897 1767 4951 in
1789 4897 2035 4952 sarculum
2063 4906 2114 4951 tu
2139 4915 2194 4952 es

619 4982 780 5038 Deus.
814 4982 900 5039 Ne
926 4995 1129 5041 avertas
1157 4987 1415 5043 hominem
1431 4989 1487 5042 in
1515 4988 1876 5054 humilitatem,
1899 4996 1949 5041 et
1975 4988 2192 5043 dixisti:

619 5074 1004 5143 Convertimini,
1027 5077 1130 5147 ﬁlii
1159 5077 1439 5133 hominum.
1475 5077 1731 5144 Quoniam
1750 5079 1890 5134 mille
1916 5081 2043 5134 anni
2073 5089 2194 5134 ante

617 5173 793 5225 oculos
823 5179 936 5226 tuos
962 5179 1207 5243 tanquam
1247 5172 1355 5227 dies
1401 5175 1642 5228 hesterna
1680 5190 1794 5246 quae
1818 5175 2083 5245 prwteriit.
2125 5173 2194 5228 Et

617 5262 852 5320 custodia
877 5265 933 5318 in
960 5273 1127 5328 nocte,
1151 5280 1266 5336 quae
1293 5281 1384 5335 pro
1411 5266 1574 5321 nihilo
1596 5267 1844 5322 habentur
1869 5284 2046 5321 eorum
2065 5268 2195 5320 anni

509 5375 516 5382 δ
577 5364 784 5428 _erunt.
814 5355 995 5410 'Mane
1038 5356 1169 5410 sicut
1217 5354 1372 5411 herba
1419 5366 1674 5424 transeat,
1722 5375 1874 5413 mane
1917 5359 2102 5428 ﬂoreat
2145 5367 2196 5412 et

618 5455 868 5514 transeat,
897 5466 1106 5521 vespere
1133 5448 1357 5516 decidat,
1380 5448 1586 5504 induret
1613 5459 1662 5505 et
1693 5458 1913 5504 arescat.
1950 5448 2084 5514 Quia
2103 5449 2193 5503 de-

622 5541 831 5608 fecimus
858 5541 911 5594 in
931 5543 1011 5595 ira
1035 5549 1144 5607 tua,
1177 5549 1229 5594 et
1256 5542 1310 5594 in
1336 5542 1510 5612 furore
1534 5548 1618 5594 tuo
1642 5540 1827 5593 turbati
1851 5557 2044 5593 sumus.
2086 5538 2193 5593 Po-

622 5633 765 5685 suisti
808 5634 1098 5704 iniquitates
1146 5641 1352 5689 nostras
1393 5634 1448 5687 in
1491 5643 1760 5702 conspectu
1793 5642 1875 5686 tuo
1897 5673 1910 5698 ,
1951 5633 2194 5686 steculum

623 5729 851 5775 nostrum
877 5724 932 5776 in
960 5725 1332 5781 illuminatione
1372 5726 1537 5780 wltus
1579 5727 1671 5779 tui.
1725 5723 1979 5788 Quoniam
2017 5738 2190 5778 omnes

623 5812 731 5868 diss
754 5817 914 5869 nostri
945 5817 1256 5888 defecerunt.
1297 5827 1346 5872 et
1385 5820 1438 5872 in
1478 5820 1556 5873 ira
1598 5827 1682 5872 tua
1705 5817 2001 5887 defecimus.
2054 5818 2190 5873 Anni

2295 3345 2426 3400 lium
2453 3345 2568 3410 Dei,
2594 3345 2688 3414 qui
2723 3343 2988 3413 refugium
3028 3337 3200 3398 fac’tus
3238 3351 3322 3399 est
3363 3343 3597 3397 nobisin
3633 3340 3850 3405 Christo,

2283 3451 2406 3492 ‘nou
2455 3435 2620 3492 fuisse
2646 3435 2957 3507 priusquam
2993 3434 3223 3490 mundus
3273 3432 3446 3501 ﬁeret,
3478 3443 3532 3490 et
3571 3432 3853 3489 ﬁrmaretur

2285 3537 2454 3585 terrae
2479 3528 2643 3585 orbis.
2675 3526 2875 3583 Contra
2895 3528 2995 3583 hos
3020 3527 3095 3582 ait
3125 3544 3139 3582 :
3169 3526 3218 3581 A
3242 3527 3433 3582 sacculo
3459 3526 3584 3580 etin
3608 3526 3851 3580 saeculum

2296 3626 2355 3674 tu
2381 3633 2440 3674 es
2485 3618 2646 3674 Deus.
2684 3617 2803 3674 Non
2849 3625 3061 3674 avertas
3099 3618 3362 3673 hominem
3389 3617 3441 3670 in
3479 3614 3840 3681 humilitatem,

2296 3710 2401 3765 hoc
2419 3718 2520 3776 est,
2545 3710 2598 3764 in
2624 3709 2922 3765 humilitate
2940 3710 3170 3780 pesitum
3197 3708 3456 3765 hominem
3474 3722 3581 3762 non
3603 3705 3848 3762 condem-

2297 3815 2415 3869 nes,
2445 3800 2572 3871 quia
2599 3801 2780 3856 dixisti
2813 3819 2825 3854 :
2852 3799 3236 3856 Convertimini
3254 3843 3268 3868 ,
3301 3799 3394 3855 ﬁlii
3427 3799 3712 3865 hominum,
3756 3798 3854 3853 hoc

2296 3901 2400 3960 est,
2430 3891 2612 3948 dixisti
2651 3902 2706 3949 te
2746 3893 2989 3964 superbis
3017 3894 3296 3958 resistam,
3328 3892 3610 3948 humilibus
3643 3891 3854 3960 gratiam

2295 3985 2621 4041 condonare.
2649 3983 2727 4039 Ne
2755 3985 3016 4040 averseris
3043 3985 3312 4040 hominem
3333 3983 3389 4039 in
3413 3982 3706 4038 humilitate
3726 3981 3856 4053 posi-

2290 4081 2429 4139 tum,
2454 4074 2546 4145 qui
2573 4075 2728 4144 quasi
2748 4075 2912 4130 herba
2940 4075 3128 4140 oritur,
3144 4085 3198 4130 et
3225 4075 3379 4144 quasi
3407 4073 3528 4137 llos,
3551 4073 3692 4143 quod
3716 4086 3855 4127 mane

2295 4175 2493 4232 ortum,
2523 4180 2750 4236 vespere
2794 4165 3007 4220 arescit.
3037 4164 3172 4220 Cum
3198 4163 3340 4235 apud
3370 4173 3424 4220 te
3451 4164 3599 4220 mille
3637 4162 3756 4218 anni
3792 4161 3856 4215 sic

2295 4261 2403 4312 slnt
2427 4257 2568 4314 sicut
2594 4271 2700 4312 una
2742 4256 2878 4321 dies,
2906 4265 2998 4311 aut
3029 4257 3166 4312 sicut
3193 4255 3436 4312 custodia
3476 4257 3532 4311 in
3563 4264 3738 4312 nocte.
3763 4251 3856 4308 Cu-

2296 4347 2470 4403 stodia
2495 4347 2550 4402 in
2577 4355 2738 4402 nocte
2762 4354 2952 4417 quarta
2978 4362 3103 4418 pars
3131 4347 3305 4402 noctis
3332 4354 3435 4412 est,
3464 4360 3634 4416 quam
3657 4345 3750 4401 sibi
3773 4357 3856 4414 pa-

2295 4446 2472 4494 stores
2513 4437 2776 4505 dividunt,
2806 4445 2866 4492 ut
2891 4439 3057 4494 ternis
3085 4438 3231 4494 horis
3272 4437 3390 4493 aliis
3430 4435 3851 4497 custodientibus,

2297 4531 2415 4586 aliis
2442 4531 2844 4601 quiescentibus
2871 4539 3192 4586 transeatur.
3221 4529 3376 4598 Quod
3403 4538 3596 4585 autem
3625 4535 3859 4585 memorat

2216 4637 2272 4700 ι)
2295 4623 2421 4693 quia
2445 4621 2736 4678 defecimus
2775 4621 2828 4676 in
2857 4622 2935 4676 ira
2963 4630 3051 4677 tua
3069 4661 3084 4686 ,
3115 4623 3219 4679 hoc
3244 4631 3530 4687 memerat,
3565 4622 3707 4693 quod
3734 4628 3864 4675 ante-

2296 4728 2481 4769 cessor
2508 4713 2562 4767 in
2592 4713 2800 4783 psalmo
2827 4713 3115 4768 cecinerat.
3145 4711 3272 4768 Post
3298 4711 3484 4783 populi
3518 4726 3796 4768 numerum
3819 4711 3864 4764 iu

2294 4807 2374 4862 ira
2400 4813 2493 4862 tua
2513 4805 2824 4870 defecimus,
2846 4805 2970 4875 quia
2999 4805 3221 4877 posuisti
3248 4806 3567 4876 iniquitates
3594 4815 3801 4862 nostras
3823 4803 3867 4857 in

2295 4905 2588 4970 conspectu
2625 4906 2736 4964 tuo,
2764 4907 2820 4952 et
2847 4899 3100 4953 szeculum
3127 4906 3369 4953 nostrum
3395 4897 3450 4951 in
3471 4898 3686 4954 lumine
3712 4898 3870 4951 vultus

2295 4987 2393 5043 tui.
2424 4987 2625 5043 Contra
2661 4985 2884 5043 herbam
2909 4995 2964 5042 et
2986 5003 3257 5055 araneam,
3287 4995 3342 5042 et
3387 4995 3585 5042 contra
3636 4988 3734 5044 os
3760 4987 3872 5048 feni,

2299 5079 2548 5146 Domine,
2561 5078 2654 5150 qui
2673 5094 2884 5150 semper
2910 5079 3160 5136 misertus
3181 5093 3240 5134 es
3260 5077 3599 5145 hominibus,
3621 5078 3748 5149 quid
3767 5093 3864 5132 mo-

2297 5175 2476 5231 veris?
2505 5173 2625 5229 Tibi
2653 5172 2778 5227 anni
2822 5173 2967 5228 mille
3009 5173 3089 5227 sic
3114 5171 3380 5237 videntur,
3410 5171 3561 5227 sicut
3608 5173 3766 5228 nobis
3790 5185 3875 5224 no-

2300 5275 2490 5324 cturna
2531 5266 2733 5334 vigilia.
2761 5264 2942 5340 N'ostri
2986 5272 3166 5320 autem
3212 5263 3355 5329 anni,
3385 5262 3476 5332 qui
3527 5265 3678 5319 sicut
3731 5274 3875 5317 arena

2299 5359 2644 5424 meditantur,
2674 5359 2764 5413 vix
2803 5368 2862 5412 ut
2911 5358 3134 5412 multum
3163 5357 3436 5425 octoginta
3483 5357 3622 5412 anni
3679 5364 3802 5411 sunt
3836 5361 3881 5407 et

2299 5453 2422 5524 plus
2447 5459 2530 5508 est
2550 5452 2603 5507 in
2629 5452 2708 5508 eis
2734 5451 2888 5507 nobis
2915 5451 3068 5505 labor
3093 5455 3148 5504 et
3174 5448 3348 5504 dolor.
3380 5445 3521 5514 Quid
3554 5455 3716 5503 tanta
3743 5460 3883 5500 man-

2299 5545 2527 5602 suetudo
2555 5544 2702 5601 venit
2729 5560 2893 5615 super
2920 5543 3183 5598 miseros?
3205 5541 3341 5608 Quid
3367 5548 3473 5595 tam
3495 5542 3748 5609 graviter
3771 5553 3885 5594 cor-

2294 5640 2562 5710 ripimur?
2609 5638 2739 5704 Quis
2785 5653 2891 5692 non
2941 5642 3262 5707 potestatem
3310 5635 3401 5689 ine
3446 5634 3599 5686 tum?
3642 5628 3888 5701 Nunquid

2295 5731 2529 5786 sciebam
2551 5738 2604 5786 te
2628 5728 2804 5790 irasci,
2837 5729 2882 5782 si
2911 5741 3010 5795 ego
3040 5727 3294 5798 populum
3324 5727 3716 5780 numerarem?
3736 5720 3890 5778 Sufﬁ-

2295 5829 2461 5888 ceret,
2487 5821 2612 5888 quia
2643 5819 2958 5889 impeditum
2981 5817 3145 5875 corde
3179 5817 3351 5875 fecisti
3390 5832 3611 5888 sapere.
3643 5817 3888 5873 Couver-
3929 5855 3934 5862 .
3980 5831 3984 5835 ’
