4088 6346
228 373 357 448 ,457

1247 364 1712 424 ΕΟΜΜΕΝΤΔΒΠ
1748 364 1814 420 1N
1854 359 2178 420 PSALMOS.
2222 361 2411 417 PSAL.
2456 359 2582 415 XCI.

3394 353 3497 411 1458

249 494 390 547 tere,
410 482 651 548 Domine,
662 482 1064 553 aliquantulum,
1082 489 1137 538 et
1153 490 1272 537 esto
1297 477 1651 550 deprecabilis
1670 483 1919 549 super}
1934 475 2209 538 Altissimi,
2233 482 2287 527 et
2311 474 2407 542 qui
2439 475 2491 526 in
2506 473 2840 542 protectioue
2861 472 3091 529 Deichi
3110 483 3494 539 commoratur,

243 590 440 631 servos
468 582 605 629 tuos.
638 573 1073 642 Quotiescunque
1098 571 1423 627 transierunt
1441 586 1473 625 a
1503 569 1658 625 nobis
1683 576 1830 624 tene-

243 667 363 725 bra:
404 673 748 737 peccatorum
792 680 889 736 per
930 666 1348 736 correptionem,
1396 662 1550 733 quasi
1595 662 1651 717 in
1676 675 1826 716 mare

244 757 443 829 positis
470 756 885 813 misericordiam
913 756 1207 828 praebuisti,
1234 770 1333 827 per
1356 770 1517 827 quam
1538 753 1827 810 exsultavi-

242 867 374 906 inus
408 858 465 905 et
508 848 759 905 delectati
801 865 984 905 sumus
1027 850 1080 904 in
1117 850 1364 905 omnibus
1409 846 1598 903 diebus
1629 845 1825 915 quibus

242 956 354 995 nos
380 939 697 1004 humiliasti,
729 946 784 995 et
811 940 865 994 in
891 939 1047 994 annis
1063 940 1256 1008 quibus
1285 939 1513 996 vidimus
1538 937 1703 993 mala.
1734 935 1825 992 Sic

241 1031 338 1087 fac
364 1040 418 1087 et
446 1030 624 1097 modo,
654 1030 780 1099 quia
804 1031 918 1100 jam
944 1030 1218 1088 dexteram
1241 1040 1388 1087 tuam
1417 1039 1599 1087 notam
1628 1030 1820 1095 fecisti,

242 1129 309 1176 et
355 1120 577 1179 erudisti
602 1136 721 1186 nos,
754 1128 809 1177 et
852 1120 1024 1178 fecisti
1066 1137 1258 1193 sapere
1283 1122 1426 1192 quod
1473 1121 1820 1192 desipuimus.

242 1212 373 1267 Noli
400 1211 655 1268 delectari
698 1211 755 1266 in
802 1220 1031 1269 mortem
1078 1223 1337 1277 nostram,
1367 1213 1456 1283 qui
1485 1212 1667 1268 dixisti
1706 1227 1828 1282 pec-

241 1303 497 1360 cantibus
515 1321 527 1356 :
542 1302 946 1370 Convertimini,
980 1304 1071 1359 lilii
1090 1306 1386 1371 hominum,
1400 1307 1529 1375 quia
1554 1322 1662 1362 non
1687 1305 1828 1362 dele-

241 1395 478 1451 ctarisin
492 1394 793 1466 perditione
806 1395 1066 1452 vivorum.
1096 1397 1342 1469 Respice,
1366 1398 1611 1465 obsecro,
1633 1399 1687 1452 in
1706 1413 1823 1455 ser-

240 1502 350 1542 vos
379 1494 500 1541 tuos
521 1494 577 1543 et
591 1486 645 1542 in
664 1501 828 1558 opera
842 1502 1092 1542 manuum
1119 1497 1350 1554 tuarum,
1363 1488 1511 1558 quia,
1531 1489 1670 1544 sicut
1687 1488 1824 1544 scri-

242 1583 402 1647 ptum
433 1582 543 1642 est,
572 1590 736 1647 opera
770 1591 1024 1643 manuum
1071 1585 1279 1634 tuarum
1323 1594 1421 1634 nos
1460 1594 1674 1643 onmes,
1701 1580 1826 1648 quia

241 1677 432 1741 patres
458 1668 823 1740 indignatione
848 1678 937 1726 tua
963 1673 1195 1742 correpti
1220 1671 1549 1729 defecerunt.
1580 1673 1826 1743 Dirigan-

243 1769 340 1816 tur
376 1759 470 1816 lilii
516 1776 703 1817 eorum
747 1776 844 1833 per
888 1764 1172 1818 adventum
1230 1764 1439 1818 Domini
1485 1765 1654 1819 nostri
1700 1763 1827 1819 Jesu

1925 575 1981 621 et
2002 565 2133 621 dicit
2171 563 2399 619 Domino
2431 581 2444 615 :
2470 562 2765 632 Susceer
2790 579 2942 619 meus
2963 580 3023 620 es
3052 573 3127 631 tu,
3155 573 3212 620 et
3235 566 3496 634 refugium

1925 670 2123 722 meum,
2154 657 2280 725 quia
2306 653 2435 709 dicit
2463 671 2476 707 :
2508 652 2750 723 Sperabo
2770 655 2823 709 in
2844 670 2986 721 eum,
3008 656 3133 727 quia
3160 656 3275 728 ipse
3306 656 3496 713 libera-

1924 746 2003 801 bit
2024 761 2112 801 me
2146 742 2223 801 de
2243 746 2435 815 laqueo
2462 745 2781 810 daemonum,
2813 754 2869 802 et
2904 762 2936 801 a
2966 748 3130 804 verbo
3151 763 3344 820 aspero
3370 765 3497 821 sug-

1922 837 2228 906 gestionum
2273 851 2479 891 eorum.
2510 834 2567 889 Si
2614 836 2686 890 ita
2716 834 2948 903 dixeris,
2976 838 3023 893 si
3069 840 3143 895 ita
3187 841 3496 910 credideris,

1925 935 2039 983 tum
2065 928 2281 984 demum
2310 928 2363 982 in
2391 927 2623 997 scapulis
2665 928 2780 983 suis
2819 929 3161 988 obumbrabit
3190 943 3273 1000 te,
3300 942 3358 990 et
3397 935 3499 991 sub

1926 1018 2118 1090 pennis
2144 1018 2260 1088 ejus
2301 1018 2561 1088 sperabis.
2610 1015 2806 1073 Pennas
2851 1018 2949 1074 Dei
2994 1022 3171 1090 angeli
3215 1023 3331 1093 ejus
3375 1034 3500 1080 sunt

1917 1122 2149 1177 quorum
2177 1108 2434 1164 custodia:
2460 1110 2845 1179 mancipamur.
2875 1109 3040 1167 Scuto
3066 1114 3418 1174 circumdabit
3446 1127 3501 1177 te

1923 1199 2123 1254 veritas
2147 1198 2283 1268 ejus.
2329 1197 2497 1255 Scuto
2534 1201 2794 1270 corporis,
2835 1203 3128 1271 sanguinis,
3177 1207 3500 1276 chrismatis,

1924 1303 2034 1358 quo
2060 1298 2214 1346 scuto
2264 1298 2321 1345 et
2370 1288 2706 1346 defendimur
2747 1299 2803 1347 et
2843 1307 3187 1351 coronamur.
3218 1296 3308 1353 Sic
3355 1300 3502 1356 enim

1919 1379 2162 1450 psalmus
2209 1380 2342 1436 alius
2391 1383 2583 1438 asserit
2616 1383 2761 1453 quod
2806 1395 2958 1441 scuto
3010 1387 3164 1443 bona:
3208 1389 3500 1446 voluntatis

1924 1480 2150 1528 coronet
2173 1488 2294 1528 nos.
2322 1471 2437 1529 Hoc
2461 1475 2625 1529 etiam
2648 1476 2702 1530 in
2732 1477 2834 1532 isto
2853 1478 3080 1547 psalmo,
3100 1488 3163 1535 ut
3184 1497 3293 1536 non
3315 1484 3501 1540 timea-

1928 1579 2047 1619 mus
2074 1580 2104 1618 a
2134 1564 2325 1619 timore
2352 1574 2637 1622 nocturno.
2670 1566 2987 1626 Libidinosa:
3024 1573 3227 1629 scilicet
3252 1575 3500 1646 volupta-

1929 1656 2017 1721 tis,
2047 1655 2200 1726 cujus
2221 1658 2413 1727 sagitta
2436 1658 2583 1714 volat
2610 1674 2707 1730 per
2724 1659 2884 1716 diem.
2917 1661 3071 1729 Quod
3101 1666 3242 1721 enim
3272 1668 3324 1723 in
3346 1685 3500 1739 aspe-

1930 1757 2022 1803 ctu
2061 1749 2277 1804 luminis
2305 1752 2722 1822 concupiscitur,
2756 1754 2913 1824 huius
2952 1759 3225 1826 negotium
3265 1761 3316 1814 in
3361 1769 3499 1818 tenc«

243 1850 448 1907 Christi
465 1850 584 1907 Filii
605 1852 701 1918 tui,
715 1858 775 1908 ut
798 1853 869 1908 sit
894 1852 1148 1923 splendor
1175 1853 1385 1909 Domini
1414 1854 1508 1908 Dei
1535 1855 1703 1911 nostri
1731 1871 1823 1911 su-
1856 1852 1905 1915 B
1928 1840 2039 1895 δι’ίθ
2059 1849 2418 1912 perpetratum
2462 1843 2629 1899 διιῑΊη
2658 1835 2830 1911 "linat
2862 1856 2955 1901 θυι
2979 1848 3033 1902 ill
3055 1848 3321 1906 daemonio
3345 1854 3501 1907 meri-

244 1956 506 2013 pertnos,
536 1957 634 2014 per
656 1957 818 2014 quem
864 1958 1032 2015 opera
1070 1959 1324 2000 manuum
1372 1954 1693 2001 nostrarum.
1728 1946 1831 2002 Per

245 2034 423 2105 ipsum
477 2034 621 2089 enim
666 2033 901 2090 directus
945 2043 1030 2091 est
1078 2036 1255 2093 omnis
1301 2043 1459 2092 tenor
1503 2037 1828 2107 disciplinae,

246 2124 533 2181 emendata
577 2125 695 2190 lex,
735 2133 978 2182 correcta
1024 2127 1364 2195 perversitas.
1407 2127 1632 2195 aequitas
1659 2127 1831 2182 adim-

244 2216 417 2288 pleta,
444 2216 548 2287 ipsi
573 2215 744 2285 gloria
769 2215 825 2270 in
853 2215 1045 2271 secula
1072 2216 1408 2272 saeculorum.
1440 2216 1627 2272 Amen.

823 2349 1141 2406 PSALMUS
1176 2347 1289 2405 XC.

714 2461 854 2517 Laus
880 2461 1078 2518 cantici
1106 2461 1206 2533 ipsi
1234 2461 1415 2517 David.

329 2575 434 2640 Qui
457 2574 656 2649 habitat
681 2576 736 2628 in
754 2575 1014 2646 adjutorio
1040 2560 1311 2640 Altissimi,
1330 2577 1385 2629 in
1406 2578 1717 2640 protectione
1734 2576 1833 2633 Dei

257 2667 370 2723 caali
397 2664 809 2722 commorabitur.
840 2665 992 2720 Dicet
1017 2665 1240 2721 Domino
1263 2684 1280 2720 :
1305 2665 1584 2737 Susceptor
1611 2683 1752 2722 meus
1777 2685 1832 2723 es

254 2768 333 2825 tu,
362 2767 412 2814 et
450 2760 702 2830 refugium
744 2773 940 2823 meum;
964 2756 1108 2812 Deus
1148 2775 1322 2821 meus,
1354 2758 1571 2829 sperabo
1598 2761 1653 2813 in
1694 2777 1827 2815 eum.

246 2847 515 2916 'Quoniam
562 2851 673 2921 ipse
699 2849 931 2906 liberavit
958 2867 1037 2905 me
1069 2851 1133 2906 de
1160 2853 1339 2922 laqueo
1368 2854 1691 2919 venantium,
1723 2861 1774 2907 et
1800 2870 1833 2907 a

249 2940 403 2999 verba
456 2958 655 3014 aspero.
690 2941 931 3013 Scapulis
974 2944 1079 2997 suis
1125 2942 1444 2998 obumbrabit
1496 2943 1608 3008 tibi,
1646 2955 1697 2999 et
1743 2944 1834 2997 sub

249 3033 436 3104 pennis
488 3032 599 3104 ejus
638 3023 896 3102 sperabis.
958 3030 1117 3088 Scuto
1150 3032 1504 3115 circumdabit
1556 3042 1605 3087 te
1653 3034 1837 3087 veritas

248 3127 383 3197 ejus,
434 3141 536 3180 non
588 3124 785 3180 timebis
839 3142 871 3178 a
913 3125 1093 3179 timore
1130 3134 1399 3179 nocturno.
1431 3124 1474 3177 Α
1519 3125 1707 3195 sagitta
1752 3141 1838 3179 ro-

1931 1932 2093 1987 diano
2118 1933 2408 2002 perﬁcitur.
2441 1934 2546 1991 Sed
2572 1937 2618 1991 si
2664 1938 2991 1994 habitaveris
3035 1941 3088 1994 in
3118 1940 3386 2011 adjutorio
3416 1946 3507 2000 M-

1934 2024 2144 2088 tissimi,
2170 2026 2365 2081 cadent
2391 2042 2423 2082 a
2448 2028 2617 2083 latere
2656 2037 2750 2084 tuo
2780 2030 2952 2095 mille,
2985 2040 3040 2086 et
3062 2032 3247 2088 decem
3290 2036 3452 2091 millia
3475 2052 3505 2091 a

1932 2113 2137 2170 dextris
2161 2116 2285 2171 tuis.
2304 2115 2589 2173 Sinistrum
2612 2118 2664 2172 in
2684 2134 2770 2183 eo,
2787 2120 2879 2189 qui
2908 2121 3007 2176 sub
3031 2123 3232 2178 auxilio
3260 2123 3356 2179 Dei
3377 2125 3506 2193 agit,

1937 2221 2045 2262 non
2073 2209 2398 2273 nominatur,
2439 2209 2533 2265 sed
2578 2212 2718 2267 latus
2747 2219 2952 2269 tantum
2997 2216 3283 2285 exponitur
3320 2224 3506 2271 contra

1936 2297 2081 2367 quod
2107 2298 2255 2353 mille
2283 2298 2581 2369 insurgunt,
2609 2316 2638 2355 a
2666 2301 2870 2358 dextris
2898 2311 3075 2358 autem
3104 2305 3291 2362 decem
3321 2308 3511 2366 millia.

1936 2388 2101 2446 Latus
2126 2392 2253 2447 hoc
2273 2392 2546 2448 sinistrum
2572 2393 2715 2463 quod
2755 2395 2927 2450 noluit
2954 2397 3250 2463 nominare,
3283 2398 3508 2455 liberant

1933 2483 2211 2540 arbitrium
2236 2493 2340 2549 est,
2368 2493 2554 2541 contra
2595 2486 2739 2556 quod
2766 2487 2941 2543 minor
2980 2503 3154 2560 pugna
3180 2490 3423 2556 laxatur;
3455 2493 3508 2549 iu

1933 2573 2156 2629 dextera
2185 2583 2363 2630 autem
2388 2575 2481 2631 Dei
2510 2577 2765 2631 auxilium
2792 2586 2894 2633 est.
2927 2577 2994 2633 Et
3021 2580 3142 2635 ideo
3168 2581 3317 2651 prius
3343 2582 3512 2636 nomi-

1933 2667 2081 2722 navit
2126 2667 2282 2733 latus,
2312 2668 2437 2738 quia
2490 2669 2541 2724 in
2586 2670 2808 2725 arbitrio
2853 2679 2954 2736 est,
2976 2680 3037 2725 ut
3058 2672 3247 2727 credas
3266 2673 3431 2743 prius,
3453 2683 3511 2729 ut

1932 2756 2059 2811 dum
2087 2758 2404 2822 credideris,
2447 2760 2672 2825 gratiam
2719 2762 3085 2829 consequaris.
3116 2762 3360 2818 Invenies
3403 2772 3511 2819 tam

1934 2849 2284 2918 multiplicem
2309 2850 2567 2904 virtutum
2596 2864 2825 2905 cuneum
2853 2851 3172 2907 auxiliorum
3198 2853 3253 2907 in
3269 2853 3511 2910 dextera.

1934 2938 2055 3009 Ipsa
2085 2948 2259 2993 armat
2289 2940 2526 3009 trophaeo
2545 2941 2717 2995 crucis
2744 2939 2993 3005 frontem,
3016 2943 3127 3012 ipsa
3157 2943 3378 2999 loricam
3399 2959 3515 3016 my-

1938 3032 2224 3087 steriorum
2251 3032 2491 3097 assumit,
2517 3033 2626 3102 ipsa
2654 3033 2874 3103 suscipit
2900 3034 3085 3090 salutis
3113 3035 3367 3102 remedia,
3399 3036 3514 3107 ipsa

1941 3125 2209 3194 loquentis
2244 3125 2495 3195 exprimit
2530 3125 2699 3193 signa.
2732 3125 2863 3180 Nam
2891 3134 2947 3181 et
2969 3127 3114 3196 quod
3142 3138 3407 3185 memorat
3429 3145 3514 3184 sa-

250 3218 395 3272 lante
449 3218 505 3271 in
544 3209 658 3288 die,
712 3234 746 3269 a
783 3216 987 3287 negotio
1037 3213 1424 3286 perambulante
1476 3215 1529 3268 in
1587 3214 1830 3279 tenebris,
1859 3211 1904 3277 C
1938 3215 2137 3285 pientia
2167 3216 2280 3279 Dei,
2305 3215 2449 3284 quod
2476 3216 2590 3270 vias
2616 3232 2737 3286 qua}
2779 3231 2810 3271 a
2834 3216 3039 3273 dextris
3067 3227 3191 3274 sunt
3227 3219 3377 3274 novit
3406 3220 3514 3275 Do-

251 3309 319 3364 ab
363 3311 574 3364 incursu
619 3318 668 3362 et
715 3308 969 3362 daemonio
995 3306 1320 3389 meridiano.
1366 3304 1563 3362 Cadent
1598 3325 1630 3362 a
1677 3307 1835 3363 latere

252 3412 343 3455 tuo
384 3400 539 3466 mille,
569 3408 617 3453 et
646 3399 819 3454 decem
867 3398 1033 3453 millia
1087 3414 1120 3451 a
1163 3398 1360 3453 dextris
1390 3400 1519 3463 tuis,
1550 3398 1620 3452 ad
1661 3409 1709 3454 te
1734 3416 1833 3453 au-

254 3502 358 3547 tem
406 3508 511 3547 non
556 3489 1002 3562 appropinquabit.
1043 3487 1399 3544 Verumtamen
1455 3489 1613 3544 oculis
1662 3489 1834 3543 consi-

256 3582 480 3648 derabis,
511 3592 560 3637 et
584 3580 968 3638 retributionem
993 3590 1316 3649 peccatorum
1344 3578 1550 3634 videbis.
1577 3577 1836 3644 Quoniam

256 3683 312 3727 tu
339 3691 412 3741 es,
438 3669 676 3739 Domine,
706 3689 822 3739 spes
852 3683 984 3734 mea,
1015 3660 1320 3725 altissimum
1341 3671 1554 3741 posuisti
1583 3671 1839 3740 refugium

257 3776 421 3820 tuum.
447 3764 571 3820 Non
610 3764 813 3818 accedet
838 3763 906 3816 ad
936 3771 983 3816 te
1008 3762 1219 3826 malum,
1247 3771 1297 3816 et
1319 3760 1581 3831 ﬂagellant
1608 3775 1712 3814 non
1740 3776 1838 3829 ap-

258 3852 622 3926 propinquabit
672 3852 999 3907 tabernaculo
1044 3859 1149 3904 tuo.
1193 3847 1450 3914 Quoniam
1488 3850 1685 3921 angelis
1733 3851 1840 3903 suis

259 3946 527 4000 mandarit
555 3945 617 3998 de
645 3953 719 4009 te,
742 3952 800 3996 ut
826 3943 1117 3997 custodiant
1153 3951 1200 3995 te
1240 3943 1295 3994 in
1325 3941 1559 3996 omnibus
1587 3943 1680 3994 viis
1720 3942 1839 3993 tuis.

264 4034 334 4090 In
372 4036 612 4091 manibus
640 4033 914 4105 portabunt
936 4042 1001 4098 te,
1029 4050 1091 4087 ne
1114 4034 1244 4104 forte
1272 4031 1505 4100 oﬂ'endas
1527 4031 1594 4084 ad
1622 4030 1846 4100 lapidem

262 4129 444 4199 pedem
467 4137 625 4181 tuum.
644 4123 813 4194 Super
840 4122 1068 4192 aspidem
1087 4129 1136 4175 et
1158 4121 1452 4174 basiliscum
1471 4119 1773 4185 ambulabis,
1796 4128 1847 4174 et

258 4214 590 4275 conculcabis
620 4214 817 4270 leonem
845 4224 893 4267 et
914 4209 1467 4276 draconem.Quoniam
1486 4213 1539 4264 in
1568 4228 1648 4266 me
1673 4228 1851 4281 spera-

264 4313 337 4365 vit
364 4307 595 4364 liberabo
620 4323 765 4371 eum,
789 4312 1053 4376 protegant
1090 4321 1203 4357 eum
1230 4303 1471 4376 quoniam
1498 4305 1728 4375 cognorit
1754 4321 1850 4359 no-

266 4421 382 4458 men
402 4416 592 4456 meum.
618 4394 874 4452 Clamabit
893 4396 963 4449 ad
986 4413 1082 4461 me,
1099 4405 1156 4469 et,
1174 4413 1266 4467 ego
1286 4395 1559 4450 exaudiam
1578 4412 1709 4460 eum,
1733 4412 1849 4461 cum

266 4497 376 4566 ipso
421 4510 535 4547 sum
578 4493 633 4544 in
672 4488 1016 4565 tribulatione,
1046 4488 1264 4559 eripiam
1307 4504 1420 4541 eum
1451 4497 1501 4541 et
1545 4487 1845 4559 gloriﬁcabo

1937 3308 2130 3372 minus,
2155 3322 2417 3377 perversa:
2440 3315 2619 3362 autem
2638 3315 2765 3362 sunt
2785 3323 2814 3360 a
2836 3307 3085 3373 sinistris,
3109 3308 3212 3363 hoc
3232 3308 3516 3364 ostendere

1936 3401 2162 3457 fortasse
2186 3401 2373 3464 voluit,
2406 3402 2551 3469 quod
2577 3398 2793 3468 quando
2822 3400 3103 3465 vincimus,
3133 3400 3302 3469 partis
3325 3400 3516 3454 dexte-

1936 3509 2010 3548 ras
2041 3493 2326 3547 virtutibus
2353 3491 2611 3546 tradimus
2647 3509 2658 3542 :
2690 3489 2904 3560 quando
2933 3497 3111 3545 autem
3140 3491 3421 3554 vincimur,
3445 3491 3518 3545 si-

1939 3586 2120 3640 nistra:
2138 3584 2305 3654 partis
2321 3581 2714 3636 infirmitatibus
2734 3580 3080 3650 applicamus.
3112 3580 3380 3635 Auxilium
3408 3596 3517 3636 non

1938 3676 2172 3731 vincitur
2196 3675 2321 3739 Dei,
2350 3672 2444 3729 sed
2492 3673 2662 3727 nostri
2702 3672 2921 3729 libertas
2964 3672 3170 3727 arbitrii
3214 3678 3512 3742 superatur.

1942 3766 2044 3833 Qui
2073 3766 2118 3820 si
2147 3764 2525 3835 propensiores
2549 3762 2806 3819 fuerimus
2834 3762 2886 3817 in
2914 3762 3156 3827 dextera,
3182 3761 3386 3829 angelis
3411 3760 3523 3816 suis
3551 3811 3558 3818 .

1941 3855 2162 3910 mandat
2189 3855 2256 3910 de
2304 3854 2460 3909 nobis
2485 3862 2545 3907 ut
2579 3852 2881 3907 custodiant
2927 3868 3027 3906 nos
3055 3854 3107 3906 in
3149 3852 3397 3905 omnibus
3423 3851 3523 3906 viis

1948 3943 2144 3998 nostris
2169 3962 2182 3994 :
2217 3944 2289 3995 ita
2316 3950 2377 3995 ut
2402 3943 2447 3996 si
2475 3955 2638 4010 super
2665 3939 2903 4009 aspidem
2925 3948 2980 3995 et
3007 3940 3310 3996 basiliscum
3334 3942 3524 3995 ambu-

1948 4038 2139 4099 lemus,
2186 4037 2239 4091 id
2278 4044 2379 4100 est,
2411 4048 2575 4105 super
2599 4032 2869 4088 diabolum
2897 4041 2953 4088 et
2979 4047 3199 4102 regnum
3237 4032 3370 4101 ejus,
3402 4047 3523 4088 con-

1950 4129 2164 4187 culcare
2189 4129 2457 4199 possimus
2478 4134 2533 4181 et
2558 4126 2770 4181 leonem
2795 4132 2850 4180 et
2875 4124 3182 4181 draconem.
3214 4124 3337 4179 Haec
3382 4124 3524 4178 enim

1951 4222 2080 4278 dicit
2098 4221 2374 4287 Dominus,
2390 4218 2643 4289 quoniam
2660 4218 2713 4272 in
2729 4233 2816 4273 me
2833 4218 3089 4287 speravit,
3106 4216 3345 4272 liberabo
3363 4230 3485 4271 eum
3504 4233 3520 4281 ;

1950 4322 2229 4385 pnotegam
2286 4328 2431 4376 cum,
2471 4311 2727 4381 quoniam
2781 4311 3031 4379 cognovit
3077 4324 3273 4365 nomen
3324 4323 3522 4365 meum.

1949 4404 2224 4460 lnvocavit
2250 4417 2356 4467 me,
2386 4415 2488 4470 ego
2514 4400 2794 4456 exaudiam
2823 4415 2963 4456 eum.
3000 4397 3135 4455 Cum
3172 4400 3287 4469 ipso
3323 4413 3442 4453 sum
3469 4398 3524 4452 in

1950 4495 2315 4561 tribulatione,
2340 4493 2564 4564 eripiam
2584 4507 2725 4557 eum,
2749 4499 2803 4548 et
2826 4491 3134 4561 glorificabo
3159 4504 3300 4545 eum.
3331 4488 3524 4556 Longi-

268 4578 400 4641 eum.
432 4581 779 4655 Longitudine
799 4579 995 4633 dierum
1022 4578 1222 4649 replebo
1247 4596 1380 4643 eum,
1409 4587 1458 4633 et
1484 4580 1747 4635 ostendam
1766 4579 1846 4634 illi
1870 4576 1924 4637 D
1948 4586 2135 4641 tudine
2159 4584 2367 4640 dierum
2394 4582 2697 4655 adimplebo
2717 4598 2859 4647 eum,
2884 4588 2939 4637 et
2958 4580 3236 4637 ostendam
3267 4579 3339 4632 illi
3379 4577 3524 4633 salu-

266 4679 495 4733 salutare
512 4692 695 4730 meum.

837 4757 1268 4798 COMMENTARIUII.

344 4859 491 4913 Multi
520 4863 712 4927 putant
738 4855 1037 4910 libertatem
1067 4855 1273 4910 arbitrii
1301 4868 1537 4922 cousque
1564 4853 1664 4908 sibi
1686 4867 1849 4922 posse

264 4949 536 5012 sufficere,
576 4954 636 5001 ut
661 4960 780 5002 sese
828 4961 925 5015 per
951 4944 1119 5015 ipsam
1149 4946 1451 5000 libertatem
1497 4943 1564 4998 ab
1605 4944 1850 4999 hostibus

266 5040 626 5099 invisibilibus
654 5051 846 5092 eruere
874 5051 1035 5106 posse
1061 5034 1351 5092 confidant.
1396 5033 1722 5089 Libertatem
1750 5048 1847 5087 au-

264 5144 383 5190 tem
411 5130 635 5195 arbitrii,
662 5138 718 5185 et
745 5142 942 5198 negare
966 5127 1263 5198 periculum
1286 5134 1388 5192 est,
1418 5134 1475 5180 et
1499 5124 1701 5180 nudare
1726 5138 1854 5204 pec-

266 5231 474 5280 catum.
504 5219 560 5275 Si
585 5221 724 5275 enim
756 5219 1051 5289 negaveris,
1085 5219 1335 5275 omnibus
1368 5214 1516 5271 frena
1555 5214 1779 5280 laxasti;
1809 5215 1856 5270 si

268 5311 583 5378 nudaveris,
606 5311 880 5381 decepisti.
920 5309 1053 5364 Nam
1080 5321 1246 5378 negas
1283 5309 1328 5363 si
1351 5307 1549 5363 dixeris
1580 5323 1593 5358 :
1629 5305 1769 5362 Deus
1808 5305 1856 5360 si

268 5407 408 5471 vult,
440 5405 612 5461 bonus
636 5419 785 5469 sum;
815 5403 861 5457 si
889 5418 997 5457 non
1024 5400 1155 5466 vult,
1186 5401 1360 5457 bonus
1403 5415 1511 5455 non
1550 5414 1700 5465 sum;
1730 5412 1867 5476 cum]

267 5504 487 5556 constet
512 5495 681 5550 Deum
709 5480 847 5549 velle
894 5507 1084 5549 omnes
1134 5493 1380 5551 homines
1408 5492 1587 5547 salvos
1634 5487 1768 5555 ﬂeri,
1798 5498 1867 5569 et

270 5589 640 5659 unusquisque
681 5602 779 5640 suo
807 5585 877 5639 sit
905 5585 1117 5656 iniquus
1160 5585 1401 5641 arbitrio.
1433 5582 1611 5639 Nudas
1650 5590 1848 5645 autem,

269 5701 397 5742 cum
419 5690 625 5737 tantum
655 5677 755 5750 ipsi
785 5677 1008 5732 arbitrio
1028 5676 1260 5743 dederis,
1283 5684 1342 5731 ut
1362 5691 1484 5731 eum
1506 5676 1667 5729 rebus
1686 5673 1869 5749 divini,

269 5775 528 5849 adjutorii
575 5771 877 5828 denudaris.
912 5769 1043 5824 Nam
1090 5770 1182 5841 qui
1211 5768 1416 5826 habitat
1442 5768 1496 5824 in
1525 5767 1849 5837 adjutorium

563 5868 830 5928 Pnaon.
880 5861 1035 5923 Llll.

1948 4686 2065 4732 tare
2090 4690 2291 4740 meum,
2317 4674 2418 4745 ipsi
2437 4674 2608 4743 gloria
2637 4673 2691 4728 in
2719 4673 2909 4728 stecula
2932 4671 3267 4727 saeculorum.
3298 4668 3485 4722 Amen.

2496 4804 2805 4862 PSALMUS
2845 4802 2971 4857 XCI.

2290 4919 2530 4975 Psalmus
2557 4915 2751 4972 cantici
2778 4916 2829 4968 in
2857 4914 2945 4968 die
2972 4913 3196 4970 sabbati.

2022 5038 2224 5091 Bonum
2245 5044 2323 5089 est
2348 5033 2583 5102 conﬁteri
2608 5029 2852 5096 Domino,
2872 5039 2924 5085 et
2950 5032 3167 5102 psallere
3189 5032 3385 5087 nomini
3416 5039 3526 5092 tuo,

1953 5128 2234 5183 Altissime.
2258 5124 2339 5178 Ad
2357 5122 2768 5177 annuntiandum
2790 5138 2941 5177 mane
2952 5124 3358 5178 misericordiam
3385 5127 3528 5170 tuam

1954 5228 2004 5273 et
2029 5219 2291 5272 veritatem
2313 5225 2451 5270 tatam
2472 5231 2562 5285 per
2589 5223 2803 5270 noctem.
2831 5212 2897 5269 In
2922 5213 3239 5268 decachordo
3264 5207 3527 5280 psalterio,

1956 5328 2070 5365 cum
2095 5310 2296 5364 cantico
2333 5310 2387 5362 in
2414 5308 2632 5362 cithara.
2663 5304 2796 5371 Quia
2824 5305 3089 5360 delectasti
3117 5318 3198 5355 me
3224 5302 3280 5353 in
3324 5299 3529 5361 [contra

1957 5413 2062 5467 tua,
2090 5408 2140 5456 et
2167 5402 2222 5456 in
2258 5398 2490 5471 operibus
2535 5413 2779 5453 manuum
2826 5406 3023 5447 tatarum
3062 5385 3361 5443 meditabor.
3388 5380 3529 5446 Quo-

1956 5496 2098 5549 niam
2119 5491 2453 5563 magni/icata
2481 5502 2599 5544 sunt
2627 5502 2783 5556 opera
2816 5493 2922 5544 tua,
2944 5479 3183 5537 Domine,
3214 5474 3367 5527 nimis
3404 5490 3527 5543 pro-

1922 5585 2132 5668 .funda:
2159 5586 2311 5655 facta:
2346 5592 2464 5638 sunt
2500 5580 2832 5651 cogitationes
2864 5581 2980 5624 tum.
3022 5568 3116 5620 Vir
3140 5566 3388 5637 insipiens
3428 5582 3530 5622 non

1954 5686 2239 5750 cognoscet,
2277 5686 2325 5730 et
2365 5674 2547 5729 stultus
2589 5685 2691 5722 non
2738 5662 2985 5730 intelliget
3036 5660 3163 5713 huic.
3196 5657 3322 5712 Cum
3361 5661 3530 5714 exorti

1954 5769 2145 5838 fuerint
2188 5771 2481 5835 peccatores
2501 5760 2631 5811 sicut
2673 5757 2841 5823 [etiam
2863 5790 2877 5816 ,
2902 5759 2957 5806 et
2986 5750 3318 5823 apparuerint
3356 5766 3530 5805 omnes

3178 5838 3252 5898 15
