4088 6346
617 379 724 438 189
1096 354 1184 430 ἐξ.

1955 372 2227 432 ARNOBI!
2263 373 2568 434 JUNIOMS

3787 385 3884 456 ibo

615 505 704 576 qui
729 505 1006 574 operantur
1022 496 1362 570 iniquitatem.
1389 493 1460 550 Ut
1477 493 1738 549 intereant
1763 493 1820 584 in
1833 492 2206 584 saeculorum-
2230 494 2288 555 Α
2309 493 2404 548 Hie
2433 503 2708 552 senectam
2753 509 2860 552 non
2907 496 3089 568 ipsius,
3121 500 3216 556 sed
3245 503 3424 560 saeculi
3447 509 3723 564 senectam
3747 525 3878 570 corn-

615 594 739 660 culi,
773 601 826 646 tu
865 597 1036 646 autent
1063 587 1356 642 Altissimus
1383 586 1440 640 in
1477 591 1748 651 teternuin,
1786 580 2030 640 Domine.
2063 580 2207 648 Quo-

615 689 762 739 niam
783 697 899 736 ecce
922 680 1120 735 inimici
1157 678 1256 743 tui,
1285 675 1526 742 Domine,
1557 677 1804 747 quoniam
1847 690 1965 730 ecce
2007 674 2207 728 inimici

618 777 692 832 tui
716 773 982 846 peribant,
1011 775 1062 826 et
1085 771 1444 842 disperguntur
1469 783 1648 824 omnes
1683 768 1771 840 qui
1796 773 2078 839 operantur
2104 766 2207 820 ini-

618 869 879 939 quitatem.
917 862 990 918 Et
1009 861 1326 918 emaltabitur
1361 861 1496 914 sicut
1519 858 1788 914 unicornis
1813 873 1976 912 cornu
2013 869 2203 922 meum,

617 967 668 1014 et
689 964 922 1013 senatus
939 965 1056 1009 mea
1081 956 1138 1008 in
1158 950 1518 1008 misericordia
1541 950 1707 1006 uberi.
1740 949 1811 1004 Et
1829 949 2066 1022 despexit
2083 963 2206 1004 ocu-

617 1049 696 1104 ιι
715 1063 858 1104 meus
875 1047 1112 1100 inimicos
1137 1053 1269 1107 tuos,
1308 1049 1360 1098 et
1385 1041 1450 1096 ab
1469 1040 1848 1114 insurgentibus
1875 1043 1932 1096 in
1953 1057 2038 1096 me
2053 1041 2208 1095 tuati-

616 1138 896 1212 gnantibus
923 1137 1098 1192 audiet
1137 1137 1282 1189 auris
1315 1149 1452 1190 mea.
1475 1131 1658 1188 Justus
1681 1139 1738 1186 ut
1778 1131 1954 1203 palma
1980 1129 2205 1202 ﬂoreblt,

616 1241 749 1290 sicut
777 1231 961 1287 cedrus
994 1227 1182 1284 Libani
1207 1225 1653 1298 multiplicabitur.
1695 1223 1934 1279 Plantati
1969 1225 2028 1277 in
2055 1221 2205 1278 domo

619 1325 852 1389 Domini,
893 1323 949 1376 in
981 1322 1132 1375 atriis
1171 1319 1352 1374 donius
1389 1317 1490 1372 Dei
1513 1316 1678 1372 nostri
1723 1312 1996 1385 ﬂorebunt.
2023 1311 2206 1365 Adhuc

617 1414 1096 1486 multiplicabuntur
1144 1412 1200 1464 in
1241 1417 1450 1464 senecta
1485 1407 1650 1472 uberi,
1693 1414 1744 1460 et
1785 1405 1910 1460 bene
1955 1403 2204 1475 patientes

619 1514 788 1570 mut,
817 1513 874 1560 ut
911 1503 1234 1559 annuntient.
1267 1499 1528 1565 Quoniam
1573 1505 1740 1553 rectus
1769 1493 2026 1552 Dominus
2065 1493 2204 1548 Deus

621 1607 811 1663 noster,
835 1605 1006 1650 etnon
1031 1602 1108 1648 est
1133 1591 1382 1664 iniquitas
1403 1591 1460 1644 in
1481 1606 1559 1644 eo.

1190 1729 1626 1780 COHMBNTARIUI.

2309 585 2592 653 memorat,
2622 586 2746 656 quia
2795 589 2988 644 saecula
3037 589 3312 660 liniuntur,
3361 601 3416 650 et
3443 606 3722 654 senectute
3762 601 3882 658 ded.

2309 678 2477 733 riunt.
2510 677 2769 736 Dominus
2815 691 2998 736 autem
3043 682 3098 736 in
3145 691 3404 740 internum
3451 699 3762 756 permaneb
3785 691 3878 751 Nec

2309 771 2416 827 hoc
2439 773 2671 844 accipias
2699 774 2926 843 ingrate,
2957 775 3103 844 quod
3139 777 3332 848 palma:
3361 777 3573 834 ﬂorenti
3623 797 3879 854 occupara-

2309 864 2448 919 verit
2487 880 2632 933 eum,
2663 867 2787 936 quia
2839 875 3182 938 comparatus
3233 871 3413 926 minus
3459 879 3544 927 est
3595 874 3664 928 ab
3707 887 3772 932 ‘eo
3805 881 3877 934 cui

2309 965 2670 1026 comparatur.
2697 957 2816 1014 Non
2845 960 3021 1030 palma
3051 957 3252 1017 ﬂorens
3277 962 3393 1032 ipse
3420 970 3522 1030 est,
3545 971 3604 1019 et
3631 979 3878 1036 compara-

2309 1048 2388 1105 tio
2413 1046 2612 1102 Christi
2639 1047 2934 1104 divinitatis
2959 1057 3306 1121 comparatur
3331 1053 3431 1123 ipsi
3469 1055 3666 1124 palum
3693 1069 3877 1128 semper

2307 1139 2540 1206 florenti,
2567 1139 2660 1210 qui
2701 1140 2770 1195 ad
2809 1140 3085 1196 dexteram
3129 1141 3303 1198 Patris
3347 1143 3542 1200 sedens
3559 1186 3574 1210 ,
3609 1146 3876 1204 victoribus

2309 1245 2490 1290 ramos
2529 1247 2658 1289 suos
2702 1232 2950 1304 porrigit,
2991 1234 3062 1290 de
3099 1232 3323 1290 ﬂoribus
3357 1237 3467 1292 suis
3507 1241 3762 1292 coronam
3803 1243 3870 1293 tn-

2307 1325 2498 1391 buens,
2553 1333 2609 1380 et
2659 1325 2728 1382 de
2779 1326 3040 1382 ﬂuctibus
3090 1335 3350 1398 perpetua
3402 1327 3702 1384 refectione
3753 1331 3872 1399 sagi-

2303 1430 2434 1470 nam
2483 1415 2816 1486 impertiens.
2867 1409 2972 1487 Ipsi
3007 1417 3177 1485 gloria
3219 1418 3276 1472 in
3323 1417 3515 1474 saecula
3557 1420 3868 1478 siliculorum.

2311 1505 2502 1562 Amen.

2425 1581 2434 1590 ‘
2762 1589 2766 1594 '
2845 1595 3160 1654 PSALMUS
3197 1596 3357 1653 seu.

2345 1685 2486 1743 Laus
2509 1688 2710 1743 cantici
2740 1689 2907 1764 Davjd
2935 1691 2990 1764 in
3015 1691 3104 1746 die
3145 1699 3271 1747 ante
3297 1691 3584 1748 sabbatum
3607 1731 3622 1758 ,
3651 1693 3839 1764 quando

2839 1759 3058 1816 fundata
3085 1769 3171 1817 est
3193 1769 3356 1818 terra.

686 1863 785 1920 Die
809 1861 1034 1918 sabbato
1061 1857 1262 1916 inimici
1290 1855 1505 1914 Domini
1547 1859 1796 1924 pereunt,
1828 1857 1890 1908 ut
1913 1849 2003 1906 die
2023 1849 2193 1906 domi-

2373 1870 2628 1926 Dominus
2663 1872 2912 1942 regnauit,
2945 1871 3179 1926 decorent
3217 1873 3428 1928 indutu
3465 1877 3562 1941 est,
3587 1875 3784 1930 indutus
3805 1883 3861 1932 est

615 1961 738 2016 nica
785 1957 946 2014 amici
972 1954 1186 2012 Domini
1237 1952 1590 2022 gratulentur.
1621 1949 1857 2004 Sabbato
1885 1946 2029 2002 enim
2052 1945 2199 2015 jacet

613 2049 872 2107 Dominus
901 2049 956 2104 in
997 2046 1244 2118 sepulcro
1287 2051 1554 2106 mortuus,
1583 2048 1640 2097 et
1663 2039 1752 2096 die
1797 2037 2066 2094 dominica
2103 2035 2200 2090 ad-

614 2151 800 2201 orator
826 2142 968 2198 inter
995 2139 1216 2209 angelos
1241 2137 1414 2194 vivus.
1445 2135 1504 2191 In
1531 2135 1634 2190 hac
1661 2147 1722 2190 re
1739 2131 1902 2188 nimis
1923 2127 2198 2201 profundat

611 2236 767 2292 factae
799 2241 926 2290 sunt
959 2232 1312 2304 cogitationes
1339 2228 1484 2298 ejus,
1508 2241 1642 2297 quas
1682 2226 1766 2280 vir
1801 2224 2060 2294 insipiens
2089 2237 2196 2278 non

613 2326 909 2395 cognoscit,
937 2331 992 2380 et
1033 2323 1227 2379 stultus
1255 2336 1366 2376 non
1414 2317 1665 2386 intelligit
1690 2331 1774 2372 ea.
1807 2314 1972 2370 Nobis
2017 2321 2197 2368 autem

613 2421 814 2476 bonum
860 2425 960 2482 est,
985 2417 1032 2472 si
1069 2413 1421 2472 conﬁteamur
1447 2417 1670 2482 peccata
1712 2415 1897 2464 nostra
1933 2404 2194 2475 quotidie,

614 2519 672 2566 et
714 2509 1004 2580 psallamus
1051 2505 1256 2562 nomini
1281 2503 1400 2573 ejus
1425 2501 1704 2566 altissimo,
1741 2499 1786 2556 si
1823 2497 2199 2554 annunticmus

614 2613 794 2664 mane,
841 2613 874 2654 α
901 2597 1136 2654 tenebris
1165 2599 1510 2666 peccatorum
1561 2589 1730 2653 exuti,
1775 2583 2198 2644 misericordiam

614 2689 750 2758 ejus,
779 2697 834 2744 et
861 2688 986 2744 dum
1012 2684 1222 2742 venerit
1245 2683 1400 2738 nobis
1440 2695 1548 2736 nox
1576 2677 1950 2749 quaestionum,
1996 2689 2199 2743 nequa-

611 2795 773 2850 quam
793 2779 860 2834 ad
879 2778 1108 2840 libitum,
1125 2790 1246 2846 quae
1265 2773 1548 2838 nescimus,
1563 2767 1872 2850 usurpando
1893 2767 2194 2837 loquamur.

609 2871 688 2928 De
713 2871 824 2927 Deo
852 2870 996 2926 enim
1023 2867 1172 2937 loqui
1205 2866 1368 2922 etiam
1398 2880 1522 2922 vera
1553 2862 1676 2932 quia
1701 2859 2062 2932 periculosum
2091 2865 2194 2924 est,

609 2963 910 3018 timeamus.
939 2958 1018 3014 Ea
1045 2971 1174 3028 ergo
1197 2971 1320 3026 quae
1337 2955 1512 3010 lucida
1531 2960 1658 3010 sunt
1677 2952 1732 3006 in
1755 2949 2046 3020 Scripturis
2067 2964 2196 3004 san-

608 3054 732 3120 ctis,
749 3052 1116 3122 prmjudicium
1131 3050 1200 3106 ab
1215 3049 1457 3106 obscuris
1473 3047 1608 3103 locis
1625 3045 1738 3117 pati
1757 3061 1864 3100 non
1877 3043 2095 3108 debent,
2109 3051 2196 3098 ut-

607 3153 740 3216 pote
757 3143 1090 3215 proferamus
1105 3141 1307 3212 aliquid
1327 3140 1582 3204 bmviter,
1607 3153 1676 3194 ex
1697 3153 1808 3206 quo
1827 3136 2074 3192 universa
2095 3150 2194 3192 no-

2301 1963 2556 2019 Dominus
2580 1963 2935 2036 fortitudinem
2971 1971 3020 2017 et
3047 1965 3322 2035 praecinit
3337 1967 3412 2019 se.
3437 1963 3650 2021 Eli-irini
3675 1967 3860 2038 βττιταῶ

2300 2057 2472 2114 orbein
2513 2065 2679 2122 terrae,
2711 2058 2798 2128 qui
2821 2073 2930 2111 non
2949 2057 3367 2112 commovebitur.
3405 2057 3614 2113 Parata
3637 2057 3766 2114 sedes
3789 2063 3859 2114 tua

2299 2165 2364 2204 ea;
2391 2157 2530 2212 tunc,
2556 2163 2590 2224 ρ
2617 2148 2806 2204 saeculo
2830 2156 2882 2201 tu
2907 2159 2982 2203 es.
3019 2147 3360 2203 Elevaeeritnt
3377 2149 3626 2220 nurnine,
3655 2147 3855 2214 omne,

2297 2240 2614 2295 (levaverunt
2647 2239 2864 2310 [lumina
2901 2255 3071 2296 vocem
3113 2247 3290 2307 suain;
3328 2241 3655 2297 devenerunt
3677 2243 3855 2312 tle-mitts

2299 2334 2481 2404 ﬂuctus
2501 2349 2642 2398 suos,
2683 2351 2716 2387 a
2753 2333 2958 2387 uocibus
3002 2350 3254 2406 aquarum
3289 2334 3600 2388 multarunt.
3629 2333 3851 2388 Hirabiles

2297 2425 2546 2480 elationes
2576 2426 2756 2490 maris,
2800 2423 3054 2481 mirabilis
3077 2428 3134 2480 in
3162 2425 3285 2479 altis
3321 2424 3606 2480 Dominus.
3639 2424 3844 2479 Testimo-

2299 2515 2388 2567 nia
2415 2523 2502 2568 tua
2531 2513 2798 2568 credibilia
2829 2517 2967 2586 facta
2997 2524 3115 2569 sunt
3145 2516 3336 2570 nimis:
3359 2513 3569 2570 domum
3601 2525 3722 2570 tuam
3735 2515 3850 2570 decet

2299 2607 2610 2672 sanctitudo,
2647 2605 2885 2672 Domine,
2907 2608 2962 2661 in
2993 2605 3314 2679 longitudine
3337 2603 3554 2662 dierum.

2869 2777 3309 2820 COIIBNI‘ARIDI.

2369 2889 2625 2948 Dominus
2676 2893 2938 2962 regnavit,
2965 2891 3019 2948 id
3073 2900 3174 2961 est,
3201 2907 3428 2963 regnum
3485 2895 3758 2966 assumpsit
3801 2895 3843 2948 in

2299 3001 2478 3043 cruce.
2509 2986 2770 3042 Decorem
2799 2983 2972 3041 induit
3001 2985 3056 3041 in
3085 2987 3504 3043 resurrectione.
3535 2987 3703 3044 induit
3725 2988 3840 3042 enim
3883 3029 3888 3032 .

2297 3077 2663 3134 inﬁrmitatem
2691 3079 2745 3134 in
2771 3079 2992 3146 virtute,
3019 3087 3075 3135 et
3105 3079 3386 3151 prtecinxit
3416 3091 3475 3136 se
3501 3082 3838 3145 :eternitatem,

2296 3179 2354 3226 et
2379 3170 2588 3225 ﬁrmam
2607 3169 2734 3227 fecit
2753 3175 2954 3226 terram
2981 3171 3035 3226 in
3063 3174 3456 3228 resurrectione
3483 3187 3596 3229 sua.
3625 3169 3688 3227 Et
3711 3181 3842 3244 para-

607 3243 845 3292 scantur.
875 3233 1052 3290 Habes
1092 3233 1147 3288 in
1187 3229 1364 3286 lucido
1389 3229 1626 3302 positum
1653 3243 1762 3284 non
1787 3241 1908 3282 esse
1933 3241 2193 3298 persona—

2301 3269 2407 3316 tam
2459 3259 2640 3316 sedem
2685 3261 2919 3328 habens,
2965 3261 3205 3318 ascendit
3247 3257 3300 3317 in
3341 3264 3536 3320 cmlutn
3573 3229 3750 3320 sedens
3784 3263 3841 3318 ad

607 3343 730 3384 rum
758 3325 1127 3396 acceptionern
1151 3322 1294 3394 apud
1321 3322 1490 3378 Deum
1508 3359 1524 3386 ,
1555 3321 1659 3378 hoc
1685 3321 1891 3385 Petrus,
1919 3320 2024 3376 hoc
2050 3317 2190 3375 Pau-

606 3417 708 3484 lus,
750 3417 855 3472 boc
885 3430 1074 3472 omnes
1111 3413 1450 3482 evangelista:
1488 3419 1767 3468 testantur.
1799 3409 1954 3478 Quod
1987 3411 2032 3466 si
2081 3425 2192 3466 non

606 3509 866 3574 dicerent,
895 3515 1004 3562 tam
1035 3506 1210 3562 lucida
1237 3504 1476 3560 deﬁnitio
1503 3511 1606 3570 est,
1638 3511 1700 3558 ut
1725 3503 1829 3560 illis
1855 3517 1976 3558 eam
2004 3509 2190 3558 tacen-

609 3599 751 3654 tibus
775 3598 1134 3654 crederemus.
1151 3595 1288 3663 Quid
1304 3597 1480 3652 nunc?
1498 3593 1699 3652 Contra
1720 3595 1856 3650 hanc
1882 3594 1935 3649 in
1957 3595 2190 3650 obscuro

607 3690 846 3746 nascitur
865 3688 1290 3760 quaestiozlacob
1315 3688 1494 3754 dilexi,
1511 3687 1654 3744 Esau
1675 3696 1845 3742 autem
1869 3687 1986 3742 odio
2007 3687 2182 3742 habui.

605 3779 678 3838 Et
703 3783 788 3836 cui
813 3781 918 3837 uult
943 3782 1227 3847 miseretur,
1258 3788 1306 3834 et
1335 3795 1481 3852 quem
1513 3781 1618 3834 uult
1645 3779 1856 3835 indurat
1875 3779 2054 3851 (Rom.
2086 3783 2186 3851 rx),

607 3883 664 3934 et
705 3875 874 3930 multa
897 3875 1109 3932 similia.
1141 3873 1198 3928 in
1247 3874 1331 3928 his
1355 3872 1564 3943 positus
1609 3873 1663 3926 in
1703 3879 1862 3928 nocte
1901 3871 2186 3927 devenisti.

603 3963 723 4021 Non
749 3972 908 4036 potes
944 3965 1051 4022 luci
1077 3964 1184 4020 diei
1221 3963 1396 4020 noctis
1440 3962 1599 4032 hujus
1623 3962 1908 4032 caliginem
1949 3963 2183 4026 tradere,

604 4063 660 4111 et
685 4056 794 4112 diei
818 4057 924 4110 mei
951 4055 1130 4110 medio
1158 4054 1264 4109 vim
1284 4054 1624 4110 tenebrarum
1653 4053 1868 4110 inferre.
1901 4053 1958 4108 Si
1979 4061 2064 4109 est
2089 4052 2186 4108 tibi

605 4161 806 4208 sermo,
837 4147 1094 4200 annuntia
1123 4145 1404 4200 veritatem
1429 4145 1483 4200 in
1513 4153 1692 4208 nocte,
1725 4145 1808 4200 sin
1835 4146 1986 4212 alias,
2007 4146 2077 4200 sit
2099 4145 2184 4200 die

606 4235 746 4303 gitus
775 4243 898 4290 tuus
917 4249 1078 4306 super
1095 4249 1158 4288 os
1177 4241 1345 4288 tuum.
1370 4233 1426 4290 Si
1453 4235 1596 4290 enim
1615 4236 1760 4290 mille
1781 4236 1916 4290 tales
1934 4237 2188 4306 quaestio-

606 4338 706 4380 nes
745 4323 1003 4387 invenias,
1031 4339 1304 4392 nunquam
1331 4325 1584 4394 probabis
1629 4325 1914 4380 Dominum
1947 4341 2043 4396 per
2071 4327 2186 4382 ele-

605 4413 840 4468 ctionem
867 4427 1110 4482 personae
1151 4428 1312 4468 unum
1335 4413 1500 4479 velle,
1540 4429 1788 4470 recusare
1815 4415 1996 4472 alium.
2027 4416 2190 4474 Aliud

606 4511 710 4569 est,
743 4503 789 4558 si
816 4502 1010 4560 doceas
1036 4501 1178 4558 Esau
1197 4504 1395 4560 bonum
1424 4504 1588 4562 fuisse
1607 4506 1660 4560 in
1689 4507 1943 4577 operibus
1965 4511 2099 4576 suis,
2129 4519 2188 4566 et

603 4593 788 4663 inique
831 4595 958 4650 odio
991 4595 1253 4650 habitum.
1287 4596 1410 4651 Aut-
1441 4595 1608 4652 Jacob
1653 4599 1915 4656 malorum
1957 4617 2188 4672 operum
2211 4605 2266 4678 1;

603 4701 758 4742 reum
785 4685 986 4756 injuste
1009 4685 1296 4744 delectum.
1329 4686 1437 4742 Sed
1463 4701 1774 4760 rumpamus
1801 4701 1982 4749 moras
2023 4694 2188 4752 alieni

604 4779 802 4847 operis,
833 4787 888 4833 et
916 4779 967 4832 in
992 4777 1178 4834 decem
1201 4777 1523 4837 chordarum
1551 4782 1806 4850 psalterio
1833 4783 2065 4844 delectet
2085 4803 2186 4846 nos

604 4867 860 4924 Dominus
889 4870 944 4924 in
971 4869 1174 4926 factura
1204 4887 1300 4926 sua
1328 4879 1383 4928 et
1409 4873 1462 4928 in
1501 4875 1753 4944 operibus
1774 4893 2028 4936 manuum
2047 4881 2182 4951 ejus,

601 4972 738 5026 quas
759 4960 1012 5028 expandit
1039 4961 1094 5014 in
1121 4975 1297 5026 cruce,
1327 4964 1384 5018 in
1411 4963 1515 5031 bis,
1549 4965 1785 5036 inquam,
1810 4973 2064 5041 operibus
2091 4989 2182 5030 ex-

599 5048 880 5104 sultemus.
909 5049 986 5104 ibi
1013 5051 1157 5106 enim
1183 5053 1520 5122 magniﬁcam
1548 5061 2034 5131 suntispcra'ejns,
2055 5067 2186 5136 qua:

598 5141 682 5196 vir
699 5140 958 5211 insipiens
977 5155 1085 5196 non
1105 5146 1373 5211 cognovit.
1387 5145 1626 5220 Populus
1645 5152 1952 5210 incredulus
1965 5155 2182 5214 indico-

595 5247 736 5302 rum,
765 5233 860 5304 qui
901 5233 1040 5290 sicut
1075 5235 1256 5292 fenum
1297 5241 1500 5306 exorti,
1539 5255 1866 5312 paraverunt
1887 5259 2184 5319 operante's

594 5323 954 5393 iniquitatem,
987 5333 1046 5381 ut
1071 5325 1340 5384 intereant
1365 5329 1422 5385 in
1467 5335 1721 5390 'smeulum
1767 5339 1971 5394 saecli.
2003 5341 2178 5411 Atque

592 5414 823 5474 lamina
867 5419 920 5474 in
947 5425 1208 5477 uernum
1227 5433 1506 5493 manente,
1549 5428 1586 5482 ii
1607 5429 1946 5500 peribunt-et
1971 5435 2180 5506 disper-

591 5515 786 5575 guntur
811 5521 975 5581 super
999 5513 1306 5569 univeisam
1349 5515 1539 5573 faciem
1569 5529 1743 5582 tenue,
1773 5537 1964 5579 omnes
2007 5524 2174 5582 Judml

594 5609 881 5666 oper-antes
905 5603 1262 5674 iniquitatem.
1292 5607 1539 5667 Christus
1575 5621 1757 5669 autem
1783 5624 1844 5670 ut
1867 5619 2042 5687 palma
2071 5618 2171 5676 llo-

595 5695 710 5754 ret,
737 5693 1005 5760 plantatus
1033 5699 1084 5752 in
1113 5701 1330 5757 domum
1377 5719 1550 5772 suam,
1583 5707 1636 5761 in
1681 5709 1832 5765 atriis
1857 5710 2050 5767 domus
2076 5713 2171 5770 Dei

597 5779 768 5832 nostri
812 5778 1037 5852 ﬂorebit,
1087 5797 1142 5842 et
1183 5792 1620 5862 multiplicabitur
1647 5797 1704 5854 in
1733 5807 1962 5858 senecta.
1996 5803 2164 5860 liberi.
2193 5855 2196 5860 .

2293 3349 2570 3406 dexteram
2598 3349 2791 3408 Patris.
2825 3351 2977 3409 Hunc
3003 3361 3308 3424 praeconata
3341 3365 3466 3412 sunt
3493 3351 3696 3411 ﬂumina
3723 3353 3841 3411 Scrii

2293 3449 2386 3512 ptu
2397 3457 2572 3496 rarum
2621 3451 2946 3509 sanctarum,
2979 3459 3142 3516 super
3167 3445 3312 3502 hunc
3339 3447 3671 3503 elevaverunt
3697 3463 3840 3502 voces

2291 3547 2433 3600 suas,
2465 3549 2495 3589 a
2523 3535 2745 3592 vocibus
2773 3551 3034 3605 aquarum
3063 3537 3366 3607 multarum,
3399 3539 3450 3594 id
3477 3547 3565 3603 est,
3611 3539 3834 3607 gentium

2289 3627 2566 3696 potentius
2591 3625 2903 3682 clamantes.
2931 3625 3129 3684 Omnes
3155 3631 3298 3684 enim
3325 3629 3578 3700 scripturae
3603 3628 3826 3697 gentium

2288 3727 2450 3774 voces
2477 3717 2696 3786 habent,
2725 3719 2949 3776 virtutes
2969 3721 3197 3788 habent;
3222 3723 3337 3778 isue
3353 3722 3604 3793 scripturae
3627 3717 3832 3788 regibus

2289 3810 2583 3881 imperant,
2623 3809 2699 3865 illi
2743 3809 3071 3868 deserviunt.
3103 3811 3245 3883 Ergo
3289 3830 3410 3870 cum
3450 3811 3706 3868 elevarent
3741 3811 3838 3865 llu—

2287 3905 2434 3958 mina
2469 3919 2630 3959 voces
2655 3919 2811 3970 suas,
2853 3905 3114 3961 mirabilis
3149 3905 3320 3962 factus
3361 3915 3445 3961 est
3480 3905 3709 3961 Christus
3741 3901 3842 3959 ela-

2288 3995 2423 4050 tioni
2453 3996 2634 4060 maris,
2664 3995 2717 4050 id
2757 4004 2861 4064 est,
2893 3996 3080 4052 mundi
3107 3993 3267 4069 hujus
3311 3999 3524 4067 regibus
3552 4007 3607 4054 et
3631 3995 3844 4054 sublimi-

2287 4085 2409 4150 bus,
2437 4099 2538 4143 nec
2585 4085 2672 4143 his
2715 4095 2941 4154 tantum,
2993 4087 3086 4144 sed
3129 4095 3185 4144 e't
3225 4091 3484 4148 mirabilis
3521 4092 3575 4146 in
3619 4089 3840 4146 excelsis.

2289 4176 2547 4234 Dominus
2574 4179 2741 4235 cce'los
2768 4179 3077 4248 ascendens,
3097 4187 3223 4237 tunc
3249 4183 3558 4238 testimonia
3581 4181 3677 4239 Dei
3694 4180 3844 4239 ere-li-

2287 4269 2416 4325 bilia
2445 4269 2584 4326 facta
2615 4277 2738 4347 sunt
2766 4273 2944 4328 nimis.
2979 4271 3135 4330 Dedit
3173 4276 3316 4330 enim
3353 4283 3699 4346 potestatem,
3729 4285 3780 4332 ut
3801 4275 3846 4330 in

2288 4363 2508 4418 nomine
2545 4363 2662 4433 ejus
2698 4364 2956 4420 sanitates
3001 4367 3185 4434 generi
3217 4367 3448 4424 humano
3497 4375 3844 4440 operarentur.

2289 4451 2392 4520 Qui
2432 4463 2556 4509 cum
2597 4453 2696 4510 Dei
2721 4453 2915 4510 Filium
2961 4457 3342 4528 prtedicabant,
3375 4467 3432 4514 et
3473 4459 3548 4515 iis
3577 4461 3675 4515 ista
3715 4459 3842 4528 signa

2289 4541 2629 4612 faciemibus,
2662 4547 2965 4603 testimonia
2993 4547 3110 4618 ejus
3133 4547 3275 4604 facta
3299 4559 3422 4606 sunt
3449 4553 3620 4608 nimis
3645 4549 3847 4608 credibi-

2291 4635 2395 4702 lia,
2425 4643 2480 4690 et
2519 4635 2736 4691 domum
2782 4637 2902 4707 ejus
2953 4655 3114 4710 quam
3161 4637 3414 4696 Pharisaei
3467 4643 3722 4700 dicebant
3763 4658 3853 4698 non

2289 4739 2451 4796 posse
2477 4725 2749 4796 suscipere
2775 4717 2963 4784 sancta
2993 4737 3277 4801 praecepta,
3290 4731 3436 4801 leges
3461 4735 3671 4791 veteris
3696 4731 3855 4789 Testa-

2288 4816 2458 4870 menti
2485 4817 2738 4888 suscepit.
2763 4817 2832 4872 Et
2855 4817 3050 4876 decent
3068 4835 3132 4876 ea
3153 4831 3338 4878 sancta
3357 4833 3701 4894 sanctorum,
3723 4835 3778 4882 ut
3799 4826 3859 4880 ibi

2289 4899 2535 4964 Habitent
2553 4909 2610 4966 in
2637 4911 2832 4968 smcula
2861 4913 3198 4970 saeculorum.
3231 4915 3423 4972 Amen.

2813 5043 3128 5105 PSALMUS
3163 5047 3343 5106 XCIII.

2605 5153 2854 5214 Petimus
2879 5157 3047 5215 Dav-id
3075 5169 3265 5230 quarta
3293 5163 3532 5219 sabbati.

2355 5269 2493 5325 Dem
2515 5272 2772 5328 ultionum
2801 5271 3076 5340 Dominus,
3100 5273 3237 5332 Deus
3263 5277 3522 5333 ultiouum
3556 5281 3722 5338 libere
3765 5281 3867 5351 egit.

2285 5355 2534 5414 Exaltare
2553 5365 2642 5433 qui
2658 5363 2870 5434 judicas
2891 5373 3097 5432 terram,
3117 5367 3270 5422 redde
3289 5371 3480 5424 relribu
3489 5373 3694 5429 tionem
3721 5391 3870 5444 snper-

2281 5449 2376 5504 bis.
2409 5447 2678 5526 Usqttequo
2719 5465 3042 5528 peccatores,
3075 5455 3312 5527 Domine,
3344 5479 3614 5536 usquequo
3645 5475 3873 5540 peccato~

2280 5558 2360 5596 res
2386 5543 2780 5615 gloriabuntur?
2801 5549 3093 5620 elabuntur
3132 5561 3180 5606 et
3225 5555 3496 5624 loquentur
3527 5561 3874 5633 iniquitatem,

2279 5634 2548 5706 loquentur
2573 5653 2748 5694 omnes
2774 5643 2861 5713 qui
2906 5653 3186 5712 operantur
3229 5645 3592 5716 injustitiam?
3623 5651 3874 5722 Populum

2281 5733 2437 5790 tuum,
2486 5723 2723 5794 Domine,
2765 5731 3180 5798 humilinverunt,
3235 5745 3282 5788 et
3321 5737 3696 5795 htcreditatem
3749 5753 3878 5796 tuam

2278 5819 2597 5868 certaverunt.
2641 5815 2860 5873 Viduam
2907 5831 2954 5876 et
2997 5823 3240 5878 advenam
3273 5829 3682 5898 interfecerunt,
3719 5839 3768 5886 et
3797 5848 3878 5901 ριμ

2969 6036 3002 6048 σπι

2969 6053 2984 6060 ν.
