4088 6346
622 394 728 476 λεδ

623 633 745 702 quia
772 633 882 701 ipse
905 641 978 685 est
1009 630 1263 688 Dominus
1289 633 1426 688 Deus
1453 643 1642 690 noster.
1670 631 1738 686 Et
1758 650 1850 687 nos
1871 637 2089 704 populus
2122 649 2211 703 pa-

616 732 761 778 scua:
787 725 916 796 ejus,
939 735 989 779 et
1010 743 1123 780 oves
1147 745 1333 782 manus
1352 727 1484 797 ejus.
1511 727 1682 782 llodie
1708 729 1753 782 si
1775 744 1944 781 vocem
1971 726 2082 798 ejus
2111 741 2177 779 au
2193 755 2209 767 ο

623 818 841 884 dieritis,
873 820 1034 874 nolite
1057 819 1313 875 obdurare
1350 821 1512 876 corda
1553 831 1737 876 vestra.
1773 821 1922 876 Sicut
1947 821 2001 873 in
2030 821 2209 874 irrita-

623 910 760 964 tione
779 910 1057 966 secundum
1087 913 1222 968 diem
1253 915 1550 970 tentationis
1580 915 1633 968 in
1662 913 1896 978 deserto,
1929 913 2014 966 ubi
2044 921 2210 965 tenta-

622 1011 800 1053 rerunt
828 1019 906 1054 me
935 1012 1108 1073 patres
1138 1004 1320 1070 vestri,
1347 1005 1689 1076 probaverunt
1717 1017 1766 1058 et
1795 1004 2026 1058 uiderunt
2056 1019 2211 1073 opera

622 1108 756 1146 mea.
792 1089 1150 1166 Quadraginta
1173 1098 1328 1151 annis
1357 1097 1581 1166 o/fensus
1609 1098 1682 1169 fui
1705 1097 2021 1168 generationi
2050 1096 2146 1159 illi,
2166 1102 2216 1149 et

621 1185 735 1239 nixi
760 1202 777 1240 :
803 1185 1018 1260 Semper
1041 1189 1093 1242 lii
1121 1199 1298 1242 errant
1337 1190 1507 1244 corde.
1535 1188 1604 1243 Et
1633 1190 1720 1244 isti
1749 1206 1850 1243 non
1873 1193 2215 1260 cognoverunt

625 1277 734 1330 nias
764 1295 905 1332 meas
925 1319 939 1343 ,
970 1279 1150 1353 quibus
1172 1280 1345 1350 juravi
1373 1283 1425 1334 in
1457 1283 1536 1335 ira
1574 1297 1685 1336 mea
1709 1299 1727 1335 :
1759 1279 1819 1334 Si
1847 1278 2130 1335 introibant
2159 1279 2212 1331 in

626 1371 851 1440 requiem
871 1388 1058 1426 meam.
1488 1427 1500 1439 .

1201 1460 1638 1499 COMMENTABICI.

702 1549 845 1606 Laus
873 1552 1068 1608 cantici
1093 1554 1207 1611 hzec
1253 1564 1355 1622 est,
1389 1565 1446 1611 ut
1486 1555 1814 1611 exsultemus
1855 1571 1959 1610 non
1988 1555 2040 1609 in
2069 1554 2218 1612 delc-

629 1645 954 1700 clationibus
981 1647 1162 1710 vanis,
1192 1647 1285 1701 sed
1325 1647 1375 1701 in
1406 1645 1668 1714 Domino;
1700 1656 1988 1718 antequam
2011 1663 2216 1718 pracoc-

630 1751 920 1806 cupemur,
963 1752 1060 1790 nos
1089 1753 1529 1808 prmoccupemus
1556 1736 1747 1792 faciem
1776 1737 1892 1806 ejus
1920 1737 1972 1791 in
2002 1736 2216 1793 confes-

629 1827 781 1882 sione
822 1837 1164 1897 peccatorum
1195 1837 1505 1884 nostrorum
1534 1869 1550 1895 ,
1599 1829 1877 1886 credentes
1923 1829 2069 1902 quod
2109 1845 2217 1884 non
2255 1881 2257 1884 .

1943 418 2213 476 ARNOBII
2250 417 2552 475 .IlTNlURlS

623 536 968 609 procidamus,
1000 546 1049 594 et
1074 539 1332 610 ploremus
1370 551 1489 595 ante
1525 538 1800 596 Dominum
1827 556 1913 614 qut
1942 540 2066 611 fecit
2094 555 2207 603 nos,
2240 539 2290 601 Α

3799 419 3890 473 464

2343 605 2356 616 ο
2868 553 3309 594 COHIENTARIUI.

2386 630 2487 697 Qui
2517 630 2846 700 ploravimus
2874 631 3196 700 pmnitentes
3223 630 3276 685 in
3307 629 3660 698 nonagesimo
3685 637 3888 698 quarto,

2315 723 2370 779 in
2397 723 2584 793 quinto
2634 730 2688 778 et
2735 724 3084 795 nonagesimo
3129 724 3478 794 gratulemur.
3530 723 3607 777 lbi
3637 722 3783 777 enim
3809 723 3893 777 do-

2313 831 2460 870 mum
2508 824 2746 870 nostram
2793 814 3066 882 ﬂevimus,
3097 815 3382 871 credentes
3417 831 3519 871 nos
3565 830 3663 885 per
3698 815 3894 869 miscri-

2315 907 2554 963 cordiam
2603 907 2720 977 ejus
2765 908 2832 962 ad
2867 907 3282 964 aadilieationem
3306 908 3466 978 hujus
3493 907 3689 962 domus
3715 908 3892 962 iterum

2314 1016 2474 1072 posse
2489 1002 2816 1072 pertingere.
2852 999 3001 1058 Unde
3029 1009 3084 1057 et
3111 1002 3298 1058 titulus
3323 1002 3390 1057 ad
3418 1002 3533 1057 hinc
3555 1001 3749 1058 eadem
3780 1019 3894 1058 eon-

2315 1093 2507 1157 sentit,
2539 1094 2631 1163 qui
2678 1102 2801 1165 post
2845 1094 3212 1165 captivitatem
3263 1096 3432 1167 ipsam
3478 1095 3700 1150 domum
3743 1094 3895 1150 (edifi-

2315 1184 2428 1239 eari
2457 1185 2813 1256 conscripsit,
2845 1201 3008 1256 quam
3047 1185 3319 1242 mdiiicans
3355 1185 3634 1250 Christus,
3666 1187 3761 1242 dat
3783 1201 3894 1256 gau-

2316 1276 2464 1332 dium
2493 1277 2640 1333 omni
2671 1287 2827 1334 terra:
2848 1319 2864 1344 ,
2889 1287 2946 1334 et
2982 1278 3106 1335 ideo
3134 1278 3349 1345 dicitur,
3379 1287 3439 1334 ut
3467 1287 3653 1334 cantet
3682 1279 3892 1334 Domino

2317 1369 2492 1424 omnis
2533 1378 2676 1424 terra
2710 1370 2986 1425 canticum
3036 1387 3258 1436 novum.
3289 1380 3344 1427 et
3387 1371 3678 1427 benedicat
3715 1388 3891 1428 nomen

2318 1458 2455 1528 ejus.
2501 1460 2707 1536 Habuit
2747 1463 2890 1517 enim
2926 1463 3289 1533 captivitatem
3331 1463 3560 1518 mundus
3593 1478 3693 1534 per
3724 1463 3891 1527 Adam,

2317 1566 2479 1621 quam
2506 1553 2872 1624 captivitatem
2895 1563 3178 1626 postquam
3200 1554 3446 1612 Christus
3473 1547 3764 1622 convertit,
3783 1555 3892 1610 :edi-

2320 1640 2500 1696 lieavit
2539 1643 2758 1699 domum
2795 1645 3238 1714 gloriosissimam
3275 1663 3385 1703 non
3413 1646 3706 1702 habentem
3735 1663 3892 1703 macu-

2321 1733 2428 1789 lam
2467 1751 2642 1806 neque
2680 1750 2894 1804 rugam,
2935 1753 3044 1807 quo
3084 1739 3384 1794 aedificante
3425 1739 3648 1794 domum
3673 1781 3689 1805 ,
3723 1741 3891 1811 templa

2322 1826 2570 1882 universa
2615 1828 2888 1884 destructa
2934 1838 3076 1884 sunt.
3122 1829 3412 1886 Probatum
3459 1839 3542 1886 est
3583 1833 3734 1887 enim
3771 1832 3888 1902 quod

628 1918 857 1987 repellet
885 1919 1097 1988 plebem
1127 1937 1280 1975 suam
1307 1921 1657 1978 confitentem
1694 1923 1828 1988 sibi,
1859 1924 1946 1978 ille
1986 1924 2077 1994 qui
2105 1939 2220 1978 ma-
2251 1929 2298 1989 Β
2327 1932 2515 1973 omnes
2542 1919 2614 1973 dii
2643 1919 2885 1988 gentium
2904 1920 2997 1990 qui
3024 1919 3080 1974 in
3108 1921 3321 1992 templis
3347 1922 3508 1992 positi
3529 1932 3738 1988 essent,
3768 1923 3893 1979 habi-

628 2024 765 2078 gnus
793 2018 876 2064 est
903 2026 1066 2082 super
1094 2014 1295 2076 omnia,
1319 2015 1472 2084 cujus
1491 2017 1612 2072 cmli
1635 2025 1777 2080 sunt,
1807 2016 1960 2086 cujus
1986 2026 2220 2082 montes,

628 2103 720 2171 qui
751 2109 948 2157 terram
975 2106 1223 2162 manibus
1253 2107 1362 2162 suis
1401 2108 1661 2163 fundavit.
1710 2109 1919 2175 Venite,
1952 2111 2094 2164 hunc
2123 2110 2216 2166 ad-

634 2212 872 2264 oremus,
903 2215 1010 2254 non
1048 2199 1100 2253 in
1132 2199 1301 2255 forma
1327 2201 1466 2256 servi
1503 2216 1626 2256 eum
1655 2201 2030 2266 attendentes,
2063 2211 2222 2274 pute-

630 2303 753 2343 mus
775 2304 897 2342 eum
926 2290 1198 2346 hominem
1228 2309 1438 2362 purum.
1473 2293 1530 2347 In
1561 2295 1679 2364 ipso
1708 2301 1810 2360 est,
1841 2294 1934 2363 qui
1961 2295 2076 2350 hate
2105 2310 2222 2350 om-

630 2379 720 2434 nia
772 2379 916 2433 leeit.
967 2380 1188 2444 Venite,
1243 2381 1529 2438 adoremus
1577 2383 1896 2449 Dominum,
1945 2385 2222 2454 ploremus

631 2468 757 2536 quia
787 2469 908 2538 pius
935 2475 1050 2534 est',
1085 2470 1199 2540 ipse
1228 2480 1309 2527 est
1337 2474 1429 2541 qui
1459 2473 1585 2528 fecit
1615 2490 1733 2529 nos.
1777 2475 1896 2544 Ipse
1923 2485 2006 2530 est
2043 2485 2228 2546 pastor

633 2562 788 2633 cujus
815 2580 917 2621 nos
939 2581 1069 2620 oves
1095 2581 1297 2621 sumus.
1351 2567 1643 2624 Audiamus
1674 2585 1859 2624 vocem
1881 2570 2028 2639 ejus,
2061 2580 2116 2626 ct
2142 2587 2229 2628 se-

636 2670 868 2724 quamur
918 2671 1040 2711 eum
1092 2673 1416 2728 quocunque
1462 2659 1627 2713 vadit.
1675 2659 1801 2716 Ideo
1847 2661 1992 2714 enim
2042 2669 2229 2731 pastor

633 2762 822 2802 vocem
858 2747 925 2803 ad
959 2764 1090 2802 oves
1117 2748 1332 2814 emittit,
1365 2758 1423 2804 ut
1452 2749 1732 2805 audientes
1761 2766 1884 2806 eum
1913 2759 2224 2821 sequantur.

632 2837 740 2891 Aut
785 2839 928 2894 enim
977 2855 1173 2910 pascua
1205 2850 1496 2910 procurat,
1539 2850 1632 2896 aut
1659 2842 1727 2896 al)
1762 2843 1966 2899 insidiis
1995 2843 2227 2900 ferarum

633 2949 826 2989 eruere
857 2933 1058 2991 studet.
1111 2935 1260 2990 Unde
1302 2935 1565 2990 clamatur
1607 2936 1761 2990 nobis
1789 2935 1951 2992 hodie
1981 2944 2040 2991 ut
2066 2938 2231 3003 sivo-

633 3040 752 3085 cem
787 3025 904 3094 ejus
932 3027 1289 3092 audierimus,
1325 3043 1430 3081 non
1473 3027 1799 3083 obduremus
1826 3028 1990 3084 corda
2020 3037 2226 3093 nostra,

635 3115 777 3170 sicut
825 3116 1067 3171 fecerunt
1115 3133 1211 3188 per
1253 3118 1607 3188 quadraginta
1657 3135 1828 3174 annos
1858 3119 2142 3195 ﬁlii’lsrael
2163 3120 2226 3176 in

639 3223 844 3264 eremo.
899 3208 966 3264 Et
1001 3210 1127 3279 quia
1162 3226 1268 3266 non
1298 3210 1580 3266 audierunt
1624 3228 1812 3268 vocem
1842 3212 1977 3281 ejus,
2009 3230 2117 3268 non
2148 3213 2229 3268 in-

2330 2016 2511 2064 tarem
2541 2010 2593 2064 in
2621 2011 2700 2065 eis
2729 2011 3015 2067 dasmonia.
3063 2011 3163 2066 llic
3189 2020 3367 2068 autem
3395 2014 3488 2084 qui
3515 2013 3793 2071 fabricavit
3813 2015 3891 2071 do-

2327 2115 2496 2165 mum,
2531 2102 2644 2172 ipse
2671 2110 2754 2158 est
2780 2103 2872 2173 qui
2907 2103 3073 2159 caelos
3111 2102 3273 2171 fecit,
3321 2103 3667 2161 confessione
3691 2107 3798 2176 ejus
3821 2121 3890 2160 na-

2330 2193 2498 2248 scitur
2535 2193 2709 2249 omnis
2753 2195 2846 2263 qui
2893 2210 3000 2250 non
3043 2193 3332 2250 confitetur
3385 2195 3673 2252 Dominum
3717 2196 3893 2263 Jesum,

2331 2287 2715 2342 anathemabili
2745 2287 2986 2344 fmditate
3027 2287 3335 2366 despicitur.
3395 2288 3499 2356 Qui
3543 2299 3724 2346 autem
3745 2289 3891 2348 conﬁ-

2331 2389 2533 2445 tentur,
2562 2379 2840 2451 fulgebunt
2867 2383 3006 2438 sicut
3034 2382 3116 2437 sol
3146 2383 3198 2437 in
3229 2392 3528 2454 conspectu
3559 2383 3667 2438 Dei.
3703 2384 3891 2439 Sancti-

2329 2482 2414 2530 tas
2427 2475 2570 2530 enim
2589 2481 2644 2529 et
2663 2473 3056 2542 magnificentia
3071 2482 3155 2529 est
3175 2473 3228 2527 in
3248 2475 3364 2544 ipsa
3378 2483 3567 2530 sancta
3586 2474 3891 2532 confessions

2330 2565 2466 2635 ejus.
2521 2564 2797 2621 Universae
2833 2580 2962 2636 ergo
2999 2566 3186 2636 patriae
3208 2565 3450 2634 gentium
3478 2566 3789 2631 imitamini,
3814 2581 3891 2620 ve-

2331 2659 2463 2724 nite,
2490 2657 2677 2714 afferte
2696 2657 2946 2714 Domino.
2970 2657 3108 2725 Quid
3129 2657 3415 2714 aﬁ‘eremus
3435 2659 3702 2715 Domino?
3722 2659 3891 2715 Alerte

2331 2751 2565 2820 gloriam
2613 2767 2777 2821 quam
2826 2753 3096 2807 incassum
3140 2751 3298 2807 idolis
3346 2752 3673 2824 prmbuistis.
3723 2753 3891 2808 Aﬂcrte

2333 2843 2629 2907 honorem,
2680 2859 2788 2913 quo
2834 2844 3030 2901 frustra
3079 2845 3346 2900 idolorum
3393 2846 3666 2902 antistites
3691 2847 3888 2902 honora-

2333 2936 2449 2991 stis.
2503 2935 2698 2990 Tollite
2723 2937 2928 2992 hostias
2957 2938 3026 2992 ab
3057 2937 3243 3002 idolis,
3269 2945 3325 2993 et
3351 2937 3440 2994 hic
3486 2937 3704 2996 introite
3741 2940 3788 2994 in
3808 2938 3888 2994 do-

2331 3043 2477 3082 mum
2499 3043 2660 3097 quam
2679 3027 2991 3095 :edilleavit,
3024 3037 3079 3084 et
3097 3029 3318 3084 adorate
3347 3045 3471 3086 eum
3504 3031 3559 3086 in
3589 3032 3703 3086 aula
3732 3040 3892 3086 sancta

2331 3121 2477 3192 ejus,
2507 3131 2563 3178 et
2589 3137 2722 3192 gens
2749 3123 2894 3191 genti
2923 3123 3064 3178 dicat
3090 3141 3102 3174 :
3127 3122 3261 3190 Quia
3282 3139 3424 3178 unus
3451 3123 3707 3180 Dominus
3732 3133 3894 3193 regnat

2332 3231 2362 3269 a
2411 3215 2556 3285 ligno
2603 3216 2814 3281 crucis;
2845 3215 2972 3285 quia
2999 3231 3098 3286 per
3125 3216 3325 3286 lignum
3354 3220 3794 3290 concupiscentia
3820 3235 3891 3273 re-

637 3298 905 3354 troietunt
932 3299 985 3354 in
1011 3302 1251 3370 requiem
1282 3299 1418 3370 ejus.
1469 3301 1577 3356 Nos
1608 3309 1786 3356 autem
1821 3303 2101 3359 audiamus
2127 3319 2226 3374 pa-
2255 3311 2301 3376 ο
2331 3320 2495 3377 gnum
2524 3306 2620 3362 Dei
2649 3308 2716 3362 ab
2746 3307 3054 3363 hominibus
3075 3312 3575 3374 recesserat,modo
3597 3329 3690 3383 per
3716 3313 3894 3383 lignum

634 3398 836 3444 storem
865 3400 1128 3458 nostrum,
1162 3399 1215 3446 et
1245 3408 1534 3462 sequamur
1556 3394 1780 3462 vestigia
1810 3393 1954 3463 ejus,
2003 3402 2061 3449 ut
2101 3411 2228 3450 eva-

634 3481 826 3536 dentes
845 3491 1074 3537 mortem
1105 3482 1305 3538 deserti
1327 3483 1500 3553 hujus,
1533 3499 1655 3539 cum
1683 3483 1809 3538 Jesu
1842 3489 2038 3540 terram
2061 3483 2230 3542 fluen-

636 3580 747 3628 tem
777 3573 915 3630 lacte
944 3583 1000 3629 et
1034 3576 1192 3632 melle
1237 3592 1541 3632 mereamur
1578 3577 1813 3642 intrare,
1845 3577 1946 3648 ipsi
1975 3578 2145 3647 gloria
2174 3579 2228 3634 in

636 3666 829 3722 sucula
859 3667 1194 3722 saeculorum.
1227 3668 1415 3723 Amen.

1175 3777 1491 3836 PSALMUS
1530 3780 1687 3836 XCV.

709 3873 955 3930 Psalmus
984 3874 1153 3930 David
1179 3875 1396 3946 quando
1422 3875 1615 3931 domus
1642 3874 2011 3931 aedificabatur
2037 3884 2160 3946 post

1235 3947 1623 4017 captivitatem.

707 4035 932 4093 Cantate
969 4037 1192 4094 Domino
1214 4041 1471 4094 canticum
1501 4057 1713 4105 norum,
1751 4050 1956 4095 cantate
1981 4040 2227 4104 Domino,

637 4132 806 4184 omnis
861 4139 1017 4184 terra.
1069 4130 1286 4184 Cantate
1332 4130 1596 4198 Domino,
1639 4141 1689 4186 et
1728 4132 2008 4186 benedicite
2033 4133 2231 4188 nomini

638 4224 773 4292 ejus,
801 4224 1108 4276 annuntiate
1130 4224 1192 4276 de
1218 4223 1300 4277 die
1331 4226 1384 4277 in
1413 4226 1546 4278 diem
1576 4225 1809 4280 salutare
1836 4228 1967 4296 ejus.
2014 4228 2231 4280 Annun-
2251 4269 2280 4290 .

640 4314 766 4366 tiate
790 4313 924 4365 inter
951 4322 1123 4384 gentes
1155 4315 1374 4384 gloriam
1394 4319 1526 4388 ejus,
1551 4319 1604 4370 ir.
1637 4319 1870 4372 omnibus
1900 4320 2100 4390 populis
2129 4321 2229 4374 mi-

639 4401 830 4459 rabilia
857 4403 988 4474 ejus.
1041 4402 1299 4468 Quoniam
1329 4424 1546 4478 magnus
1578 4408 1832 4464 Dominus
1873 4420 1923 4464 et
1954 4413 2230 4468 laudabilis

640 4497 818 4563 nimis,
855 4494 1091 4551 terribilis
1121 4506 1196 4551 est
1214 4515 1367 4570 super
1395 4517 1570 4554 omnes
1598 4501 1738 4556 deos.
1782 4501 2037 4567 Quoniam
2057 4523 2231 4562 omnes

642 4585 716 4640 dii
762 4588 991 4658 gentium
1030 4588 1288 4643 dwmonia
1312 4632 1327 4655 ,
1374 4589 1630 4646 Dominus
1677 4604 1846 4649 autem
1891 4597 2041 4651 ca'los
2091 4599 2230 4668 fecit.

2333 3398 2508 3453 crucis
2553 3413 2777 3468 regnum
2816 3415 3091 3454 reversum
3137 3411 3218 3455 est
3245 3399 3375 3467 Dei,
3424 3403 3517 3472 qui
3548 3404 3765 3459 limavit
3791 3420 3896 3459 eam

2332 3489 2387 3545 in
2417 3491 2603 3546 orbem
2631 3499 2806 3557 terrm,
2840 3499 2897 3544 ut
2925 3507 3034 3546 non
3062 3502 3483 3548 commoveatur.
3516 3495 3573 3548 ln
3599 3509 3697 3564 qua
3726 3495 3900 3552 Eccle-

2331 3582 2410 3637 sia
2433 3581 2640 3652 judicat
2668 3583 2897 3652 populos
2919 3584 2972 3636 in
3001 3583 3286 3652 :equitate,
3319 3592 3371 3640 et
3393 3594 3580 3653 gentes
3601 3586 3649 3638 in
3678 3585 3755 3639 ira
3782 3603 3898 3641 sua.

2333 3673 2440 3730 Pro
2489 3675 2592 3730 hoc
2638 3691 2804 3746 opere
2850 3676 3100 3731 laatantur
3138 3676 3261 3733 eceli
3286 3678 3336 3732 in
3359 3678 3580 3743 sanctis,
3609 3678 3814 3734 [natatur
3840 3689 3900 3736 et

2332 3773 2477 3820 terra
2509 3766 2562 3820 in
2594 3766 2748 3821 nobis
2778 3767 3170 3837 peccatoribus.
3220 3768 3299 3824 Ad
3328 3769 3428 3824 hoc
3448 3769 3689 3837 gaudium
3712 3786 3902 3827 move-

2331 3865 2422 3912 tur
2451 3873 2598 3914 mare
2620 3899 2635 3924 ,
2675 3859 2866 3928 vulgus
2893 3860 3130 3928 ignobile
3158 3870 3214 3917 et
3241 3861 3528 3930 ﬂuctuans,
3563 3872 3613 3918 et
3637 3863 3906 3935 plenitudo

2333 3948 2480 4018 ejus,
2529 3949 2582 4003 id
2611 3958 2731 4015 est,
2765 3951 2958 4007 divites
2985 3951 3132 4022 pleni
3163 3954 3386 4024 opibus,
3441 3955 3476 4010 ii
3515 3965 3902 4012 commoventur

2333 4043 2571 4098 ridentes
2595 4043 2826 4098 humiles
2852 4043 3079 4112 Christi,
3125 4055 3181 4102 et
3208 4047 3446 4117 psalmos
3473 4049 3610 4119 ejus,
3641 4059 3698 4104 et
3725 4049 3902 4106 doctri-

2334 4153 2459 4192 nam
2507 4136 2624 4206 ejus
2652 4135 2868 4206 frigidas
2905 4139 3110 4194 naznias
3156 4149 3554 4211 computantes.
3605 4141 3770 4212 Ligna
3794 4158 3901 4199 vero

2334 4229 2591 4283 silvarum
2619 4228 2712 4298 qui
2742 4229 2902 4297 lignei
2932 4237 2986 4285 et
3008 4230 3282 4286 silvestres
3320 4232 3574 4288 videntur
3616 4235 3794 4291 mundi
3833 4251 3903 4292 sa-

2333 4319 2622 4390 pientibus,
2657 4327 2786 4376 tunc
2812 4321 3158 4378 exsultabunt
3177 4329 3304 4378 ante
3326 4322 3522 4379 faciem
3548 4324 3780 4392 Domini,
3801 4341 3903 4382 cum

2334 4411 2543 4467 venerit
2565 4411 2812 4480 judicare
2841 4421 3105 4471 terrenos.
3151 4415 3269 4471 Non
3297 4417 3442 4472 enim
3465 4417 3700 4488 judicat,
3723 4428 3775 4475 ut
3799 4436 3906 4491 per-

2333 4522 2495 4562 sonas
2541 4507 2842 4577 potentium
2891 4509 3151 4580 accipiat,
3195 4509 3287 4565 Sed
3328 4512 3441 4567 sola
3471 4517 3728 4584 :equitate
3753 4521 3908 4569 totum

2335 4598 2522 4652 orbem
2553 4607 2816 4653 terrarum
2843 4599 3083 4669 judicat,
3115 4611 3171 4657 et
3197 4603 3427 4673 populos
3455 4605 3512 4660 in
3547 4610 3772 4664 veritate
3795 4621 3911 4664 con-

639 4676 913 4748 Confessio
937 4688 987 4732 et
1015 4679 1342 4746 pulchritudo
1371 4681 1424 4734 in
1452 4693 1724 4752 conspectu
1753 4685 1866 4755 ejus
1888 4727 1902 4750 ,
1949 4690 2232 4743 sanctimo-
2256 4682 2312 4744 Ι)
2337 4690 2513 4747 firmat
2542 4708 2639 4763 per
2665 4695 2845 4749 omnia
2873 4696 3066 4751 smcula
3097 4697 3434 4752 saeculorum.
3465 4700 3672 4757 Amen.

639 4769 730 4821 nia
777 4771 827 4822 el
867 4771 1259 4841 magnificentia
1306 4774 1360 4825 in
1405 4775 1816 4844 sanctificatione
1858 4779 1988 4849 ejus.
2036 4779 2232 4849 A/fcrte

640 4859 868 4917 Domino
889 4865 1074 4934 putria:
1092 4866 1340 4936 gentium,
1367 4866 1553 4936 afferte
1574 4867 1801 4924 Domino
1820 4871 2040 4942 gloriam
2064 4883 2113 4926 et
2136 4874 2231 4927 ho-

641 4967 839 5018 norem,
867 4955 1048 5023 a/ferte
1093 4955 1318 5010 Domino
1363 4958 1586 5027 gloriam
1631 4962 1828 5014 nomini
1853 4963 1984 5032 ejus.
2046 4963 2232 5020 Tollite

641 5045 859 5108 hostias,
892 5055 940 5099 et
967 5048 1178 5101 introite
1204 5050 1259 5102 in
1287 5051 1426 5104 atria
1443 5052 1583 5122 ejus,
1617 5053 1835 5108 adorate
1862 5055 2142 5113 Dominam
2172 5061 2226 5114 in

641 5138 780 5191 atrio
799 5147 981 5192 sancto
1017 5139 1158 5210 ejus.
1193 5140 1579 5197 liommoveatur
1606 5161 1638 5196 a
1665 5145 1800 5216 facie
1838 5147 1948 5218 ejus
1991 5152 2229 5206 universa

643 5238 813 5292 terra,
850 5228 1004 5283 dicite
1029 5231 1084 5283 in
1110 5230 1345 5300 gentibus
1379 5235 1498 5304 quia
1539 5233 1788 5292 Dominus
1826 5243 2074 5312 regnavit.
2130 5241 2228 5296 Et-

639 5320 776 5373 enim
797 5322 1022 5374 correxit
1047 5319 1219 5375 orbem
1243 5332 1411 5388 terrm,
1436 5327 1520 5396 qui
1542 5341 1644 5380 non
1661 5332 2073 5397 commovebitur,
2085 5333 2231 5404 judi-

641 5412 780 5466 cabit
800 5412 1016 5484 papulas
1059 5414 1114 5466 in
1163 5417 1421 5486 wquitate.
1468 5416 1731 5474 Lwtentur
1772 5423 1884 5476 ειειὶ
1931 5435 1980 5476 et
2012 5427 2231 5480 exsultet

644 5513 813 5566 terra;
843 5514 1222 5559 commoveatur
1251 5524 1394 5561 mare
1414 5519 1462 5562 et
1483 5510 1746 5581 plenitudo
1775 5513 1906 5583 ejus,
1937 5516 2231 5585 gaudebunt
2270 5543 2276 5548 -

646 5595 812 5663 carnpi
837 5605 884 5647 et
904 5597 1078 5649 omnia
1103 5613 1218 5667 quo:
1242 5597 1295 5651 in
1318 5600 1390 5652 eis
1421 5610 1558 5654 sunt.
1612 5601 1752 5656 Tunc
1773 5604 2100 5659 exsultabant
2129 5625 2233 5661 ont-

651 5681 738 5733 uia
761 5683 900 5753 ligna
926 5686 1169 5740 silvarum
1197 5706 1228 5739 a
1255 5691 1389 5759 {acie
1417 5690 1642 5756 Domini,
1669 5695 1788 5763 quia
1817 5697 1968 5758 t'enit,
1991 5701 2229 5767 quoniam

653 5775 786 5824 renit
809 5774 1047 5841 judicare
1072 5787 1281 5833 terram.
1334 5781 1596 5837 .ludicabit
1625 5786 1792 5841 orbem
1819 5796 1965 5841 term
1997 5791 2048 5842 in
2077 5794 2232 5862 tequi-

650 5871 777 5928 tate,
805 5876 851 5916 et
877 5869 1091 5933 populos
1123 5873 1170 5924 in
1205 5876 1411 5928 veritate
1440 5891 1550 5928 sua.

2863 4809 3180 4866 PSALMUS
3208 4810 3388 4866 XCVI.

2429 4900 2670 4957 Psalmus
2692 4903 2791 4973 ipsi
2820 4902 3006 4970 David,
3042 4904 3258 4987 quando
3286 4911 3429 4960 terra
3457 4907 3590 4975 ejus
3620 4910 3858 4964 restituta

3025 4985 3107 5030 est
3135 4985 3204 5030 ei.

2409 5063 2664 5119 Dominus
2711 5067 2959 5135 regnavit,
3008 5065 3225 5120 exsultet
3262 5074 3401 5121 terra
3424 5106 3439 5130 ,
3475 5068 3734 5125 (celentur
3760 5071 3923 5125 insula

2337 5159 2528 5213 multm.
2583 5155 2760 5212 Nubes
2801 5168 2851 5211 et
2894 5159 3061 5230 caligo
3105 5161 3157 5212 in
3203 5161 3418 5214 circuitu
3445 5164 3604 5233 ejus,
3641 5166 3849 5236 justitin
3885 5175 3927 5220 et

2327 5251 2583 5320 judicium
2612 5253 2859 5304 correctio
2885 5252 3019 5305 sedis
3049 5253 3180 5322 ejus.
3216 5251 3356 5323 Ignis
3386 5264 3513 5306 ante
3545 5257 3728 5327 ipsum
3750 5275 3928 5330 prlece-

2335 5339 2456 5402 det,
2505 5350 2552 5392 et
2599 5340 2942 5409 inﬂammabit
2983 5344 3035 5395 in
3081 5345 3294 5407 circuitu
3338 5345 3591 5401 inimicos
3621 5351 3761 5420 ejus.
3804 5350 3932 5404 Alluo

2333 5441 2520 5486 xerunt
2566 5432 2773 5502 fulgura
2821 5433 2934 5503 ejus
2973 5435 3084 5488 orbi
3113 5443 3265 5488 terra:
3285 5475 3300 5498 ,
3332 5435 3459 5488 vidit
3490 5447 3547 5490 et
3578 5453 3845 5497 commota
3869 5451 3938 5495 est

2336 5533 2489 5577 terra.
2546 5521 2747 5577 Montes
2784 5526 2915 5577 sicut
2944 5541 3064 5579 cera
3092 5526 3352 5592 [luxerunt
3393 5544 3425 5579 a
3464 5530 3621 5597 [acie
3653 5531 3886 5596 Domini,
3911 5549 3937 5585 α

2336 5615 2468 5685 {acie
2500 5613 2706 5667 Domini
2736 5616 2901 5668 omnis
2945 5625 3098 5669 teri'a.
3151 5615 3612 5674 Anmmtiarerunt
3654 5625 3772 5678 caeli
3792 5624 3942 5694 justi-

2339 5709 2460 5759 tiam
2485 5709 2615 5778 ejus,
2649 5717 2697 5760 (τε
2725 5708 2954 5760 viderunt
2982 5726 3156 5762 omnes
3184 5711 3358 5780 populi
3383 5712 3621 5779 gloriam
3647 5719 3790 5788 ejus.
3815 5718 3940 5774 Con-

2338 5799 2619 5867 fandantur
2649 5815 2822 5852 omnes
2852 5801 2936 5870 qui
2959 5800 3180 5854 adorant
3208 5803 3482 5872 scalptilia,
3516 5818 3574 5858 et
3598 5813 3695 5877 qui
3719 5813 3944 5881 glorian-

2341 5897 2418 5939 tur
2469 5888 2518 5938 in
2571 5888 2858 5942 simulacris
2908 5891 3031 5943 suis.
3067 5892 3294 5946 Δάοι-(ιω
3337 5909 3466 5954 eum,
3527 5913 3730 5956 omnes
3773 5901 3945 5972 Angcli
