4088 6346
239 353 337 407 465

1175 339 1638 399 ΟΟΜΜΕΝΤᾸΒΙΙ
1677 337 1741 392 IN
1783 331 2105 393 PSAIMOS.
2153 335 2337 387 I’SAL.
2383 332 2598 390 XCVIII.

3377 329 3479 384 466

239 469 364 538 ejus,
397 465 587 518 audiuit
609 474 656 516 et
683 459 854 517 ltetata
885 473 959 516 est
989 462 1135 515 Sion.
1171 459 1235 513 Ει
1257 462 1636 514 exsultavernnt
1663 459 1788 529 ﬁliit‘
1818 453 1867 512 Δ
1892 468 2080 513 mam.
2108 452 2260 504 simul
2290 463 2483 506 metues
2514 453 2843 506 exsultabant
2872 470 2902 506 α
2929 462 3197 523 conspectu
3242 447 3468 515 Domini.

238 560 386 614 ludit
429 566 635 628 propter
671 556 866 627 judicia
898 565 983 606 tua
1009 595 1023 621 ,
1059 551 1294 606 Domine.
1327 551 1579 616 Quoniam
1613 562 1661 604 tu
1693 549 1801 606 Do-

1903 546 2142 616 quoniam
2186 546 2319 598 venit
2359 545 2600 615 judicare
2639 555 2846 599 terram.
2878 544 3142 600 Judicabit
3169 543 3340 601 orbem
3370 554 3477 599 ter-

238 656 401 708 minus
429 652 717 705 Altissimus
739 667 889 720 super
915 665 1112 702 omnem
1137 657 1341 712 terram,
1367 647 1518 698 nimis
1547 645 1804 699 exaltatus
1905 653 2079 691 rarum
2105 637 2159 691 in
2181 635 2385 706 justitia
2413 644 2462 689 et
2486 637 2700 706 populos
2727 639 2783 690 in
2811 638 3069 708 aquitatc.

237 762 282 799 rs
330 759 482 815 super
527 759 700 796 omnes
741 741 878 795 deos.
933 737 1031 804 Qui
1079 739 1292 810 diligitis
1345 736 1637 799 Dominum,
1669 733 1806 789 odite

238 835 427 889 malum
452 849 468 885 :
499 831 716 885 custodit
748 830 997 884 Dominus
1026 831 1226 882 animus
1254 836 1546 882 sanctorum
1576 841 1802 887 suorum,

237 926 296 980 de
324 940 479 978 manu
508 929 828 994 peccatorum
858 919 1092 974 liberabit
1118 935 1222 974 eos.
1264 917 1378 971 Lua:
1404 926 1516 971 orta
1543 923 1619 969 est
1638 915 1802 986 justo,

236 1026 280 1070 et
317 1016 468 1070 rectis
496 1012 649 1068 corde
673 1013 873 1067 lcetitia.
907 1010 1196 1075 Ltetamini,
1223 1012 1371 1081 justi,
1404 1011 1457 1063 in
1489 1008 1726 1072 Domino,
1758 1014 1807 1059 et

237 1107 551 1178 conﬁtemini
579 1105 840 1159 memorite
865 1103 1294 1174 sanctiﬁcationis
1324 1101 1454 1172 ejus.

809 1257 1243 1298 COIIENTAIIIUI.

213 1399 216 1403 ·
309 1379 544 1436 Securus
571 1385 758 1434 cantas
784 1377 837 1431 in
867 1374 1212 1443 nonagesimo
1239 1379 1411 1436 sexto,
1442 1370 1532 1440 qui
1562 1370 1612 1423 in
1642 1382 1810 1423 nona-

235 1471 444 1540 gesimo
492 1469 680 1538 quinto
726 1466 1010 1521 Dominum
1048 1462 1362 1532 cognovisti.
1419 1460 1475 1515 In
1516 1460 1620 1514 hoc
1666 1462 1809 1513 enim

236 1561 470 1632 psalmo,
519 1569 574 1615 et
619 1567 758 1614 terra
802 1557 1037 1613 exsultat
1081 1554 1149 1608 de
1175 1552 1564 1609 resurrectione
1592 1558 1809 1604 sancto-

237 1669 391 1717 rum,
439 1660 494 1706 et
529 1650 713 1705 insula:
733 1664 846 1717 non
875 1662 1090 1710 omnes,
1140 1644 1235 1699 sed
1265 1644 1318 1697 in
1347 1643 1541 1712 quibus
1568 1641 1811 1695 habitant

235 1745 432 1803 sancti.
461 1743 600 1799 Ecce
637 1742 779 1797 enim
817 1740 997 1794 veniet
1025 1739 1161 1793 sicut
1187 1735 1432 1807 promisit
1461 1735 1512 1787 in
1543 1732 1810 1786 anteriore

2475 808 2909 849 COIIEN‘I‘ABIUI.

1979 923 2181 981 Causas
2227 924 2422 980 cantici
2477 925 2755 996 praesentis
2801 925 2915 996 ipse
2962 927 3197 996 psahnus
3241 925 3481 996 exponit.

1913 1015 2047 1071 Dicit
2075 1018 2237 1082 enim,
2272 1017 2395 1072 ideo
2423 1032 2621 1073 novum
2651 1017 2918 1072 canticum
2948 1025 3008 1071 ut
3034 1017 3266 1072 cantetis
3289 1015 3487 1072 exhor-

1910 1117 2012 1173 tor,
2043 1110 2166 1178 quia
2197 1109 2456 1164 mirabilia
2490 1109 2633 1172 fecit,
2666 1118 2739 1174 et,
2770 1109 2907 1163 sicut
2935 1107 3089 1173 dixit,
3121 1108 3242 1164 ideo
3269 1117 3486 1164 cantate

1909 1201 2032 1271 quia
2063 1201 2323 1255 mirabilia
2348 1200 2473 1256 fecit
2497 1219 2511 1266 ;
2535 1200 2684 1269 quasi
2705 1200 2748 1254 si
2769 1199 3005 1254 audisset
3032 1199 3132 1254 sibi
3152 1199 3255 1254 dici
3280 1217 3293 1252 :
3326 1197 3483 1254 Sem-

1910 1307 2007 1361 per
2051 1291 2312 1345 mirabilia
2361 1289 2485 1346 I'ecit
2533 1289 2811 1352 Dominus,
2837 1305 2943 1344 non
2973 1303 3101 1358 ergo
3131 1305 3346 1353 novum,
3389 1287 3484 1344 sed

1910 1390 2064 1438 vetus
2092 1391 2174 1438 est
2201 1383 2467 1438 canticum
2496 1382 2756 1438 mirabilia
2778 1381 2954 1436 divina
2982 1389 3240 1445 cantare;
3271 1379 3336 1434 ad
3371 1380 3488 1434 hare

1912 1473 2000 1529 ille
2026 1472 2386 1543 respondeat:
2437 1473 2583 1528 Nova
2623 1471 2885 1527 mirabilia
2920 1487 3118 1526 novum
3156 1484 3372 1525 cannon
3393 1484 3487 1524 ει·

1910 1572 2158 1635 poscunt.
2206 1562 2302 1618 Dic
2329 1578 2456 1631 ergo
2487 1579 2701 1618 novum.
2750 1562 2912 1617 Nobis
2938 1577 3057 1632 quas
3083 1569 3206 1616 sunt
3226 1574 3364 1615 nova
3394 1559 3488 1613 mi-

1912 1653 2120 1717 rabilia,
2150 1654 2194 1708 si
2223 1654 2543 1722 interrogas,
2570 1652 2712 1708 audi.
2746 1652 3006 1707 Dixerunt
3030 1650 3216 1715 Judaei,
3247 1650 3299 1704 in
3326 1665 3486 1704 cruce

1912 1746 2090 1815 posito
2119 1744 2375 1808 Domino,
2422 1744 2634 1798 Salvum
2672 1743 2834 1815 faciat
2871 1759 2986 1796 eum
3026 1740 3239 1812 (Matth.
3281 1740 3485 1809 xxv");

237 1836 477 1908 psalmo,
506 1835 651 1890 venit
679 1841 738 1887 ut
757 1831 980 1902 judicet,
1013 1831 1182 1884 nubes
1209 1837 1265 1883 et
1292 1827 1465 1893 caligo
1507 1825 1559 1878 in
1587 1822 1812 1878 circuitu

1925 1839 2060 1892 hunc
2086 1844 2266 1891 autem
2289 1835 2516 1890 salvavit
2545 1835 2765 1890 dextera
2793 1832 2910 1902 ejus
2932 1871 2948 1896 ,
2990 1840 3045 1887 et
3069 1830 3342 1886 brachium
3367 1846 3488 1886 sau-

237 1927 376 1996 ejus,
404 1924 606 1994 justitia
653 1931 706 1978 et
739 1921 998 1992 judicium
1046 1919 1272 1974 directio
1316 1917 1461 1972 sedis
1489 1915 1626 1983 ejus.
1672 1913 1812 1982 Ignis

240 2025 370 2071 ante
417 2030 536 2069 eum
579 2011 876 2083 praecedet,
930 2011 1066 2079 ignis
1103 2009 1209 2063 duo
1257 2005 1430 2063 cilicia
1477 2012 1809 2076 peracturus.

242 2105 364 2162 Uno
390 2107 551 2161 enim.
579 2105 875 2172 eodemque
923 2110 1144 2172 aspectu
1174 2102 1383 2154 animos
1412 2099 1503 2152 Dei
1533 2099 1813 2161 illuminat,

238 2207 300 2253 et
327 2196 622 2253 inﬂammat
655 2195 900 2250 inimicos
921 2193 1056 2262 ejus.
1101 2191 1326 2258 Quando
1351 2189 1694 2259 apparuerint
1719 2186 1820 2240 ful-

240 2303 376 2358 gura
406 2290 525 2356 ejus
545 2286 663 2341 orbi
700 2292 880 2348 terrm,
912 2292 1039 2336 tunc
1073 2290 1284 2336 montes
1320 2281 1458 2334 sicut
1485 2294 1608 2334 cera
1647 2278 1821 2346 lique-

242 2389 398 2437 sceut
425 2388 548 2434 ante
571 2379 762 2432 faciem
783 2376 916 2446 ejus,
930 2383 985 2430 et
1007 2392 1039 2430 a
1061 2375 1194 2429 facie
1215 2373 1425 2428 Domini
1446 2379 1637 2426 tremet
1659 2380 1819 2435 terra,

245 2469 605 2538 omnibusque
634 2468 796 2522 rebus
823 2465 1182 2521 metuentibus
1217 2479 1281 2519 ac
1309 2462 1714 2518 formidantibus
1739 2468 1824 2515 at-

248 2577 357 2631 que
405 2559 756 2614 trementibus
797 2556 1185 2612 confundantur
1229 2569 1416 2610 omnes
1459 2554 1549 2622 qui
1597 2552 1824 2606 adorant

250 2653 397 2707 Idola
422 2693 437 2718 ,
468 2667 586 2706 cum
624 2649 854 2705 viderint
879 2665 1064 2704 omnes
1089 2651 1140 2704 in
1170 2647 1559 2704 resurrectione
1595 2645 1820 2714 gloriam

255 2745 468 2799 Domini
511 2742 635 2797 Jesu
682 2741 914 2796 Christi:
962 2749 1087 2796 tunc
1127 2741 1239 2795 sola
1285 2739 1549 2794 Imtabitur
1575 2737 1736 2803 Sion,
1767 2737 1821 2792 id

250 2841 353 2897 est,
389 2832 641 2887 Ecclesia.
693 2830 1044 2885 Exsultabuut
1081 2838 1136 2884 et
1165 2828 1285 2883 Illiie
1315 2827 1482 2892 Judae,
1516 2826 1564 2881 id
1594 2835 1696 2889 est,
1727 2842 1821 2897 sy-

249 2936 470 2991 nagoga:
517 2937 730 2986 omnes,
786 2936 905 2990 qua:
943 2928 1068 2976 ante
1107 2920 1393 2974 adventum
1443 2918 1655 2973 Domini
1698 2931 1826 2987 pro-

175 3073 187 3080 ,
248 3013 442 3084 pbelas
493 3012 791 3066 habuerunt
848 3010 1135 3065 adventum
1178 3009 1386 3064 Domini
1432 3015 1822 3077 preconantes.

251 3101 482 3172 Propter
503 3102 698 3170 judicia
729 3101 939 3156 Domini
964 3101 1139 3170 justa,
1173 3100 1538 3170 praajudicium
1562 3098 1828 3168 posterio-

1913 1938 2057 1984 ctum
2085 1929 2198 1998 ejus
2239 1938 2364 1984 tunc
2407 1927 2622 1998 quando
2670 1935 2857 1983 notum
2887 1924 3014 1980 fecit
3040 1923 3296 1978 Dominus
3321 1922 3489 1976 salva-

1918 2031 2089 2074 torem
2111 2035 2285 2084 suum,
2313 2021 2578 2074 suscitans
2606 2034 2729 2074 eum
2768 2033 2797 2072 a
2825 2017 3079 2083 mortuis,
3111 2022 3165 2071 et
3186 2016 3240 2069 in
3267 2029 3490 2083 conspe-

1919 2120 2006 2165 ctu
2055 2111 2289 2179 gentium
2321 2111 2578 2166 revelavit
2600 2109 2861 2179 justitiam
2889 2124 3060 2164 suam.
3112 2107 3316 2162 Memor
3350 2107 3493 2161 enim

1922 2199 2019 2252 fuit
2055 2198 2430 2254 misericordia:
2467 2214 2628 2268 quam
2675 2199 2920 2271 promisit
2945 2197 3140 2264 Iacob,
3171 2197 3391 2254 dicens:
3424 2194 3495 2249 Et

1922 2307 2013 2360 ego
2046 2301 2093 2343 te
2130 2293 2321 2362 faciam
2358 2293 2411 2345 in
2451 2300 2652 2364 gentem
2698 2309 2941 2364 magnam
2987 2289 3140 2362 (Gen.
3192 2291 3306 2360 xu).
3347 2287 3498 2344 IIanc

1925 2381 2203 2435 veritatem
2252 2381 2491 2451 implevit
2535 2382 2715 2437 domui
2765 2381 2963 2447 Israel,
3003 2379 3220 2450 quando
3250 2380 3497 2436 viderunt

1922 2489 2108 2528 omnes
2159 2473 2290 2528 lines
2331 2481 2484 2528 terrm
2531 2474 2762 2528 salutare
2810 2470 3020 2547 Domini
3066 2469 3161 2526 Dei
3188 2470 3370 2525 Israel.
3430 2468 3495 2524 Et

1921 2565 2047 2618 licet
2075 2579 2262 2619 omnes
2309 2564 2596 2634 provincia:
2635 2564 2852 2619 videant
2889 2562 3122 2618 salutare
3149 2561 3379 2625 Domini,
3411 2569 3496 2615 ta-

1921 2671 2044 2711 men
2063 2656 2168 2710 boc
2194 2671 2300 2710 non
2328 2656 2502 2710 otiose
2524 2662 2761 2710 transeat
2787 2655 3083 2710 intuentem
3107 2693 3122 2718 ,
3165 2651 3310 2722 quod
3336 2651 3498 2705 tinem

1922 2755 2148 2802 terrenae
2175 2747 2530 2814 cogitationes
2556 2745 2683 2800 dum
2711 2745 3047 2814 acceperint,
3090 2749 3380 2797 nascuntur
3405 2756 3500 2795 co-

1923 2839 2209 2905 gitationes
2251 2837 2549 2891 cmlestium
2595 2839 2794 2888 rerum.
2843 2833 2911 2887 Et
2937 2834 3065 2902 ipsa:
3094 2831 3294 2888 faciunt
3330 2829 3502 2885 videri

1925 2929 2158 2983 salutare
2205 2925 2418 2980 Domini
2470 2925 2566 2979 Dei
2612 2924 2801 2979 nostri.
2847 2923 2906 2978 In
2949 2924 3055 2979 hoc
3076 2921 3254 2978 studio
3276 2921 3504 2991 jubilato

1928 3017 2175 3083 Domino,
2217 3016 2459 3071 universa
2489 3024 2652 3080 terra,
2681 3014 2734 3072 id
2761 3024 2874 3083 est,
2907 3015 3084 3071 omnia
3112 3014 3352 3070 membra
3381 3029 3502 3070 cor-

1928 3110 2076 3180 poris
2104 3109 2303 3164 terreni
2329 3109 2382 3164 in
2411 3107 2589 3164 omcio
2616 3117 2814 3166 sanctae
2840 3109 3261 3164 conversationis
3288 3107 3495 3163 oﬂ'erte.

249 3195 326 3249 ris
356 3194 610 3262 temporis
637 3209 744 3248 non
773 3193 1062 3247 habebunt.
1094 3191 1358 3258 Quoniam
1400 3190 1540 3245 idem
1568 3189 1822 3245 Dominus

1925 3201 2042 3258 Non
2062 3217 2182 3256 cum
2205 3201 2434 3267 tristitia,
2458 3200 2552 3256 sed
2584 3208 2864 3256 cantantes
2885 3202 3170 3268 exsultate,
3209 3209 3264 3257 et
3293 3201 3503 3271 psallite

247 3304 395 3343 nunc
418 3329 432 3353 ,
463 3288 555 3356 qui
592 3295 718 3341 tunc
746 3295 871 3340 ante
898 3285 1187 3341 adventum
1224 3283 1437 3339 Domini
1463 3283 1515 3338 in
1543 3282 1826 3354 synagogis

250 3381 450 3445 illuxit,
479 3380 593 3450 ipse
611 3387 694 3434 est
719 3379 867 3434 solus
892 3393 1052 3448 super
1091 3392 1280 3432 omnes
1315 3376 1464 3432 deos.
1511 3374 1824 3444 Quicunque

250 3488 382 3542 ergo
410 3474 610 3528 bonum
640 3471 850 3524 Domini
877 3469 1133 3539 diligatis,
1183 3468 1329 3524 odite
1356 3482 1514 3523 omne
1541 3465 1686 3536 quod
1712 3462 1824 3520 maé

252 3567 362 3621 lum
393 3574 492 3620 est.
523 3564 580 3618 In
610 3563 732 3619 odio
762 3563 903 3618 enim
932 3562 1076 3627 mali,
1109 3561 1236 3616 boni
1262 3559 1475 3615 dilectio
1502 3558 1822 3628 comproba-

249 3664 361 3710 tur.
428 3654 534 3710 Sed
571 3665 626 3710 et
661 3655 705 3709 si
733 3655 823 3724 qui
861 3669 957 3709 vos
983 3669 1084 3723 pro
1111 3647 1297 3708 amore
1322 3651 1449 3706 boni
1476 3649 1674 3705 fuerint
1700 3663 1824 3719 per-

252 3747 454 3810 secuti,
491 3747 663 3802 securi
692 3755 897 3810 estote,
940 3743 1118 3800 Nolite
1145 3746 1322 3798 timere
1347 3759 1431 3797 eos
1468 3743 1552 3813 qui
1592 3740 1832 3794 occidunt

254 3855 440 3909 corpus
489 3837 698 3908 (Matth.
728 3841 806 3906 x).
857 3836 1104 3891 Custodit
1151 3837 1294 3890 enim
1333 3833 1592 3889 Dominus
1623 3833 1830 3887 animas

255 3935 568 3982 sanctorum
592 3941 808 3979 suorum
833 3965 848 3990 ,
879 3936 934 3980 et
973 3926 1040 3980 de
1067 3941 1230 3978 manu
1256 3934 1602 3994 peccatorum
1638 3925 1832 3980 liberat

257 4031 374 4069 eas.
405 4017 543 4082 Ignis
569 4015 710 4068 enim
737 4016 828 4082 qui
859 4014 1280 4068 inﬂammaturus
1321 4022 1404 4068 est
1439 4015 1829 4082 delinquentes,

263 4105 356 4159 lux
387 4101 613 4158 eﬂicitur
634 4105 790 4174 justis
817 4091 872 4158 et
895 4106 1056 4159 rectis
1083 4104 1246 4159 corde
1274 4105 1473 4160 lmtitia.
1505 4105 1679 4160 Nolite
1707 4119 1836 4174 ergo

257 4204 409 4251 metu
448 4211 638 4265 ponite,
669 4195 763 4251 sed
793 4197 990 4250 amoris
1015 4195 1208 4262 gaudio
1227 4211 1441 4250 servare
1463 4196 1746 4264 justitiam,
1777 4203 1838 4251 ut

257 4289 424 4343 etiam
474 4288 526 4342 in
573 4289 678 4344 hoc
723 4289 921 4344 mundo
960 4289 1074 4359 jam
1117 4291 1390 4358 gaudeatis
1419 4290 1470 4344 iu
1496 4291 1752 4356 Do‘mino,
1780 4300 1835 4346 et

256 4377 622 4432 confiteamini
654 4380 925 4434 memoria:
966 4369 1264 4436 sanctitatis
1303 4381 1418 4450 ejus
1441 4383 1532 4451 qui
1566 4392 1750 4451 regnat
1779 4383 1833 4436 in

255 4467 451 4521 smcula
479 4469 816 4531 saeculorum.
849 4469 1035 4524 Amen.

782 4599 1092 4656 PSALMUS
1117 4600 1318 4658 XCVII.

832 4711 1069 4770 Psalmus
1093 4714 1278 4770 David.

339 4849 556 4904 Cantate
603 4849 827 4905 Domino
873 4853 1126 4906 canticum
1173 4868 1354 4906 norum
1381 4895 1393 4918 ,
1425 4853 1545 4922 quia
1574 4853 1834 4906 mirabilia

257 4945 405 5016 fecit.
439 4944 669 4999 Salvabit
694 4945 793 5000 sibi
835 4945 1042 4999 dextera
1084 4947 1194 5016 ejus
1228 4954 1278 4998 et
1307 4944 1569 4998 brachium
1599 4955 1833 4998 sanctum

253 5036 396 5106 ejus.
429 5032 620 5088 Nolunt
641 5037 760 5106 fecit
800 5035 1049 5090 Dominus
1077 5037 1304 5090 salutare
1332 5053 1504 5098 sumn,
1536 5037 1588 5088 in
1612 5051 1828 5104 conspe»

253 5138 348 5181 ctu
395 5130 620 5201 gentium
649 5129 882 5182 revelavit
903 5131 1160 5199 justitiam
1197 5144 1362 5180 suam.
1412 5126 1729 5180 Recordatus
1757 5134 1832 5178 est

255 5219 630 5274 misericordia:
675 5236 800 5284 sum,
841 5230 890 5273 et
913 5221 1142 5274 veritatis
1167 5234 1275 5273 sua:
1299 5217 1469 5271 domui
1500 5215 1685 5270 Israel.
1743 5214 1834 5269 Vi—

258 5309 454 5362 derunt
475 5327 648 5364 omnes
674 5312 872 5364 termini
897 5321 1046 5365 terra:
1084 5312 1311 5364 salutare
1343 5308 1436 5363 Dei
1465 5309 1648 5362 nostri.
1679 5306 1831 5361 lubi-

258 5401 373 5453 late
411 5397 539 5464 Deo,
571 5404 734 5455 omnis
774 5413 928 5465 terra,
959 5411 1164 5457 cantate
1190 5413 1239 5456 et
1266 5401 1517 5456 exsultate
1542 5411 1590 5455 et
1611 5400 1831 5471 psallite.

254 5491 488 5547 Psallite
533 5492 753 5548 Domino
793 5495 848 5546 in
887 5494 1083 5546 cithara
1106 5535 1121 5559 ,
1146 5503 1196 5548 et
1221 5510 1340 5548 voce
1366 5493 1551 5564 psalmi
1575 5531 1590 5556 ,
1619 5493 1673 5544 in
1703 5491 1833 5544 tubis

255 5582 540 5636 ductilibus
567 5595 616 5637 et
642 5600 761 5637 voce
802 5581 934 5635 tuba:
959 5599 1176 5638 cornea.
1227 5583 1455 5636 lubilate
1481 5583 1535 5636 in
1564 5591 1833 5649 conspectu

258 5677 400 5746 regis
422 5674 634 5741 Domini
660 5683 965 5740 {moveatur
990 5691 1132 5729 mare
1153 5685 1203 5728 et
1229 5673 1488 5744 plenitudo
1517 5673 1629 5742 ejus
1645 5712 1658 5735 ,
1701 5671 1838 5724 orbis

261 5777 526 5824 terrarum
571 5778 618 5822 et
658 5769 742 5841 qui
789 5766 1022 5821 habitant
1065 5766 1116 5820 in
1160 5781 1237 5818 eo.
1309 5762 1549 5817 Flumina
1594 5760 1841 5833 plaudent

1926 3295 1980 3350 in
2003 3295 2206 3351 cithara
2230 3337 2244 3360 ,
2295 3295 2447 3364 cujus
2469 3304 2659 3350 cantor
2685 3295 2872 3349 invitat
2900 3294 3138 3349 auditum
3157 3335 3171 3359 ,
3204 3303 3259 3348 et
3286 3295 3340 3348 in
3369 3309 3500 3348 voce

1925 3387 2138 3458 psalmi,
2166 3385 2318 3455 cujus
2347 3386 2598 3457 mysteria
2629 3385 2852 3440 incitant
2879 3394 3120 3449 mentes,
3155 3385 3206 3438 in
3235 3384 3376 3438 tubis
3405 3384 3504 3436 du-

1925 3479 2140 3535 ctilibus
2167 3487 2221 3533 et
2244 3479 2296 3531 in
2326 3493 2458 3532 voce
2491 3477 2630 3531 tuba:
2657 3491 2888 3538 corneae,
2921 3476 3114 3543 quibus
3136 3474 3358 3528 vocibus
3379 3473 3505 3528 belli

1926 3569 2146 3624 victoria
2161 3567 2480 3621 declaratur.
2503 3564 2734 3619 Jubilate
2747 3565 2798 3618 in
2815 3572 3104 3634 conspectu
3122 3563 3259 3632 regis
3275 3562 3503 3630 Domini,

1927 3665 2272 3727 conspectum
2293 3654 2501 3709 Domini
2523 3662 2888 3725 prieconantes
2906 3653 3131 3709 smculis.
3157 3652 3329 3708 Nolite
3350 3654 3506 3709 time-

1926 3765 1986 3804 re
2003 3788 2019 3813 ,
2041 3748 2250 3803 etiamsi
2274 3755 2552 3802 moveatur
2579 3747 2806 3801 mundus
2829 3747 2965 3801 sicut
2993 3761 3140 3800 mare
3161 3745 3505 3815 etplenitudo

1929 3839 2065 3908 ejus,
2094 3846 2149 3893 et
2169 3839 2312 3893 orbis
2342 3846 2514 3903 terrm,
2550 3847 2604 3892 et
2637 3838 2817 3890 omnia
2844 3852 2962 3904 qua:
2997 3835 3050 3889 in
3079 3835 3158 3888 eis
3187 3839 3328 3888 sunt.
3359 3832 3509 3890 Tunc

1929 3928 2147 3980 ﬂumina
2170 3926 2424 3996 plaudent
2463 3941 2626 3979 manu
2646 3923 2804 3979 simul
2829 3924 2884 3978 in
2905 3939 3090 3989 unum,
3115 3921 3368 3992 quoniam
3391 3921 3508 3976 nul-

1932 4018 2044 4072 lum
2065 4032 2203 4086 pene
2223 4016 2418 4071 ﬂumen
2441 4025 2522 4070 est
2542 4017 2595 4070 in
2617 4029 2726 4083 quo
2750 4029 2858 4069 non
2877 4014 3001 4069 data
3021 4021 3144 4068 sunt
3155 4014 3374 4068 remissa
3389 4029 3510 4083 pec-

1935 4116 2198 4171 catormn,
2231 4106 2375 4161 nulla
2404 4121 2542 4175 aqua
2570 4114 2672 4171 est,
2695 4120 2812 4174 quae
2834 4120 2940 4160 non
2962 4103 3185 4180 protulit
3211 4119 3280 4159 ex
3302 4119 3362 4159 se
3389 4105 3509 4159 ani-

1937 4214 2079 4253 mam
2111 4197 2373 4252 viventem
2403 4195 2470 4250 ad
2497 4197 2658 4250 vitam
2677 4204 2948 4251 aeternam.
2980 4194 3036 4249 In
3057 4209 3166 4263 quo
3189 4193 3330 4250 facto
3355 4210 3510 4250 mon-

1938 4299 2018 4343 tes
2063 4287 2423 4352 exsultabunt,
2465 4303 2532 4341 ex
2577 4301 2801 4355 quorum
2830 4284 3122 4340 visceribus
3163 4284 3510 4352 egrediuntur

1936 4380 2110 4434 fontes
2155 4379 2246 4448 qui
2277 4378 2474 4432 faciunt
2516 4375 2732 4430 Ilumina
2757 4416 2770 4438 ,
2820 4384 3031 4433 montes
3062 4390 3292 4444 quorum
3330 4376 3506 4444 capita

1937 4475 2104 4530 caelos
2129 4473 2364 4544 pulsant,
2391 4487 2618 4542 quorum
2645 4472 2972 4526 habitatores
2996 4472 3134 4527 uelo
3162 4471 3323 4526 vicini
3360 4481 3506 4526 sunt.

1865 4554 1919 4614 Ι)
1944 4565 2005 4620 lIi
2035 4565 2375 4621 exsultabunt
2411 4580 2533 4619 cum
2567 4563 2772 4619 venerit
2799 4562 3000 4632 judex,
3027 4570 3084 4616 ut
3097 4562 3302 4631 judicet
3321 4562 3509 4618 orbem
3560 4565 3565 4570 '

1940 4669 2094 4714 terra:
2136 4660 2187 4712 in
2225 4658 2513 4728 aequitate,
2553 4666 2610 4710 et
2659 4656 2884 4726 populos
2928 4656 2981 4709 in
3014 4655 3256 4709 veritate.
3316 4649 3514 4705 Omnes

1937 4748 2108 4803 sancti
2134 4746 2504 4808 exsultalmnt,
2534 4744 2659 4812 quia
2689 4750 3061 4796 remuneratur
3087 4739 3384 4794 sanctitatis
3413 4738 3510 4793 ad-

1939 4840 2115 4902 venit,
2146 4839 2234 4906 qui
2267 4843 2452 4904 regnat
2476 4835 2530 4888 in
2551 4833 2746 4887 smcula
2775 4831 3108 4887 saeculorum.
3141 4831 3330 4887 Amen.

2437 4961 2654 5017 PSALM
2663 4960 2747 5016 US
2786 4960 3010 5017 XCVIII.

2497 5070 2736 5131 Psalmus
2762 5074 2927 5130 David

2010 5213 2260 5266 Dominus
2288 5211 2837 5282 regnavit,irascantur
2863 5213 3056 5284 populi,
3081 5212 3166 5282 qui
3195 5207 3335 5261 sedet
3361 5220 3513 5273 super

1938 5304 2201 5366 cherubin,
2227 5311 2484 5358 moueatur
2514 5312 2668 5357 terra.
2701 5303 2954 5358 Dominus
2977 5305 3033 5354 in
3067 5300 3197 5355 Sion
3219 5310 3436 5365 magnus
3463 5303 3513 5347 et

1939 5395 2168 5450 excelsus
2214 5411 2365 5465 super
2409 5411 2582 5448 omnes
2629 5396 2864 5465 populos.
2911 5390 3268 5458 Con/iterantur
3315 5387 3512 5438 nomini
3573 5384 3581 5395 '

1942 5499 2026 5543 tuo
2047 5504 2253 5559 magno,
2283 5488 2523 5558 quoniam
2566 5485 2789 5538 terribile
2813 5492 2862 5534 et
2890 5488 3121 5533 sanctum
3151 5485 3242 5534 est,
3274 5483 3323 5527 et
3350 5475 3513 5532 honor
3577 5493 3581 5498 ·

1939 5581 2072 5650 regis
2113 5580 2368 5650 judicium
2403 5577 2589 5645 diligit.
2635 5572 2708 5625 Tu
2755 5569 2951 5641 parasti
2999 5565 3332 5630 directiones,
3367 5567 3510 5637 judi-

1942 5674 2076 5724 cium
2117 5680 2167 5725 ει
2200 5670 2457 5740 justitiam
2483 5668 2536 5717 in
2563 5661 2723 5714 .lacob
2752 5670 2803 5712 tu
2843 5657 3027 5727 fecisti.
3064 5651 3306 5709 Exaltate
3336 5655 3516 5714 Domi-
3551 5665 3583 5698 -ἱ

1941 5777 2060 5814 num
2095 5758 2254 5812 Deum
2284 5764 2534 5818 nostrum,
2581 5760 2630 5802 et
2655 5748 2866 5804 adorate
2891 5742 3165 5803 scabellum
3196 5748 3377 5814 pedum
3405 5752 3516 5819 ei“,
