  <div class='ocr_page' id='page_1' title='image "/cluster/home/n/w/nwhite01/storage/ocr_20150623/53/hvd.32044015471576/239.png"; bbox 0 0 4088 6346; ppageno 0'>
   <div class='ocr_carea' id='block_1_1' title="bbox 561 157 3862 238">
    <p class='ocr_par' dir='ltr' id='par_1_1' title="bbox 561 157 3862 238">
     <span class='ocr_line' id='line_1_1' title="bbox 561 157 3862 238; baseline -0.003 -17"><span class='ocrx_word' id='word_1_1' title='bbox 561 170 660 222; x_wconf 74' lang='grc'><strong><em>467</em></strong></span> <span class='ocrx_word' id='word_1_2' title='bbox 1894 162 2164 222; x_wconf 74' lang='lat' dir='ltr'><strong><em>ARNOBII</em></strong></span> <span class='ocrx_word' id='word_1_3' title='bbox 2207 161 2508 220; x_wconf 70' lang='lat' dir='ltr'><strong><em>JUNIORIS</em></strong></span> <span class='ocrx_word' id='word_1_4' title='bbox 3045 234 3051 238; x_wconf 29' lang='lat'>&#39;</span> <span class='ocrx_word' id='word_1_5' title='bbox 3746 157 3862 213; x_wconf 69' lang='lat'><strong><em>468</em></strong></span> 
     </span>
    </p>
   </div>
   <div class='ocr_carea' id='block_1_2' title="bbox 559 273 3862 356">
    <p class='ocr_par' dir='ltr' id='par_1_2' title="bbox 559 273 3862 356">
     <span class='ocr_line' id='line_1_2' title="bbox 559 273 3862 356; baseline -0.002 -20"><span class='ocrx_word' id='word_1_6' title='bbox 559 284 802 356; x_wconf 77' lang='lat' dir='ltr'><strong><em>quoniam</em></strong></span> <span class='ocrx_word' id='word_1_7' title='bbox 832 289 1066 336; x_wconf 85' lang='lat' dir='ltr'><strong><em>sanctum</em></strong></span> <span class='ocrx_word' id='word_1_8' title='bbox 1096 291 1186 336; x_wconf 85' lang='lat' dir='ltr'><strong><em>est.</em></strong></span> <span class='ocrx_word' id='word_1_9' title='bbox 1221 281 1425 353; x_wconf 79' lang='lat' dir='ltr'><strong><em>Moyses</em></strong></span> <span class='ocrx_word' id='word_1_10' title='bbox 1450 291 1496 336; x_wconf 89' lang='lat' dir='ltr'><strong><em>et</em></strong></span> <span class='ocrx_word' id='word_1_11' title='bbox 1523 283 1698 337; x_wconf 81' lang='lat' dir='ltr'><strong><em>Aaron</em></strong></span> <span class='ocrx_word' id='word_1_12' title='bbox 1722 283 1776 334; x_wconf 89' lang='lat' dir='ltr'><strong><em>in</em></strong></span> <span class='ocrx_word' id='word_1_13' title='bbox 1801 279 2151 336; x_wconf 77' lang='lat' dir='ltr'><strong><em>sacerdotibus</em></strong></span> <span class='ocrx_word' id='word_1_14' title='bbox 2180 280 2230 338; x_wconf 77' lang='grc' dir='ltr'><strong>Α</strong></span> <span class='ocrx_word' id='word_1_15' title='bbox 2259 278 2442 352; x_wconf 82' lang='lat' dir='ltr'><strong>Moyse</strong></span> <span class='ocrx_word' id='word_1_16' title='bbox 2496 280 2705 336; x_wconf 88' lang='lat' dir='ltr'><strong><em>locutus</em></strong></span> <span class='ocrx_word' id='word_1_17' title='bbox 2735 288 2833 335; x_wconf 89' lang='lat' dir='ltr'><strong><em>est.</em></strong></span> <span class='ocrx_word' id='word_1_18' title='bbox 2868 278 2984 348; x_wconf 88' lang='lat' dir='ltr'><strong><em>Ipse</em></strong></span> <span class='ocrx_word' id='word_1_19' title='bbox 3025 287 3108 332; x_wconf 88' lang='lat' dir='ltr'><strong><em>est</em></strong></span> <span class='ocrx_word' id='word_1_20' title='bbox 3155 276 3296 330; x_wconf 89' lang='lat' dir='ltr'><strong><em>Deus</em></strong></span> <span class='ocrx_word' id='word_1_21' title='bbox 3331 275 3421 344; x_wconf 91' lang='lat' dir='ltr'><strong><em>qui</em></strong></span> <span class='ocrx_word' id='word_1_22' title='bbox 3463 275 3590 330; x_wconf 79' lang='lat' dir='ltr'><strong><em>fecit</em></strong></span> <span class='ocrx_word' id='word_1_23' title='bbox 3630 289 3757 340; x_wconf 86' lang='lat' dir='ltr'><strong><em>nos,</em></strong></span> <span class='ocrx_word' id='word_1_24' title='bbox 3788 273 3862 328; x_wconf 86' lang='lat' dir='ltr'><strong><em>de</em></strong></span> 
     </span>
    </p>
   </div>
   <div class='ocr_carea' id='block_1_3' title="bbox 553 367 3860 447">
    <p class='ocr_par' dir='ltr' id='par_1_3' title="bbox 553 367 3860 447">
     <span class='ocr_line' id='line_1_3' title="bbox 553 367 3860 447; baseline -0.002 -21"><span class='ocrx_word' id='word_1_25' title='bbox 553 373 686 443; x_wconf 75' lang='lat' dir='ltr'><strong><em>ejus,</em></strong></span> <span class='ocrx_word' id='word_1_26' title='bbox 716 384 764 427; x_wconf 89' lang='lat' dir='ltr'><strong><em>et</em></strong></span> <span class='ocrx_word' id='word_1_27' title='bbox 793 374 1008 428; x_wconf 82' lang='lat' dir='ltr'><strong><em>Samuel</em></strong></span> <span class='ocrx_word' id='word_1_28' title='bbox 1036 376 1169 428; x_wconf 88' lang='lat' dir='ltr'><strong><em>inter</em></strong></span> <span class='ocrx_word' id='word_1_29' title='bbox 1197 393 1284 429; x_wconf 89' lang='lat' dir='ltr'><strong><em>eos</em></strong></span> <span class='ocrx_word' id='word_1_30' title='bbox 1305 377 1390 447; x_wconf 87' lang='lat' dir='ltr'><strong><em>qui</em></strong></span> <span class='ocrx_word' id='word_1_31' title='bbox 1416 376 1657 430; x_wconf 81' lang='lat' dir='ltr'><strong><em>invocant</em></strong></span> <span class='ocrx_word' id='word_1_32' title='bbox 1685 391 1868 428; x_wconf 81' lang='lat' dir='ltr'><strong><em>nomen</em></strong></span> <span class='ocrx_word' id='word_1_33' title='bbox 1898 377 2026 447; x_wconf 82' lang='lat' dir='ltr'><strong><em>ejus.</em></strong></span> <span class='ocrx_word' id='word_1_34' title='bbox 2065 374 2151 426; x_wconf 94' lang='lat' dir='ltr'><strong><em>In-</em></strong></span> <span class='ocrx_word' id='word_1_35' title='bbox 2257 389 2364 443; x_wconf 91' lang='lat' dir='ltr'><strong><em>quo</em></strong></span> <span class='ocrx_word' id='word_1_36' title='bbox 2388 372 2597 445; x_wconf 84' lang='lat' dir='ltr'><strong><em>Moyses</em></strong></span> <span class='ocrx_word' id='word_1_37' title='bbox 2628 373 2838 428; x_wconf 90' lang='lat' dir='ltr'><strong><em>locutus</em></strong></span> <span class='ocrx_word' id='word_1_38' title='bbox 2867 379 2980 437; x_wconf 87' lang='lat' dir='ltr'><strong><em>est,</em></strong></span> <span class='ocrx_word' id='word_1_39' title='bbox 3011 370 3156 441; x_wconf 89' lang='lat' dir='ltr'><strong><em>quod</em></strong></span> <span class='ocrx_word' id='word_1_40' title='bbox 3187 369 3375 423; x_wconf 81' lang='lat' dir='ltr'><strong><em>fecerit</em></strong></span> <span class='ocrx_word' id='word_1_41' title='bbox 3403 367 3707 432; x_wconf 83' lang='lat' dir='ltr'><strong><em>hominem,</em></strong></span> <span class='ocrx_word' id='word_1_42' title='bbox 3739 367 3860 437; x_wconf 86' lang='lat' dir='ltr'><strong><em>ipse</em></strong></span> 
     </span>
    </p>
   </div>
   <div class='ocr_carea' id='block_1_4' title="bbox 553 459 3856 540">
    <p class='ocr_par' dir='ltr' id='par_1_4' title="bbox 553 459 3856 540">
     <span class='ocr_line' id='line_1_4' title="bbox 553 459 3856 540; baseline -0.002 -21"><span class='ocrx_word' id='word_1_43' title='bbox 553 467 805 521; x_wconf 78' lang='lat' dir='ltr'><strong><em>vocabant</em></strong></span> <span class='ocrx_word' id='word_1_44' title='bbox 835 466 1115 522; x_wconf 87' lang='lat' dir='ltr'><strong><em>Dominum</em></strong></span> <span class='ocrx_word' id='word_1_45' title='bbox 1142 479 1192 522; x_wconf 85' lang='lat' dir='ltr'><strong><em>et</em></strong></span> <span class='ocrx_word' id='word_1_46' title='bbox 1218 469 1328 540; x_wconf 77' lang='lat' dir='ltr'><strong><em>ipse</em></strong></span> <span class='ocrx_word' id='word_1_47' title='bbox 1349 468 1662 522; x_wconf 75' lang='lat' dir='ltr'><strong><em>exaudiebat</em></strong></span> <span class='ocrx_word' id='word_1_48' title='bbox 1685 486 1803 536; x_wconf 88' lang='lat' dir='ltr'><strong><em>eos,</em></strong></span> <span class='ocrx_word' id='word_1_49' title='bbox 1829 470 1883 522; x_wconf 88' lang='lat' dir='ltr'><strong><em>in</em></strong></span> <span class='ocrx_word' id='word_1_50' title='bbox 1910 469 2150 522; x_wconf 85' lang='lat' dir='ltr'><strong><em>columna</em></strong></span> <span class='ocrx_word' id='word_1_51' title='bbox 2256 466 2382 520; x_wconf 81' lang='lat' dir='ltr'><strong><em>fecit</em></strong></span> <span class='ocrx_word' id='word_1_52' title='bbox 2414 483 2534 535; x_wconf 88' lang='lat' dir='ltr'><strong><em>nos,</em></strong></span> <span class='ocrx_word' id='word_1_53' title='bbox 2577 466 2695 534; x_wconf 85' lang='lat' dir='ltr'><strong><em>ejus</em></strong></span> <span class='ocrx_word' id='word_1_54' title='bbox 2731 466 2876 520; x_wconf 72' lang='lat' dir='ltr'><strong><em>eliim</em></strong></span> <span class='ocrx_word' id='word_1_55' title='bbox 2902 464 3106 520; x_wconf 78' lang='lat' dir='ltr'><strong><em>factura</em></strong></span> <span class='ocrx_word' id='word_1_56' title='bbox 3136 477 3321 517; x_wconf 89' lang='lat' dir='ltr'><strong><em>sumus</em></strong></span> <span class='ocrx_word' id='word_1_57' title='bbox 3367 476 3554 516; x_wconf 89' lang='lat' dir='ltr'><strong><em>omnes</em></strong></span> <span class='ocrx_word' id='word_1_58' title='bbox 3586 459 3856 514; x_wconf 80' lang='lat' dir='ltr'><strong><em>homines.</em></strong></span> 
     </span>
    </p>
   </div>
   <div class='ocr_carea' id='block_1_5' title="bbox 553 551 3855 636">
    <p class='ocr_par' dir='ltr' id='par_1_5' title="bbox 553 551 3855 636">
     <span class='ocr_line' id='line_1_5' title="bbox 553 551 3855 636; baseline -0.002 -24"><span class='ocrx_word' id='word_1_59' title='bbox 553 559 702 614; x_wconf 82' lang='lat' dir='ltr'><strong><em>nubis</em></strong></span> <span class='ocrx_word' id='word_1_60' title='bbox 729 558 1031 632; x_wconf 74' lang='lat' dir='ltr'><strong><em>loquebatur</em></strong></span> <span class='ocrx_word' id='word_1_61' title='bbox 1050 561 1121 614; x_wconf 89' lang='lat' dir='ltr'><strong><em>ad</em></strong></span> <span class='ocrx_word' id='word_1_62' title='bbox 1160 577 1266 616; x_wconf 90' lang='lat' dir='ltr'><strong><em>eos.</em></strong></span> <span class='ocrx_word' id='word_1_63' title='bbox 1295 558 1664 616; x_wconf 86' lang='lat' dir='ltr'><strong><em>Custodiebant</em></strong></span> <span class='ocrx_word' id='word_1_64' title='bbox 1693 562 1983 636; x_wconf 67' lang='lat' dir='ltr'><strong><em>testimonia</em></strong></span> <span class='ocrx_word' id='word_1_65' title='bbox 2012 561 2143 632; x_wconf 89' lang='lat' dir='ltr'><strong><em>ejus,</em></strong></span> <span class='ocrx_word' id='word_1_66' title='bbox 2253 557 2496 630; x_wconf 84' lang='lat' dir='ltr'><strong><em>Denique</em></strong></span> <span class='ocrx_word' id='word_1_67' title='bbox 2525 559 2678 614; x_wconf 90' lang='lat' dir='ltr'><strong><em>multi</em></strong></span> <span class='ocrx_word' id='word_1_68' title='bbox 2727 558 3004 628; x_wconf 90' lang='lat' dir='ltr'><strong><em>cupientes</em></strong></span> <span class='ocrx_word' id='word_1_69' title='bbox 3031 555 3200 622; x_wconf 85' lang='lat' dir='ltr'><strong><em>tilios,</em></strong></span> <span class='ocrx_word' id='word_1_70' title='bbox 3233 555 3360 626; x_wconf 87' lang='lat' dir='ltr'><strong><em>quia</em></strong></span> <span class='ocrx_word' id='word_1_71' title='bbox 3401 553 3544 608; x_wconf 86' lang='lat' dir='ltr'><strong><em>Deus</em></strong></span> <span class='ocrx_word' id='word_1_72' title='bbox 3582 568 3691 607; x_wconf 91' lang='lat' dir='ltr'><strong><em>non</em></strong></span> <span class='ocrx_word' id='word_1_73' title='bbox 3739 551 3855 616; x_wconf 85' lang='lat' dir='ltr'><strong><em>dat,</em></strong></span> 
     </span>
    </p>
   </div>
   <div class='ocr_carea' id='block_1_6' title="bbox 552 646 3857 725">
    <p class='ocr_par' dir='ltr' id='par_1_6' title="bbox 552 646 3857 725">
     <span class='ocr_line' id='line_1_6' title="bbox 552 646 3857 725; baseline -0.002 -19"><span class='ocrx_word' id='word_1_74' title='bbox 552 660 604 706; x_wconf 91' lang='lat' dir='ltr'><strong><em>et</em></strong></span> <span class='ocrx_word' id='word_1_75' title='bbox 630 662 944 724; x_wconf 62' lang='lat' dir='ltr'><strong><em>praeceptum</em></strong></span> <span class='ocrx_word' id='word_1_76' title='bbox 965 653 1101 725; x_wconf 82' lang='lat' dir='ltr'><strong><em>quod</em></strong></span> <span class='ocrx_word' id='word_1_77' title='bbox 1126 652 1269 707; x_wconf 86' lang='lat' dir='ltr'><strong><em>dedit</em></strong></span> <span class='ocrx_word' id='word_1_78' title='bbox 1291 653 1414 708; x_wconf 85' lang='lat' dir='ltr'><strong><em>illis.</em></strong></span> <span class='ocrx_word' id='word_1_79' title='bbox 1446 652 1670 708; x_wconf 88' lang='lat' dir='ltr'><strong><em>Domine</em></strong></span> <span class='ocrx_word' id='word_1_80' title='bbox 1696 652 1833 707; x_wconf 87' lang='lat' dir='ltr'><strong><em>Deus</em></strong></span> <span class='ocrx_word' id='word_1_81' title='bbox 1874 661 2066 716; x_wconf 87' lang='lat' dir='ltr'><strong><em>noster,</em></strong></span> <span class='ocrx_word' id='word_1_82' title='bbox 2095 659 2149 704; x_wconf 86' lang='lat' dir='ltr'><strong><em>tu</em></strong></span> <span class='ocrx_word' id='word_1_83' title='bbox 2256 668 2364 708; x_wconf 90' lang='lat' dir='ltr'><strong><em>non</em></strong></span> <span class='ocrx_word' id='word_1_84' title='bbox 2401 653 2625 708; x_wconf 82' lang='lat' dir='ltr'><strong><em>habent.</em></strong></span> <span class='ocrx_word' id='word_1_85' title='bbox 2661 651 2813 707; x_wconf 85' lang='lat' dir='ltr'><strong><em>Multi</em></strong></span> <span class='ocrx_word' id='word_1_86' title='bbox 2835 651 3102 718; x_wconf 79' lang='lat' dir='ltr'><strong><em>nolentes,</em></strong></span> <span class='ocrx_word' id='word_1_87' title='bbox 3135 649 3262 720; x_wconf 87' lang='lat' dir='ltr'><strong><em>quia</em></strong></span> <span class='ocrx_word' id='word_1_88' title='bbox 3308 648 3640 703; x_wconf 81' lang='lat' dir='ltr'><strong><em>seminantes</em></strong></span> <span class='ocrx_word' id='word_1_89' title='bbox 3669 646 3857 700; x_wconf 90' lang='lat' dir='ltr'><strong><em>nolunt</em></strong></span> 
     </span>
    </p>
   </div>
   <div class='ocr_carea' id='block_1_7' title="bbox 552 738 3857 817">
    <p class='ocr_par' dir='ltr' id='par_1_7' title="bbox 552 738 3857 817">
     <span class='ocr_line' id='line_1_7' title="bbox 552 738 3857 817; baseline -0.002 -21"><span class='ocrx_word' id='word_1_90' title='bbox 552 741 868 799; x_wconf 68' lang='lat' dir='ltr'><strong><em>exaudiebat;</em></strong></span> <span class='ocrx_word' id='word_1_91' title='bbox 898 759 1013 811; x_wconf 86' lang='lat' dir='ltr'><strong><em>eos,</em></strong></span> <span class='ocrx_word' id='word_1_92' title='bbox 1045 743 1187 800; x_wconf 86' lang='lat' dir='ltr'><strong><em>Deus</em></strong></span> <span class='ocrx_word' id='word_1_93' title='bbox 1230 754 1284 800; x_wconf 90' lang='lat' dir='ltr'><strong><em>tu</em></strong></span> <span class='ocrx_word' id='word_1_94' title='bbox 1331 747 1583 817; x_wconf 83' lang='lat' dir='ltr'><strong><em>propitius</em></strong></span> <span class='ocrx_word' id='word_1_95' title='bbox 1613 746 1759 817; x_wconf 76' lang='lat' dir='ltr'><strong><em>fuisti</em></strong></span> <span class='ocrx_word' id='word_1_96' title='bbox 1801 746 1892 810; x_wconf 88' lang='lat' dir='ltr'><strong><em>eis,</em></strong></span> <span class='ocrx_word' id='word_1_97' title='bbox 1926 755 1975 798; x_wconf 79' lang='lat' dir='ltr'><strong><em>et</em></strong></span> <span class='ocrx_word' id='word_1_98' title='bbox 2021 744 2150 797; x_wconf 85' lang='lat' dir='ltr'><strong><em>ulci-</em></strong></span> <span class='ocrx_word' id='word_1_99' title='bbox 2255 743 2508 811; x_wconf 79' lang='lat' dir='ltr'><strong><em>fructum,</em></strong></span> <span class='ocrx_word' id='word_1_100' title='bbox 2539 760 2605 800; x_wconf 92' lang='lat' dir='ltr'><strong><em>eo</em></strong></span> <span class='ocrx_word' id='word_1_101' title='bbox 2634 743 2778 814; x_wconf 88' lang='lat' dir='ltr'><strong><em>quod</em></strong></span> <span class='ocrx_word' id='word_1_102' title='bbox 2804 752 2990 799; x_wconf 90' lang='lat' dir='ltr'><strong><em>contra</em></strong></span> <span class='ocrx_word' id='word_1_103' title='bbox 3021 741 3267 797; x_wconf 80' lang='lat' dir='ltr'><strong><em>ordinem</em></strong></span> <span class='ocrx_word' id='word_1_104' title='bbox 3293 740 3502 806; x_wconf 90' lang='lat' dir='ltr'><strong><em>nolunt,</em></strong></span> <span class='ocrx_word' id='word_1_105' title='bbox 3540 739 3704 794; x_wconf 85' lang='lat' dir='ltr'><strong><em>etiam</em></strong></span> <span class='ocrx_word' id='word_1_106' title='bbox 3731 738 3857 807; x_wconf 84' lang='lat' dir='ltr'><strong><em>quia</em></strong></span> 
     </span>
    </p>
   </div>
   <div class='ocr_carea' id='block_1_8' title="bbox 551 831 3856 906">
    <p class='ocr_par' dir='ltr' id='par_1_8' title="bbox 551 831 3856 906">
     <span class='ocr_line' id='line_1_8' title="bbox 551 831 3856 906; baseline -0.001 -18"><span class='ocrx_word' id='word_1_107' title='bbox 551 849 698 889; x_wconf 87' lang='lat' dir='ltr'><strong><em>scens</em></strong></span> <span class='ocrx_word' id='word_1_108' title='bbox 725 837 780 889; x_wconf 90' lang='lat' dir='ltr'><strong><em>in</em></strong></span> <span class='ocrx_word' id='word_1_109' title='bbox 809 853 986 892; x_wconf 90' lang='lat' dir='ltr'><strong><em>omnes</em></strong></span> <span class='ocrx_word' id='word_1_110' title='bbox 1017 837 1408 892; x_wconf 87' lang='lat' dir='ltr'><strong><em>adinventiones</em></strong></span> <span class='ocrx_word' id='word_1_111' title='bbox 1435 855 1632 893; x_wconf 87' lang='lat' dir='ltr'><strong><em>eorum.</em></strong></span> <span class='ocrx_word' id='word_1_112' title='bbox 1677 835 1923 892; x_wconf 72' lang='lat' dir='ltr'><strong><em>Exaltate</em></strong></span> <span class='ocrx_word' id='word_1_113' title='bbox 1967 834 2149 891; x_wconf 86' lang='lat' dir='ltr'><strong><em>Domi—</em></strong></span> <span class='ocrx_word' id='word_1_114' title='bbox 2257 837 2456 906; x_wconf 76' lang='lat' dir='ltr'><strong><em>injuste</em></strong></span> <span class='ocrx_word' id='word_1_115' title='bbox 2484 839 2707 904; x_wconf 88' lang='lat' dir='ltr'><strong><em>nolunt,</em></strong></span> <span class='ocrx_word' id='word_1_116' title='bbox 2738 836 2884 892; x_wconf 90' lang='lat' dir='ltr'><strong><em>Deus</em></strong></span> <span class='ocrx_word' id='word_1_117' title='bbox 2919 836 3062 906; x_wconf 86' lang='lat' dir='ltr'><strong><em>juste</em></strong></span> <span class='ocrx_word' id='word_1_118' title='bbox 3111 843 3416 892; x_wconf 81' lang='lat' dir='ltr'><strong><em>creaturam</em></strong></span> <span class='ocrx_word' id='word_1_119' title='bbox 3459 831 3612 902; x_wconf 82' lang='lat' dir='ltr'><strong><em>jubet</em></strong></span> <span class='ocrx_word' id='word_1_120' title='bbox 3667 833 3856 887; x_wconf 78' lang='lat' dir='ltr'><strong><em>semini</em></strong></span> 
     </span>
    </p>
   </div>
   <div class='ocr_carea' id='block_1_9' title="bbox 552 923 3853 1000">
    <p class='ocr_par' dir='ltr' id='par_1_9' title="bbox 552 923 3853 1000">
     <span class='ocr_line' id='line_1_9' title="bbox 552 923 3853 1000; baseline -0.003 -12"><span class='ocrx_word' id='word_1_121' title='bbox 552 943 676 988; x_wconf 63' lang='lat' dir='ltr'><strong><em>nim</em></strong></span> <span class='ocrx_word' id='word_1_122' title='bbox 700 927 870 984; x_wconf 83' lang='lat' dir='ltr'><strong><em>Deum</em></strong></span> <span class='ocrx_word' id='word_1_123' title='bbox 907 939 1243 996; x_wconf 76' lang='lat' dir='ltr'><strong><em>nostrum,‘et</em></strong></span> <span class='ocrx_word' id='word_1_124' title='bbox 1279 931 1497 985; x_wconf 83' lang='lat' dir='ltr'><strong><em>adorate</em></strong></span> <span class='ocrx_word' id='word_1_125' title='bbox 1523 932 1578 985; x_wconf 89' lang='lat' dir='ltr'><strong><em>in</em></strong></span> <span class='ocrx_word' id='word_1_126' title='bbox 1603 939 1777 986; x_wconf 90' lang='lat' dir='ltr'><strong><em>monte</em></strong></span> <span class='ocrx_word' id='word_1_127' title='bbox 1812 938 1992 984; x_wconf 88' lang='lat' dir='ltr'><strong><em>sancto</em></strong></span> <span class='ocrx_word' id='word_1_128' title='bbox 2038 927 2149 998; x_wconf 83' lang='lat' dir='ltr'><strong><em>ejus</em></strong></span> <span class='ocrx_word' id='word_1_129' title='bbox 2256 928 2387 984; x_wconf 89' lang='lat' dir='ltr'><strong><em>dare</em></strong></span> <span class='ocrx_word' id='word_1_130' title='bbox 2407 945 2753 1000; x_wconf 82' lang='lat' dir='ltr'><strong><em>responsum;</em></strong></span> <span class='ocrx_word' id='word_1_131' title='bbox 2778 937 2834 984; x_wconf 91' lang='lat' dir='ltr'><strong><em>et</em></strong></span> <span class='ocrx_word' id='word_1_132' title='bbox 2873 937 2929 984; x_wconf 94' lang='lat' dir='ltr'><strong><em>ut</em></strong></span> <span class='ocrx_word' id='word_1_133' title='bbox 2957 928 3218 1000; x_wconf 83' lang='lat' dir='ltr'><strong><em>probetur</em></strong></span> <span class='ocrx_word' id='word_1_134' title='bbox 3245 926 3372 997; x_wconf 86' lang='lat' dir='ltr'><strong><em>quia</em></strong></span> <span class='ocrx_word' id='word_1_135' title='bbox 3414 926 3530 996; x_wconf 89' lang='lat' dir='ltr'><strong><em>ipse</em></strong></span> <span class='ocrx_word' id='word_1_136' title='bbox 3561 923 3687 979; x_wconf 85' lang='lat' dir='ltr'><strong><em>fecit</em></strong></span> <span class='ocrx_word' id='word_1_137' title='bbox 3723 939 3853 996; x_wconf 74' lang='lat' dir='ltr'><strong><em>nos,</em></strong></span> 
     </span>
    </p>
   </div>
   <div class='ocr_carea' id='block_1_10' title="bbox 551 1016 3853 1090">
    <p class='ocr_par' dir='ltr' id='par_1_10' title="bbox 551 1016 3853 1090">
     <span class='ocr_line' id='line_1_10' title="bbox 551 1016 3853 1090; baseline -0.001 -16"><span class='ocrx_word' id='word_1_138' title='bbox 551 1022 795 1090; x_wconf 81' lang='lat' dir='ltr'><strong><em>quoniam</em></strong></span> <span class='ocrx_word' id='word_1_139' title='bbox 823 1031 1035 1078; x_wconf 86' lang='lat' dir='ltr'><strong><em>sanctus</em></strong></span> <span class='ocrx_word' id='word_1_140' title='bbox 1056 1022 1313 1078; x_wconf 81' lang='lat' dir='ltr'><strong><em>Dominus</em></strong></span> <span class='ocrx_word' id='word_1_141' title='bbox 1334 1022 1476 1078; x_wconf 84' lang='lat' dir='ltr'><strong><em>Deus</em></strong></span> <span class='ocrx_word' id='word_1_142' title='bbox 1503 1031 1694 1078; x_wconf 84' lang='lat' dir='ltr'><strong><em>noster.</em></strong></span> <span class='ocrx_word' id='word_1_143' title='bbox 2257 1023 2386 1078; x_wconf 91' lang='lat' dir='ltr'><strong><em>dum</em></strong></span> <span class='ocrx_word' id='word_1_144' title='bbox 2418 1040 2525 1078; x_wconf 90' lang='lat' dir='ltr'><strong><em>non</em></strong></span> <span class='ocrx_word' id='word_1_145' title='bbox 2558 1031 2744 1078; x_wconf 88' lang='lat' dir='ltr'><strong><em>nostro</em></strong></span> <span class='ocrx_word' id='word_1_146' title='bbox 2786 1021 3010 1078; x_wconf 87' lang='lat' dir='ltr'><strong><em>arbitrio</em></strong></span> <span class='ocrx_word' id='word_1_147' title='bbox 3037 1021 3125 1076; x_wconf 92' lang='lat' dir='ltr'><strong><em>vel</em></strong></span> <span class='ocrx_word' id='word_1_148' title='bbox 3155 1019 3352 1083; x_wconf 88' lang='lat' dir='ltr'><strong><em>dantur</em></strong></span> <span class='ocrx_word' id='word_1_149' title='bbox 3382 1018 3508 1084; x_wconf 84' lang='grc'><strong>11111,</strong></span> <span class='ocrx_word' id='word_1_150' title='bbox 3543 1016 3633 1072; x_wconf 88' lang='lat' dir='ltr'><strong><em>vel</em></strong></span> <span class='ocrx_word' id='word_1_151' title='bbox 3661 1030 3853 1086; x_wconf 83' lang='lat' dir='ltr'><strong><em>negan-</em></strong></span> 
     </span>
    </p>
   </div>
   <div class='ocr_carea' id='block_1_11' title="bbox 705 1108 3854 1215">
    <p class='ocr_par' dir='ltr' id='par_1_11' title="bbox 705 1108 3854 1215">
     <span class='ocr_line' id='line_1_11' title="bbox 705 1108 3854 1186; baseline -0.006 -7"><span class='ocrx_word' id='word_1_152' title='bbox 705 1108 708 1110; x_wconf 12' lang='lat' dir='ltr'>V</span> <span class='ocrx_word' id='word_1_153' title='bbox 2260 1124 2366 1171; x_wconf 93' lang='lat' dir='ltr'><strong><em>tur.</em></strong></span> <span class='ocrx_word' id='word_1_154' title='bbox 2397 1115 2559 1185; x_wconf 87' lang='lat' dir='ltr'><strong><em>Ergo,</em></strong></span> <span class='ocrx_word' id='word_1_155' title='bbox 2596 1116 2721 1186; x_wconf 85' lang='lat' dir='ltr'><strong><em>quia</em></strong></span> <span class='ocrx_word' id='word_1_156' title='bbox 2759 1116 2875 1186; x_wconf 86' lang='lat' dir='ltr'><strong><em>ejus</em></strong></span> <span class='ocrx_word' id='word_1_157' title='bbox 2904 1114 3135 1185; x_wconf 89' lang='lat' dir='ltr'><strong><em>populus</em></strong></span> <span class='ocrx_word' id='word_1_158' title='bbox 3175 1128 3377 1179; x_wconf 91' lang='lat' dir='ltr'><strong><em>sumus,</em></strong></span> <span class='ocrx_word' id='word_1_159' title='bbox 3410 1109 3706 1166; x_wconf 79' lang='lat' dir='ltr'><strong><em>efficiamur</em></strong></span> <span class='ocrx_word' id='word_1_160' title='bbox 3731 1126 3854 1163; x_wconf 84' lang='lat' dir='ltr'><strong><em>oves</em></strong></span> 
     </span>
     <span class='ocr_line' id='line_1_12' title="bbox 726 1174 3789 1215; baseline 0 0"><span class='ocrx_word' id='word_1_161' title='bbox 726 1213 728 1215; x_wconf 71' lang='grc'><strong>,</strong></span> <span class='ocrx_word' id='word_1_162' title='bbox 1140 1174 1574 1215; x_wconf 59' lang='grc' dir='ltr'><strong><em>ροιωεκτλιιιωι.</em></strong></span> <span class='ocrx_word' id='word_1_163' title='bbox 2552 1207 2563 1215; x_wconf 87' lang='grc'>.</span> <span class='ocrx_word' id='word_1_164' title='bbox 3196 1213 3202 1215; x_wconf 22' lang='grc' dir='ltr'><em>Α</em></span> <span class='ocrx_word' id='word_1_165' title='bbox 3423 1203 3459 1215; x_wconf 87' lang='grc'><strong>..</strong></span> <span class='ocrx_word' id='word_1_166' title='bbox 3575 1210 3585 1215; x_wconf 85' lang='lat'>_</span> <span class='ocrx_word' id='word_1_167' title='bbox 3754 1200 3789 1215; x_wconf 82' lang='lat'><strong><em>..</em></strong></span> 
     </span>
    </p>
   </div>
   <div class='ocr_carea' id='block_1_12' title="bbox 1563 1198 3862 1282">
    <p class='ocr_par' dir='ltr' id='par_1_12' title="bbox 1563 1198 3862 1282">
     <span class='ocr_line' id='line_1_13' title="bbox 1563 1198 3862 1282; baseline -0.006 -16"><span class='ocrx_word' id='word_1_168' title='bbox 1563 1198 1574 1212; x_wconf 82' lang='grc'><strong>’</strong></span> <span class='ocrx_word' id='word_1_169' title='bbox 2258 1223 2473 1278; x_wconf 69' lang='lat' dir='ltr'><strong><em>pascum</em></strong></span> <span class='ocrx_word' id='word_1_170' title='bbox 2516 1207 2633 1278; x_wconf 90' lang='lat' dir='ltr'><strong><em>ejus</em></strong></span> <span class='ocrx_word' id='word_1_171' title='bbox 2683 1215 3040 1282; x_wconf 83' lang='lat' dir='ltr'><strong><em>agnoscentes</em></strong></span> <span class='ocrx_word' id='word_1_172' title='bbox 3086 1213 3362 1276; x_wconf 83' lang='lat' dir='ltr'><strong><em>pastorem</em></strong></span> <span class='ocrx_word' id='word_1_173' title='bbox 3407 1203 3680 1258; x_wconf 89' lang='lat' dir='ltr'><strong><em>dicentem</em></strong></span> <span class='ocrx_word' id='word_1_174' title='bbox 3709 1220 3720 1254; x_wconf 95' lang='lat'>:</span> <span class='ocrx_word' id='word_1_175' title='bbox 3747 1200 3862 1273; x_wconf 80' lang='lat' dir='ltr'><strong><em>Ego</em></strong></span> 
     </span>
    </p>
   </div>
   <div class='ocr_carea' id='block_1_13' title="bbox 626 1292 3852 1372">
    <p class='ocr_par' dir='ltr' id='par_1_13' title="bbox 626 1292 3852 1372">
     <span class='ocr_line' id='line_1_14' title="bbox 626 1292 3852 1372; baseline -0 -25"><span class='ocrx_word' id='word_1_176' title='bbox 626 1292 931 1351; x_wconf 85' lang='lat' dir='ltr'><strong><em>Irascantur</em></strong></span> <span class='ocrx_word' id='word_1_177' title='bbox 976 1293 1193 1364; x_wconf 71' lang='lat' dir='ltr'><strong><em>populi,</em></strong></span> <span class='ocrx_word' id='word_1_178' title='bbox 1243 1303 1299 1351; x_wconf 88' lang='lat' dir='ltr'><strong><em>et</em></strong></span> <span class='ocrx_word' id='word_1_179' title='bbox 1344 1296 1400 1350; x_wconf 90' lang='lat' dir='ltr'><strong><em>in</em></strong></span> <span class='ocrx_word' id='word_1_180' title='bbox 1447 1294 1684 1351; x_wconf 90' lang='lat' dir='ltr'><strong><em>elatione</em></strong></span> <span class='ocrx_word' id='word_1_181' title='bbox 1724 1295 2007 1350; x_wconf 91' lang='lat' dir='ltr'><strong><em>Dominum</em></strong></span> <span class='ocrx_word' id='word_1_182' title='bbox 2055 1312 2154 1351; x_wconf 85' lang='lat' dir='ltr'><strong><em>no-</em></strong></span> <span class='ocrx_word' id='word_1_183' title='bbox 2259 1317 2373 1355; x_wconf 90' lang='lat' dir='ltr'><strong><em>sum</em></strong></span> <span class='ocrx_word' id='word_1_184' title='bbox 2401 1310 2580 1372; x_wconf 85' lang='lat' dir='ltr'><strong><em>pastor</em></strong></span> <span class='ocrx_word' id='word_1_185' title='bbox 2620 1300 2778 1355; x_wconf 86' lang='lat' dir='ltr'><strong><em>bonus</em></strong></span> <span class='ocrx_word' id='word_1_186' title='bbox 2811 1300 2988 1371; x_wconf 87' lang='lat' dir='ltr'><strong><em>(Joan.</em></strong></span> <span class='ocrx_word' id='word_1_187' title='bbox 3022 1311 3112 1368; x_wconf 76' lang='grc' dir='ltr'><strong><em>ι),</em></strong></span> <span class='ocrx_word' id='word_1_188' title='bbox 3145 1307 3200 1354; x_wconf 91' lang='lat' dir='ltr'><strong><em>et</em></strong></span> <span class='ocrx_word' id='word_1_189' title='bbox 3229 1298 3490 1354; x_wconf 86' lang='lat' dir='ltr'><strong><em>intremus</em></strong></span> <span class='ocrx_word' id='word_1_190' title='bbox 3514 1304 3707 1366; x_wconf 86' lang='lat' dir='ltr'><strong><em>portas</em></strong></span> <span class='ocrx_word' id='word_1_191' title='bbox 3744 1293 3852 1362; x_wconf 86' lang='lat' dir='ltr'><strong><em>ejus</em></strong></span> 
     </span>
    </p>
   </div>
   <div class='ocr_carea' id='block_1_14' title="bbox 554 1389 3851 1462">
    <p class='ocr_par' dir='ltr' id='par_1_14' title="bbox 554 1389 3851 1462">
     <span class='ocr_line' id='line_1_15' title="bbox 554 1389 3851 1462; baseline -0.002 -13"><span class='ocrx_word' id='word_1_192' title='bbox 554 1399 731 1458; x_wconf 74' lang='lat' dir='ltr'><strong><em>stram</em></strong></span> <span class='ocrx_word' id='word_1_193' title='bbox 757 1389 942 1446; x_wconf 75' lang='lat' dir='ltr'><strong><em>Iesum</em></strong></span> <span class='ocrx_word' id='word_1_194' title='bbox 968 1389 1239 1447; x_wconf 81' lang='lat' dir='ltr'><strong><em>Christum</em></strong></span> <span class='ocrx_word' id='word_1_195' title='bbox 1267 1392 1549 1462; x_wconf 88' lang='lat' dir='ltr'><strong><em>aspiciant.</em></strong></span> <span class='ocrx_word' id='word_1_196' title='bbox 1574 1392 1693 1462; x_wconf 88' lang='lat' dir='ltr'><strong><em>Ipse</em></strong></span> <span class='ocrx_word' id='word_1_197' title='bbox 1719 1392 1964 1460; x_wconf 80' lang='lat' dir='ltr'><strong><em>regnavit</em></strong></span> <span class='ocrx_word' id='word_1_198' title='bbox 1992 1406 2153 1460; x_wconf 91' lang='lat' dir='ltr'><strong><em>quem</em></strong></span> <span class='ocrx_word' id='word_1_199' title='bbox 2261 1391 2316 1446; x_wconf 92' lang='lat' dir='ltr'><strong><em>in</em></strong></span> <span class='ocrx_word' id='word_1_200' title='bbox 2351 1392 2690 1450; x_wconf 82' lang='lat' dir='ltr'><strong><em>confessione</em></strong></span> <span class='ocrx_word' id='word_1_201' title='bbox 2737 1393 2991 1460; x_wconf 84' lang='lat' dir='ltr'><strong><em>unitatis;</em></strong></span> <span class='ocrx_word' id='word_1_202' title='bbox 3035 1391 3318 1450; x_wconf 83' lang='lat' dir='ltr'><strong><em>laudantes</em></strong></span> <span class='ocrx_word' id='word_1_203' title='bbox 3361 1404 3563 1446; x_wconf 89' lang='lat' dir='ltr'><strong><em>nomen</em></strong></span> <span class='ocrx_word' id='word_1_204' title='bbox 3613 1395 3851 1443; x_wconf 86' lang='lat' dir='ltr'><strong><em>sanctum</em></strong></span> 
     </span>
    </p>
   </div>
   <div class='ocr_carea' id='block_1_15' title="bbox 555 1480 3848 1559">
    <p class='ocr_par' dir='ltr' id='par_1_15' title="bbox 555 1480 3848 1559">
     <span class='ocr_line' id='line_1_16' title="bbox 555 1480 3848 1559; baseline -0.002 -18"><span class='ocrx_word' id='word_1_205' title='bbox 555 1499 785 1555; x_wconf 84' lang='lat' dir='ltr'><strong><em>regnare</em></strong></span> <span class='ocrx_word' id='word_1_206' title='bbox 806 1500 967 1557; x_wconf 83' lang='lat' dir='ltr'><strong><em>super</em></strong></span> <span class='ocrx_word' id='word_1_207' title='bbox 992 1501 1052 1542; x_wconf 89' lang='lat' dir='ltr'><strong><em>se</em></strong></span> <span class='ocrx_word' id='word_1_208' title='bbox 1079 1501 1188 1543; x_wconf 91' lang='lat' dir='ltr'><strong><em>non</em></strong></span> <span class='ocrx_word' id='word_1_209' title='bbox 1216 1495 1425 1558; x_wconf 87' lang='lat' dir='ltr'><strong><em>putant.</em></strong></span> <span class='ocrx_word' id='word_1_210' title='bbox 1459 1487 1579 1559; x_wconf 91' lang='lat' dir='ltr'><strong><em>Ipse</em></strong></span> <span class='ocrx_word' id='word_1_211' title='bbox 1598 1488 1750 1544; x_wconf 87' lang='lat' dir='ltr'><strong><em>sedet</em></strong></span> <span class='ocrx_word' id='word_1_212' title='bbox 1769 1503 1932 1559; x_wconf 86' lang='lat' dir='ltr'><strong><em>super</em></strong></span> <span class='ocrx_word' id='word_1_213' title='bbox 1959 1489 2152 1544; x_wconf 91' lang='lat' dir='ltr'><strong><em>cheru-</em></strong></span> <span class='ocrx_word' id='word_1_214' title='bbox 2262 1484 2398 1556; x_wconf 91' lang='lat' dir='ltr'><strong><em>ejus,</em></strong></span> <span class='ocrx_word' id='word_1_215' title='bbox 2431 1487 2556 1556; x_wconf 87' lang='lat' dir='ltr'><strong><em>quia</em></strong></span> <span class='ocrx_word' id='word_1_216' title='bbox 2603 1487 2783 1542; x_wconf 84' lang='lat' dir='ltr'><strong><em>suavis</em></strong></span> <span class='ocrx_word' id='word_1_217' title='bbox 2810 1494 2931 1552; x_wconf 88' lang='lat' dir='ltr'><strong><em>est;</em></strong></span> <span class='ocrx_word' id='word_1_218' title='bbox 2961 1484 3276 1549; x_wconf 85' lang='lat' dir='ltr'><strong><em>credentes,</em></strong></span> <span class='ocrx_word' id='word_1_219' title='bbox 3319 1482 3445 1553; x_wconf 86' lang='lat' dir='ltr'><strong><em>quia</em></strong></span> <span class='ocrx_word' id='word_1_220' title='bbox 3492 1488 3576 1536; x_wconf 86' lang='lat' dir='ltr'><strong><em>est</em></strong></span> <span class='ocrx_word' id='word_1_221' title='bbox 3619 1480 3674 1534; x_wconf 88' lang='lat' dir='ltr'><strong><em>in</em></strong></span> <span class='ocrx_word' id='word_1_222' title='bbox 3699 1488 3848 1534; x_wconf 64' lang='lat' dir='ltr'><strong><em>teter-</em></strong></span> 
     </span>
    </p>
   </div>
   <div class='ocr_carea' id='block_1_16' title="bbox 556 1569 3849 1651">
    <p class='ocr_par' dir='ltr' id='par_1_16' title="bbox 556 1569 3849 1651">
     <span class='ocr_line' id='line_1_17' title="bbox 556 1569 3849 1651; baseline -0.003 -19"><span class='ocrx_word' id='word_1_223' title='bbox 556 1575 668 1642; x_wconf 88' lang='lat' dir='ltr'><strong><em>bin,</em></strong></span> <span class='ocrx_word' id='word_1_224' title='bbox 694 1585 1166 1649; x_wconf 88' lang='lat' dir='ltr'><strong><em>quantumcunque</em></strong></span> <span class='ocrx_word' id='word_1_225' title='bbox 1186 1588 1470 1635; x_wconf 88' lang='lat' dir='ltr'><strong><em>moveatur</em></strong></span> <span class='ocrx_word' id='word_1_226' title='bbox 1489 1587 1652 1635; x_wconf 88' lang='lat' dir='ltr'><strong><em>terra.</em></strong></span> <span class='ocrx_word' id='word_1_227' title='bbox 1671 1578 1790 1651; x_wconf 88' lang='lat' dir='ltr'><strong><em>Ipse</em></strong></span> <span class='ocrx_word' id='word_1_228' title='bbox 1820 1580 1922 1635; x_wconf 89' lang='lat' dir='ltr'><strong><em>erit</em></strong></span> <span class='ocrx_word' id='word_1_229' title='bbox 1941 1580 1996 1634; x_wconf 91' lang='lat' dir='ltr'><strong><em>in</em></strong></span> <span class='ocrx_word' id='word_1_230' title='bbox 2024 1579 2156 1634; x_wconf 88' lang='lat' dir='ltr'><strong><em>Sion</em></strong></span> <span class='ocrx_word' id='word_1_231' title='bbox 2263 1593 2390 1632; x_wconf 91' lang='lat' dir='ltr'><strong><em>num</em></strong></span> <span class='ocrx_word' id='word_1_232' title='bbox 2421 1578 2790 1634; x_wconf 86' lang='lat' dir='ltr'><strong><em>misericordia</em></strong></span> <span class='ocrx_word' id='word_1_233' title='bbox 2813 1577 2928 1646; x_wconf 89' lang='lat' dir='ltr'><strong><em>ejus</em></strong></span> <span class='ocrx_word' id='word_1_234' title='bbox 2953 1573 3313 1641; x_wconf 85' lang='lat' dir='ltr'><strong><em>credentibus,</em></strong></span> <span class='ocrx_word' id='word_1_235' title='bbox 3337 1582 3393 1628; x_wconf 85' lang='lat' dir='ltr'><strong><em>el.</em></strong></span> <span class='ocrx_word' id='word_1_236' title='bbox 3413 1569 3849 1643; x_wconf 86' lang='lat' dir='ltr'><strong><em>promissionibus</em></strong></span> 
     </span>
    </p>
   </div>
   <div class='ocr_carea' id='block_1_17' title="bbox 556 1652 3844 1745">
    <p class='ocr_par' dir='ltr' id='par_1_17' title="bbox 556 1652 3844 1745">
     <span class='ocr_line' id='line_1_18' title="bbox 556 1652 3844 1745; baseline -0.002 -23"><span class='ocrx_word' id='word_1_237' title='bbox 556 1682 802 1738; x_wconf 87' lang='lat' dir='ltr'><strong><em>magnus,</em></strong></span> <span class='ocrx_word' id='word_1_238' title='bbox 835 1661 950 1740; x_wconf 84' lang='lat' dir='ltr'><strong><em>ipse</em></strong></span> <span class='ocrx_word' id='word_1_239' title='bbox 996 1671 1243 1728; x_wconf 85' lang='lat' dir='ltr'><strong><em>excelsus</em></strong></span> <span class='ocrx_word' id='word_1_240' title='bbox 1291 1687 1456 1739; x_wconf 87' lang='lat' dir='ltr'><strong><em>super</em></strong></span> <span class='ocrx_word' id='word_1_241' title='bbox 1500 1686 1690 1727; x_wconf 92' lang='lat' dir='ltr'><strong><em>omnes</em></strong></span> <span class='ocrx_word' id='word_1_242' title='bbox 1719 1671 1969 1741; x_wconf 90' lang='lat' dir='ltr'><strong><em>populos.</em></strong></span> <span class='ocrx_word' id='word_1_243' title='bbox 2013 1669 2157 1725; x_wconf 89' lang='lat' dir='ltr'><strong><em>Sane</em></strong></span> <span class='ocrx_word' id='word_1_244' title='bbox 2188 1667 2238 1729; x_wconf 93' lang='lat' dir='ltr'><strong>B</strong></span> <span class='ocrx_word' id='word_1_245' title='bbox 2264 1671 2380 1741; x_wconf 90' lang='lat' dir='ltr'><strong><em>ejus</em></strong></span> <span class='ocrx_word' id='word_1_246' title='bbox 2401 1671 2618 1745; x_wconf 77' lang='lat' dir='ltr'><strong><em>veritas,</em></strong></span> <span class='ocrx_word' id='word_1_247' title='bbox 2651 1686 2771 1740; x_wconf 85' lang='lat' dir='ltr'><strong><em>quae</em></strong></span> <span class='ocrx_word' id='word_1_248' title='bbox 2799 1677 2981 1724; x_wconf 89' lang='lat' dir='ltr'><strong><em>manet</em></strong></span> <span class='ocrx_word' id='word_1_249' title='bbox 3008 1669 3062 1723; x_wconf 90' lang='lat' dir='ltr'><strong><em>in</em></strong></span> <span class='ocrx_word' id='word_1_250' title='bbox 3090 1666 3284 1724; x_wconf 64' lang='lat' dir='ltr'><strong><em>saecula</em></strong></span> <span class='ocrx_word' id='word_1_251' title='bbox 3298 1652 3640 1722; x_wconf 55' lang='lat' dir='ltr'><strong><em>saeculorum.</em></strong></span> <span class='ocrx_word' id='word_1_252' title='bbox 3666 1661 3844 1717; x_wconf 83' lang='lat' dir='ltr'><strong><em>Amen.</em></strong></span> 
     </span>
    </p>
   </div>
   <div class='ocr_carea' id='block_1_18' title="bbox 553 1748 2156 1832">
    <p class='ocr_par' dir='ltr' id='par_1_18' title="bbox 553 1748 2156 1832">
     <span class='ocr_line' id='line_1_19' title="bbox 553 1748 2156 1832; baseline 0.001 -18"><span class='ocrx_word' id='word_1_253' title='bbox 553 1757 664 1815; x_wconf 87' lang='lat' dir='ltr'><strong><em>hoc</em></strong></span> <span class='ocrx_word' id='word_1_254' title='bbox 683 1759 821 1816; x_wconf 89' lang='lat' dir='ltr'><strong><em>scire</em></strong></span> <span class='ocrx_word' id='word_1_255' title='bbox 847 1775 946 1816; x_wconf 89' lang='lat' dir='ltr'><strong><em>nos</em></strong></span> <span class='ocrx_word' id='word_1_256' title='bbox 974 1748 1246 1826; x_wconf 85' lang='lat' dir='ltr'><strong><em>convenit,</em></strong></span> <span class='ocrx_word' id='word_1_257' title='bbox 1269 1762 1416 1832; x_wconf 90' lang='lat' dir='ltr'><strong><em>quod</em></strong></span> <span class='ocrx_word' id='word_1_258' title='bbox 1445 1762 1621 1817; x_wconf 88' lang='lat' dir='ltr'><strong><em>honor</em></strong></span> <span class='ocrx_word' id='word_1_259' title='bbox 1638 1761 1779 1831; x_wconf 89' lang='lat' dir='ltr'><strong><em>regis</em></strong></span> <span class='ocrx_word' id='word_1_260' title='bbox 1795 1760 2054 1830; x_wconf 83' lang='lat' dir='ltr'><strong><em>judicium</em></strong></span> <span class='ocrx_word' id='word_1_261' title='bbox 2075 1762 2156 1818; x_wconf 88' lang='lat' dir='ltr'><strong><em>di-</em></strong></span> 
     </span>
    </p>
   </div>
   <div class='ocr_carea' id='block_1_19' title="bbox 583 1800 3260 1865">
    <p class='ocr_par' dir='ltr' id='par_1_19' title="bbox 583 1800 3241 1860">
     <span class='ocr_line' id='line_1_20' title="bbox 583 1800 3241 1860; baseline 0 -46"><span class='ocrx_word' id='word_1_262' title='bbox 583 1800 664 1814; x_wconf 67' lang='grc' dir='ltr'><strong><em>..ιν</em></strong></span> <span class='ocrx_word' id='word_1_263' title='bbox 684 1800 821 1816; x_wconf 63' lang='grc' dir='ltr'><strong><em>συηυ</em></strong></span> <span class='ocrx_word' id='word_1_264' title='bbox 847 1800 946 1816; x_wconf 70' lang='grc' dir='ltr'><strong><em>..νο</em></strong></span> <span class='ocrx_word' id='word_1_265' title='bbox 974 1800 1246 1826; x_wconf 73' lang='lat' dir='ltr'><strong><em>w.........,</em></strong></span> <span class='ocrx_word' id='word_1_266' title='bbox 1270 1800 1416 1832; x_wconf 58' lang='lat' dir='ltr'><strong><em>qm...</em></strong></span> <span class='ocrx_word' id='word_1_267' title='bbox 1445 1800 1611 1817; x_wconf 73' lang='grc' dir='ltr'><strong><em>..υηυι</em></strong></span> <span class='ocrx_word' id='word_1_268' title='bbox 1642 1800 1779 1831; x_wconf 66' lang='grc' dir='ltr'><strong><em>ηοω</em></strong></span> <span class='ocrx_word' id='word_1_269' title='bbox 1795 1800 2054 1830; x_wconf 66' lang='grc' dir='ltr'>,μωωιιιιι</span> <span class='ocrx_word' id='word_1_270' title='bbox 2075 1800 2127 1818; x_wconf 71' lang='grc' dir='ltr'><strong><em>υ.</em></strong></span> <span class='ocrx_word' id='word_1_271' title='bbox 2847 1801 3164 1860; x_wconf 70' lang='lat' dir='ltr'><strong><em>PSALMUS</em></strong></span> <span class='ocrx_word' id='word_1_272' title='bbox 3200 1800 3241 1856; x_wconf 63' lang='grc' dir='ltr'>ϐ</span> 
     </span>
    </p>
   </div>
   <div class='ocr_carea' id='block_1_20' title="bbox 556 1850 3296 1929">
    <p class='ocr_par' dir='ltr' id='par_1_20' title="bbox 556 1850 3296 1929">
     <span class='ocr_line' id='line_1_21' title="bbox 556 1850 3296 1929; baseline 0.005 -26"><span class='ocrx_word' id='word_1_273' title='bbox 556 1850 707 1919; x_wconf 86' lang='lat' dir='ltr'><strong><em>ligit;</em></strong></span> <span class='ocrx_word' id='word_1_274' title='bbox 739 1867 849 1907; x_wconf 91' lang='lat' dir='ltr'><strong><em>non</em></strong></span> <span class='ocrx_word' id='word_1_275' title='bbox 875 1852 1022 1907; x_wconf 88' lang='lat' dir='ltr'><strong><em>enim</em></strong></span> <span class='ocrx_word' id='word_1_276' title='bbox 1049 1853 1245 1908; x_wconf 86' lang='lat' dir='ltr'><strong><em>timent</em></strong></span> <span class='ocrx_word' id='word_1_277' title='bbox 1284 1851 1565 1922; x_wconf 90' lang='lat' dir='ltr'><strong><em>judicium,</em></strong></span> <span class='ocrx_word' id='word_1_278' title='bbox 1598 1852 1702 1907; x_wconf 92' lang='lat' dir='ltr'><strong><em>nisi</em></strong></span> <span class='ocrx_word' id='word_1_279' title='bbox 1753 1851 1845 1922; x_wconf 93' lang='lat' dir='ltr'><strong><em>qui</em></strong></span> <span class='ocrx_word' id='word_1_280' title='bbox 1887 1867 1945 1907; x_wconf 89' lang='lat' dir='ltr'><strong><em>se</em></strong></span> <span class='ocrx_word' id='word_1_281' title='bbox 1981 1853 2160 1907; x_wconf 90' lang='lat' dir='ltr'><strong><em>sciunt</em></strong></span> <span class='ocrx_word' id='word_1_282' title='bbox 2755 1918 2789 1929; x_wconf 46' lang='grc' dir='ltr'><strong><em>η</em></strong></span> <span class='ocrx_word' id='word_1_283' title='bbox 2848 1850 3296 1929; x_wconf 47' lang='grc' dir='ltr'><strong><em>ἶν””ί”,⁷“”,</em></strong></span> 
     </span>
    </p>
   </div>
   <div class='ocr_carea' id='block_1_21' title="bbox 554 1913 3353 2016">
    <p class='ocr_par' dir='ltr' id='par_1_21' title="bbox 554 1913 3353 2016">
     <span class='ocr_line' id='line_1_22' title="bbox 554 1913 3353 2016; baseline -0.004 -18"><span class='ocrx_word' id='word_1_284' title='bbox 554 1913 758 1999; x_wconf 70' lang='lat' dir='ltr'><strong><em>habere</em></strong></span> <span class='ocrx_word' id='word_1_285' title='bbox 783 1933 928 2015; x_wconf 85' lang='lat' dir='ltr'><strong><em>quod</em></strong></span> <span class='ocrx_word' id='word_1_286' title='bbox 952 1944 1076 2014; x_wconf 91' lang='lat' dir='ltr'><strong><em>jure</em></strong></span> <span class='ocrx_word' id='word_1_287' title='bbox 1111 1913 1619 2016; x_wconf 65' lang='lat' dir='ltr'><strong><em>punialur,l‘actum</em></strong></span> <span class='ocrx_word' id='word_1_288' title='bbox 1658 1913 1865 2001; x_wconf 73' lang='lat' dir='ltr'><strong><em>scilicet</em></strong></span> <span class='ocrx_word' id='word_1_289' title='bbox 1909 1960 2018 2014; x_wconf 90' lang='lat' dir='ltr'><strong><em>quo</em></strong></span> <span class='ocrx_word' id='word_1_290' title='bbox 2058 1960 2155 2000; x_wconf 86' lang='lat' dir='ltr'><strong><em>ex-</em></strong></span> <span class='ocrx_word' id='word_1_291' title='bbox 2750 1918 2992 1974; x_wconf 66' lang='lat' dir='ltr'><strong><em>Psalmus</em></strong></span> <span class='ocrx_word' id='word_1_292' title='bbox 3033 1916 3134 1989; x_wconf 73' lang='grc' dir='ltr'><strong><em>ίρεί</em></strong></span> <span class='ocrx_word' id='word_1_293' title='bbox 3165 1913 3353 1971; x_wconf 66' lang='grc' dir='ltr'><strong><em>Πδνίάο</em></strong></span> 
     </span>
    </p>
   </div>
   <div class='ocr_carea' id='block_1_22' title="bbox 554 2034 2164 2124">
    <p class='ocr_par' dir='ltr' id='par_1_22' title="bbox 554 2034 2157 2107">
     <span class='ocr_line' id='line_1_23' title="bbox 554 2034 2157 2107; baseline 0.002 -19"><span class='ocrx_word' id='word_1_294' title='bbox 554 2034 857 2091; x_wconf 85' lang='lat' dir='ltr'><strong><em>honoratus</em></strong></span> <span class='ocrx_word' id='word_1_295' title='bbox 884 2042 967 2091; x_wconf 86' lang='lat' dir='ltr'><strong><em>est</em></strong></span> <span class='ocrx_word' id='word_1_296' title='bbox 993 2037 1153 2092; x_wconf 87' lang='lat' dir='ltr'><strong><em>Deus.</em></strong></span> <span class='ocrx_word' id='word_1_297' title='bbox 1187 2037 1253 2091; x_wconf 84' lang='lat' dir='ltr'><strong><em>Hi</em></strong></span> <span class='ocrx_word' id='word_1_298' title='bbox 1283 2045 1462 2092; x_wconf 91' lang='lat' dir='ltr'><strong><em>autem</em></strong></span> <span class='ocrx_word' id='word_1_299' title='bbox 1492 2039 1583 2107; x_wconf 90' lang='lat' dir='ltr'><strong><em>qui</em></strong></span> <span class='ocrx_word' id='word_1_300' title='bbox 1632 2038 1895 2093; x_wconf 88' lang='lat' dir='ltr'><strong><em>honorem</em></strong></span> <span class='ocrx_word' id='word_1_301' title='bbox 1941 2036 2157 2093; x_wconf 91' lang='lat' dir='ltr'><strong><em>Domini</em></strong></span> 
     </span>
    </p>
   </div>
   <div class='ocr_carea' id='block_1_23' title="bbox 2278 2034 3840 2124">
    <p class='ocr_par' dir='ltr' id='par_1_23' title="bbox 2339 2047 3840 2124">
     <span class='ocr_line' id='line_1_24' title="bbox 2339 2047 3840 2124; baseline -0.007 -14"><span class='ocrx_word' id='word_1_302' title='bbox 2339 2054 2758 2110; x_wconf 80' lang='lat' dir='ltr'><strong><em>Misericordiam</em></strong></span> <span class='ocrx_word' id='word_1_303' title='bbox 2803 2063 2852 2109; x_wconf 93' lang='lat' dir='ltr'><strong><em>et</em></strong></span> <span class='ocrx_word' id='word_1_304' title='bbox 2890 2054 3148 2124; x_wconf 84' lang='lat' dir='ltr'><strong><em>judicium</em></strong></span> <span class='ocrx_word' id='word_1_305' title='bbox 3190 2049 3412 2106; x_wconf 86' lang='lat' dir='ltr'><strong><em>cantabo</em></strong></span> <span class='ocrx_word' id='word_1_306' title='bbox 3457 2049 3570 2114; x_wconf 86' lang='lat' dir='ltr'><strong><em>tibi,</em></strong></span> <span class='ocrx_word' id='word_1_307' title='bbox 3618 2047 3840 2103; x_wconf 73' lang='lat' dir='ltr'><strong><em>Domine.</em></strong></span> 
     </span>
    </p>
   </div>
   <div class='ocr_carea' id='block_1_24' title="bbox 554 2127 3844 2220">
    <p class='ocr_par' dir='ltr' id='par_1_24' title="bbox 554 2127 3844 2220">
     <span class='ocr_line' id='line_1_25' title="bbox 554 2127 3844 2220; baseline -0.004 -37"><span class='ocrx_word' id='word_1_308' title='bbox 554 2127 668 2220; x_wconf 76' lang='lat' dir='ltr'><strong><em>suis</em></strong></span> <span class='ocrx_word' id='word_1_309' title='bbox 695 2129 966 2184; x_wconf 87' lang='lat' dir='ltr'><strong><em>mentibus</em></strong></span> <span class='ocrx_word' id='word_1_310' title='bbox 993 2140 1361 2195; x_wconf 84' lang='lat' dir='ltr'><strong><em>servaverunt,</em></strong></span> <span class='ocrx_word' id='word_1_311' title='bbox 1385 2131 1438 2185; x_wconf 90' lang='lat' dir='ltr'><strong><em>hi</em></strong></span> <span class='ocrx_word' id='word_1_312' title='bbox 1455 2129 1714 2200; x_wconf 90' lang='lat' dir='ltr'><strong><em>judicium</em></strong></span> <span class='ocrx_word' id='word_1_313' title='bbox 1745 2131 1999 2200; x_wconf 87' lang='lat' dir='ltr'><strong><em>diligunt:</em></strong></span> <span class='ocrx_word' id='word_1_314' title='bbox 2019 2131 2160 2186; x_wconf 87' lang='lat' dir='ltr'><strong><em>sicut</em></strong></span> <span class='ocrx_word' id='word_1_315' title='bbox 2266 2150 2508 2205; x_wconf 65' lang='grc' dir='ltr'><strong><em>Ρδαιιαη,</em></strong></span> <span class='ocrx_word' id='word_1_316' title='bbox 2527 2157 2577 2204; x_wconf 69' lang='grc' dir='ltr'><em>ει</em></span> <span class='ocrx_word' id='word_1_317' title='bbox 2595 2148 2886 2220; x_wconf 49' lang='lat' dir='ltr'><strong><em>intelligam</em></strong></span> <span class='ocrx_word' id='word_1_318' title='bbox 2913 2148 2968 2202; x_wconf 65' lang='grc' dir='ltr'><strong><em>ίη</em></strong></span> <span class='ocrx_word' id='word_1_319' title='bbox 2999 2147 3081 2200; x_wconf 62' lang='grc' dir='ltr'><strong><em>νεα</em></strong></span> <span class='ocrx_word' id='word_1_320' title='bbox 3108 2143 3464 2207; x_wconf 56' lang='grc' dir='ltr'><strong><em>επιηιαωιοω,</em></strong></span> <span class='ocrx_word' id='word_1_321' title='bbox 3496 2143 3741 2214; x_wconf 57' lang='lat' dir='ltr'><strong><em>quoniam</em></strong></span> <span class='ocrx_word' id='word_1_322' title='bbox 3771 2157 3844 2194; x_wconf 58' lang='grc' dir='ltr'><strong>κ,</strong></span> 
     </span>
    </p>
   </div>
   <div class='ocr_carea' id='block_1_25' title="bbox 555 2219 2164 2297">
    <p class='ocr_par' dir='ltr' id='par_1_25' title="bbox 555 2219 2158 2294">
     <span class='ocr_line' id='line_1_26' title="bbox 555 2219 2158 2294; baseline 0.002 -21"><span class='ocrx_word' id='word_1_323' title='bbox 555 2219 632 2274; x_wconf 87' lang='lat' dir='ltr'><strong><em>illi</em></strong></span> <span class='ocrx_word' id='word_1_324' title='bbox 655 2235 687 2274; x_wconf 92' lang='lat' dir='ltr'><strong><em>e</em></strong></span> <span class='ocrx_word' id='word_1_325' title='bbox 715 2221 988 2277; x_wconf 90' lang='lat' dir='ltr'><strong><em>contrario</em></strong></span> <span class='ocrx_word' id='word_1_326' title='bbox 1003 2230 1270 2290; x_wconf 89' lang='lat' dir='ltr'><strong><em>metuunt,</em></strong></span> <span class='ocrx_word' id='word_1_327' title='bbox 1294 2224 1387 2294; x_wconf 90' lang='lat' dir='ltr'><strong><em>qui</em></strong></span> <span class='ocrx_word' id='word_1_328' title='bbox 1407 2223 1583 2278; x_wconf 90' lang='lat' dir='ltr'><strong><em>sciunt</em></strong></span> <span class='ocrx_word' id='word_1_329' title='bbox 1603 2238 1662 2278; x_wconf 88' lang='lat' dir='ltr'><strong><em>se</em></strong></span> <span class='ocrx_word' id='word_1_330' title='bbox 1693 2223 1744 2277; x_wconf 92' lang='lat' dir='ltr'><strong><em>in</em></strong></span> <span class='ocrx_word' id='word_1_331' title='bbox 1775 2223 2158 2278; x_wconf 88' lang='lat' dir='ltr'><strong><em>contumeliam</em></strong></span> 
     </span>
    </p>
   </div>
   <div class='ocr_carea' id='block_1_26' title="bbox 2278 2219 3843 2297">
    <p class='ocr_par' dir='ltr' id='par_1_26' title="bbox 2278 2234 3843 2297">
     <span class='ocr_line' id='line_1_27' title="bbox 2278 2234 3843 2297; baseline -0.007 0"><span class='ocrx_word' id='word_1_332' title='bbox 2278 2245 2418 2297; x_wconf 74' lang='lat' dir='ltr'><strong><em>aiens</em></strong></span> <span class='ocrx_word' id='word_1_333' title='bbox 2447 2242 2516 2296; x_wconf 90' lang='lat' dir='ltr'><strong><em>ad</em></strong></span> <span class='ocrx_word' id='word_1_334' title='bbox 2543 2258 2640 2296; x_wconf 90' lang='lat' dir='ltr'><strong><em>me.</em></strong></span> <span class='ocrx_word' id='word_1_335' title='bbox 2667 2237 3102 2294; x_wconf 85' lang='lat' dir='ltr'><strong><em>Perambulabam</em></strong></span> <span class='ocrx_word' id='word_1_336' title='bbox 3129 2239 3185 2291; x_wconf 86' lang='lat' dir='ltr'><strong><em>in</em></strong></span> <span class='ocrx_word' id='word_1_337' title='bbox 3210 2235 3507 2292; x_wconf 79' lang='lat' dir='ltr'><strong><em>innocentia</em></strong></span> <span class='ocrx_word' id='word_1_338' title='bbox 3537 2234 3701 2289; x_wconf 80' lang='lat' dir='ltr'><strong><em>cordis</em></strong></span> <span class='ocrx_word' id='word_1_339' title='bbox 3736 2235 3843 2295; x_wconf 83' lang='lat' dir='ltr'><strong><em>mei,</em></strong></span> 
     </span>
    </p>
   </div>
   <div class='ocr_carea' id='block_1_27' title="bbox 554 2313 3840 2404">
    <p class='ocr_par' dir='ltr' id='par_1_27' title="bbox 554 2313 3840 2404">
     <span class='ocr_line' id='line_1_28' title="bbox 554 2313 3840 2404; baseline 0.004 -37"><span class='ocrx_word' id='word_1_340' title='bbox 554 2313 718 2381; x_wconf 86' lang='lat' dir='ltr'><strong><em>regis,</em></strong></span> <span class='ocrx_word' id='word_1_341' title='bbox 750 2313 884 2383; x_wconf 88' lang='lat' dir='ltr'><strong><em>legis</em></strong></span> <span class='ocrx_word' id='word_1_342' title='bbox 905 2315 1023 2384; x_wconf 90' lang='lat' dir='ltr'><strong><em>ejus</em></strong></span> <span class='ocrx_word' id='word_1_343' title='bbox 1047 2315 1169 2385; x_wconf 90' lang='lat' dir='ltr'><strong><em>jura</em></strong></span> <span class='ocrx_word' id='word_1_344' title='bbox 1197 2316 1450 2381; x_wconf 82' lang='lat' dir='ltr'><strong><em>violasse,</em></strong></span> <span class='ocrx_word' id='word_1_345' title='bbox 1484 2318 1539 2372; x_wconf 91' lang='lat' dir='ltr'><strong><em>in</em></strong></span> <span class='ocrx_word' id='word_1_346' title='bbox 1572 2318 1766 2387; x_wconf 89' lang='lat' dir='ltr'><strong><em>quibus</em></strong></span> <span class='ocrx_word' id='word_1_347' title='bbox 1794 2334 1889 2372; x_wconf 85' lang='lat' dir='ltr'><strong><em>rex</em></strong></span> <span class='ocrx_word' id='word_1_348' title='bbox 1930 2318 2029 2372; x_wconf 89' lang='lat' dir='ltr'><strong><em>iste</em></strong></span> <span class='ocrx_word' id='word_1_349' title='bbox 2057 2331 2157 2388; x_wconf 78' lang='lat' dir='ltr'><strong><em>pa-‘</em></strong></span> <span class='ocrx_word' id='word_1_350' title='bbox 2265 2338 2325 2398; x_wconf 70' lang='grc' dir='ltr'><strong><em>ίη</em></strong></span> <span class='ocrx_word' id='word_1_351' title='bbox 2362 2336 2530 2391; x_wconf 58' lang='lat' dir='ltr'><strong><em>medio</em></strong></span> <span class='ocrx_word' id='word_1_352' title='bbox 2559 2335 2740 2389; x_wconf 64' lang='lat' dir='ltr'><strong><em>domus</em></strong></span> <span class='ocrx_word' id='word_1_353' title='bbox 2783 2350 2929 2388; x_wconf 64' lang='lat' dir='ltr'><strong><em>mm,</em></strong></span> <span class='ocrx_word' id='word_1_354' title='bbox 2961 2330 3087 2386; x_wconf 77' lang='grc' dir='ltr'><strong><em>Νοη</em></strong></span> <span class='ocrx_word' id='word_1_355' title='bbox 3127 2329 3480 2404; x_wconf 72' lang='lat' dir='ltr'><strong><em>proponebant</em></strong></span> <span class='ocrx_word' id='word_1_356' title='bbox 3527 2338 3639 2381; x_wconf 84' lang='lat' dir='ltr'><strong><em>ante</em></strong></span> <span class='ocrx_word' id='word_1_357' title='bbox 3681 2326 3840 2380; x_wconf 78' lang='lat' dir='ltr'><strong><em>oculos</em></strong></span> 
     </span>
    </p>
   </div>
   <div class='ocr_carea' id='block_1_28' title="bbox 555 2407 3842 2498">
    <p class='ocr_par' dir='ltr' id='par_1_28' title="bbox 555 2407 3842 2498">
     <span class='ocr_line' id='line_1_29' title="bbox 555 2407 3842 2498; baseline 0.003 -39"><span class='ocrx_word' id='word_1_358' title='bbox 555 2407 699 2498; x_wconf 84' lang='lat' dir='ltr'><strong><em>ravit</em></strong></span> <span class='ocrx_word' id='word_1_359' title='bbox 723 2408 1053 2489; x_wconf 71' lang='lat' dir='ltr'><strong><em>mquitatem.</em></strong></span> <span class='ocrx_word' id='word_1_360' title='bbox 1081 2408 1224 2478; x_wconf 87' lang='lat' dir='ltr'><strong><em>Ergo</em></strong></span> <span class='ocrx_word' id='word_1_361' title='bbox 1250 2411 1563 2479; x_wconf 56' lang='lat' dir='ltr'><strong><em>aequitatem</em></strong></span> <span class='ocrx_word' id='word_1_362' title='bbox 1593 2411 1957 2466; x_wconf 89' lang='lat' dir='ltr'><strong><em>custodientes</em></strong></span> <span class='ocrx_word' id='word_1_363' title='bbox 1977 2425 2160 2478; x_wconf 83' lang='lat' dir='ltr'><strong><em>regem</em></strong></span> <span class='ocrx_word' id='word_1_364' title='bbox 2267 2446 2408 2484; x_wconf 64' lang='lat' dir='ltr'><strong><em>meo,</em></strong></span> <span class='ocrx_word' id='word_1_365' title='bbox 2456 2446 2562 2484; x_wconf 65' lang='lat' dir='ltr'><strong><em>rem</em></strong></span> <span class='ocrx_word' id='word_1_366' title='bbox 2601 2428 2884 2498; x_wconf 74' lang='lat' dir='ltr'><strong><em>injustam:</em></strong></span> <span class='ocrx_word' id='word_1_367' title='bbox 2919 2426 3162 2497; x_wconf 67' lang='lat' dir='ltr'><strong><em>faciesues</em></strong></span> <span class='ocrx_word' id='word_1_368' title='bbox 3207 2421 3658 2494; x_wconf 77' lang='lat' dir='ltr'><strong><em>prteuaricationes</em></strong></span> <span class='ocrx_word' id='word_1_369' title='bbox 3698 2417 3842 2472; x_wconf 67' lang='lat' dir='ltr'><strong><em>adiri.</em></strong></span> 
     </span>
    </p>
   </div>
   <div class='ocr_carea' id='block_1_29' title="bbox 557 2497 2164 2588">
    <p class='ocr_par' dir='ltr' id='par_1_29' title="bbox 557 2497 2162 2572">
     <span class='ocr_line' id='line_1_30' title="bbox 557 2497 2162 2572; baseline 0.004 -22"><span class='ocrx_word' id='word_1_370' title='bbox 557 2497 832 2552; x_wconf 86' lang='lat' dir='ltr'><strong><em>honorant</em></strong></span> <span class='ocrx_word' id='word_1_371' title='bbox 877 2508 932 2554; x_wconf 85' lang='lat' dir='ltr'><strong><em>et</em></strong></span> <span class='ocrx_word' id='word_1_372' title='bbox 983 2499 1160 2555; x_wconf 88' lang='lat' dir='ltr'><strong><em>honor</em></strong></span> <span class='ocrx_word' id='word_1_373' title='bbox 1188 2501 1290 2556; x_wconf 90' lang='lat' dir='ltr'><strong><em>iste</em></strong></span> <span class='ocrx_word' id='word_1_374' title='bbox 1327 2499 1585 2570; x_wconf 86' lang='lat' dir='ltr'><strong><em>judicium</em></strong></span> <span class='ocrx_word' id='word_1_375' title='bbox 1637 2518 1746 2556; x_wconf 91' lang='lat' dir='ltr'><strong><em>non</em></strong></span> <span class='ocrx_word' id='word_1_376' title='bbox 1791 2502 2000 2568; x_wconf 87' lang='lat' dir='ltr'><strong><em>timent,</em></strong></span> <span class='ocrx_word' id='word_1_377' title='bbox 2029 2502 2162 2572; x_wconf 85' lang='lat' dir='ltr'><strong><em>quin</em></strong></span> 
     </span>
    </p>
   </div>
   <div class='ocr_carea' id='block_1_30' title="bbox 2278 2497 3844 2588">
    <p class='ocr_par' dir='ltr' id='par_1_30' title="bbox 2278 2497 3844 2588">
     <span class='ocr_line' id='line_1_31' title="bbox 2278 2497 3844 2588; baseline -0.009 -12"><span class='ocrx_word' id='word_1_378' title='bbox 2278 2519 2398 2576; x_wconf 86' lang='lat' dir='ltr'><strong><em>Non</em></strong></span> <span class='ocrx_word' id='word_1_379' title='bbox 2427 2497 2801 2574; x_wconf 59' lang='lat' dir='ltr'><strong><em>adhaesitmilai</em></strong></span> <span class='ocrx_word' id='word_1_380' title='bbox 2830 2535 2919 2573; x_wconf 92' lang='lat' dir='ltr'><strong><em>cor</em></strong></span> <span class='ocrx_word' id='word_1_381' title='bbox 2947 2533 3178 2588; x_wconf 82' lang='lat' dir='ltr'><strong><em>pravum,</em></strong></span> <span class='ocrx_word' id='word_1_382' title='bbox 3212 2515 3560 2569; x_wconf 82' lang='lat' dir='ltr'><strong><em>declinantem</em></strong></span> <span class='ocrx_word' id='word_1_383' title='bbox 3583 2530 3614 2564; x_wconf 89' lang='lat' dir='ltr'><strong><em>a</em></strong></span> <span class='ocrx_word' id='word_1_384' title='bbox 3640 2528 3717 2564; x_wconf 86' lang='lat' dir='ltr'><strong><em>me</em></strong></span> <span class='ocrx_word' id='word_1_385' title='bbox 3741 2526 3844 2564; x_wconf 81' lang='lat' dir='ltr'><strong><em>ma-</em></strong></span> 
     </span>
    </p>
   </div>
   <div class='ocr_carea' id='block_1_31' title="bbox 559 2587 2164 2684">
    <p class='ocr_par' dir='ltr' id='par_1_31' title="bbox 559 2587 2161 2666">
     <span class='ocr_line' id='line_1_32' title="bbox 559 2587 2161 2666; baseline 0.004 -24"><span class='ocrx_word' id='word_1_386' title='bbox 559 2587 728 2643; x_wconf 88' lang='lat' dir='ltr'><strong><em>immo</em></strong></span> <span class='ocrx_word' id='word_1_387' title='bbox 758 2589 919 2666; x_wconf 87' lang='lat' dir='ltr'><strong><em>etiam</em></strong></span> <span class='ocrx_word' id='word_1_388' title='bbox 961 2590 1153 2660; x_wconf 81' lang='lat' dir='ltr'><strong><em>diligit.</em></strong></span> <span class='ocrx_word' id='word_1_389' title='bbox 1185 2591 1303 2662; x_wconf 88' lang='lat' dir='ltr'><strong><em>Ipse</em></strong></span> <span class='ocrx_word' id='word_1_390' title='bbox 1350 2600 1530 2648; x_wconf 90' lang='lat' dir='ltr'><strong><em>tamen</em></strong></span> <span class='ocrx_word' id='word_1_391' title='bbox 1555 2593 1892 2663; x_wconf 82' lang='lat' dir='ltr'><strong><em>judicaturus</em></strong></span> <span class='ocrx_word' id='word_1_392' title='bbox 1921 2600 2022 2659; x_wconf 84' lang='lat' dir='ltr'><strong><em>est,</em></strong></span> <span class='ocrx_word' id='word_1_393' title='bbox 2070 2593 2161 2662; x_wconf 91' lang='lat' dir='ltr'><strong><em>qui</em></strong></span> 
     </span>
    </p>
   </div>
   <div class='ocr_carea' id='block_1_32' title="bbox 2278 2587 3843 2684">
    <p class='ocr_par' dir='ltr' id='par_1_32' title="bbox 2278 2587 3843 2684">
     <span class='ocr_line' id='line_1_33' title="bbox 2278 2587 3843 2684; baseline -0.013 -12"><span class='ocrx_word' id='word_1_394' title='bbox 2278 2613 2470 2684; x_wconf 72' lang='lat' dir='ltr'><strong><em>lignum</em></strong></span> <span class='ocrx_word' id='word_1_395' title='bbox 2489 2629 2592 2667; x_wconf 87' lang='lat' dir='ltr'><strong><em>non</em></strong></span> <span class='ocrx_word' id='word_1_396' title='bbox 2612 2587 3002 2682; x_wconf 84' lang='lat' dir='ltr'><strong><em>cognoscebam.</em></strong></span> <span class='ocrx_word' id='word_1_397' title='bbox 3027 2606 3395 2662; x_wconf 81' lang='lat' dir='ltr'><strong><em>Detrahentem</em></strong></span> <span class='ocrx_word' id='word_1_398' title='bbox 3413 2613 3611 2658; x_wconf 79' lang='lat' dir='ltr'><strong><em>secreto</em></strong></span> <span class='ocrx_word' id='word_1_399' title='bbox 3631 2602 3843 2672; x_wconf 72' lang='lat' dir='ltr'><strong><em>proximo</em></strong></span> 
     </span>
    </p>
   </div>
   <div class='ocr_carea' id='block_1_33' title="bbox 558 2677 3841 2773">
    <p class='ocr_par' dir='ltr' id='par_1_33' title="bbox 558 2677 3841 2773">
     <span class='ocr_line' id='line_1_34' title="bbox 558 2677 3841 2773; baseline 0.003 -39"><span class='ocrx_word' id='word_1_400' title='bbox 558 2677 818 2750; x_wconf 84' lang='lat' dir='ltr'><strong><em>justitiam</em></strong></span> <span class='ocrx_word' id='word_1_401' title='bbox 847 2691 903 2738; x_wconf 92' lang='lat' dir='ltr'><strong><em>et</em></strong></span> <span class='ocrx_word' id='word_1_402' title='bbox 925 2683 1186 2754; x_wconf 88' lang='lat' dir='ltr'><strong><em>judicium</em></strong></span> <span class='ocrx_word' id='word_1_403' title='bbox 1211 2686 1266 2740; x_wconf 90' lang='lat' dir='ltr'><strong><em>in</em></strong></span> <span class='ocrx_word' id='word_1_404' title='bbox 1287 2684 1454 2741; x_wconf 80' lang='lat' dir='ltr'><strong><em>Iacob</em></strong></span> <span class='ocrx_word' id='word_1_405' title='bbox 1495 2685 1638 2752; x_wconf 80' lang='lat' dir='ltr'><strong><em>fecit,</em></strong></span> <span class='ocrx_word' id='word_1_406' title='bbox 1684 2687 1777 2757; x_wconf 89' lang='lat' dir='ltr'><strong><em>qui</em></strong></span> <span class='ocrx_word' id='word_1_407' title='bbox 1797 2686 1983 2741; x_wconf 89' lang='lat' dir='ltr'><strong><em>habuit</em></strong></span> <span class='ocrx_word' id='word_1_408' title='bbox 2012 2685 2164 2758; x_wconf 86' lang='lat' dir='ltr'><strong><em>Moy-</em></strong></span> <span class='ocrx_word' id='word_1_409' title='bbox 2270 2677 2385 2772; x_wconf 52' lang='grc' dir='ltr'><strong><em>σεῖο,</em></strong></span> <span class='ocrx_word' id='word_1_410' title='bbox 2435 2704 2570 2758; x_wconf 63' lang='lat' dir='ltr'><strong><em>hunc</em></strong></span> <span class='ocrx_word' id='word_1_411' title='bbox 2615 2677 2970 2773; x_wconf 61' lang='lat' dir='ltr'><strong><em>pe}.equebar,</em></strong></span> <span class='ocrx_word' id='word_1_412' title='bbox 3024 2697 3258 2768; x_wconf 69' lang='lat' dir='ltr'><strong><em>superbo</em></strong></span> <span class='ocrx_word' id='word_1_413' title='bbox 3301 2696 3452 2750; x_wconf 76' lang='lat' dir='ltr'><strong><em>oculo</em></strong></span> <span class='ocrx_word' id='word_1_414' title='bbox 3493 2705 3544 2750; x_wconf 83' lang='lat' dir='ltr'><strong><em>et</em></strong></span> <span class='ocrx_word' id='word_1_415' title='bbox 3587 2689 3841 2748; x_wconf 77' lang='lat' dir='ltr'><strong><em>insatiabili</em></strong></span> 
     </span>
    </p>
   </div>
   <div class='ocr_carea' id='block_1_34' title="bbox 557 2777 3838 2859">
    <p class='ocr_par' dir='ltr' id='par_1_34' title="bbox 557 2777 3838 2859">
     <span class='ocr_line' id='line_1_35' title="bbox 557 2777 3838 2859; baseline 0.005 -31"><span class='ocrx_word' id='word_1_416' title='bbox 557 2788 656 2829; x_wconf 87' lang='lat' dir='ltr'><strong><em>sen</em></strong></span> <span class='ocrx_word' id='word_1_417' title='bbox 688 2783 742 2830; x_wconf 92' lang='lat' dir='ltr'><strong><em>et</em></strong></span> <span class='ocrx_word' id='word_1_418' title='bbox 772 2777 954 2832; x_wconf 87' lang='lat' dir='ltr'><strong><em>Aaron</em></strong></span> <span class='ocrx_word' id='word_1_419' title='bbox 977 2777 1030 2833; x_wconf 91' lang='lat' dir='ltr'><strong><em>in</em></strong></span> <span class='ocrx_word' id='word_1_420' title='bbox 1061 2779 1432 2836; x_wconf 88' lang='lat' dir='ltr'><strong><em>sacerdotibus</em></strong></span> <span class='ocrx_word' id='word_1_421' title='bbox 1452 2781 1582 2847; x_wconf 87' lang='lat' dir='ltr'><strong><em>suis,</em></strong></span> <span class='ocrx_word' id='word_1_422' title='bbox 1605 2781 1697 2851; x_wconf 92' lang='lat' dir='ltr'><strong><em>qui</em></strong></span> <span class='ocrx_word' id='word_1_423' title='bbox 1719 2782 1907 2836; x_wconf 87' lang='lat' dir='ltr'><strong><em>habuit</em></strong></span> <span class='ocrx_word' id='word_1_424' title='bbox 1933 2781 2160 2837; x_wconf 88' lang='lat' dir='ltr'><strong><em>Samue-</em></strong></span> <span class='ocrx_word' id='word_1_425' title='bbox 2273 2796 2447 2859; x_wconf 70' lang='grc' dir='ltr'><strong><em>σοι-(ιε,</em></strong></span> <span class='ocrx_word' id='word_1_426' title='bbox 2467 2811 2582 2849; x_wconf 68' lang='lat' dir='ltr'><strong><em>cum</em></strong></span> <span class='ocrx_word' id='word_1_427' title='bbox 2597 2795 2692 2848; x_wconf 75' lang='lat' dir='ltr'><strong><em>hoc</em></strong></span> <span class='ocrx_word' id='word_1_428' title='bbox 2720 2810 2823 2848; x_wconf 77' lang='grc' dir='ltr'><strong><em>ηοη</em></strong></span> <span class='ocrx_word' id='word_1_429' title='bbox 2844 2791 3075 2846; x_wconf 84' lang='lat' dir='ltr'><strong><em>edebam.</em></strong></span> <span class='ocrx_word' id='word_1_430' title='bbox 3097 2789 3248 2843; x_wconf 85' lang='lat' dir='ltr'><strong><em>Oculi</em></strong></span> <span class='ocrx_word' id='word_1_431' title='bbox 3274 2789 3376 2842; x_wconf 86' lang='lat' dir='ltr'><strong><em>mei</em></strong></span> <span class='ocrx_word' id='word_1_432' title='bbox 3396 2787 3470 2841; x_wconf 89' lang='lat' dir='ltr'><strong><em>ad</em></strong></span> <span class='ocrx_word' id='word_1_433' title='bbox 3495 2786 3674 2856; x_wconf 75' lang='lat' dir='ltr'><strong><em>ﬁdeles</em></strong></span> <span class='ocrx_word' id='word_1_434' title='bbox 3695 2793 3838 2842; x_wconf 67' lang='lat' dir='ltr'><strong><em>terre.</em></strong></span> 
     </span>
    </p>
   </div>
   <div class='ocr_carea' id='block_1_35' title="bbox 557 2864 3840 2950">
    <p class='ocr_par' dir='ltr' id='par_1_35' title="bbox 557 2864 3840 2950">
     <span class='ocr_line' id='line_1_36' title="bbox 557 2864 3840 2950; baseline 0.005 -30"><span class='ocrx_word' id='word_1_435' title='bbox 557 2864 664 2920; x_wconf 89' lang='lat' dir='ltr'><strong><em>lem</em></strong></span> <span class='ocrx_word' id='word_1_436' title='bbox 711 2867 941 2924; x_wconf 89' lang='lat' dir='ltr'><strong><em>similem</em></strong></span> <span class='ocrx_word' id='word_1_437' title='bbox 971 2869 1120 2941; x_wconf 89' lang='lat' dir='ltr'><strong><em>ipsis.</em></strong></span> <span class='ocrx_word' id='word_1_438' title='bbox 1151 2870 1332 2942; x_wconf 88' lang='lat' dir='ltr'><strong><em>Ipsum</em></strong></span> <span class='ocrx_word' id='word_1_439' title='bbox 1369 2888 1530 2943; x_wconf 91' lang='lat' dir='ltr'><strong><em>quem</em></strong></span> <span class='ocrx_word' id='word_1_440' title='bbox 1573 2873 1659 2928; x_wconf 88' lang='lat' dir='ltr'><strong><em>isti</em></strong></span> <span class='ocrx_word' id='word_1_441' title='bbox 1693 2873 2079 2928; x_wconf 87' lang='lat' dir='ltr'><strong><em>invocaverunt</em></strong></span> <span class='ocrx_word' id='word_1_442' title='bbox 2107 2881 2163 2928; x_wconf 93' lang='lat' dir='ltr'><strong><em>et</em></strong></span> <span class='ocrx_word' id='word_1_443' title='bbox 2269 2900 2328 2943; x_wconf 67' lang='grc' dir='ltr'><strong><em>αι</em></strong></span> <span class='ocrx_word' id='word_1_444' title='bbox 2353 2889 2567 2944; x_wconf 63' lang='lat' dir='ltr'><strong><em>“deum</em></strong></span> <span class='ocrx_word' id='word_1_445' title='bbox 2600 2902 2829 2950; x_wconf 71' lang='lat' dir='ltr'><strong><em>mecum;</em></strong></span> <span class='ocrx_word' id='word_1_446' title='bbox 2860 2883 3131 2938; x_wconf 82' lang='lat' dir='ltr'><strong><em>ambulans</em></strong></span> <span class='ocrx_word' id='word_1_447' title='bbox 3168 2885 3225 2936; x_wconf 89' lang='lat' dir='ltr'><strong><em>in</em></strong></span> <span class='ocrx_word' id='word_1_448' title='bbox 3251 2883 3332 2938; x_wconf 74' lang='lat' dir='ltr'><strong><em>uia</em></strong></span> <span class='ocrx_word' id='word_1_449' title='bbox 3380 2879 3729 2939; x_wconf 69' lang='lat' dir='ltr'><strong><em>immaculata.</em></strong></span> <span class='ocrx_word' id='word_1_450' title='bbox 3773 2874 3840 2926; x_wconf 61' lang='grc' dir='ltr'><strong><em>άίσ</em></strong></span> 
     </span>
    </p>
   </div>
   <div class='ocr_carea' id='block_1_36' title="bbox 559 2959 2164 3039">
    <p class='ocr_par' dir='ltr' id='par_1_36' title="bbox 559 2959 2162 3035">
     <span class='ocr_line' id='line_1_37' title="bbox 559 2959 2162 3035; baseline 0.006 -23"><span class='ocrx_word' id='word_1_451' title='bbox 559 2959 796 3014; x_wconf 83' lang='lat' dir='ltr'><strong><em>exauditi</em></strong></span> <span class='ocrx_word' id='word_1_452' title='bbox 836 2968 979 3029; x_wconf 89' lang='lat' dir='ltr'><strong><em>sunt,</em></strong></span> <span class='ocrx_word' id='word_1_453' title='bbox 1011 2978 1135 3017; x_wconf 92' lang='lat' dir='ltr'><strong><em>cum</em></strong></span> <span class='ocrx_word' id='word_1_454' title='bbox 1176 2964 1230 3017; x_wconf 91' lang='lat' dir='ltr'><strong><em>in</em></strong></span> <span class='ocrx_word' id='word_1_455' title='bbox 1260 2964 1511 3020; x_wconf 91' lang='lat' dir='ltr'><strong><em>columna</em></strong></span> <span class='ocrx_word' id='word_1_456' title='bbox 1548 2964 1704 3020; x_wconf 89' lang='lat' dir='ltr'><strong><em>nubis</em></strong></span> <span class='ocrx_word' id='word_1_457' title='bbox 1745 2965 2066 3035; x_wconf 88' lang='lat' dir='ltr'><strong><em>loquebatur</em></strong></span> <span class='ocrx_word' id='word_1_458' title='bbox 2095 2965 2162 3020; x_wconf 86' lang='lat' dir='ltr'><strong><em>ad</em></strong></span> 
     </span>
    </p>
   </div>
   <div class='ocr_carea' id='block_1_37' title="bbox 2278 2959 3874 3039">
    <p class='ocr_par' dir='ltr' id='par_1_37' title="bbox 2278 2971 3874 3039">
     <span class='ocr_line' id='line_1_38' title="bbox 2278 2971 3874 3039; baseline -0.014 0"><span class='ocrx_word' id='word_1_459' title='bbox 2278 2985 2402 3039; x_wconf 70' lang='lat' dir='ltr'><strong><em>milia</em></strong></span> <span class='ocrx_word' id='word_1_460' title='bbox 2446 2983 2791 3037; x_wconf 86' lang='lat' dir='ltr'><strong><em>ministrabat.</em></strong></span> <span class='ocrx_word' id='word_1_461' title='bbox 2818 2979 2943 3035; x_wconf 88' lang='lat' dir='ltr'><strong><em>Non</em></strong></span> <span class='ocrx_word' id='word_1_462' title='bbox 2973 2975 3220 3032; x_wconf 84' lang='lat' dir='ltr'><strong><em>habitabit</em></strong></span> <span class='ocrx_word' id='word_1_463' title='bbox 3241 2976 3294 3028; x_wconf 91' lang='lat' dir='ltr'><strong><em>in</em></strong></span> <span class='ocrx_word' id='word_1_464' title='bbox 3323 2973 3497 3028; x_wconf 81' lang='lat' dir='ltr'><strong><em>medio</em></strong></span> <span class='ocrx_word' id='word_1_465' title='bbox 3535 2971 3708 3025; x_wconf 79' lang='lat' dir='ltr'><strong><em>domus</em></strong></span> <span class='ocrx_word' id='word_1_466' title='bbox 3733 2981 3837 3020; x_wconf 67' lang='lat' dir='ltr'><strong><em>mea</em></strong></span> <span class='ocrx_word' id='word_1_467' title='bbox 3867 3011 3874 3016; x_wconf 88' lang='lat'><strong><em>.</em></strong></span> 
     </span>
    </p>
   </div>
   <div class='ocr_carea' id='block_1_38' title="bbox 560 3049 3836 3150">
    <p class='ocr_par' dir='ltr' id='par_1_38' title="bbox 560 3049 3836 3150">
     <span class='ocr_line' id='line_1_39' title="bbox 560 3049 3836 3150; baseline 0.001 -42"><span class='ocrx_word' id='word_1_468' title='bbox 560 3066 682 3150; x_wconf 54' lang='lat' dir='ltr'><strong><em>eos.</em></strong></span> <span class='ocrx_word' id='word_1_469' title='bbox 703 3050 1172 3150; x_wconf 42' lang='lat' dir='ltr'><strong><em>Ili-custodiebant</em></strong></span> <span class='ocrx_word' id='word_1_470' title='bbox 1199 3057 1509 3113; x_wconf 69' lang='grc' dir='ltr'><strong><em>ῐθεῑίωόῐιῖει</em></strong></span> <span class='ocrx_word' id='word_1_471' title='bbox 1529 3059 1646 3128; x_wconf 70' lang='lat' dir='ltr'><strong><em>eius</em></strong></span> <span class='ocrx_word' id='word_1_472' title='bbox 1668 3067 1722 3112; x_wconf 73' lang='grc' dir='ltr'><strong><em>θῑ</em></strong></span> <span class='ocrx_word' id='word_1_473' title='bbox 1749 3067 2015 3130; x_wconf 49' lang='lat' dir='ltr'><strong><em>[inme-Dia</em></strong></span> <span class='ocrx_word' id='word_1_474' title='bbox 2045 3075 2164 3130; x_wconf 58' lang='lat' dir='ltr'><strong><em>(lum</em></strong></span> <span class='ocrx_word' id='word_1_475' title='bbox 2189 3049 2238 3115; x_wconf 62' lang='grc' dir='ltr'><strong>θ</strong></span> <span class='ocrx_word' id='word_1_476' title='bbox 2270 3078 2360 3150; x_wconf 80' lang='lat' dir='ltr'><strong><em>qui</em></strong></span> <span class='ocrx_word' id='word_1_477' title='bbox 2391 3077 2519 3147; x_wconf 82' lang='lat' dir='ltr'><strong><em>facit</em></strong></span> <span class='ocrx_word' id='word_1_478' title='bbox 2545 3074 2856 3146; x_wconf 82' lang='lat' dir='ltr'><strong><em>superbiam,</em></strong></span> <span class='ocrx_word' id='word_1_479' title='bbox 2886 3074 2971 3144; x_wconf 74' lang='lat' dir='ltr'><strong><em>qui</em></strong></span> <span class='ocrx_word' id='word_1_480' title='bbox 2994 3071 3217 3143; x_wconf 84' lang='lat' dir='ltr'><strong><em>loquitur</em></strong></span> <span class='ocrx_word' id='word_1_481' title='bbox 3244 3068 3424 3138; x_wconf 85' lang='lat' dir='ltr'><strong><em>iniqua</em></strong></span> <span class='ocrx_word' id='word_1_482' title='bbox 3455 3081 3561 3118; x_wconf 87' lang='lat' dir='ltr'><strong><em>non</em></strong></span> <span class='ocrx_word' id='word_1_483' title='bbox 3599 3061 3772 3114; x_wconf 70' lang='lat' dir='ltr'><strong><em>direxit</em></strong></span> <span class='ocrx_word' id='word_1_484' title='bbox 3794 3060 3836 3111; x_wconf 86' lang='lat' dir='ltr'><strong><em>in</em></strong></span> 
     </span>
    </p>
   </div>
   <div class='ocr_carea' id='block_1_39' title="bbox 562 3142 3839 3238">
    <p class='ocr_par' dir='ltr' id='par_1_39' title="bbox 562 3142 3839 3238">
     <span class='ocr_line' id='line_1_40' title="bbox 562 3142 3839 3238; baseline 0.001 -41"><span class='ocrx_word' id='word_1_485' title='bbox 562 3142 711 3238; x_wconf 79' lang='lat' dir='ltr'><strong><em>dedit</em></strong></span> <span class='ocrx_word' id='word_1_486' title='bbox 739 3145 836 3200; x_wconf 88' lang='lat' dir='ltr'><strong><em>eis.</em></strong></span> <span class='ocrx_word' id='word_1_487' title='bbox 865 3145 1182 3218; x_wconf 85' lang='lat' dir='ltr'><strong><em>Quicunque</em></strong></span> <span class='ocrx_word' id='word_1_488' title='bbox 1220 3162 1349 3218; x_wconf 89' lang='lat' dir='ltr'><strong><em>ergo</em></strong></span> <span class='ocrx_word' id='word_1_489' title='bbox 1372 3150 1650 3204; x_wconf 89' lang='lat' dir='ltr'><strong><em>imitantur</em></strong></span> <span class='ocrx_word' id='word_1_490' title='bbox 1679 3166 1795 3216; x_wconf 90' lang='lat' dir='ltr'><strong><em>eos,</em></strong></span> <span class='ocrx_word' id='word_1_491' title='bbox 1825 3151 1878 3205; x_wconf 89' lang='lat' dir='ltr'><strong><em>hi</em></strong></span> <span class='ocrx_word' id='word_1_492' title='bbox 1903 3151 2164 3220; x_wconf 87' lang='lat' dir='ltr'><strong><em>judicium</em></strong></span> <span class='ocrx_word' id='word_1_493' title='bbox 2269 3142 2547 3238; x_wconf 59' lang='grc' dir='ltr'><strong><em>έοηέρεειιι</em></strong></span> <span class='ocrx_word' id='word_1_494' title='bbox 2576 3142 2842 3220; x_wconf 83' lang='lat' dir='ltr'><strong><em>oculorum</em></strong></span> <span class='ocrx_word' id='word_1_495' title='bbox 2863 3142 3109 3218; x_wconf 74' lang='lat' dir='ltr'><strong><em>nieorum.</em></strong></span> <span class='ocrx_word' id='word_1_496' title='bbox 3138 3158 3204 3212; x_wconf 90' lang='lat' dir='ltr'><strong><em>In</em></strong></span> <span class='ocrx_word' id='word_1_497' title='bbox 3224 3149 3839 3222; x_wconf 70' lang='lat' dir='ltr'><strong><em>matutinointerﬁciebam</em></strong></span> 
     </span>
    </p>
   </div>
   <div class='ocr_carea' id='block_1_40' title="bbox 561 3234 3841 3328">
    <p class='ocr_par' dir='ltr' id='par_1_40' title="bbox 561 3234 3841 3328">
     <span class='ocr_line' id='line_1_41' title="bbox 561 3234 3841 3328; baseline -0.004 -37"><span class='ocrx_word' id='word_1_498' title='bbox 561 3234 804 3328; x_wconf 47' lang='lat' dir='ltr'><strong><em>futurum</em></strong></span> <span class='ocrx_word' id='word_1_499' title='bbox 834 3253 943 3293; x_wconf 93' lang='lat' dir='ltr'><strong><em>non</em></strong></span> <span class='ocrx_word' id='word_1_500' title='bbox 974 3238 1152 3293; x_wconf 91' lang='lat' dir='ltr'><strong><em>solum</em></strong></span> <span class='ocrx_word' id='word_1_501' title='bbox 1173 3256 1281 3296; x_wconf 92' lang='lat' dir='ltr'><strong><em>non</em></strong></span> <span class='ocrx_word' id='word_1_502' title='bbox 1310 3247 1578 3307; x_wconf 88' lang='lat' dir='ltr'><strong><em>metuunt,</em></strong></span> <span class='ocrx_word' id='word_1_503' title='bbox 1606 3240 1701 3295; x_wconf 91' lang='lat' dir='ltr'><strong><em>sed</em></strong></span> <span class='ocrx_word' id='word_1_504' title='bbox 1723 3242 1884 3296; x_wconf 89' lang='lat' dir='ltr'><strong><em>etiam</em></strong></span> <span class='ocrx_word' id='word_1_505' title='bbox 1914 3243 2157 3311; x_wconf 88' lang='lat' dir='ltr'><strong><em>diligunt.</em></strong></span> <span class='ocrx_word' id='word_1_506' title='bbox 2272 3234 2453 3314; x_wconf 46' lang='lat' dir='ltr'><strong><em>“mg,</em></strong></span> <span class='ocrx_word' id='word_1_507' title='bbox 2501 3265 2796 3328; x_wconf 65' lang='grc' dir='ltr'><strong><em>ρεσεαιονεδ</em></strong></span> <span class='ocrx_word' id='word_1_508' title='bbox 2840 3262 3028 3317; x_wconf 55' lang='lat' dir='ltr'><strong><em>mm,</em></strong></span> <span class='ocrx_word' id='word_1_509' title='bbox 3075 3259 3132 3304; x_wconf 65' lang='grc' dir='ltr'><strong><em>,η</em></strong></span> <span class='ocrx_word' id='word_1_510' title='bbox 3177 3247 3530 3317; x_wconf 54' lang='lat' dir='ltr'><strong><em>disperdere”,</em></strong></span> <span class='ocrx_word' id='word_1_511' title='bbox 3558 3244 3621 3297; x_wconf 57' lang='lat' dir='ltr'><strong><em>de</em></strong></span> <span class='ocrx_word' id='word_1_512' title='bbox 3663 3238 3841 3296; x_wconf 69' lang='grc' dir='ltr'><strong><em>σίυίεαίε</em></strong></span> 
     </span>
    </p>
   </div>
   <div class='ocr_carea' id='block_1_41' title="bbox 563 3324 3362 3419">
    <p class='ocr_par' dir='ltr' id='par_1_41' title="bbox 563 3324 3362 3419">
     <span class='ocr_line' id='line_1_42' title="bbox 563 3324 3362 3419; baseline 0.007 -39"><span class='ocrx_word' id='word_1_513' title='bbox 563 3324 818 3419; x_wconf 70' lang='lat' dir='ltr'><strong><em>Dicamus</em></strong></span> <span class='ocrx_word' id='word_1_514' title='bbox 848 3343 978 3398; x_wconf 90' lang='lat' dir='ltr'><strong><em>ergo</em></strong></span> <span class='ocrx_word' id='word_1_515' title='bbox 1007 3329 1238 3386; x_wconf 91' lang='lat' dir='ltr'><strong><em>Domino</em></strong></span> <span class='ocrx_word' id='word_1_516' title='bbox 1265 3340 1455 3388; x_wconf 90' lang='lat' dir='ltr'><strong><em>nostro</em></strong></span> <span class='ocrx_word' id='word_1_517' title='bbox 1497 3331 1624 3388; x_wconf 85' lang='lat' dir='ltr'><strong><em>Jesu</em></strong></span> <span class='ocrx_word' id='word_1_518' title='bbox 1654 3331 1870 3388; x_wconf 87' lang='lat' dir='ltr'><strong><em>Christo</em></strong></span> <span class='ocrx_word' id='word_1_519' title='bbox 1905 3352 1917 3386; x_wconf 89' lang='lat'><strong>:</strong></span> <span class='ocrx_word' id='word_1_520' title='bbox 1952 3333 2031 3388; x_wconf 93' lang='lat' dir='ltr'><strong><em>Tu</em></strong></span> <span class='ocrx_word' id='word_1_521' title='bbox 2080 3350 2160 3398; x_wconf 86' lang='lat' dir='ltr'><strong><em>es,</em></strong></span> <span class='ocrx_word' id='word_1_522' title='bbox 2274 3324 2695 3408; x_wconf 66' lang='grc' dir='ltr'><strong><em>Βοιηεηίόηιηοε</em></strong></span> <span class='ocrx_word' id='word_1_523' title='bbox 2723 3356 2994 3419; x_wconf 75' lang='lat' dir='ltr'><strong><em>operantes</em></strong></span> <span class='ocrx_word' id='word_1_524' title='bbox 3019 3345 3362 3414; x_wconf 81' lang='lat' dir='ltr'><strong><em>iniquitatem.</em></strong></span> 
     </span>
    </p>
   </div>
   <div class='ocr_carea' id='block_1_42' title="bbox 562 3415 2168 3495">
    <p class='ocr_par' dir='ltr' id='par_1_42' title="bbox 562 3415 2168 3495">
     <span class='ocr_line' id='line_1_43' title="bbox 562 3415 2168 3495; baseline 0.007 -24"><span class='ocrx_word' id='word_1_525' title='bbox 562 3415 809 3486; x_wconf 85' lang='lat' dir='ltr'><strong><em>Domine,</em></strong></span> <span class='ocrx_word' id='word_1_526' title='bbox 840 3421 931 3490; x_wconf 91' lang='lat' dir='ltr'><strong><em>qui</em></strong></span> <span class='ocrx_word' id='word_1_527' title='bbox 961 3437 1086 3477; x_wconf 90' lang='lat' dir='ltr'><strong><em>cum</em></strong></span> <span class='ocrx_word' id='word_1_528' title='bbox 1113 3421 1300 3495; x_wconf 89' lang='lat' dir='ltr'><strong><em>Moyse</em></strong></span> <span class='ocrx_word' id='word_1_529' title='bbox 1323 3432 1377 3478; x_wconf 91' lang='lat' dir='ltr'><strong><em>et</em></strong></span> <span class='ocrx_word' id='word_1_530' title='bbox 1400 3440 1523 3479; x_wconf 90' lang='lat' dir='ltr'><strong><em>cum</em></strong></span> <span class='ocrx_word' id='word_1_531' title='bbox 1545 3425 1723 3482; x_wconf 88' lang='lat' dir='ltr'><strong><em>Aaron</em></strong></span> <span class='ocrx_word' id='word_1_532' title='bbox 1771 3427 1984 3482; x_wconf 92' lang='lat' dir='ltr'><strong><em>locutus</em></strong></span> <span class='ocrx_word' id='word_1_533' title='bbox 2003 3443 2080 3494; x_wconf 92' lang='lat' dir='ltr'><strong><em>es,</em></strong></span> <span class='ocrx_word' id='word_1_534' title='bbox 2107 3435 2168 3483; x_wconf 87' lang='lat' dir='ltr'><strong><em>tu</em></strong></span> 
     </span>
    </p>
   </div>
   <div class='ocr_carea' id='block_1_43' title="bbox 563 3510 2166 3587">
    <p class='ocr_par' dir='ltr' id='par_1_43' title="bbox 563 3510 2166 3587">
     <span class='ocr_line' id='line_1_44' title="bbox 563 3510 2166 3587; baseline 0.007 -23"><span class='ocrx_word' id='word_1_535' title='bbox 563 3510 828 3566; x_wconf 80' lang='lat' dir='ltr'><strong><em>exaudisti</em></strong></span> <span class='ocrx_word' id='word_1_536' title='bbox 854 3527 968 3580; x_wconf 90' lang='lat' dir='ltr'><strong><em>eos,</em></strong></span> <span class='ocrx_word' id='word_1_537' title='bbox 995 3522 1051 3570; x_wconf 91' lang='lat' dir='ltr'><strong><em>tu</em></strong></span> <span class='ocrx_word' id='word_1_538' title='bbox 1079 3516 1344 3587; x_wconf 87' lang='lat' dir='ltr'><strong><em>pr0pitius</em></strong></span> <span class='ocrx_word' id='word_1_539' title='bbox 1380 3515 1526 3572; x_wconf 78' lang='lat' dir='ltr'><strong><em>luisti</em></strong></span> <span class='ocrx_word' id='word_1_540' title='bbox 1553 3510 1655 3573; x_wconf 85' lang='lat' dir='ltr'><strong><em>illis</em></strong></span> <span class='ocrx_word' id='word_1_541' title='bbox 1673 3561 1686 3585; x_wconf 95' lang='lat'><strong><em>,</em></strong></span> <span class='ocrx_word' id='word_1_542' title='bbox 1713 3529 1770 3575; x_wconf 91' lang='lat' dir='ltr'><strong><em>tu</em></strong></span> <span class='ocrx_word' id='word_1_543' title='bbox 1798 3519 2079 3576; x_wconf 83' lang='lat' dir='ltr'><strong><em>vindicasti</em></strong></span> <span class='ocrx_word' id='word_1_544' title='bbox 2108 3521 2166 3575; x_wconf 90' lang='lat' dir='ltr'><strong><em>in</em></strong></span> 
     </span>
    </p>
   </div>
   <div class='ocr_carea' id='block_1_44' title="bbox 564 3595 3837 3681">
    <p class='ocr_par' dir='ltr' id='par_1_44' title="bbox 564 3595 3837 3681">
     <span class='ocr_line' id='line_1_45' title="bbox 564 3595 3837 3681; baseline -0.004 -23"><span class='ocrx_word' id='word_1_545' title='bbox 564 3603 815 3660; x_wconf 89' lang='lat' dir='ltr'><strong><em>omnibus</em></strong></span> <span class='ocrx_word' id='word_1_546' title='bbox 862 3607 1053 3663; x_wconf 87' lang='lat' dir='ltr'><strong><em>studiis</em></strong></span> <span class='ocrx_word' id='word_1_547' title='bbox 1100 3625 1307 3663; x_wconf 91' lang='lat' dir='ltr'><strong><em>eorum.</em></strong></span> <span class='ocrx_word' id='word_1_548' title='bbox 1341 3608 1652 3666; x_wconf 83' lang='lat' dir='ltr'><strong><em>Exaltemus</em></strong></span> <span class='ocrx_word' id='word_1_549' title='bbox 1703 3626 1832 3681; x_wconf 86' lang='lat' dir='ltr'><strong><em>ergo</em></strong></span> <span class='ocrx_word' id='word_1_550' title='bbox 1874 3611 2165 3666; x_wconf 90' lang='lat' dir='ltr'><strong><em>Dominum</em></strong></span> <span class='ocrx_word' id='word_1_551' title='bbox 2346 3618 2614 3676; x_wconf 68' lang='lat' dir='ltr'><strong><em>ludicium</em></strong></span> <span class='ocrx_word' id='word_1_552' title='bbox 2632 3617 2748 3670; x_wconf 80' lang='lat' dir='ltr'><strong><em>sine</em></strong></span> <span class='ocrx_word' id='word_1_553' title='bbox 2776 3609 3134 3668; x_wconf 82' lang='lat' dir='ltr'><strong><em>misericordia</em></strong></span> <span class='ocrx_word' id='word_1_554' title='bbox 3163 3608 3229 3661; x_wconf 86' lang='lat' dir='ltr'><strong><em>iis</em></strong></span> <span class='ocrx_word' id='word_1_555' title='bbox 3259 3604 3337 3677; x_wconf 78' lang='lat' dir='ltr'><strong><em>qui</em></strong></span> <span class='ocrx_word' id='word_1_556' title='bbox 3354 3617 3452 3657; x_wconf 77' lang='lat' dir='ltr'><strong><em>non</em></strong></span> <span class='ocrx_word' id='word_1_557' title='bbox 3483 3598 3673 3670; x_wconf 80' lang='lat' dir='ltr'><strong><em>faciunt</em></strong></span> <span class='ocrx_word' id='word_1_558' title='bbox 3693 3595 3837 3648; x_wconf 82' lang='lat' dir='ltr'><strong><em>mise-</em></strong></span> 
     </span>
    </p>
   </div>
   <div class='ocr_carea' id='block_1_45' title="bbox 563 3685 3842 3786">
    <p class='ocr_par' dir='ltr' id='par_1_45' title="bbox 563 3685 3842 3780">
     <span class='ocr_line' id='line_1_46' title="bbox 563 3685 3842 3780; baseline 0.001 -30"><span class='ocrx_word' id='word_1_559' title='bbox 563 3693 733 3750; x_wconf 90' lang='lat' dir='ltr'><strong><em>Deum</em></strong></span> <span class='ocrx_word' id='word_1_560' title='bbox 765 3705 1009 3752; x_wconf 90' lang='lat' dir='ltr'><strong><em>nostrum</em></strong></span> <span class='ocrx_word' id='word_1_561' title='bbox 1050 3700 1101 3753; x_wconf 91' lang='lat' dir='ltr'><strong><em>in</em></strong></span> <span class='ocrx_word' id='word_1_562' title='bbox 1149 3699 1384 3756; x_wconf 88' lang='lat' dir='ltr'><strong><em>Christo.</em></strong></span> <span class='ocrx_word' id='word_1_563' title='bbox 1437 3701 1504 3756; x_wconf 86' lang='lat' dir='ltr'><strong><em>Et</em></strong></span> <span class='ocrx_word' id='word_1_564' title='bbox 1556 3703 1841 3759; x_wconf 88' lang='lat' dir='ltr'><strong><em>adoremus</em></strong></span> <span class='ocrx_word' id='word_1_565' title='bbox 1885 3705 1938 3759; x_wconf 88' lang='lat' dir='ltr'><strong><em>in</em></strong></span> <span class='ocrx_word' id='word_1_566' title='bbox 1978 3713 2168 3760; x_wconf 86' lang='lat' dir='ltr'><strong><em>monte</em></strong></span> <span class='ocrx_word' id='word_1_567' title='bbox 2275 3713 2560 3769; x_wconf 48' lang='lat' dir='ltr'><strong><em>ﬁcos-diam</em></strong></span> <span class='ocrx_word' id='word_1_568' title='bbox 2591 3707 2806 3780; x_wconf 82' lang='lat' dir='ltr'><strong><em>(Jerem.</em></strong></span> <span class='ocrx_word' id='word_1_569' title='bbox 2839 3706 2925 3775; x_wconf 79' lang='grc' dir='ltr'><strong><em>ιι),</em></strong></span> <span class='ocrx_word' id='word_1_570' title='bbox 2955 3696 3380 3757; x_wconf 84' lang='lat' dir='ltr'><strong><em>misericordiam</em></strong></span> <span class='ocrx_word' id='word_1_571' title='bbox 3409 3700 3583 3747; x_wconf 60' lang='lat' dir='ltr'><strong><em>ilqu</em></strong></span> <span class='ocrx_word' id='word_1_572' title='bbox 3599 3685 3842 3742; x_wconf 51' lang='lat' dir='ltr'><strong><em>ﬁdem“</em></strong></span> 
     </span>
    </p>
   </div>
   <div class='ocr_carea' id='block_1_46' title="bbox 562 3782 3847 3871">
    <p class='ocr_par' dir='ltr' id='par_1_46' title="bbox 562 3782 3847 3871">
     <span class='ocr_line' id='line_1_47' title="bbox 562 3782 3847 3871; baseline -0.005 -27"><span class='ocrx_word' id='word_1_573' title='bbox 562 3797 755 3844; x_wconf 84' lang='lat' dir='ltr'><strong><em>sancto</em></strong></span> <span class='ocrx_word' id='word_1_574' title='bbox 785 3789 919 3859; x_wconf 91' lang='lat' dir='ltr'><strong><em>ejus,</em></strong></span> <span class='ocrx_word' id='word_1_575' title='bbox 954 3790 1008 3845; x_wconf 94' lang='lat' dir='ltr'><strong><em>in</em></strong></span> <span class='ocrx_word' id='word_1_576' title='bbox 1037 3791 1357 3847; x_wconf 88' lang='lat' dir='ltr'><strong><em>celsitudine</em></strong></span> <span class='ocrx_word' id='word_1_577' title='bbox 1387 3790 1510 3848; x_wconf 86' lang='lat' dir='ltr'><strong><em>ﬁdei</em></strong></span> <span class='ocrx_word' id='word_1_578' title='bbox 1557 3793 1690 3864; x_wconf 86' lang='lat' dir='ltr'><strong><em>ejus,</em></strong></span> <span class='ocrx_word' id='word_1_579' title='bbox 1717 3812 1836 3866; x_wconf 77' lang='lat' dir='ltr'><strong><em>qua:</em></strong></span> <span class='ocrx_word' id='word_1_580' title='bbox 1883 3795 2168 3850; x_wconf 89' lang='lat' dir='ltr'><strong><em>altitudine</em></strong></span> <span class='ocrx_word' id='word_1_581' title='bbox 2275 3805 2514 3861; x_wconf 78' lang='lat' dir='ltr'><strong><em>evadunt</em></strong></span> <span class='ocrx_word' id='word_1_582' title='bbox 2537 3800 2820 3871; x_wconf 86' lang='lat' dir='ltr'><strong><em>judicium.</em></strong></span> <span class='ocrx_word' id='word_1_583' title='bbox 2850 3791 2969 3851; x_wconf 84' lang='lat' dir='ltr'><strong><em>Scis</em></strong></span> <span class='ocrx_word' id='word_1_584' title='bbox 2995 3807 3147 3862; x_wconf 90' lang='lat' dir='ltr'><strong><em>ergo,</em></strong></span> <span class='ocrx_word' id='word_1_585' title='bbox 3178 3807 3213 3847; x_wconf 87' lang='grc' dir='ltr'>ο</span> <span class='ocrx_word' id='word_1_586' title='bbox 3240 3790 3436 3852; x_wconf 83' lang='lat' dir='ltr'><strong><em>homo,</em></strong></span> <span class='ocrx_word' id='word_1_587' title='bbox 3465 3782 3604 3838; x_wconf 88' lang='lat' dir='ltr'><strong><em>unde</em></strong></span> <span class='ocrx_word' id='word_1_588' title='bbox 3641 3782 3847 3850; x_wconf 83' lang='lat' dir='ltr'><strong><em>ponaris</em></strong></span> 
     </span>
    </p>
   </div>
   <div class='ocr_carea' id='block_1_47' title="bbox 562 3871 3845 3965">
    <p class='ocr_par' dir='ltr' id='par_1_47' title="bbox 562 3871 3845 3965">
     <span class='ocr_line' id='line_1_48' title="bbox 562 3871 3845 3965; baseline -0.009 -11"><span class='ocrx_word' id='word_1_589' title='bbox 562 3895 660 3938; x_wconf 68' lang='lat' dir='ltr'><strong><em>sua</em></strong></span> <span class='ocrx_word' id='word_1_590' title='bbox 684 3882 852 3937; x_wconf 73' lang='lat' dir='ltr'><strong><em>nubes</em></strong></span> <span class='ocrx_word' id='word_1_591' title='bbox 880 3892 1146 3953; x_wconf 67' lang='grc' dir='ltr'><strong><em>ῐιθηθενθῐν</em></strong></span> <span class='ocrx_word' id='word_1_592' title='bbox 1181 3882 1308 3939; x_wconf 75' lang='lat' dir='ltr'><strong><em>dum</em></strong></span> <span class='ocrx_word' id='word_1_593' title='bbox 1337 3885 1605 3942; x_wconf 65' lang='lat' dir='ltr'><strong><em>credimus</em></strong></span> <span class='ocrx_word' id='word_1_594' title='bbox 1652 3889 1906 3956; x_wconf 68' lang='lat' dir='ltr'><strong><em>quoniam</em></strong></span> <span class='ocrx_word' id='word_1_595' title='bbox 1940 3889 2054 3958; x_wconf 73' lang='lat' dir='ltr'><strong><em>ipse</em></strong></span> <span class='ocrx_word' id='word_1_596' title='bbox 2082 3897 2171 3944; x_wconf 72' lang='grc' dir='ltr'><strong><em>εει</em></strong></span> <span class='ocrx_word' id='word_1_597' title='bbox 2274 3900 2333 3956; x_wconf 88' lang='lat' dir='ltr'><strong><em>in</em></strong></span> <span class='ocrx_word' id='word_1_598' title='bbox 2351 3901 2628 3955; x_wconf 78' lang='lat' dir='ltr'><strong><em>dexteram</em></strong></span> <span class='ocrx_word' id='word_1_599' title='bbox 2655 3890 2925 3965; x_wconf 76' lang='lat' dir='ltr'><strong><em>pastoris?</em></strong></span> <span class='ocrx_word' id='word_1_600' title='bbox 2944 3888 3053 3944; x_wconf 90' lang='lat' dir='ltr'><strong><em>Fac</em></strong></span> <span class='ocrx_word' id='word_1_601' title='bbox 3066 3880 3492 3942; x_wconf 83' lang='lat' dir='ltr'><strong><em>misericordiam</em></strong></span> <span class='ocrx_word' id='word_1_602' title='bbox 3519 3883 3573 3932; x_wconf 91' lang='lat' dir='ltr'><strong><em>et</em></strong></span> <span class='ocrx_word' id='word_1_603' title='bbox 3588 3871 3845 3944; x_wconf 86' lang='lat' dir='ltr'><strong><em>judicium,</em></strong></span> 
     </span>
    </p>
   </div>
   <div class='ocr_carea' id='block_1_48' title="bbox 563 3963 3842 4058">
    <p class='ocr_par' dir='ltr' id='par_1_48' title="bbox 563 3963 3842 4058">
     <span class='ocr_line' id='line_1_49' title="bbox 563 3963 3842 4058; baseline -0.008 -30"><span class='ocrx_word' id='word_1_604' title='bbox 563 3971 823 4029; x_wconf 88' lang='lat' dir='ltr'><strong><em>Dominus</em></strong></span> <span class='ocrx_word' id='word_1_605' title='bbox 849 3974 992 4032; x_wconf 88' lang='lat' dir='ltr'><strong><em>Deus</em></strong></span> <span class='ocrx_word' id='word_1_606' title='bbox 1025 3985 1227 4043; x_wconf 88' lang='lat' dir='ltr'><strong><em>noster,</em></strong></span> <span class='ocrx_word' id='word_1_607' title='bbox 1268 3977 1355 4033; x_wconf 93' lang='lat' dir='ltr'><strong><em>cui</em></strong></span> <span class='ocrx_word' id='word_1_608' title='bbox 1400 3978 1571 4048; x_wconf 83' lang='lat' dir='ltr'><strong><em>gloria</em></strong></span> <span class='ocrx_word' id='word_1_609' title='bbox 1620 3978 1673 4034; x_wconf 89' lang='lat' dir='ltr'><strong><em>in</em></strong></span> <span class='ocrx_word' id='word_1_610' title='bbox 1719 3981 1912 4036; x_wconf 57' lang='lat' dir='ltr'><strong><em>ssecula</em></strong></span> <span class='ocrx_word' id='word_1_611' title='bbox 1940 3980 2167 4036; x_wconf 61' lang='lat' dir='ltr'><strong><em>saeculo-</em></strong></span> <span class='ocrx_word' id='word_1_612' title='bbox 2274 4006 2501 4048; x_wconf 59' lang='lat' dir='ltr'><strong><em>securus</em></strong></span> <span class='ocrx_word' id='word_1_613' title='bbox 2529 3963 2828 4058; x_wconf 50' lang='grc' dir='ltr'><strong><em>διερέοιεε,</em></strong></span> <span class='ocrx_word' id='word_1_614' title='bbox 2860 3983 2977 4038; x_wconf 73' lang='lat' dir='ltr'><strong><em>Non</em></strong></span> <span class='ocrx_word' id='word_1_615' title='bbox 3027 3979 3171 4035; x_wconf 71' lang='lat' dir='ltr'><strong><em>enim</em></strong></span> <span class='ocrx_word' id='word_1_616' title='bbox 3211 3975 3344 4032; x_wconf 53' lang='lat' dir='ltr'><strong><em>dicit</em></strong></span> <span class='ocrx_word' id='word_1_617' title='bbox 3377 3969 3590 4043; x_wconf 46' lang='lat' dir='ltr'><strong><em>iniustis</em></strong></span> <span class='ocrx_word' id='word_1_618' title='bbox 3628 3965 3693 4021; x_wconf 70' lang='lat' dir='ltr'><strong>ad</strong></span> <span class='ocrx_word' id='word_1_619' title='bbox 3731 3963 3842 4019; x_wconf 69' lang='lat' dir='ltr'><strong><em>sini.</em></strong></span> 
     </span>
    </p>
   </div>
   <div class='ocr_carea' id='block_1_49' title="bbox 564 4055 2164 4153">
    <p class='ocr_par' dir='ltr' id='par_1_49' title="bbox 564 4068 1612 4153">
     <span class='ocr_line' id='line_1_50' title="bbox 564 4068 1612 4153; baseline 0.031 -32"><span class='ocrx_word' id='word_1_620' title='bbox 564 4077 704 4127; x_wconf 82' lang='lat' dir='ltr'><strong><em>rum.</em></strong></span> <span class='ocrx_word' id='word_1_621' title='bbox 737 4068 926 4122; x_wconf 89' lang='lat' dir='ltr'><strong><em>Amen.</em></strong></span> <span class='ocrx_word' id='word_1_622' title='bbox 1095 4138 1172 4153; x_wconf 55' lang='grc' dir='ltr'>Μ</span> <span class='ocrx_word' id='word_1_623' title='bbox 1194 4137 1210 4153; x_wconf 43' lang='grc' dir='ltr'><strong>Δ</strong></span> <span class='ocrx_word' id='word_1_624' title='bbox 1228 4138 1249 4153; x_wconf 68' lang='grc'>,</span> <span class='ocrx_word' id='word_1_625' title='bbox 1272 4137 1409 4153; x_wconf 63' lang='lat' dir='ltr'><strong><em>mm</em></strong></span> <span class='ocrx_word' id='word_1_626' title='bbox 1449 4139 1612 4153; x_wconf 65' lang='lat' dir='ltr'><strong><em>.m...</em></strong></span> 
     </span>
    </p>
   </div>
   <div class='ocr_carea' id='block_1_50' title="bbox 2278 4055 3839 4153">
    <p class='ocr_par' dir='ltr' id='par_1_50' title="bbox 2278 4055 3839 4153">
     <span class='ocr_line' id='line_1_51' title="bbox 2278 4055 3839 4153; baseline -0.021 -11"><span class='ocrx_word' id='word_1_627' title='bbox 2278 4095 2443 4142; x_wconf 80' lang='lat' dir='ltr'><strong><em>stram</em></strong></span> <span class='ocrx_word' id='word_1_628' title='bbox 2467 4055 2658 4153; x_wconf 79' lang='lat' dir='ltr'><strong><em>positis</em></strong></span> <span class='ocrx_word' id='word_1_629' title='bbox 2688 4099 2700 4133; x_wconf 91' lang='lat'>:</span> <span class='ocrx_word' id='word_1_630' title='bbox 2735 4079 2817 4133; x_wconf 84' lang='lat' dir='ltr'><strong><em>Ite</em></strong></span> <span class='ocrx_word' id='word_1_631' title='bbox 2844 4078 2900 4132; x_wconf 89' lang='lat' dir='ltr'><strong><em>in</em></strong></span> <span class='ocrx_word' id='word_1_632' title='bbox 2943 4077 3118 4146; x_wconf 86' lang='lat' dir='ltr'><strong><em>ignem</em></strong></span> <span class='ocrx_word' id='word_1_633' title='bbox 3145 4081 3418 4133; x_wconf 69' lang='lat' dir='ltr'><strong><em>teter-num,</em></strong></span> <span class='ocrx_word' id='word_1_634' title='bbox 3467 4063 3592 4134; x_wconf 84' lang='lat' dir='ltr'><strong><em>quia</em></strong></span> <span class='ocrx_word' id='word_1_635' title='bbox 3626 4055 3839 4153; x_wconf 68' lang='lat' dir='ltr'><strong><em>mentiti,</em></strong></span> 
     </span>
    </p>
   </div>
   <div class='ocr_carea' id='block_1_51' title="bbox 928 4137 3839 4251">
    <p class='ocr_par' dir='ltr' id='par_1_51' title="bbox 928 4137 3839 4251">
     <span class='ocr_line' id='line_1_52' title="bbox 928 4137 3839 4251; baseline -0.006 -17"><span class='ocrx_word' id='word_1_636' title='bbox 928 4190 940 4211; x_wconf 54' lang='grc' dir='ltr'><strong><em>’λ</em></strong></span> <span class='ocrx_word' id='word_1_637' title='bbox 1686 4249 1701 4251; x_wconf 98' lang='lat'>_</span> <span class='ocrx_word' id='word_1_638' title='bbox 2427 4137 2692 4240; x_wconf 72' lang='lat' dir='ltr'><strong><em>fornicati,</em></strong></span> <span class='ocrx_word' id='word_1_639' title='bbox 2716 4173 2842 4243; x_wconf 89' lang='lat' dir='ltr'><strong><em>quia</em></strong></span> <span class='ocrx_word' id='word_1_640' title='bbox 2863 4137 3073 4226; x_wconf 75' lang='lat' dir='ltr'><strong><em>diversa</em></strong></span> <span class='ocrx_word' id='word_1_641' title='bbox 3097 4165 3337 4222; x_wconf 85' lang='lat' dir='ltr'><strong><em>lacinora</em></strong></span> <span class='ocrx_word' id='word_1_642' title='bbox 3365 4153 3734 4217; x_wconf 78' lang='lat' dir='ltr'><strong><em>commisistis;</em></strong></span> 
     </span>
    </p>
   </div>
   <div class='ocr_carea' id='block_1_52' title="bbox 993 4228 3838 4343">
    <p class='ocr_par' dir='ltr' id='par_1_52' title="bbox 993 4228 3838 4343">
     <span class='ocr_line' id='line_1_53' title="bbox 993 4228 3838 4343; baseline -0.003 -24"><span class='ocrx_word' id='word_1_643' title='bbox 993 4228 1245 4284; x_wconf 18' lang='lat' dir='ltr'><strong><em>lpsalmus</em></strong></span> <span class='ocrx_word' id='word_1_644' title='bbox 1282 4249 1336 4285; x_wconf 55' lang='lat' dir='ltr'><strong><em>In</em></strong></span> <span class='ocrx_word' id='word_1_645' title='bbox 1366 4231 1726 4287; x_wconf 63' lang='lat' dir='ltr'><strong><em>confessmne‘</em></strong></span> <span class='ocrx_word' id='word_1_646' title='bbox 2275 4228 2404 4343; x_wconf 48' lang='lat' dir='ltr'><strong><em>auia</em></strong></span> <span class='ocrx_word' id='word_1_647' title='bbox 2438 4290 2450 4323; x_wconf 91' lang='lat'><strong>:</strong></span> <span class='ocrx_word' id='word_1_648' title='bbox 2486 4268 2715 4332; x_wconf 77' lang='lat' dir='ltr'><strong><em>Es‘urivi,</em></strong></span> <span class='ocrx_word' id='word_1_649' title='bbox 2734 4228 2796 4320; x_wconf 47' lang='lat' dir='ltr'><strong><em>let</em></strong></span> <span class='ocrx_word' id='word_1_650' title='bbox 2824 4280 2931 4319; x_wconf 81' lang='lat' dir='ltr'><strong><em>non</em></strong></span> <span class='ocrx_word' id='word_1_651' title='bbox 2971 4260 3186 4316; x_wconf 78' lang='lat' dir='ltr'><strong><em>dedistis</em></strong></span> <span class='ocrx_word' id='word_1_652' title='bbox 3207 4256 3336 4312; x_wconf 83' lang='lat' dir='ltr'><strong><em>mihi</em></strong></span> <span class='ocrx_word' id='word_1_653' title='bbox 3358 4251 3704 4310; x_wconf 80' lang='lat' dir='ltr'><strong><em>manducare;</em></strong></span> <span class='ocrx_word' id='word_1_654' title='bbox 3728 4241 3838 4298; x_wconf 63' lang='grc' dir='ltr'><strong><em>είάνί</em></strong></span> 
     </span>
    </p>
   </div>
   <div class='ocr_carea' id='block_1_53' title="bbox 640 4339 2164 4433">
    <p class='ocr_par' dir='ltr' id='par_1_53' title="bbox 640 4363 2162 4432">
     <span class='ocr_line' id='line_1_54' title="bbox 640 4363 2162 4432; baseline 0.004 -14"><span class='ocrx_word' id='word_1_655' title='bbox 640 4363 870 4420; x_wconf 82' lang='lat' dir='ltr'><strong><em>Jubilate</em></strong></span> <span class='ocrx_word' id='word_1_656' title='bbox 899 4364 1029 4432; x_wconf 91' lang='lat' dir='ltr'><strong><em>Deo,</em></strong></span> <span class='ocrx_word' id='word_1_657' title='bbox 1071 4369 1240 4422; x_wconf 84' lang='lat' dir='ltr'><strong><em>omnis</em></strong></span> <span class='ocrx_word' id='word_1_658' title='bbox 1273 4376 1441 4432; x_wconf 86' lang='lat' dir='ltr'><strong><em>terra,</em></strong></span> <span class='ocrx_word' id='word_1_659' title='bbox 1472 4368 1654 4422; x_wconf 80' lang='lat' dir='ltr'><strong><em>seruite</em></strong></span> <span class='ocrx_word' id='word_1_660' title='bbox 1681 4365 1906 4422; x_wconf 87' lang='lat' dir='ltr'><strong><em>Domino</em></strong></span> <span class='ocrx_word' id='word_1_661' title='bbox 1942 4371 1999 4423; x_wconf 89' lang='lat' dir='ltr'><strong><em>in</em></strong></span> <span class='ocrx_word' id='word_1_662' title='bbox 2025 4370 2162 4424; x_wconf 67' lang='lat' dir='ltr'><strong><em>loeti-</em></strong></span> 
     </span>
    </p>
   </div>
   <div class='ocr_carea' id='block_1_54' title="bbox 2278 4339 3836 4433">
    <p class='ocr_par' dir='ltr' id='par_1_54' title="bbox 2278 4339 3836 4433">
     <span class='ocr_line' id='line_1_55' title="bbox 2278 4339 3836 4433; baseline -0.016 -13"><span class='ocrx_word' id='word_1_663' title='bbox 2278 4339 2329 4420; x_wconf 64' lang='grc' dir='ltr'><strong><em>ἐι</em></strong></span> <span class='ocrx_word' id='word_1_664' title='bbox 2355 4380 2461 4418; x_wconf 86' lang='lat' dir='ltr'><strong><em>non</em></strong></span> <span class='ocrx_word' id='word_1_665' title='bbox 2491 4361 2712 4433; x_wconf 76' lang='lat' dir='ltr'><strong><em>putastis</em></strong></span> <span class='ocrx_word' id='word_1_666' title='bbox 2737 4374 2852 4422; x_wconf 87' lang='lat' dir='ltr'><strong><em>me;</em></strong></span> <span class='ocrx_word' id='word_1_667' title='bbox 2878 4339 3197 4426; x_wconf 70' lang='lat' dir='ltr'><strong><em>peregrinus,</em></strong></span> <span class='ocrx_word' id='word_1_668' title='bbox 3227 4357 3276 4402; x_wconf 89' lang='lat' dir='ltr'><strong><em>et</em></strong></span> <span class='ocrx_word' id='word_1_669' title='bbox 3305 4363 3411 4402; x_wconf 87' lang='lat' dir='ltr'><strong><em>non</em></strong></span> <span class='ocrx_word' id='word_1_670' title='bbox 3446 4339 3728 4412; x_wconf 80' lang='lat' dir='ltr'><strong><em>suscepistis</em></strong></span> <span class='ocrx_word' id='word_1_671' title='bbox 3743 4347 3836 4395; x_wconf 76' lang='lat' dir='ltr'><strong><em>nte;</em></strong></span> 
     </span>
    </p>
   </div>
   <div class='ocr_carea' id='block_1_55' title="bbox 568 4434 3834 4534">
    <p class='ocr_par' dir='ltr' id='par_1_55' title="bbox 568 4434 3834 4534">
     <span class='ocr_line' id='line_1_56' title="bbox 568 4434 3834 4534; baseline -0.005 -21"><span class='ocrx_word' id='word_1_672' title='bbox 568 4460 665 4513; x_wconf 83' lang='lat' dir='ltr'><strong><em>tia.</em></strong></span> <span class='ocrx_word' id='word_1_673' title='bbox 707 4458 930 4514; x_wconf 86' lang='lat' dir='ltr'><strong><em>Introile</em></strong></span> <span class='ocrx_word' id='word_1_674' title='bbox 953 4461 1010 4514; x_wconf 81' lang='lat' dir='ltr'><strong><em>in</em></strong></span> <span class='ocrx_word' id='word_1_675' title='bbox 1039 4469 1312 4531; x_wconf 83' lang='lat' dir='ltr'><strong><em>conspectu</em></strong></span> <span class='ocrx_word' id='word_1_676' title='bbox 1337 4462 1449 4532; x_wconf 86' lang='lat' dir='ltr'><strong><em>ejus</em></strong></span> <span class='ocrx_word' id='word_1_677' title='bbox 1485 4462 1542 4515; x_wconf 84' lang='lat' dir='ltr'><strong><em>in</em></strong></span> <span class='ocrx_word' id='word_1_678' title='bbox 1570 4463 1932 4517; x_wconf 70' lang='lat' dir='ltr'><strong><em>exsultatione.</em></strong></span> <span class='ocrx_word' id='word_1_679' title='bbox 1967 4463 2163 4521; x_wconf 82' lang='lat' dir='ltr'><strong><em>Scitote</em></strong></span> <span class='ocrx_word' id='word_1_680' title='bbox 2191 4440 2242 4501; x_wconf 80' lang='lat' dir='ltr'><strong><em>D</em></strong></span> <span class='ocrx_word' id='word_1_681' title='bbox 2269 4458 2536 4528; x_wconf 66' lang='lat' dir='ltr'><strong><em>inﬁrmus,</em></strong></span> <span class='ocrx_word' id='word_1_682' title='bbox 2565 4462 2612 4508; x_wconf 85' lang='lat' dir='ltr'><strong><em>el</em></strong></span> <span class='ocrx_word' id='word_1_683' title='bbox 2643 4470 2746 4507; x_wconf 78' lang='lat' dir='ltr'><strong><em>non</em></strong></span> <span class='ocrx_word' id='word_1_684' title='bbox 2777 4449 3021 4506; x_wconf 83' lang='lat' dir='ltr'><strong><em>visitastis</em></strong></span> <span class='ocrx_word' id='word_1_685' title='bbox 3042 4463 3123 4501; x_wconf 86' lang='lat' dir='ltr'><strong><em>me</em></strong></span> <span class='ocrx_word' id='word_1_686' title='bbox 3151 4442 3365 4534; x_wconf 74' lang='lat' dir='ltr'><strong><em>(Matth.</em></strong></span> <span class='ocrx_word' id='word_1_687' title='bbox 3398 4440 3572 4534; x_wconf 51' lang='grc' dir='ltr'><strong><em>ξκν).</em></strong></span> <span class='ocrx_word' id='word_1_688' title='bbox 3593 4434 3710 4534; x_wconf 50' lang='lat' dir='ltr'><strong><em>Clin}</em></strong></span> <span class='ocrx_word' id='word_1_689' title='bbox 3725 4439 3834 4494; x_wconf 71' lang='grc' dir='ltr'><strong><em>ετεο</em></strong></span> 
     </span>
    </p>
   </div>
   <div class='ocr_carea' id='block_1_56' title="bbox 567 4530 3837 4630">
    <p class='ocr_par' dir='ltr' id='par_1_56' title="bbox 567 4530 3837 4630">
     <span class='ocr_line' id='line_1_57' title="bbox 567 4530 3837 4630; baseline 0.001 -23"><span class='ocrx_word' id='word_1_690' title='bbox 567 4553 813 4624; x_wconf 83' lang='lat' dir='ltr'><strong><em>quoniam</em></strong></span> <span class='ocrx_word' id='word_1_691' title='bbox 839 4551 1092 4607; x_wconf 84' lang='lat' dir='ltr'><strong><em>Dominus</em></strong></span> <span class='ocrx_word' id='word_1_692' title='bbox 1119 4530 1228 4623; x_wconf 81' lang='lat' dir='ltr'><strong><em>ipse</em></strong></span> <span class='ocrx_word' id='word_1_693' title='bbox 1254 4563 1331 4608; x_wconf 87' lang='lat' dir='ltr'><strong><em>est</em></strong></span> <span class='ocrx_word' id='word_1_694' title='bbox 1356 4530 1528 4619; x_wconf 85' lang='lat' dir='ltr'><strong><em>Deus;</em></strong></span> <span class='ocrx_word' id='word_1_695' title='bbox 1559 4556 1668 4626; x_wconf 86' lang='lat' dir='ltr'><strong><em>ipse</em></strong></span> <span class='ocrx_word' id='word_1_696' title='bbox 1695 4557 1818 4627; x_wconf 76' lang='lat' dir='ltr'><strong><em>fecit</em></strong></span> <span class='ocrx_word' id='word_1_697' title='bbox 1843 4573 1956 4622; x_wconf 85' lang='lat' dir='ltr'><strong><em>nos,</em></strong></span> <span class='ocrx_word' id='word_1_698' title='bbox 1979 4567 2030 4611; x_wconf 87' lang='lat' dir='ltr'><strong><em>et</em></strong></span> <span class='ocrx_word' id='word_1_699' title='bbox 2057 4575 2160 4612; x_wconf 92' lang='lat' dir='ltr'><strong><em>non</em></strong></span> <span class='ocrx_word' id='word_1_700' title='bbox 2273 4547 2415 4617; x_wconf 71' lang='grc' dir='ltr'><strong><em>ἰεηίε</em></strong></span> <span class='ocrx_word' id='word_1_701' title='bbox 2436 4544 2751 4600; x_wconf 67' lang='lat' dir='ltr'><strong><em>criminibus</em></strong></span> <span class='ocrx_word' id='word_1_702' title='bbox 2778 4541 3063 4604; x_wconf 62' lang='lat' dir='ltr'><strong><em>debeam&quot;,</em></strong></span> <span class='ocrx_word' id='word_1_703' title='bbox 3090 4551 3186 4592; x_wconf 75' lang='grc' dir='ltr'><strong><em>θυι·</em></strong></span> <span class='ocrx_word' id='word_1_704' title='bbox 3212 4530 3532 4592; x_wconf 59' lang='lat' dir='ltr'><strong><em>criminibus</em></strong></span> <span class='ocrx_word' id='word_1_705' title='bbox 3561 4543 3665 4630; x_wconf 50' lang='lat' dir='ltr'><strong><em>&quot;OE</em></strong></span> <span class='ocrx_word' id='word_1_706' title='bbox 3691 4530 3837 4590; x_wconf 50' lang='lat' dir='ltr'><strong><em>imp“-</em></strong></span> 
     </span>
    </p>
   </div>
   <div class='ocr_carea' id='block_1_57' title="bbox 565 4619 3838 4719">
    <p class='ocr_par' dir='ltr' id='par_1_57' title="bbox 565 4619 3838 4719">
     <span class='ocr_line' id='line_1_58' title="bbox 565 4619 3838 4719; baseline -0.013 -19"><span class='ocrx_word' id='word_1_707' title='bbox 565 4645 672 4717; x_wconf 80' lang='lat' dir='ltr'><strong><em>s&#39;psi</em></strong></span> <span class='ocrx_word' id='word_1_708' title='bbox 710 4661 826 4702; x_wconf 89' lang='lat' dir='ltr'><strong><em>nos.</em></strong></span> <span class='ocrx_word' id='word_1_709' title='bbox 855 4643 1090 4716; x_wconf 85' lang='lat' dir='ltr'><strong><em>Populus</em></strong></span> <span class='ocrx_word' id='word_1_710' title='bbox 1135 4645 1247 4715; x_wconf 84' lang='lat' dir='ltr'><strong><em>ejus</em></strong></span> <span class='ocrx_word' id='word_1_711' title='bbox 1287 4655 1336 4700; x_wconf 91' lang='lat' dir='ltr'><strong><em>et</em></strong></span> <span class='ocrx_word' id='word_1_712' title='bbox 1360 4662 1475 4701; x_wconf 81' lang='lat' dir='ltr'><strong><em>oves</em></strong></span> <span class='ocrx_word' id='word_1_713' title='bbox 1521 4619 1729 4718; x_wconf 74' lang='lat' dir='ltr'><strong><em>pascua:</em></strong></span> <span class='ocrx_word' id='word_1_714' title='bbox 1769 4648 1910 4719; x_wconf 86' lang='lat' dir='ltr'><strong><em>ejus,</em></strong></span> <span class='ocrx_word' id='word_1_715' title='bbox 1943 4619 2164 4704; x_wconf 74' lang='lat' dir='ltr'><strong><em>introire</em></strong></span> <span class='ocrx_word' id='word_1_716' title='bbox 2273 4647 2420 4696; x_wconf 86' lang='lat' dir='ltr'><strong><em>tetur</em></strong></span> <span class='ocrx_word' id='word_1_717' title='bbox 2449 4635 2769 4707; x_wconf 88' lang='lat' dir='ltr'><strong><em>supplicium</em></strong></span> <span class='ocrx_word' id='word_1_718' title='bbox 2805 4647 2913 4701; x_wconf 89' lang='lat' dir='ltr'><strong><em>quo</em></strong></span> <span class='ocrx_word' id='word_1_719' title='bbox 2954 4630 3179 4685; x_wconf 89' lang='lat' dir='ltr'><strong><em>crimina</em></strong></span> <span class='ocrx_word' id='word_1_720' title='bbox 3206 4641 3304 4698; x_wconf 91' lang='lat' dir='ltr'><strong><em>per</em></strong></span> <span class='ocrx_word' id='word_1_721' title='bbox 3333 4619 3838 4719; x_wconf 42' lang='lat' dir='ltr'><strong><em>misericordiam-rq—</em></strong></span> 
     </span>
    </p>
   </div>
   <div class='ocr_carea' id='block_1_58' title="bbox 565 4701 2164 4817">
    <p class='ocr_par' dir='ltr' id='par_1_58' title="bbox 565 4739 2164 4813">
     <span class='ocr_line' id='line_1_59' title="bbox 565 4739 2164 4813; baseline 0.003 -21"><span class='ocrx_word' id='word_1_722' title='bbox 565 4748 746 4811; x_wconf 69' lang='grc' dir='ltr'><strong><em>φοι-ωε</em></strong></span> <span class='ocrx_word' id='word_1_723' title='bbox 766 4739 878 4809; x_wconf 75' lang='lat' dir='ltr'><strong><em>ejus</em></strong></span> <span class='ocrx_word' id='word_1_724' title='bbox 906 4740 962 4796; x_wconf 87' lang='lat' dir='ltr'><strong><em>in</em></strong></span> <span class='ocrx_word' id='word_1_725' title='bbox 991 4740 1334 4810; x_wconf 80' lang='lat' dir='ltr'><strong><em>confessione,</em></strong></span> <span class='ocrx_word' id='word_1_726' title='bbox 1367 4741 1504 4794; x_wconf 84' lang='lat' dir='ltr'><strong><em>atria</em></strong></span> <span class='ocrx_word' id='word_1_727' title='bbox 1531 4741 1645 4812; x_wconf 87' lang='lat' dir='ltr'><strong><em>ejus</em></strong></span> <span class='ocrx_word' id='word_1_728' title='bbox 1663 4742 1719 4794; x_wconf 87' lang='lat' dir='ltr'><strong><em>in</em></strong></span> <span class='ocrx_word' id='word_1_729' title='bbox 1747 4741 1971 4813; x_wconf 80' lang='lat' dir='ltr'><strong><em>hymnis,</em></strong></span> <span class='ocrx_word' id='word_1_730' title='bbox 1996 4743 2164 4813; x_wconf 77' lang='lat' dir='ltr'><strong><em>conﬁ-</em></strong></span> 
     </span>
    </p>
   </div>
   <div class='ocr_carea' id='block_1_59' title="bbox 2278 4701 3840 4817">
    <p class='ocr_par' dir='ltr' id='par_1_59' title="bbox 2278 4701 3840 4817">
     <span class='ocr_line' id='line_1_60' title="bbox 2278 4701 3840 4817; baseline -0.016 -32"><span class='ocrx_word' id='word_1_731' title='bbox 2278 4701 2587 4784; x_wconf 69' lang='lat' dir='ltr'><strong><em>mittantur:</em></strong></span> <span class='ocrx_word' id='word_1_732' title='bbox 2615 4724 2695 4778; x_wconf 84' lang='lat' dir='ltr'><strong><em>Ite</em></strong></span> <span class='ocrx_word' id='word_1_733' title='bbox 2715 4738 2864 4792; x_wconf 88' lang='lat' dir='ltr'><strong><em>ergo,</em></strong></span> <span class='ocrx_word' id='word_1_734' title='bbox 2886 4720 3080 4789; x_wconf 89' lang='lat' dir='ltr'><strong><em>inquit,</em></strong></span> <span class='ocrx_word' id='word_1_735' title='bbox 3104 4720 3158 4772; x_wconf 91' lang='lat' dir='ltr'><strong><em>in</em></strong></span> <span class='ocrx_word' id='word_1_736' title='bbox 3186 4718 3361 4789; x_wconf 87' lang='lat' dir='ltr'><strong><em>ignem</em></strong></span> <span class='ocrx_word' id='word_1_737' title='bbox 3389 4724 3642 4769; x_wconf 75' lang='lat' dir='ltr'><strong><em>wternum</em></strong></span> <span class='ocrx_word' id='word_1_738' title='bbox 3662 4701 3840 4817; x_wconf 43' lang='lat' dir='ltr'><strong><em>(Ibid),</em></strong></span> 
     </span>
    </p>
   </div>
   <div class='ocr_carea' id='block_1_60' title="bbox 568 4797 2164 4907">
    <p class='ocr_par' dir='ltr' id='par_1_60' title="bbox 568 4797 2164 4905">
     <span class='ocr_line' id='line_1_61' title="bbox 568 4797 2164 4905; baseline 0.001 -19"><span class='ocrx_word' id='word_1_739' title='bbox 568 4833 748 4886; x_wconf 89' lang='lat' dir='ltr'><strong><em>temini</em></strong></span> <span class='ocrx_word' id='word_1_740' title='bbox 775 4833 872 4890; x_wconf 86' lang='lat' dir='ltr'><strong><em>illi.</em></strong></span> <span class='ocrx_word' id='word_1_741' title='bbox 907 4831 1146 4892; x_wconf 72' lang='lat' dir='ltr'><strong><em>Laudato</em></strong></span> <span class='ocrx_word' id='word_1_742' title='bbox 1188 4849 1374 4888; x_wconf 81' lang='lat' dir='ltr'><strong><em>nomen</em></strong></span> <span class='ocrx_word' id='word_1_743' title='bbox 1409 4834 1523 4904; x_wconf 86' lang='lat' dir='ltr'><strong><em>ejus</em></strong></span> <span class='ocrx_word' id='word_1_744' title='bbox 1591 4797 1837 4905; x_wconf 62' lang='lat' dir='ltr'><strong><em>quoniam</em></strong></span> <span class='ocrx_word' id='word_1_745' title='bbox 1881 4797 2050 4890; x_wconf 76' lang='lat' dir='ltr'><strong><em>suavis</em></strong></span> <span class='ocrx_word' id='word_1_746' title='bbox 2085 4797 2164 4890; x_wconf 74' lang='lat' dir='ltr'><strong><em>est</em></strong></span> 
     </span>
    </p>
   </div>
   <div class='ocr_carea' id='block_1_61' title="bbox 2278 4797 3844 4907">
    <p class='ocr_par' dir='ltr' id='par_1_61' title="bbox 2278 4797 3844 4907">
     <span class='ocr_line' id='line_1_62' title="bbox 2278 4797 3844 4907; baseline -0.017 -29"><span class='ocrx_word' id='word_1_747' title='bbox 2278 4821 2405 4892; x_wconf 83' lang='lat' dir='ltr'><strong><em>quia</em></strong></span> <span class='ocrx_word' id='word_1_748' title='bbox 2426 4818 2568 4875; x_wconf 90' lang='lat' dir='ltr'><strong><em>unde</em></strong></span> <span class='ocrx_word' id='word_1_749' title='bbox 2612 4817 2750 4886; x_wconf 83' lang='lat' dir='ltr'><strong><em>ignis</em></strong></span> <span class='ocrx_word' id='word_1_750' title='bbox 2777 4811 3137 4880; x_wconf 74' lang='lat' dir='ltr'><strong><em>exstinguitur</em></strong></span> <span class='ocrx_word' id='word_1_751' title='bbox 3180 4805 3606 4907; x_wconf 73' lang='lat' dir='ltr'><strong><em>contempsistis.</em></strong></span> <span class='ocrx_word' id='word_1_752' title='bbox 3643 4797 3844 4907; x_wconf 49' lang='lat' dir='ltr'><strong><em>Audistis</em></strong></span> 
     </span>
    </p>
   </div>
   <div class='ocr_carea' id='block_1_62' title="bbox 565 4885 3842 5000">
    <p class='ocr_par' dir='ltr' id='par_1_62' title="bbox 565 4885 3842 5000">
     <span class='ocr_line' id='line_1_63' title="bbox 565 4885 3842 5000; baseline -0.006 -20"><span class='ocrx_word' id='word_1_753' title='bbox 565 4921 857 4990; x_wconf 86' lang='lat' dir='ltr'><strong><em>Dominus,</em></strong></span> <span class='ocrx_word' id='word_1_754' title='bbox 887 4925 942 4978; x_wconf 87' lang='lat' dir='ltr'><strong><em>in</em></strong></span> <span class='ocrx_word' id='word_1_755' title='bbox 973 4935 1220 4988; x_wconf 61' lang='lat' dir='ltr'><strong><em>internum</em></strong></span> <span class='ocrx_word' id='word_1_756' title='bbox 1264 4885 1620 4980; x_wconf 47' lang='lat' dir='ltr'><strong><em>miseriiordid</em></strong></span> <span class='ocrx_word' id='word_1_757' title='bbox 1665 4928 1797 4998; x_wconf 83' lang='lat' dir='ltr'><strong><em>ejus,</em></strong></span> <span class='ocrx_word' id='word_1_758' title='bbox 1829 4935 1878 4981; x_wconf 92' lang='lat' dir='ltr'><strong><em>et</em></strong></span> <span class='ocrx_word' id='word_1_759' title='bbox 1925 4944 2080 5000; x_wconf 85' lang='lat' dir='ltr'><strong><em>usque</em></strong></span> <span class='ocrx_word' id='word_1_760' title='bbox 2107 4929 2166 4982; x_wconf 89' lang='lat' dir='ltr'><strong><em>in</em></strong></span> <span class='ocrx_word' id='word_1_761' title='bbox 2275 4914 2422 4970; x_wconf 69' lang='lat' dir='ltr'><strong><em>enim</em></strong></span> <span class='ocrx_word' id='word_1_762' title='bbox 2437 4905 2880 4981; x_wconf 67' lang='grc' dir='ltr'><strong><em>Βενίβίυηιιίίιιοά</em></strong></span> <span class='ocrx_word' id='word_1_763' title='bbox 2899 4904 3225 5000; x_wconf 53' lang='grc' dir='ltr'><strong><em>είεεηῗοθξθηα</em></strong></span> <span class='ocrx_word' id='word_1_764' title='bbox 3249 4905 3507 5000; x_wconf 56' lang='grc' dir='ltr'><strong><em>αιρςσοαξο</em></strong></span> <span class='ocrx_word' id='word_1_765' title='bbox 3523 4885 3842 5000; x_wconf 44' lang='grc' dir='ltr'><strong><em>Μέσατοξ·</em></strong></span> 
     </span>
    </p>
   </div>
   <div class='ocr_carea' id='block_1_63' title="bbox 567 4986 3846 5090">
    <p class='ocr_par' dir='ltr' id='par_1_63' title="bbox 567 4986 3846 5090">
     <span class='ocr_line' id='line_1_64' title="bbox 567 4986 3846 5090; baseline -0.009 -19"><span class='ocrx_word' id='word_1_766' title='bbox 567 4986 951 5090; x_wconf 82' lang='lat' dir='ltr'><strong><em>generationem</em></strong></span> <span class='ocrx_word' id='word_1_767' title='bbox 977 5026 1026 5070; x_wconf 90' lang='lat' dir='ltr'><strong><em>et</em></strong></span> <span class='ocrx_word' id='word_1_768' title='bbox 1053 4986 1432 5088; x_wconf 88' lang='lat' dir='ltr'><strong><em>generationem</em></strong></span> <span class='ocrx_word' id='word_1_769' title='bbox 1459 5019 1645 5082; x_wconf 84' lang='lat' dir='ltr'><strong><em>veritas</em></strong></span> <span class='ocrx_word' id='word_1_770' title='bbox 1669 4986 1801 5090; x_wconf 47' lang='lat' dir='ltr'><strong><em>ejus;</em></strong></span> <span class='ocrx_word' id='word_1_771' title='bbox 1999 4986 2010 5000; x_wconf 61' lang='grc'><strong>’</strong></span> <span class='ocrx_word' id='word_1_772' title='bbox 2276 5008 2404 5079; x_wconf 78' lang='lat' dir='ltr'><strong><em>xu).</em></strong></span> <span class='ocrx_word' id='word_1_773' title='bbox 2441 5003 2677 5059; x_wconf 83' lang='lat' dir='ltr'><strong><em>Audistis</em></strong></span> <span class='ocrx_word' id='word_1_774' title='bbox 2704 5000 2826 5072; x_wconf 85' lang='lat' dir='ltr'><strong><em>quia</em></strong></span> <span class='ocrx_word' id='word_1_775' title='bbox 2867 4999 3008 5054; x_wconf 89' lang='lat' dir='ltr'><strong><em>sicut</em></strong></span> <span class='ocrx_word' id='word_1_776' title='bbox 3035 4995 3172 5064; x_wconf 88' lang='lat' dir='ltr'><strong><em>ignis</em></strong></span> <span class='ocrx_word' id='word_1_777' title='bbox 3197 4989 3574 5090; x_wconf 71' lang='lat' dir='ltr'><strong><em>exstinguitur</em></strong></span> <span class='ocrx_word' id='word_1_778' title='bbox 3609 4986 3677 5090; x_wconf 65' lang='lat' dir='ltr'><strong><em>ab</em></strong></span> <span class='ocrx_word' id='word_1_779' title='bbox 3711 4992 3846 5049; x_wconf 66' lang='lat' dir='ltr'><strong><em>aqua.</em></strong></span> 
     </span>
    </p>
   </div>
   <div class='ocr_carea' id='block_1_64' title="bbox 2277 5075 3853 5164">
    <p class='ocr_par' dir='ltr' id='par_1_64' title="bbox 2277 5075 3853 5164">
     <span class='ocr_line' id='line_1_65' title="bbox 2277 5075 3853 5164; baseline -0.017 -11"><span class='ocrx_word' id='word_1_780' title='bbox 2277 5100 2353 5154; x_wconf 88' lang='lat' dir='ltr'><strong><em>ita</em></strong></span> <span class='ocrx_word' id='word_1_781' title='bbox 2365 5075 2442 5153; x_wconf 77' lang='lat' dir='ltr'><strong><em>ab</em></strong></span> <span class='ocrx_word' id='word_1_782' title='bbox 2470 5096 2814 5164; x_wconf 88' lang='lat' dir='ltr'><strong><em>eleemosyna</em></strong></span> <span class='ocrx_word' id='word_1_783' title='bbox 2835 5090 3100 5147; x_wconf 89' lang='lat' dir='ltr'><strong><em>tolluntur</em></strong></span> <span class='ocrx_word' id='word_1_784' title='bbox 3120 5085 3369 5158; x_wconf 86' lang='lat' dir='ltr'><strong><em>universa</em></strong></span> <span class='ocrx_word' id='word_1_785' title='bbox 3381 5089 3629 5151; x_wconf 88' lang='lat' dir='ltr'><strong><em>peccata.</em></strong></span> <span class='ocrx_word' id='word_1_786' title='bbox 3649 5075 3727 5131; x_wconf 88' lang='lat' dir='ltr'><strong><em>Ite</em></strong></span> <span class='ocrx_word' id='word_1_787' title='bbox 3744 5085 3853 5138; x_wconf 74' lang='lat' dir='ltr'><strong><em>ergo</em></strong></span> 
     </span>
    </p>
   </div>
   <div class='ocr_carea' id='block_1_65' title="bbox 1857 5167 3857 5260">
    <p class='ocr_par' dir='ltr' id='par_1_65' title="bbox 1857 5167 3857 5260">
     <span class='ocr_line' id='line_1_66' title="bbox 1857 5167 3857 5260; baseline -0.018 -7"><span class='ocrx_word' id='word_1_788' title='bbox 1857 5253 1859 5255; x_wconf 76' lang='grc'><strong><em>,</em></strong></span> <span class='ocrx_word' id='word_1_789' title='bbox 2276 5191 2336 5245; x_wconf 88' lang='lat' dir='ltr'><strong><em>in</em></strong></span> <span class='ocrx_word' id='word_1_790' title='bbox 2357 5192 2557 5260; x_wconf 86' lang='lat' dir='ltr'><strong><em>ignem,</em></strong></span> <span class='ocrx_word' id='word_1_791' title='bbox 2580 5188 2705 5258; x_wconf 87' lang='lat' dir='ltr'><strong><em>quia</em></strong></span> <span class='ocrx_word' id='word_1_792' title='bbox 2733 5187 2916 5242; x_wconf 85' lang='lat' dir='ltr'><strong><em>vivere</em></strong></span> <span class='ocrx_word' id='word_1_793' title='bbox 2941 5197 3067 5238; x_wconf 87' lang='lat' dir='ltr'><strong><em>eum</em></strong></span> <span class='ocrx_word' id='word_1_794' title='bbox 3093 5178 3248 5235; x_wconf 87' lang='lat' dir='ltr'><strong><em>vobis</em></strong></span> <span class='ocrx_word' id='word_1_795' title='bbox 3272 5191 3371 5230; x_wconf 87' lang='lat' dir='ltr'><strong><em>vos</em></strong></span> <span class='ocrx_word' id='word_1_796' title='bbox 3394 5172 3622 5229; x_wconf 77' lang='lat' dir='ltr'><strong><em>fecistis.</em></strong></span> <span class='ocrx_word' id='word_1_797' title='bbox 3656 5167 3764 5237; x_wconf 85' lang='lat' dir='ltr'><strong><em>Ego</em></strong></span> <span class='ocrx_word' id='word_1_798' title='bbox 3783 5178 3857 5216; x_wconf 70' lang='lat' dir='ltr'><strong><em>au~</em></strong></span> 
     </span>
    </p>
   </div>
   <div class='ocr_carea' id='block_1_66' title="bbox 642 5267 3857 5361">
    <p class='ocr_par' dir='ltr' id='par_1_66' title="bbox 642 5267 3857 5361">
     <span class='ocr_line' id='line_1_67' title="bbox 642 5267 3857 5361; baseline -0.008 -16"><span class='ocrx_word' id='word_1_799' title='bbox 642 5285 832 5345; x_wconf 82' lang='lat' dir='ltr'><strong><em>Omnis</em></strong></span> <span class='ocrx_word' id='word_1_800' title='bbox 859 5294 1004 5343; x_wconf 85' lang='lat' dir='ltr'><strong><em>terra</em></strong></span> <span class='ocrx_word' id='word_1_801' title='bbox 1026 5283 1494 5354; x_wconf 75' lang='lat' dir='ltr'><strong><em>adjubilationem</em></strong></span> <span class='ocrx_word' id='word_1_802' title='bbox 1507 5283 1782 5346; x_wconf 89' lang='lat' dir='ltr'><strong><em>invitatur,</em></strong></span> <span class='ocrx_word' id='word_1_803' title='bbox 1816 5290 1875 5338; x_wconf 87' lang='lat' dir='ltr'><strong><em>ut</em></strong></span> <span class='ocrx_word' id='word_1_804' title='bbox 1902 5282 2020 5339; x_wconf 89' lang='lat' dir='ltr'><strong><em>sine</em></strong></span> <span class='ocrx_word' id='word_1_805' title='bbox 2039 5297 2166 5353; x_wconf 88' lang='lat' dir='ltr'><strong><em>per-</em></strong></span> <span class='ocrx_word' id='word_1_806' title='bbox 2278 5293 2392 5341; x_wconf 89' lang='lat' dir='ltr'><strong><em>tem</em></strong></span> <span class='ocrx_word' id='word_1_807' title='bbox 2421 5280 2848 5338; x_wconf 85' lang='lat' dir='ltr'><strong><em>misericordiam</em></strong></span> <span class='ocrx_word' id='word_1_808' title='bbox 2894 5276 3047 5332; x_wconf 88' lang='lat' dir='ltr'><strong><em>vobis</em></strong></span> <span class='ocrx_word' id='word_1_809' title='bbox 3094 5286 3258 5342; x_wconf 85' lang='lat' dir='ltr'><strong><em>super</em></strong></span> <span class='ocrx_word' id='word_1_810' title='bbox 3301 5267 3498 5361; x_wconf 76' lang='lat' dir='ltr'><strong><em>faciem</em></strong></span> <span class='ocrx_word' id='word_1_811' title='bbox 3525 5273 3714 5327; x_wconf 71' lang='lat' dir='ltr'><strong><em>teme,</em></strong></span> <span class='ocrx_word' id='word_1_812' title='bbox 3750 5269 3857 5361; x_wconf 58' lang='grc' dir='ltr'><strong><em>ξιωξι</em></strong></span> 
     </span>
    </p>
   </div>
   <div class='ocr_carea' id='block_1_67' title="bbox 565 5357 3862 5458">
    <p class='ocr_par' dir='ltr' id='par_1_67' title="bbox 565 5357 3862 5458">
     <span class='ocr_line' id='line_1_68' title="bbox 565 5357 3862 5458; baseline -0.008 -16"><span class='ocrx_word' id='word_1_813' title='bbox 565 5399 828 5444; x_wconf 65' lang='lat' dir='ltr'><strong><em>nonarum</em></strong></span> <span class='ocrx_word' id='word_1_814' title='bbox 847 5381 1163 5454; x_wconf 86' lang='lat' dir='ltr'><strong><em>acceptione</em></strong></span> <span class='ocrx_word' id='word_1_815' title='bbox 1182 5381 1383 5437; x_wconf 89' lang='lat' dir='ltr'><strong><em>sciatur</em></strong></span> <span class='ocrx_word' id='word_1_816' title='bbox 1395 5394 1515 5436; x_wconf 88' lang='lat' dir='ltr'><strong><em>esse</em></strong></span> <span class='ocrx_word' id='word_1_817' title='bbox 1532 5378 1746 5435; x_wconf 88' lang='lat' dir='ltr'><strong><em>vocatio</em></strong></span> <span class='ocrx_word' id='word_1_818' title='bbox 1766 5396 1777 5430; x_wconf 93' lang='lat'><strong>:</strong></span> <span class='ocrx_word' id='word_1_819' title='bbox 1794 5377 1974 5435; x_wconf 84' lang='lat' dir='ltr'><strong><em>Venite</em></strong></span> <span class='ocrx_word' id='word_1_820' title='bbox 1985 5393 2168 5433; x_wconf 81' lang='lat' dir='ltr'><strong><em>omnes</em></strong></span> <span class='ocrx_word' id='word_1_821' title='bbox 2273 5377 2481 5450; x_wconf 87' lang='lat' dir='ltr'><strong><em>judicio</em></strong></span> <span class='ocrx_word' id='word_1_822' title='bbox 2509 5375 2612 5427; x_wconf 79' lang='lat' dir='ltr'><strong><em>feci</em></strong></span> <span class='ocrx_word' id='word_1_823' title='bbox 2631 5370 2859 5434; x_wconf 86' lang='lat' dir='ltr'><strong><em>cantari,</em></strong></span> <span class='ocrx_word' id='word_1_824' title='bbox 2883 5375 2941 5422; x_wconf 88' lang='lat' dir='ltr'><strong><em>ut</em></strong></span> <span class='ocrx_word' id='word_1_825' title='bbox 2969 5367 3061 5421; x_wconf 84' lang='lat' dir='ltr'><strong><em>ille</em></strong></span> <span class='ocrx_word' id='word_1_826' title='bbox 3083 5361 3346 5435; x_wconf 86' lang='lat' dir='ltr'><strong><em>judicium</em></strong></span> <span class='ocrx_word' id='word_1_827' title='bbox 3366 5357 3646 5458; x_wconf 77' lang='lat' dir='ltr'><strong><em>evaderet,</em></strong></span> <span class='ocrx_word' id='word_1_828' title='bbox 3781 5362 3862 5401; x_wconf 63' lang='grc' dir='ltr'><strong><em>ωη</em></strong></span> 
     </span>
    </p>
   </div>
   <div class='ocr_carea' id='block_1_68' title="bbox 568 5443 3862 5550">
    <p class='ocr_par' dir='ltr' id='par_1_68' title="bbox 568 5443 3862 5550">
     <span class='ocr_line' id='line_1_69' title="bbox 568 5443 3862 5550; baseline -0.011 -18"><span class='ocrx_word' id='word_1_829' title='bbox 568 5479 659 5550; x_wconf 83' lang='lat' dir='ltr'><strong><em>qui</em></strong></span> <span class='ocrx_word' id='word_1_830' title='bbox 683 5476 951 5544; x_wconf 87' lang='lat' dir='ltr'><strong><em>laboratis,</em></strong></span> <span class='ocrx_word' id='word_1_831' title='bbox 976 5443 1038 5537; x_wconf 39' lang='lat' dir='ltr'><strong><em>et,</em></strong></span> <span class='ocrx_word' id='word_1_832' title='bbox 1075 5475 1280 5530; x_wconf 88' lang='lat' dir='ltr'><strong><em>onerati</em></strong></span> <span class='ocrx_word' id='word_1_833' title='bbox 1326 5474 1456 5528; x_wconf 78' lang='lat' dir='ltr'><strong><em>estis</em></strong></span> <span class='ocrx_word' id='word_1_834' title='bbox 1471 5472 1497 5542; x_wconf 80' lang='lat'><strong><em>‘(</em></strong></span> <span class='ocrx_word' id='word_1_835' title='bbox 1516 5469 1706 5524; x_wconf 80' lang='lat' dir='ltr'><strong><em>Matth.</em></strong></span> <span class='ocrx_word' id='word_1_836' title='bbox 1741 5468 1851 5540; x_wconf 66' lang='lat' dir='ltr'><strong><em>xu),</em></strong></span> <span class='ocrx_word' id='word_1_837' title='bbox 1883 5477 1938 5524; x_wconf 88' lang='lat' dir='ltr'><strong><em>et</em></strong></span> <span class='ocrx_word' id='word_1_838' title='bbox 1967 5469 2168 5523; x_wconf 82' lang='lat' dir='ltr'><strong><em>intrate</em></strong></span> <span class='ocrx_word' id='word_1_839' title='bbox 2275 5443 2635 5524; x_wconf 65' lang='lat' dir='ltr'><strong><em>sericordiam</em></strong></span> <span class='ocrx_word' id='word_1_840' title='bbox 2674 5476 2787 5532; x_wconf 77' lang='lat' dir='ltr'><strong><em>non</em></strong></span> <span class='ocrx_word' id='word_1_841' title='bbox 2813 5464 3055 5527; x_wconf 88' lang='lat' dir='ltr'><strong><em>negaret.</em></strong></span> <span class='ocrx_word' id='word_1_842' title='bbox 3091 5453 3322 5509; x_wconf 87' lang='lat' dir='ltr'><strong><em>Psallam</em></strong></span> <span class='ocrx_word' id='word_1_843' title='bbox 3349 5455 3560 5550; x_wconf 64' lang='lat' dir='ltr'><strong><em>ergoet</em></strong></span> 
     </span>
    </p>
   </div>
   <div class='ocr_carea' id='block_1_69' title="bbox 571 5525 3866 5638">
    <p class='ocr_par' dir='ltr' id='par_1_69' title="bbox 571 5525 3866 5638">
     <span class='ocr_line' id='line_1_70' title="bbox 571 5525 3866 5638; baseline -0.011 -15"><span class='ocrx_word' id='word_1_844' title='bbox 571 5525 630 5623; x_wconf 66' lang='lat' dir='ltr'><strong><em>in</em></strong></span> <span class='ocrx_word' id='word_1_845' title='bbox 658 5525 951 5638; x_wconf 64' lang='lat' dir='ltr'><strong><em>conspecti;</em></strong></span> <span class='ocrx_word' id='word_1_846' title='bbox 972 5535 1092 5638; x_wconf 86' lang='lat' dir='ltr'><strong><em>ejus</em></strong></span> <span class='ocrx_word' id='word_1_847' title='bbox 1127 5567 1182 5620; x_wconf 88' lang='lat' dir='ltr'><strong><em>in</em></strong></span> <span class='ocrx_word' id='word_1_848' title='bbox 1211 5525 1591 5621; x_wconf 65' lang='lat' dir='ltr'><strong><em>exsultati&#39;bne.</em></strong></span> <span class='ocrx_word' id='word_1_849' title='bbox 1631 5525 1850 5614; x_wconf 67' lang='lat' dir='ltr'><strong><em>Scitote</em></strong></span> <span class='ocrx_word' id='word_1_850' title='bbox 1873 5557 2167 5630; x_wconf 87' lang='lat' dir='ltr'><strong><em>quodDo—</em></strong></span> <span class='ocrx_word' id='word_1_851' title='bbox 2284 5559 2341 5613; x_wconf 90' lang='lat' dir='ltr'><strong><em>in</em></strong></span> <span class='ocrx_word' id='word_1_852' title='bbox 2368 5557 2456 5610; x_wconf 86' lang='lat' dir='ltr'><strong><em>via</em></strong></span> <span class='ocrx_word' id='word_1_853' title='bbox 2483 5527 2858 5614; x_wconf 81' lang='lat' dir='ltr'><strong><em>immaculata,</em></strong></span> <span class='ocrx_word' id='word_1_854' title='bbox 2892 5525 2967 5604; x_wconf 13' lang='lat' dir='ltr'><strong><em>ﬁet</em></strong></span> <span class='ocrx_word' id='word_1_855' title='bbox 3003 5546 3302 5614; x_wconf 81' lang='lat' dir='ltr'><strong><em>intelligam</em></strong></span> <span class='ocrx_word' id='word_1_856' title='bbox 3327 5538 3547 5638; x_wconf 79' lang='lat' dir='ltr'><strong><em>quando</em></strong></span> <span class='ocrx_word' id='word_1_857' title='bbox 3585 5535 3774 5638; x_wconf 37' lang='lat' dir='ltr'><strong><em>venies.</em></strong></span> <span class='ocrx_word' id='word_1_858' title='bbox 3802 5525 3866 5582; x_wconf 70' lang='lat' dir='ltr'><strong><em>ad-</em></strong></span> 
     </span>
    </p>
   </div>
   <div class='ocr_carea' id='block_1_70' title="bbox 2280 5630 3871 5716">
    <p class='ocr_par' dir='ltr' id='par_1_70' title="bbox 2280 5630 3871 5716">
     <span class='ocr_line' id='line_1_71' title="bbox 2280 5630 3871 5716; baseline -0.018 -11"><span class='ocrx_word' id='word_1_859' title='bbox 2280 5665 2391 5716; x_wconf 84' lang='lat' dir='ltr'><strong><em>me,</em></strong></span> <span class='ocrx_word' id='word_1_860' title='bbox 2425 5656 2481 5702; x_wconf 91' lang='lat' dir='ltr'><strong><em>ut</em></strong></span> <span class='ocrx_word' id='word_1_861' title='bbox 2509 5647 2553 5702; x_wconf 90' lang='lat' dir='ltr'><strong><em>si</em></strong></span> <span class='ocrx_word' id='word_1_862' title='bbox 2577 5643 2844 5714; x_wconf 87' lang='lat' dir='ltr'><strong><em>hospitem</em></strong></span> <span class='ocrx_word' id='word_1_863' title='bbox 2876 5650 2930 5698; x_wconf 86' lang='lat' dir='ltr'><strong><em>te</em></strong></span> <span class='ocrx_word' id='word_1_864' title='bbox 2963 5640 3173 5706; x_wconf 85' lang='lat' dir='ltr'><strong><em>videro,</em></strong></span> <span class='ocrx_word' id='word_1_865' title='bbox 3203 5633 3522 5706; x_wconf 75' lang='lat' dir='ltr'><strong><em>suseipiam;</em></strong></span> <span class='ocrx_word' id='word_1_866' title='bbox 3553 5630 3602 5687; x_wconf 86' lang='lat' dir='ltr'><strong><em>si</em></strong></span> <span class='ocrx_word' id='word_1_867' title='bbox 3641 5630 3871 5694; x_wconf 39' lang='lat' dir='ltr'><strong><em>esuriens</em></strong></span> 
     </span>
    </p>
   </div>
   <div class='ocr_carea' id='block_1_71' title="bbox 2850 3489 3291 3534">
    <p class='ocr_par' dir='ltr' id='par_1_71' title="bbox 2850 3489 3291 3534">
     <span class='ocr_line' id='line_1_72' title="bbox 2850 3489 3291 3534; baseline -0.018 0"><span class='ocrx_word' id='word_1_868' title='bbox 2850 3489 3291 3534; x_wconf 64' lang='lat' dir='ltr'><strong><em>COMMENTARICM.</em></strong></span> 
     </span>
    </p>
   </div>
   <div class='ocr_carea' id='block_1_72' title="bbox 1152 5166 1585 5206">
    <p class='ocr_par' dir='ltr' id='par_1_72' title="bbox 1152 5166 1585 5206">
     <span class='ocr_line' id='line_1_73' title="bbox 1152 5166 1585 5206; baseline -0.002 -1"><span class='ocrx_word' id='word_1_869' title='bbox 1152 5166 1585 5206; x_wconf 65' lang='lat' dir='ltr'><strong><em>COMMENTARIUM.</em></strong></span> 
     </span>
    </p>
   </div>
   <div class='ocr_carea' id='block_1_73' title="bbox 574 5641 2167 5740">
    <p class='ocr_par' dir='ltr' id='par_1_73' title="bbox 574 5641 2167 5740">
     <span class='ocr_line' id='line_1_74' title="bbox 574 5641 2167 5740; baseline -0.008 -20"><span class='ocrx_word' id='word_1_870' title='bbox 574 5660 756 5720; x_wconf 76' lang='lat' dir='ltr'><strong><em>minus</em></strong></span> <span class='ocrx_word' id='word_1_871' title='bbox 783 5659 938 5718; x_wconf 78' lang='lat' dir='ltr'><strong><em>Jesus</em></strong></span> <span class='ocrx_word' id='word_1_872' title='bbox 981 5660 1228 5717; x_wconf 85' lang='lat' dir='ltr'><strong><em>Christus</em></strong></span> <span class='ocrx_word' id='word_1_873' title='bbox 1274 5641 1497 5740; x_wconf 72' lang='lat' dir='ltr'><strong><em>nonest</em></strong></span> <span class='ocrx_word' id='word_1_874' title='bbox 1523 5654 1660 5711; x_wconf 87' lang='lat' dir='ltr'><strong><em>alius</em></strong></span> <span class='ocrx_word' id='word_1_875' title='bbox 1704 5666 1868 5721; x_wconf 86' lang='lat' dir='ltr'><strong><em>quam</em></strong></span> <span class='ocrx_word' id='word_1_876' title='bbox 1907 5651 2000 5720; x_wconf 85' lang='lat' dir='ltr'><strong><em>qui</em></strong></span> <span class='ocrx_word' id='word_1_877' title='bbox 2038 5667 2167 5708; x_wconf 87' lang='lat' dir='ltr'><strong><em>cum</em></strong></span> 
     </span>
    </p>
   </div>
  </div>
