4088 6346
209 344 306 408 ιϐθ

1231 344 1703 406 COMMENTARII
1739 346 1808 403 IN
1847 344 2179 406 PSALMOS.
2223 348 2414 405 PSAL.
2456 348 2542 404 Cl.

3394 350 3499 417 470

208 476 328 530 tem,
379 462 635 519 reﬁciant.
680 460 979 533 intelligam
1021 461 1238 532 quando
1264 464 1467 530 venies,
1511 479 1579 519 ne
1606 469 1791 534 putem
1820 466 1870 527 Λ
1897 460 2130 531 Domini,
2152 473 2202 518 et
2231 463 2435 518 laudem
2464 465 2575 535 ejus
2615 466 2669 519 in
2711 459 3022 520 Jerusalem.
3059 462 3125 520 In
3147 468 3498 526 convenientia

205 556 625 628 qualumunque
651 553 1376 622 hominem,etreeusem.8i
1403 555 1546 611 enim
1575 570 1790 628 peram-
1888 554 2108 629 populos
2136 555 2194 610 in
2230 570 2420 622 unum,
2450 565 2501 608 et
2526 572 2700 639 reges,
2749 564 2805 611 ut
2844 559 3068 613 serviant
3116 556 3361 616 Domino.
3396 558 3499 615 Re-

204 649 381 706 bulen
404 649 461 703 in
490 647 798 704 innocentia
844 646 1025 704 cordis
1070 648 1197 715 mei,
1227 663 1335 703 non
1384 663 1631 720 propono
1666 656 1794 703 ante

203 738 389 795 oculos
434 753 585 794 meos
632 752 745 794 rem
790 738 1062 808 injustam.
1106 738 1369 810 iniustum
1415 746 1499 795 est
1544 738 1688 795 enim
1735 747 1794 794 ut

203 833 438 889 consorti
484 839 690 888 naturae
735 848 847 890 non
890 833 1180 901 misereae,
1234 833 1289 889 in
1341 848 1451 903 quo
1499 832 1790 899 inhabitas,

201 924 427 980 Christe.
460 924 569 981 Sed
610 932 666 980 et
707 924 969 983 facientes
1001 926 1503 998 pravaricatiouem
1540 926 1667 983 odio
1689 926 1791 982 ha-

200 1017 374 1081 beam.
406 1031 515 1085 non
535 1015 811 1077 adhueat
838 1016 969 1077 mihi
997 1033 1094 1075 eor
1119 1034 1364 1090 pravum.
1386 1017 1731 1075 Declinantes
1759 1034 1791 1073 a

200 1120 277 1163 me
308 1107 578 1177 matiam
604 1123 714 1167 non
742 1122 1085 1177 cognoscam,
1113 1109 1368 1181 loquaces
1395 1108 1637 1166 occultos
1663 1124 1791 1181 ροτ-
1830 1162 1835 1165 .

199 1212 417 1269 sequar,
461 1213 585 1257 cum
631 1198 881 1269 superbis
922 1207 979 1256 et
1004 1199 1199 1257 invidis
1237 1216 1349 1256 oon
1374 1200 1787 1257 communicem.

198 1288 303 1351 Sed
344 1290 624 1355 Sittium“
669 1291 778 1353 mei
826 1292 1201 1363 superﬁdeles
1242 1293 1546 1363 tersa,qui
1593 1300 1792 1351 terram

197 1384 441 1455 corporis
461 1384 547 1443 sui
574 1382 807 1443 ﬁdeliter
830 1393 1068 1451 servant,
1092 1394 1154 1441 ut
1191 1385 1281 1441 isti
1305 1384 1531 1442 sedeant
1556 1398 1789 1445 meum.

195 1476 495 1536 ωυιωε
518 1484 699 1535 autent
719 1478 775 1534 in
794 1478 882 1533 via
903 1477 1245 1535 itumacuiata
1265 1478 1355 1535 hic
1373 1478 1507 1535 mihi
1525 1478 1788 1535 minister.

195 1567 317 1631 Ναιι
344 1583 587 1640 1mm
614 1568 684 1625 ab
710 1567 796 1625 his
822 1567 1023 1639 aliquid
1052 1569 1311 1641 consequi
1337 1571 1431 1642 qui
1459 1570 1797 1641 reprehensi-

194 1659 375 1720 bil'aee
394 1660 587 1719 vivunt
605 1660 661 1716 ia
685 1660 848 1717 domo
874 1676 1015 1716 mea.
1049 1660 1167 1718 Non
1196 1662 1459 1718 inhabitet
1482 1662 1793 1734 superbiam

193 1748 418 1819 faciens,
440 1749 498 1807 id
521 1759 627 1816 est,
659 1751 713 1807 in
735 1750 899 1808 domo
919 1752 1166 1823 corporis
1192 1753 1301 1808 mei
1331 1768 1440 1809 non
1462 1753 1670 1809 habitet
1691 1753 1795 1808 ini-

1894 648 2106 723 spondit
2124 648 2172 703 ei
2197 648 2253 703 in
2275 648 2360 703 via
2390 648 2593 703 virtutis
2622 648 3112 720 suat:Paucitatem
3133 652 3331 717 dierum

1893 720 2010 794 rum
2060 741 2245 794 nuntia
2269 739 2415 794 mihi.
2467 736 2552 794 Ne
2588 755 2790 797 revoces
2823 760 2904 797 me
2950 746 3006 799 in
3044 745 3260 815 dimidio
3299 720 3503 819 dierum

1893 849 2146 900 meorum,
2164 834 2217 888 in
2232 834 2569 907 generatione
2578 842 2627 889 et
2643 837 3024 906 generationem
3046 840 3173 909 anni
3200 840 3292 909 tui,
3314 838 3501 921 Initio,

1898 931 1971 991 tu,
2003 923 2246 1004 Domine,
2275 935 2465 981 terram
2487 925 2741 1003 fundasti,
2769 936 2820 982 et
2839 944 2996 1001 Opera
3019 948 3268 999 manuum
3296 942 3501 997 tuarum

1893 1025 2015 1070 sunt
2043 1017 2174 1075 cali.
2211 1015 2323 1091 Ipsi
2344 1016 2601 1095 peribunt,
2636 1028 2689 1085 tu
2724 1029 2895 1075 autem
2929 1038 3227 1093 permanes,
3253 1035 3304 1083 et
3322 1042 3501 1087 omnes

1894 1108 2028 1162 sicut
2056 1108 2411 1164 uestimentum
2426 1119 2760 1166 veterascent.
2798 1109 2866 1165 Et
2892 1112 3025 1175 sicut
3047 1117 3365 1185 opertorium
3386 1132 3501 1171 mu-

1898 1200 2031 1257 tabis
2057 1219 2143 1258 eos
2171 1211 2220 1257 et
2240 1202 2598 1275 mutabuntur,
2622 1211 2679 1258 tu
2706 1212 2881 1271 autem
2906 1205 3042 1263 idem
3071 1208 3183 1278 ipse
3207 1224 3281 1273 es,
3305 1218 3355 1273 et
3374 1208 3501 1264 arani

1900 1295 1973 1349 tui
1997 1311 2102 1352 non
2131 1294 2397 1369 deﬁcient.
2421 1293 2549 1353 Filii
2578 1312 2841 1357 servorum
2863 1305 3068 1365 tuorum
3096 1296 3427 1366 habitabant,
3451 1306 3500 1359 et

1896 1404 2069 1444 semen
2098 1406 2275 1445 eorum
2294 1388 2348 1447 in
2376 1388 2621 1446 sceculum
2650 1388 2922 1465 dirigetur.

2473 1536 2913 1581 ωΙΙΙΙτΔΙΙΙῘΙ.

1972 1653 2228 1725 Legimus
2292 1656 2587 1713 clamorem
2637 1654 3000 1713 Sodomorum
3065 1654 3369 1717 ascendisse
3428 1653 3498 1719 ad

1899 1750 2090 1819 Deum,
2123 1759 2180 1805 et
2206 1749 2281 1806 ita
2310 1750 2529 1806 demum
2571 1750 2863 1822 sulphureo
2888 1764 2983 1815 eos
3010 1749 3180 1819 illlbre
3205 1754 3497 1807 crematos.

192 1842 388 1909 nibus,
434 1844 529 1912 qui
556 1843 747 1901 suadet
783 1845 1054 1901 contemni
1075 1844 1383 1903 Dominum.
1405 1845 1542 1915 Quia
1566 1846 1681 1903 luee
1707 1856 1793 1903 est
1818 1855 1871 1920 Β
1897 1841 2052 1899 Prius
2071 1857 2204 1913 ergo
2229 1858 2392 1914 quam
2422 1843 2490 1900 ad
2510 1842 2698 1900 ﬂetum
2721 1851 2777 1900 et
2803 1841 2870 1898 ad
2886 1842 3152 1915 jejunium
3179 1858 3278 1923 pro
3304 1856 3496 1919 pecca-

192 1932 347 1993 ndi:
393 1935 677 2006 superbia.
709 1932 815 1993 Sed
856 1938 910 1992 in
948 1938 1230 1997 matutinis
1261 1936 1581 1995 interficiam
1604 1955 1794 1996 omnes

192 2034 510 2096 peceatores
558 2034 735 2095 terra,
779 2028 831 2085 id
879 2037 983 2096 est,
1019 2029 1075 2084 in
1106 2029 1224 2101 ipso
1271 2038 1397 2087 ortu
1443 2045 1544 2086 suo
1569 2038 1794 2101 peccata

189 2116 426 2173 orientia
446 2117 786 2187 interﬁeiam,
809 2127 866 2176 et
892 2121 1076 2177 vivere
1099 2136 1209 2177 non
1228 2122 1403 2177 sinam
1420 2136 1544 2177 cum
1565 2129 1795 2192 pereant

188 2208 262 2266 de
285 2210 510 2267 civitate
527 2210 766 2267 Domini.
796 2211 1001 2267 Civitas
1025 2211 1242 2270 Domini
1273 2213 1452 2268 an'ema
1477 2221 1663 2269 nostra
1690 2224 1792 2280 est,

187 2300 246 2356 in
264 2316 377 2372 qua
396 2302 605 2358 habitat
624 2317 723 2358 rex
750 2310 809 2358 et
848 2304 1042 2370 sancti,
1078 2303 1261 2374 apices
1281 2304 1432 2361 cives
1456 2302 1574 2372 Dei,
1606 2305 1699 2375 qui
1728 2321 1795 2362 ex

185 2395 315 2466 ipso
340 2398 472 2453 nati.
522 2396 661 2454 Cum
689 2413 823 2467 ergo
851 2408 1149 2456 nascuntur
1188 2408 1537 2471 peccatorum
1590 2402 1795 2472 cogita-

187 2487 377 2543 tiones
398 2488 457 2545 in
483 2489 683 2556 annua,
714 2504 841 2545 mox
872 2498 929 2545 ut
957 2499 1098 2547 nate
1124 2490 1323 2547 fuerint
1361 2493 1690 2550 occidantur.
1726 2492 1793 2549 Et

184 2584 431 2648 pereant
449 2577 518 2634 de
536 2579 755 2635 civitate
776 2578 992 2637 Domini
1014 2596 1202 2638 omnes
1229 2584 1321 2655 qui
1357 2593 1651 2655 operantur
1689 2585 1787 2641 ini-

184 2668 479 2739 quitatem,
513 2678 572 2726 ut
594 2670 667 2726 sit
693 2670 951 2728 Dominus
972 2673 1025 2728 in
1053 2674 1271 2730 civitate
1296 2689 1395 2730 sua
1423 2676 1785 2748 requiescens,

181 2774 321 2815 cu-
363 2763 511 2818 omni
552 2764 812 2819 comitatu
832 2764 1110 2826 virtutum.
1139 2767 1223 2822 cui
1270 2767 1439 2838 gloria
1487 2768 1543 2823 in
1590 2769 1785 2825 saecula

178 2851 530 2911 saeclorum.
556 2852 746 2911 Amcn.

771 2942 1087 3004 PSALMUS
1124 2946 1212 3005 Cl.

177 3030 377 3090 Oratio
418 3036 672 3108 pauperis
710 3052 836 3108 cum
880 3040 1216 3106 anxiaretur,
1246 3047 1302 3098 et
1328 3055 1515 3097 coram
1555 3041 1788 3098 Domino

667 3106 856 3167 alludit
882 3124 1102 3181 precem
1128 3126 1300 3171 suam.

1900 1934 1971 1990 tis
1996 1933 2197 1990 nostris
2241 1934 2479 1989 animum
2507 1943 2907 2003 convertamus,
2939 1949 3049 1997 non
3076 1933 3372 2001 audeamus
3418 1932 3496 1988 di.

1898 2042 2045 2093 cere,
2064 2024 2284 2083 Clamor
2310 2043 2465 2084 mens
2493 2027 2561 2083 ad
2592 2036 2643 2083 te
2672 2028 2971 2099 perveniat.
3003 2024 3082 2085 Ne
3125 2024 3266 2085 forte
3292 2040 3403 2087 non
3431 2024 3502 2083 sit

1899 2118 2025 2174 talis
2044 2118 2269 2191 clamor,
2292 2120 2386 2191 qui
2407 2120 2830 2177 misericordiam
2849 2129 3230 2191 consequatur.
3261 2118 3337 2175 Ne
3362 2119 3499 2174 forte

1900 2210 1969 2265 sit
1996 2210 2052 2265 in
2080 2226 2149 2266 eo
2177 2211 2285 2277 ira,
2319 2211 2591 2281 causatio,
2630 2212 2941 2275 maledictio
2961 2255 2977 2282 ,
3009 2212 3278 2281 adulatio,
3320 2211 3499 2269 detra-

1900 2305 2030 2372 ctio,
2056 2304 2354 2377 insultatio,
2371 2306 2735 2376 mendacium,
2752 2315 2809 2365 et
2836 2314 3035 2367 czetera
3060 2307 3144 2365 his
3168 2306 3325 2367 factis
3351 2305 3501 2361 simi-

1899 2397 1991 2454 lia.
2024 2396 2121 2454 llis
2150 2412 2279 2467 ergo
2310 2398 2452 2455 vitiis
2492 2399 2741 2471 pessimis
2769 2406 2957 2457 nostro
2982 2397 3221 2455 clamore
3247 2407 3500 2463 sonante,

1895 2488 2169 2558 rogandus
2210 2496 2292 2544 est
2322 2488 2485 2560 Deus,
2510 2505 2578 2547 ne
2598 2490 2804 2548 clamor
2829 2490 2917 2549 hic
2936 2489 3003 2549 ad
3037 2505 3161 2549 eum
3194 2488 3498 2563 perveniat.

1893 2579 2001 2636 Sed
2030 2588 2104 2648 te,
2137 2581 2189 2637 in
2221 2581 2491 2654 aliquibus
2521 2581 2676 2639 factis
2705 2584 2926 2643 nefariis
2959 2582 3272 2641 constitutis
3317 2582 3497 2644 nobist

1892 2687 2147 2743 rogemus
2172 2672 2415 2731 dicentes
2449 2694 2461 2729 :
2494 2673 2573 2731 Ne
2602 2684 2818 2735 avertas
2845 2675 3038 2739 faciem
3066 2684 3214 2731 tuam
3240 2690 3271 2729 a
3299 2689 3408 2729 me.
3435 2671 3498 2739 Ei

1890 2764 2180 2823 dicendum
2218 2775 2341 2822 est:
2374 2768 2558 2822 Auerte
2604 2768 2793 2840 {aciem
2833 2776 2976 2823 tuam
3017 2783 3050 2821 a
3081 2765 3307 2838 peccatis
3346 2763 3494 2818 meis.

1892 2857 2289 2914 Renuntiemus
2319 2872 2451 2928 ergo
2481 2858 2733 2916 omnibus
2770 2859 2919 2915 vitiis
2955 2865 3010 2914 et
3047 2855 3414 2928 passionibus,
3443 2860 3501 2923 et

1891 2950 2018 3005 facti
2040 2938 2307 3022 pauperes
2328 2949 2542 3020 spiritu,
2562 2949 2834 3021 praeterita
2861 2954 3048 3007 nostra
3076 2946 3219 3005 facta
3240 2946 3498 3027 plangor»

1890 3052 1995 3110 tes,
2029 3043 2103 3107 ita
2125 3058 2225 3098 nos
2245 3043 2298 3098 in
2327 3042 2487 3113 huius
2515 3042 2755 3101 carmine
2799 3041 2998 3116 psalmi
3024 3039 3313 3103 fundamus
3334 3054 3498 3097 orans

1894 3141 1993 3200 tes,
2020 3141 2079 3189 ut
2104 3134 2309 3193 clamor
2328 3142 2513 3205 noster
2540 3131 2607 3191 ad
2635 3149 2758 3191 eum
2787 3133 3089 3207 perveniat,
3118 3140 3176 3191 et
3203 3146 3315 3191 non
3340 3146 3494 3193 aver-

257 3219 519 3286 Doiuine,
555 3222 753 3277 estaudi
786 3223 1078 3279 orationem
1115 3240 1283 3279 meam
1301 3263 1317 3290 ,
1346 3233 1399 3280 et
1425 3226 1623 3282 clamor
1642 3243 1783 3283 meus
1812 3229 1861 3303 α
1891 3230 1969 3283 tat
1993 3222 2187 3281 faciem
2209 3240 2363 3281 suam
2392 3242 2423 3283 a
2453 3223 2625 3282 nobis.
2654 3216 2812 3295 Quod
2832 3234 3014 3289 tamen
3034 3224 3226 3282 ﬂentes
3253 3223 3495 3283 dicamut

176 3312 257 3367 ad
285 3321 337 3367 te
358 3314 548 3368 uestiat.
579 3311 707 3368 Non
731 3322 934 3369 avertas
962 3316 1152 3387 faciem
1179 3323 1322 3370 tuam
1363 3333 1397 3370 α
1422 3333 1537 3383 me;
1564 3317 1622 3373 in
1655 3334 1783 3391 qua-

177 3420 389 3477 cunque
424 3405 509 3461 die
551 3406 770 3461 tribulor
812 3406 1013 3462 inclina
1060 3407 1133 3463 ad
1164 3425 1249 3464 me
1285 3425 1463 3466 aurem
1504 3419 1667 3468 tuam.
1717 3410 1784 3468 In

176 3510 491 3569 quacunque
536 3496 621 3552 die
666 3498 972 3552 invocarem
1024 3506 1075 3553 te
1096 3537 1111 3563 ,
1161 3499 1399 3555 velociter
1435 3501 1626 3557 exaudi
1680 3520 1781 3559 me.

178 3585 329 3652 Quia
356 3588 655 3661 deiecerunt
672 3591 805 3645 sicut
831 3592 1005 3663 fruntus
1025 3590 1135 3646 dies
1158 3593 1278 3659 mei,
1300 3600 1351 3647 et
1368 3609 1488 3649 ossa
1515 3611 1631 3649 mea
1651 3597 1787 3651 sicut

175 3682 437 3735 cremium
481 3690 749 3738 orumnt.
781 3680 1066 3738 Percussus
1095 3699 1210 3739 sum
1250 3693 1309 3738 ut
1349 3687 1525 3758 fenum
1567 3696 1617 3741 el
1645 3689 1788 3742 aruit

174 3788 283 3830 cor
306 3790 499 3841 meum,
527 3774 648 3847 quia
668 3775 861 3830 oblitus
887 3792 1000 3831 sum
1029 3777 1293 3833 comedere
1312 3794 1502 3849 panem
1527 3795 1717 3834 meum.
1741 3779 1788 3832 Α

172 3880 309 3922 voce
335 3867 555 3938 gemitus
579 3869 679 3922 mei
703 3866 924 3923 adhcesit
949 3886 1009 3923 os
1040 3886 1211 3923 meum
1235 3870 1386 3923 carni
1405 3885 1553 3925 mete.
1584 3870 1788 3926 Similis

171 3961 359 4031 factus
403 3975 520 4014 sunt
551 3958 785 4029 pelicano
823 3959 1150 4026 solitudinis,
1180 3961 1350 4033 factus
1378 3977 1492 4016 sum
1535 3963 1667 4017 sicut
1692 3981 1788 4035 ny-

173 4049 424 4103 cticoraa:
469 4042 528 4103 in
565 4050 847 4104 domicilio.
900 4050 1143 4122 Vigilavi,
1191 4060 1243 4105 et
1282 4053 1450 4123 factus
1497 4069 1610 4107 sum
1658 4056 1791 4109 sicut

171 4157 375 4214 passer
400 4142 667 4196 solitarius
694 4143 749 4196 in
779 4150 931 4197 tecto.
965 4140 1098 4197 Tota
1130 4142 1216 4198 die
1239 4142 1625 4214 exprobrabant
1662 4146 1791 4200 mihi

169 4233 390 4290 inimici
427 4234 548 4303 mei,
581 4243 632 4288 et
654 4234 742 4309 qui
772 4233 1060 4287 laudabant
1100 4251 1181 4290 me
1207 4234 1481 4303 adversum
1518 4252 1601 4297 me
1633 4236 1791 4311 jura-

170 4327 335 4382 bant.
367 4321 507 4391 Quia
534 4326 761 4380 cinerem
803 4335 1049 4397 tanquam
1084 4344 1273 4407 panem
1311 4320 1708 4398 manducabam,
1738 4341 1789 4393 et

170 4426 366 4491 potum
392 4432 563 4483 meum
591 4432 708 4470 cum
735 4416 860 4487 ﬂetu
900 4416 1193 4474 miscebam.
1237 4419 1281 4479 Α
1308 4420 1444 4493 [acie
1481 4422 1576 4485 ira:
1612 4431 1662 4481 et
1697 4424 1785 4483 in-

1897 3333 2015 3385 nos,
2043 3318 2135 3391 qui
2164 3334 2263 3391 pro
2310 3319 2547 3395 peccatis
2594 3326 2834 3386 oramus,
2867 3319 2952 3381 his
2979 3316 3262 3379 versiculis
3289 3317 3493 3375 edoce-

1893 3424 2014 3467 mur
2046 3428 2059 3464 :
2095 3407 2241 3476 Dies,
2287 3409 2480 3483 inquit,
2509 3409 2616 3466 mei
2665 3409 2805 3465 sicut
2830 3408 3032 3469 'umbra
3060 3406 3492 3475 declinaverunt,

1892 3503 1942 3559 id
1973 3511 2075 3566 est,
2091 3500 2299 3575 perdidi
2328 3500 2476 3583 quod
2493 3502 2620 3567 vixi,
2647 3502 2771 3572 quia
2803 3501 2857 3557 in
2880 3497 3121 3572 peccatis
3148 3500 3288 3565 sicut
3309 3497 3498 3567 tenuia
3578 3512 3587 3519 '

1890 3596 2028 3650 arui.
2062 3593 2268 3650 Fenum
2315 3602 2493 3649 autem
2522 3603 2580 3649 et
2625 3592 2821 3665 stipula
2851 3601 2908 3649 et
2950 3592 3151 3665 lignum
3189 3607 3312 3650 esea
3356 3592 3495 3665 ignis

1890 3694 1996 3742 est.
2030 3683 2097 3740 Et
2126 3683 2247 3740 ideo
2276 3683 2526 3750 tribulor,
2555 3683 2681 3757 quia
2718 3692 2776 3741 et
2804 3684 2928 3741 ossa
2974 3698 3095 3741 mea
3136 3685 3273 3743 sicut
3325 3682 3491 3741 triso-

1892 3777 2055 3842 rium,
2090 3774 2139 3843 id
2170 3782 2271 3842 est,
2295 3773 2606 3843 fasciculum
2634 3776 2892 3835 sarmenti
2912 3774 3144 3840 aridum,
3162 3775 3236 3831 ita
3251 3774 3494 3839 contrisa

1892 3877 2041 3941 sunt,
2075 3867 2261 3940 parata
2292 3867 2363 3922 ad
2391 3865 2700 3929 incendium
2736 3866 3017 3936 gehennaa.
3051 3863 3343 3925 Percussus
3371 3878 3493 3921 sunt

1893 3961 2036 4015 sicut
2057 3960 2257 4025 fenum,
2282 3966 2338 4014 et
2365 3959 2507 4019 aruit
2533 3973 2630 4033 cor
2657 3973 2859 4019 meum.
2877 3952 3172 4031 Percussus
3190 3971 3310 4019 sunt
3338 3970 3491 4017 cotu-

1894 4050 2191 4122 punetione
2214 4048 2372 4111 futuri
2402 4048 2669 4127 supplicii,
2702 4056 2759 4109 et
2781 4056 3005 4127 propter
3023 4048 3128 4107 hoc
3146 4047 3347 4111 oblitus
3371 4061 3495 4111 sum

1896 4139 2224 4206 manducare
2245 4154 2455 4217 pacem.
2475 4128 2521 4197 Α
2540 4154 2675 4196 voce
2704 4147 2885 4199 autem
2901 4138 3133 4213 senatus
3154 4137 3284 4207 mei,
3311 4136 3492 4199 adllat-

1893 4242 2082 4301 serunt
2108 4248 2232 4292 ossa
2252 4226 2381 4305 mea
2412 4231 2558 4291 carui
2582 4237 2734 4305 mens
2758 4231 2933 4291 factm
2961 4246 3081 4291 sum
3109 4232 3247 4293 sicut
3284 4230 3491 4303 pelica-

1892 4344 1996 4399 nus
2022 4327 2078 4391 in
2108 4329 2414 4407 solitudine,
2447 4330 2499 4389 id
2524 4340 2628 4397 est,
2658 4330 2795 4387 sicut
2821 4330 2936 4401 avis
2963 4329 3055 4385 illa
3082 4342 3247 4401 quam
3286 4326 3493 4399 pelica-

1892 4436 2019 4479 num
2047 4430 2265 4501 vocant,
2287 4436 2409 4497 qua:
2428 4430 2538 4481 non
2567 4421 2774 4481 habitat
2795 4420 2896 4481 nisi
2927 4421 2980 4479 in
3009 4420 3256 4489 desertis,
3281 4418 3489 4489 habens

173 4511 509 4587 dignationis
553 4520 688 4577 tuae,
719 4511 839 4584 quia
880 4510 1084 4567 elevans
1126 4511 1335 4579 ullisisti
1377 4530 1476 4575 me.
1508 4513 1634 4573 Dies
1680 4519 1784 4574 mei
1889 4530 2045 4575 eteae
2067 4530 2279 4579 veneno
2300 4515 2468 4577 eremi
2489 4514 2782 4585 etincultis
2804 4512 3250 4587 amaritudinibus
3275 4512 3484 4583 βιαιως.

169 4590 315 4669 sicut
346 4601 528 4658 umbra
557 4602 962 4671 declinaverunt,
984 4615 1032 4661 et
1057 4622 1149 4676 ego
1170 4606 1301 4671 sicut
1336 4608 1507 4681 fenum
1542 4611 1677 4671 arui.
1705 4609 1781 4667 Tu
1811 4611 1867 4672 1)
1891 4606 2089 4665 Factus
2108 4623 2227 4667 sum
2246 4608 2386 4669 sicut
2411 4606 2725 4679 nyeticorax
2748 4606 2801 4663 in
2822 4605 3115 4671 domicilio.
3146 4603 3355 4661 Corvus
3375 4617 3491 4674 pra

170 4708 377 4761 autem,
418 4695 660 4762 Domine,
701 4697 754 4753 in
804 4705 1051 4759 wtemum
1096 4714 1391 4771 permancs,
1413 4709 1461 4753 et
1482 4702 1782 4767 memoriale
1893 4700 2172 4773 nigredine
2197 4699 2460 4759 obscurus
2504 4707 2608 4769 est,
2636 4699 2751 4771 iam
2781 4706 2941 4765 nocte
2959 4697 3112 4768 quasi
3142 4695 3365 4765 nigrior,
3397 4696 3489 4752 cui
3538 4689 3544 4693 ’

169 4801 328 4849 tuum
376 4791 428 4847 in
467 4791 800 4861 generatione
845 4798 895 4847 et
938 4790 1340 4869 generationem.
1375 4788 1450 4849 Tu
1495 4807 1779 4864 exsurgens
1890 4782 1957 4849 et
1974 4794 2275 4851 obscuritas
2303 4792 2642 4865 nigredinetn
2688 4789 2944 4859 geminat.
2980 4786 3122 4856 Ergo
3161 4794 3219 4845 et
3244 4799 3367 4855 ego,
3396 4786 3487 4843 in-

166 4880 505 4939 misereberis
523 4879 808 4953 Sion,quia
833 4872 1325 4953 tempus'miserendi
1346 4882 1476 4954 ejus,
1501 4885 1621 4955 quia
1642 4886 1780 4943 venit
1888 4887 2025 4956 quit,
2057 4885 2388 4957 duplicatam
2417 4881 2752 4953 nigredinem
2781 4887 3123 4951 peccatorum
3174 4880 3228 4935 in
3273 4894 3363 4937 me
3387 4880 3488 4938 de-

166 4986 408 5046 tempus.
464 4970 721 5039 Quoniam
748 4973 1050 5045 placuerunt
1076 4976 1231 5030 servis
1273 4976 1373 5039 tuis
1410 4975 1606 5046 lapides
1640 4978 1774 5057 ejus,

163 5078 219 5122 et
243 5076 411 5135 terrea
436 5066 547 5136 ejus
574 5066 971 5125 miserebantur.
1007 5064 1077 5119 Et
1107 5065 1353 5122 timebunt
1381 5077 1558 5138 gentes
1585 5084 1777 5139 nomen

163 5168 353 5224 tuum,
404 5144 643 5223 Domine,
675 5166 724 5225 et
751 5172 930 5213 omnes
972 5173 1115 5229 reges
1164 5165 1318 5215 terra:
1362 5158 1582 5231 gloriam
1613 5167 1774 5231 tuoin.

169 5252 326 5322 Quia
367 5250 642 5323 aediﬁcavit
688 5248 942 5307 Dominus
981 5248 1142 5317 Sion,
1165 5257 1214 5305 et
1251 5246 1501 5323 uidebitur
1527 5250 1584 5321 in
1608 5250 1780 5324 gloria

160 5363 297 5404 sua.
325 5342 577 5416 Respexit
615 5344 668 5399 in
708 5345 995 5400 orationem
1033 5343 1323 5411 humilium,
1369 5352 1421 5401 et
1446 5358 1553 5401 non
1577 5343 1781 5416 sprevit

162 5453 367 5510 preces
397 5452 592 5493 eorum.
633 5434 942 5493 Scribuntur
984 5435 1095 5507 lucc
1137 5437 1194 5491 in
1233 5438 1563 5509 generatione
1589 5436 1776 5507 altera,

148 5543 218 5587 et
246 5529 482 5605 populus
510 5531 595 5602 qui
614 5527 869 5595 creabitur
896 5527 1130 5585 laudabit
1152 5527 1452 5597 Dominum.
1484 5528 1620 5599 Quia
1655 5546 1778 5600 pra-

163 5623 357 5697 spexit
406 5622 470 5677 de
507 5622 709 5678 excelso
751 5636 865 5688 suo,
895 5618 1151 5675 Dominus
1195 5620 1259 5675 de
1297 5621 1423 5677 calo
1472 5621 1526 5687 in
1583 5628 1778 5687 terram

164 5718 412 5791 aspexit.
441 5714 509 5770 Ut
543 5715 745 5769 audiret
773 5711 990 5784 gemitus
1019 5711 1453 5781 compeditorum,
1476 5709 1781 5769 utsolverct

160 5812 321 5883 ﬁlios
373 5809 818 5877 interemptorum.
858 5803 927 5859 Ut
963 5802 1272 5868 annuntient
1309 5803 1364 5859 in
1405 5800 1537 5867 Sion
1589 5817 1776 5863 nomen
1810 5884 1821 5889 -

678 5943 749 5977 λα’
762 5940 1047 5966 Νι..-
1059 5958 1071 5963 -

1889 4978 2129 5047 plorans,
2153 4990 2314 5035 voces
2340 4989 2492 5030 meas
2509 4972 2665 5042 quasi
2692 4972 3009 5045 nyctieorax
3026 4969 3219 5040 dirigo,
3245 4972 3485 5029 clamans

1890 5069 2061 5141 solus,
2091 5068 2234 5140 sicut
2261 5080 2449 5138 passer
2477 5063 2753 5127 solitarius
2787 5064 2842 5123 in
2879 5061 3123 5125 artificio.
3151 5063 3211 5123 in
3238 5079 3342 5136 qua
3367 5072 3485 5119 tota

1883 5158 1973 5231 die
2001 5158 2466 5231 egprohravet‘uut
2510 5170 2602 5221 me
2628 5155 2833 5221 inimici
2871 5156 3012 5228 mei,
3062 5164 3119 5215 et
3155 5156 3250 5226 qui
3280 5153 3483 5209 dudum

1884 5250 2242 5319 laudaverupt
2262 5263 2373 5318 me,
2401 5263 2546 5313 nunc
2563 5247 2850 5314 adversum
2878 5264 2967 5313 me
2984 5248 3260 5319 iurabant,
3292 5242 3347 5299 id
3374 5247 3479 5304 est.

1887 5360 1996 5415 rion
2025 5342 2173 5405 letho
2222 5342 2366 5411 illius
2390 5343 2588 5407 vivom.
2618 5340 2905 5411 Quomodo
2952 5340 3096 5403 enim
3146 5334 3384 5397 vivebas.
3419 5338 3485 5386 ιιι

1885 5436 1967 5493 sic
1991 5434 2068 5491 illi
2083 5433 2369 5505 iurarent?
2396 5433 2544 5502 ideo,
2575 5434 2771 5507 inquit,
2801 5434 2880 5491 sic
2922 5428 3196 5501 iurabant,
3232 5421 3357 5490 quia
3402 5421 3481 5476 ci-

1887 5542 2075 5587 ueram
2120 5528 2262 5591 sicut
2299 5542 2497 5599 panem
2540 5523 2955 5584 mmducabam,
2983 5526 3039 5583 et
3063 5523 3251 5586 pom
3296 5528 3481 5569 meum

1883 5620 2097 5679 ﬂetibus
2121 5619 2432 5691 miscebem.
2463 5617 2581 5675 Hoc
2605 5614 2812 5685 quaret
2849 5612 2897 5671 Α
2918 5608 3057 5665 facit
3082 5607 3294 5663 imm
3321 5614 3377 5662 οι
3396 5606 3479 5691 ίη-

1881 5690 2210 5781 dignationis
2236 5716 2361 5767 tisse.
2390 5707 2560 5777 Cujus
2608 5704 2739 5763 ire?
2780 5700 2888 5759 Pro
2931 5696 3169 5769 peccetis
3208 5697 3393 5766 utique
3420 5690 3477 5755 in

1878 5800 2081 5872 judicio
2109 5800 2322 5863 debitae.
2352 5797 2414 5855 lo
2457 5810 2568 5865 quo
2595 5794 2684 5861 hic
2727 5792 3008 5855 elevantur
3042 5798 3101 5845 et
3148 5788 3473 5861 enitantur.
