4088 6346
569 399 634 453 Π
649 400 666 453 l
1894 392 2164 448 ARNOBII

2244 390 2502 445 UNIORIS
3724 387 3827 441 472

571 485 645 565 ibi
670 508 954 563 allidantur
983 520 1198 560 necesse
1238 514 1335 559 est.
1385 506 1520 560 Cum
1550 522 1677 576 ergo
1705 509 1963 562 moriatur
1983 522 2141 561 omne
2167 509 2218 565 Δ
2247 512 2546 569 manantes,
2578 512 2634 558 et
2688 511 2829 557 terra
2886 517 3023 558 nova
3066 510 3148 556 est
3189 502 3374 556 mortis
3412 503 3679 570 gremium
3719 519 3824 558 non

570 588 738 669 genus
756 598 1029 653 hominum
1052 595 1104 650 in
1128 597 1381 666 peccatis,
1404 596 1532 665 quid
1551 608 1814 668 superest,
1838 599 2009 653 nisiut
2022 611 2143 667 per-
2174 586 2179 597 ”
2246 597 2468 663 habens,
2484 595 2573 651 sed
2590 596 2792 651 habens
2820 596 2982 650 vitam
3010 594 3295 650 Dominum
3322 593 3505 650 Iesum
3531 594 3822 662 Christum,

571 704 704 746 sona
726 688 888 743 totius
917 686 1095 743 sreculi
1124 686 1216 740 tibi
1246 702 1432 756 preces
1452 686 1614 743 ﬁebili
1637 688 1872 744 eﬁ‘undat
1906 687 2147 756 eloquio?
2176 760 2179 763 δ
2247 687 2339 756 qui
2369 694 2555 757 regnat
2584 687 2637 742 in
2666 686 2857 742 saecula
2885 686 3219 741 saeculorum.
3252 685 3440 742 Amen.

572 781 756 836 Nullus
802 779 944 833 enim
973 778 1284 842 salvabitur,
1313 778 1414 834 nisi
1461 787 1537 845 tu,
1586 779 1826 845 Domine,
1857 791 2150 846 exsurgens
2816 796 3130 853 pSALMus
3156 795 3265 852 cu,

572 870 878 925 miserearis
928 867 1079 925 Sion.
1139 868 1299 924 Venit
1339 869 1482 923 enim
1529 879 1736 941 tempus
1776 878 1834 924 ut
1870 869 2056 924 venias
2095 873 2151 922 et

573 960 878 1015 miserearis
917 958 1067 1014 Sion.
1098 958 1230 1024 Quia
1279 960 1642 1028 beneplacitos
1677 959 1978 1015 habuerunt
2010 958 2151 1013 servi
2179 1029 2186 1037 .

574 1050 653 1105 tui
680 1050 882 1121 lapides
926 1051 1062 1120 ejus.
1096 1048 1325 1119 Lapides
1354 1050 1538 1119 utique
1578 1050 1646 1105 de
1686 1050 1879 1120 quibus
1907 1049 2102 1118 legitur
2133 1066 2146 1100 :

576 1140 805 1211 Lapides
828 1140 958 1211 justi
1007 1141 1292 1196 volvuntur
1332 1142 1386 1196 in
1433 1158 1514 1197 ea.
1566 1141 1666 1209 Qui
1709 1144 1851 1197 enim
1891 1142 2028 1198 servi
2059 1142 2153 1197 Dei

577 1240 720 1298 sunt,
745 1233 881 1288 bene
910 1233 986 1287 illi
1012 1233 1360 1303 placentlibri
1381 1248 1568 1288 omnes
1593 1234 1788 1289 veteris
1804 1232 2153 1300 Testamenti,

579 1324 673 1393 qui
701 1324 899 1378 habent
919 1324 973 1378 in
994 1339 1053 1378 se
1074 1338 1236 1378 unum
1251 1322 1479 1392 lapidem
1502 1324 1827 1392 angularem.
1848 1324 1955 1379 Nec
1982 1324 2153 1379 solum

583 1414 790 1485 lapides
824 1414 1193 1484 beneplacitos
1235 1414 1564 1481 habuerunt,
1597 1414 1693 1470 sed
1741 1419 1796 1469 et
1842 1423 1997 1468 terrae
2041 1402 2185 1483 ejus

584 1504 1003 1560 miserebantur.
1038 1502 1202 1559 Terra
1245 1504 1500 1573 lapidum,
1528 1519 1756 1573 corpora
1798 1512 1921 1559 sunt
1951 1503 2159 1558 anima-

586 1611 726 1675 rum.
746 1594 861 1650 Non
890 1596 1062 1650 solum
1087 1596 1241 1651 nobis
1269 1597 1458 1651 animae
1486 1605 1681 1652 sancta:
1700 1597 1929 1667 placent,
1947 1597 1993 1651 si
2020 1597 2163 1651 servi
2255 1594 2495 1692 iubemus
2524 1628 2631 1674 tua.
2668 1618 2889 1674 Faciem
2910 1594 3291 1673 mium-cordia,
3321 1616 3604 1681 Dominus,
3632 1626 3682 1671 ετ
3699 1594 3828 1687 με,

587 1683 685 1739 Dei
714 1701 913 1751 sumus,
946 1686 1038 1741 sed
1073 1686 1185 1759 ipsa
1210 1702 1438 1757 corpora
1467 1703 1653 1743 eorum
1683 1687 1736 1741 in
1764 1687 1955 1755 quibus
1981 1685 2163 1742 afﬂicti

2255 1683 2397 1765 cium
2439 1708 2675 1764 omnibus
2718 1709 2966 1779 injuriam
3010 1708 3335 1779 patientibus.
3381 1704 3558 1761 Notus
3598 1683 3715 1778 fecit
3736 1707 3828 1760 vias

588 1785 735 1840 sunt,
765 1776 911 1843 torti,
943 1776 1224 1844 combusti,
1260 1793 1323 1833 ac
1349 1778 1574 1833 diversis
1600 1777 1876 1846 suppliciis
1910 1777 2164 1832 macerati
2263 1820 2384 1859 ms
2423 1802 2615 1873 Moysi,
2644 1811 2694 1856 ει
2716 1776 2841 1872 ﬁt,“
2873 1776 3039 1855 ιπαέι
3081 1800 3365 1856 υοιυηωεα
3400 1816 3546 1854 ωσι.
3578 1776 3829 1855 mm“,

590 1871 910 1926 miserantes
944 1885 1281 1925 veneramur.
1312 1869 1590 1937 Quomodo
1620 1870 1969 1925 miserantes?
1996 1869 2162 1924 Dolor

2266 1903 2315 1948 et
2343 1867 2640 1948 misericors
2670 1867 2940 1958 Dominus,
2989 1892 3297 1962 longanimis
3330 1899 3381 1945 et
3408 1891 3633 1945 militum
3654 1891 3826 1945 miscri-

590 1965 745 2020 nohis
765 1974 845 2020 est
872 1966 925 2019 in
954 1963 1244 2021 aﬁlictione
1264 1975 1319 2022 et
1346 1967 1606 2037 supplicio
1635 1982 1742 2047 quo
1769 1965 1911 2035 passi
1939 1970 2082 2029 sunt,
2109 1957 2166 2019 et

591 2056 843 2124 gaudium
883 2056 1039 2112 nobis
1081 2059 1239 2113 estin
1286 2059 1687 2128 perseverantia
1731 2058 1854 2127 quia
1900 2055 2162 2111 vicerunt.

592 2143 727 2201 Cum
756 2161 904 2216 ergo,
928 2145 1175 2216 Domine,
1203 2156 1257 2203 et
1283 2155 1342 2203 tu
1368 2149 1599 2215 veneris,
1650 2158 1704 2203 et
1732 2147 1900 2203 sancti
1945 2147 2022 2202 tui
2066 2162 2168 2218 pro

593 2238 903 2294 testimonio
929 2240 1162 2295 nominis
1209 2240 1284 2294 tui
1324 2224 1466 2309 passi
1495 2239 1711 2307 fuerint,
1744 2246 1870 2295 tunc
1910 2238 2172 2293 timebunt

595 2337 785 2396 gentes
808 2338 863 2385 et
887 2345 1075 2386 omnes
1095 2345 1249 2399 reges
1269 2340 1421 2386 terrm
1440 2332 1663 2401 gloriam
1688 2342 1851 2387 luam.
1876 2333 2025 2388 Tunc
2044 2332 2171 2388 {edi-

599 2418 842 2475 ticabitur
871 2420 1107 2477 Ecclesia
1146 2430 1238 2476 tua
1282 2423 1332 2477 in
1362 2422 1511 2490 Sion,
1544 2432 1598 2478 et
1629 2424 1895 2505 videberis
1921 2425 1975 2479 in
2002 2426 2172 2493 maje-

600 2519 740 2565 state
761 2519 870 2575 tua,
894 2528 1015 2567 cum
1042 2516 1342 2583 respexeris
1354 2515 1421 2570 de
1441 2517 1654 2572 excelso
1683 2525 1774 2572 tuo
1788 2517 1914 2572 Jesu
1941 2517 2172 2583 Christo,
2275 2543 2506 2587 ηοειναε,
2550 2530 2816 2597 Quomodo
2842 2533 3110 2585 miseretur
3147 2538 3294 2601 pater
3328 2528 3592 2599 ﬁliorum,
3619 2528 3823 2582 miscuit:

602 2610 662 2653 nt
690 2601 875 2657 audias
903 2604 1158 2672 gemitum
1187 2607 1630 2676 compeditorum,
1662 2616 1716 2663 et
1744 2609 1919 2664 solvas
1934 2607 2072 2664 ﬁlios
2096 2611 2177 2664 in-
2279 2634 2356 2680 εει
2375 2624 2624 2680 Dominus
2650 2624 2938 2680 “muribus
2951 2640 3025 2689 se,
3041 2623 3281 2695 quoniam
3299 2622 3532 2692 cognovit
3561 2621 3825 2692 ﬁgulatum

605 2704 1011 2767 tcremptorum.
1045 2698 1356 2771 lnterempti
1403 2711 1526 2757 sunt
1561 2711 1743 2774 patres
1783 2704 1951 2759 nostri
1993 2719 2180 2761 omnes
2280 2724 2531 2770 nostrum.
2561 2712 2874 2770 Recordatus
2909 2723 2986 2768 est
3029 2713 3271 2784 quoniam
3291 2711 3455 2781 pulvis
3486 2726 3675 2773 sumus,
3698 2708 3825 2761 lim

602 2788 770 2843 sancti
818 2789 911 2858 qui
949 2789 1104 2845 nobis
1132 2791 1555 2860 praedicaverunt
1582 2793 1873 2848 Christum.
1904 2793 2013 2850 Nos
2050 2810 2178 2865 ergo
2282 2808 2414 2863 sicut
2436 2809 2628 2879 fenum,
2658 2808 2766 2861 dies
2794 2808 3167 2878 ejustanquam
3205 2804 3303 2873 ﬂos
3340 2804 3455 2874 agri
3495 2803 3572 2856 sic
3596 2798 3825 2871 eljlorebit.

602 2879 751 2945 ligati
766 2896 979 2973 eramus
1001 2899 1031 2937 a
1053 2882 1270 2951 Satana,
1289 2887 1412 2954 quia
1435 2887 1468 2941 ii
1484 2886 1574 2957 qui
1588 2898 1885 2956 genuerunt
1905 2904 2003 2945 nos
2017 2889 2182 2945 verbo
2289 2903 2546 2971 Quoniam
2582 2902 2793 2973 spiritus
2823 2896 3156 2970 pertransibit
3181 2898 3236 2951 in
3260 2895 3372 2960 illo,
3395 2904 3444 2949 et
3477 2911 3580 2949 non
3599 2893 3821 2953 subsistet.

603 2972 749 3036 sine,
783 2972 996 3030 fuerunt
1024 2978 1350 3048 interempti.
1400 2981 1469 3033 At
1498 2981 1588 3035 ubi
1635 2983 1982 3051 cognovimus
2005 2999 2100 3040 eos
2128 2984 2163 3038 il

2286 3008 2338 3055 et
2356 3015 2458 3053 non
2484 2972 2751 3067 cognoscet
2770 2991 2989 3061 amplius
3008 2989 3173 3058 locum
3199 3005 3365 3042 suum.
3389 2984 3733 3041 Misericordia
3745 3000 3824 3036 au-

564 3150 572 3156 .
610 3063 760 3156 cadis
780 3066 1012 3151 gaudere
1046 3076 1100 3121 et
1127 3069 1401 3137 possidere
1428 3072 1651 3138 gloriam
1683 3074 1900 3141 Christi,
1926 3075 2184 3132 :ediﬁcata
2292 3103 2390 3148 gem
2418 3063 2628 3144 Domini
2659 3085 2724 3139 ab
2752 3093 2963 3149 intento,
2997 3090 3047 3135 et
3071 3095 3228 3152 usque
3251 3080 3307 3132 in
3345 3087 3591 3133 aeternum
3616 3092 3753 3146 super
3775 3074 3827 3125 ti-

611 3162 695 3208 est
716 3155 770 3209 in
795 3158 948 3211 nobis
975 3156 1125 3226 Sion,
1149 3170 1203 3214 et
1231 3162 1375 3216 visus
1405 3174 1488 3217 est
1532 3164 1868 3222 Dominusin
1906 3169 2166 3239 majestate

2244 3235 2261 3248 _
2290 3192 2484 3240 mentes
2505 3197 2639 3236 eum.
2664 3176 2733 3231 Et
2761 3177 2969 3248 justitia
2993 3174 3134 3228 illius
3153 3172 3208 3226 in
3236 3172 3374 3242 ﬁlios
3397 3170 3645 3241 ﬁliorum,
3668 3168 3739 3221 his
3760 3165 3829 3237 qui

612 3257 729 3298 sua.
754 3243 1060 3337 Gaudemus
1088 3250 1249 3317 enim,
1292 3253 1417 3320 quia
1446 3255 1682 3323 respexit
1713 3256 1767 3311 in
1792 3235 2063 3314 orationes
2090 3273 2189 3315 eo-
2216 3235 2264 3298 C
2293 3235 2884 3333 ὧαέιιεααηιειίωηι
2908 3268 3040 3339 ej”,
3073 3264 3145 3318 Εε
3173 3235 3423 3318 mimo",
3450 3272 3566 3317 nm,
3589 3235 3832 3315 Μακαρέα.

613 3348 755 3437 rum,
785 3346 840 3390 et
882 3353 989 3393 non
1029 3341 1231 3437 sprevit
1259 3356 1447 3437 preces
1474 3359 1680 3437 eorum.
1723 3346 2043 3418 Scripsimus
2069 3365 2192 3419 pas-
2219 3408 2223 3412 .
2294 3383 2409 3423 Tum
2429 3366 2589 3437 ξρείιω
2610 3338 2681 3416 ad
2707 3359 3000 3434 faciendum
3027 3375 3107 3412 ea.
3144 3354 3394 3410 Dominus
3430 3357 3485 3408 in
3516 3352 3631 3407 calo
3658 3348 3834 3420 paravit

532 3512 544 3523 .
614 3432 795 3531 siones
834 3444 1019 3507 eorum
1057 3432 1109 3486 in
1139 3436 1430 3531 progenies
1476 3436 1705 3506 alteras,
1747 3442 1801 3494 et
1840 3441 2066 3510 populus
2099 3440 2192 3511 qui
2296 3432 2466 3515 “de”,
2500 3472 2675 3521 mm,
2706 3432 2756 3508 ει
2782 3468 2993 3524 regnum
3038 3447 3471 3519 ερείαευηυιίὸκε
3498 3441 3831 3498 dominabitur.

618 3519 886 3574 creabitur
929 3538 1097 3593 usque
1136 3524 1190 3579 in
1217 3526 1599 3596 sempiternum
1625 3529 1803 3585 laudat
1830 3529 2113 3587 Dominum
2139 3533 2194 3588 in
2298 3550 2588 3607 Βεηεάεεξιε
2608 3519 2858 3610 mnum;
2879 3558 3053 3598 omne;
3069 3540 3242 3612 angeli
3262 3540 3388 3610 ejus,
3409 3545 3621 3607 potentes
3648 3534 3832 3593 virtute,

620 3612 822 3668 sanctis
831 3612 1057 3716 suiSLIbi
1077 3619 1404 3673 conveniunt
1432 3621 1686 3691 populiin
1708 3639 1895 3690 unum,
1925 3632 1981 3679 et
2006 3640 2191 3695 regna,
2302 3644 2547 3716 Ῑαάεηιε,
2574 3637 2778 3694 verbum
2802 3635 2940 3690 sum
2967 3633 3037 3687 ad
3056 3631 3358 3686 audiendam
3375 3640 3533 3683 uocent
3560 3634 3829 3678 semanum

622 3711 679 3756 ut
703 3705 939 3760 serviant
950 3705 1196 3764 Domino.
1214 3707 1319 3764 Per
1336 3726 1471 3780 quos
1495 3714 1733 3781 paucitas
1752 3713 1958 3769 dierum
1980 3724 2165 3771 nostro

2301 3705 2432 3804 ejus.
2459 3729 2751 3785 Benedicite
2779 3726 3029 3789 Domino,
3061 3739 3237 3778 omnes
3269 3722 3465 3776 virtutes
3482 3717 3602 3788 ejus,
3620 3711 3835 3804 ministri

622 3809 743 3850 rum
785 3798 1018 3865 regitur,
1062 3808 1118 3854 et
1162 3801 1441 3857 nuntiatur
1472 3803 1625 3859 nobis
1662 3820 1829 3876 prope
1869 3821 1987 3861 esse
2015 3806 2166 3862 ﬁnem

2302 3798 2416 3895 ejus
2453 3822 2538 3894 qui
2587 3820 2761 3892 facitis
2802 3817 3113 3872 voluntatem
3139 3814 3271 3885 ejus.
3305 3808 3578 3866 Benedicite
3618 3802 3841 3862 Domino,

622 3887 871 3961 reliquum
890 3906 1028 3958 esse,
1056 3901 1113 3945 ut
1138 3902 1187 3946 et
1207 3895 1292 3964 qui
1317 3903 1530 3949 utuntur
1557 3895 1651 3950 hoc
1690 3897 1906 3962 saeculo,
1954 3905 2166 3970 tanquat

2305 3887 2478 3972 omnia
2499 3887 2654 3984 opera
2668 3911 2798 3982 ejus,
2826 3909 2881 3963 in
2910 3908 3047 3962 omni
3067 3906 3179 3961 loco
3204 3901 3561 3960 dominationis
3582 3899 3705 3969 ejus,
3721 3895 3847 3949 bene

625 3996 726 4093 non
752 3990 981 4037 utantur.
1008 3982 1249 4038 Prwterit
1274 3987 1407 4040 enim
1427 3986 1596 4057 ﬁgura
1622 3987 1773 4058 hujus
1792 3988 1971 4043 mundi
2005 3987 2057 4058 (Ι
2077 3986 2198 4044 Cor.
2307 4009 2411 4073 die,
2435 3982 2609 4060 anima
2628 4020 2761 4069 mea,
2782 4000 3026 4057 Domino.
3634 3998 3641 4013 ”

625 4072 739 4141 γιι),
766 4080 820 4127 et
841 4082 1153 4130 transeunte
1178 4075 1366 4144 ﬁgura,
1396 4077 1575 4132 veniet
1603 4079 1802 4134 veritas
1828 4077 2092 4148 Christus,
2117 4080 2204 4149 cui

629 4160 852 4218 dicimus
884 4182 896 4216 :
928 4163 985 4218 In
1014 4165 1210 4220 saecula
1229 4166 1543 4222 saeculorum
1588 4176 1712 4221 sunt
1758 4168 1881 4221 anni
1911 4168 2007 4222 tui.
2044 4166 2205 4222 Initio
2348 4173 2354 4181 '
2880 4160 3081 4221 ἠ’-’ἠ

632 4260 832 4307 terram
860 4255 975 4324 ipse
1003 4254 1254 4320 fundasti,
1289 4264 1344 4310 et
1372 4257 1494 4311 coeli
1521 4273 1684 4326 opera
1710 4273 1965 4311 manuum
1996 4267 2207 4312 tuarum
2385 4253 2761 4310 Benedicimus
2786 4265 2885 4305 nos
2927 4247 3230 4312 Dominum,
3256 4260 3377 4300 cum
3422 4241 3644 4297 facimus
3673 4229 3850 4304 aliquod

634 4352 778 4396 sunt.
810 4343 926 4398 Non
947 4358 1075 4412 ergo
1104 4360 1302 4399 novum
1324 4346 1606 4400 Dominum
1648 4347 1933 4403 adoramus
1960 4347 2016 4402 in
2054 4346 2211 4403 Chri-
2313 4346 2422 4402 tale
2443 4359 2578 4415 opus
2602 4356 2709 4412 quo
2737 4354 2934 4395 nomen
2964 4336 3173 4393 Domini
3201 4332 3574 4389 benedicatur.
3594 4329 3716 4384 Nam
3738 4337 3850 4392 quo-

635 4442 740 4499 sto,
770 4435 864 4489 sed
894 4450 1016 4490 eum
1038 4436 1129 4505 qui
1157 4444 1255 4501 est,
1288 4444 1343 4490 et
1364 4426 1582 4507 Semper
1610 4437 1750 4492 idem
1781 4447 1883 4506 est,
1912 4441 2061 4509 cujus
2083 4442 2234 4496 anni'
2314 4436 2477 4492 modo
2495 4442 2673 4506 potest
2692 4431 2831 4487 Deus
2845 4431 2912 4485 ab
2932 4429 3148 4485 homine
3167 4426 3429 4490 benedici,
3447 4424 3557 4479 nisi
3574 4424 3669 4478 hoc
3686 4417 3851 4509 solutu-

638 4541 746 4582 non
767 4525 1033 4581 deﬁcient.
1054 4502 1210 4593 Quod
1240 4536 1417 4582 autem
1439 4502 1504 4583 de
1525 4530 1663 4585 cmlo
1691 4538 1745 4583 et
1767 4502 1905 4586 terra
1933 4502 2080 4595 dicit,
2105 4532 2209 4603 Ipsi
2317 4528 2478 4584 modo
2498 4502 2668 4595 ’ψιοά
2706 4538 2841 4594 opus
2861 4537 2931 4577 ex
2956 4520 3203 4575 omnibus
3227 4515 3579 4573 interioribus
3602 4504 3767 4568 nostris
3787 4502 3854 4557 fa-

640 4617 910 4688 pcribunt,
938 4617 1344 4687 promissionem
1367 4619 1511 4673 illam
1540 4619 1837 4688 conﬁrmat,
1868 4636 1970 4692 qua
1998 4602 2214 4679 cautum
2239 4603 2295 4664 Ῑ)
2323 4618 2571 4676 ciendqu
2609 4623 2709 4671 est.
2734 4613 2791 4669 Si
2820 4613 2964 4667 enim
2992 4608 3367 4666 misericordes
3385 4607 3645 4662 tuerimus
3668 4602 3861 4692 visccl'a‘

641 4716 724 4761 est
754 4708 985 4762 futurum
1013 4707 1206 4763 caelum
1230 4724 1427 4763 novum
1465 4719 1519 4765 et
1547 4718 1742 4766 terram
1771 4727 1982 4780 novam,
2017 4715 2067 4769 in
2097 4732 2166 4785 qu

2291 4711 2466 4774 .liter,
2492 4716 2547 4763 et
2593 4706 2680 4760 ille
2717 4720 2840 4761 cum
2866 4702 3199 4758 benedicitur
3241 4715 3273 4754 a
3320 4698 3496 4762 nobis,
3532 4688 3865 4785 propitiabitur

641 4798 743 4851 hus
783 4796 873 4851 ﬁlii
922 4811 1198 4853 servorum
1249 4798 1446 4854 Christi
1498 4800 1758 4854 habitent.
1792 4800 1985 4858 Paulus
2030 4782 2243 4859 scr—vus
2327 4782 3869 4866 omnibusiniquitatibusnostris,sanatomnesiuﬁnnitates

645 4890 874 4951 Christi,
904 4890 1149 4944 similiter
1195 4899 1248 4945 et
1291 4905 1476 4946 omnes
1528 4893 1754 4961 apostoli
1810 4895 1948 4948 servi
1993 4893 2210 4949 Christi.
2328 4900 2558 4956 nostras,
2573 4890 2744 4959 replet
2764 4888 2815 4942 in
2834 4884 3320 4941 nobisdcsiderium
3335 4888 3602 4946 nostrum,
3618 4886 3669 4933 et
3687 4876 3873 4961 coronat

647 4977 758 5031 Nos
783 4980 871 5047 qui
901 4979 1219 5035 credidimus
1264 4996 1360 5050 per
1385 4997 1478 5035 eos
1508 4960 1599 5036 lilii
1642 4998 1915 5039 servorum
1946 4986 2108 5054 ipsius
2128 5002 2219 5042 su-
2327 5002 2427 5040 nos
2455 4985 2505 5037 in
2537 4995 2702 5049 regno
2724 4996 2841 5045 suo,
2866 4994 2964 5048 pro
2991 4975 3332 5031 miseratione
3352 4989 3447 5027 sua
3462 4981 3520 5027 et
3549 4960 3876 5054 misericoniia

582 5134 589 5140 ι
648 5083 785 5123 mus.
830 5067 896 5122 Et
922 5070 967 5122 si
1004 5071 1170 5124 secuti
1200 5070 1453 5127 fuerimus
1478 5073 1698 5141 vestigia
1744 5052 2115 5141 eorum,vsicut
2143 5075 2217 5129 illi
2328 5093 2443 5132 sua.
2478 5070 2906 5128 Misericordibus
2926 5068 3067 5122 enim
3083 5066 3319 5121 dicturus
3340 5073 3454 5119 est:
3478 5062 3683 5124 Venite,
3704 5052 3879 5112 benedi-

648 5160 864 5225 CIu-isti,
896 5161 1252 5216 habitabimus
1274 5177 1395 5216 cum
1416 5163 1495 5217 eis
1516 5164 1566 5217 in
1594 5164 1732 5219 cmlo
1755 5180 1896 5219 novo
1923 5173 1978 5219 et
2005 5164 2055 5218 in
2080 5174 2221 5220 terra
2329 5167 2397 5218 cti
2421 5163 2593 5217 Patris
2621 5162 2739 5221 mei.
2762 5160 3002 5229 percipite
3026 5154 3236 5227 regnum
3259 5154 3393 5224 quod
3413 5151 3555 5206 vobis
3585 5156 3808 5223 paratum
3824 5148 3883 5195 est

649 5270 809 5310 nova.
835 5252 901 5307 Et
928 5267 1110 5308 semen
1131 5253 1278 5307 verbi
1303 5254 1445 5321 quod
1467 5255 1619 5310 nobis
1645 5270 1792 5325 spem
1817 5254 1961 5310 dedit
1998 5255 2191 5310 creden
2209 5285 2225 5296 ο
2329 5255 2392 5309 ab
2413 5256 2609 5325 origine
2632 5251 2813 5308 mundi
2833 5248 3042 5321 (Matth.
3065 5245 3281 5317 xxv).ln
3310 5259 3415 5313 quo
3442 5257 3617 5312 regno
3638 5253 3775 5295 mors
3800 5244 3886 5288 non

649 5346 809 5411 tibus,
842 5351 970 5399 tunc
998 5344 1175 5415 capiet
1200 5344 1253 5398 in
1282 5348 1712 5401 remuneratione
1752 5354 1933 5400 nostra
1970 5346 2221 5411 fructum,
2330 5346 2452 5411 erit,
2486 5359 2582 5399 nec
2596 5342 2727 5397 dura
2756 5348 3003 5396 senectus
3017 5337 3271 5392 debilitat
3293 5336 3451 5399 vires,
3475 5334 3576 5388 sed
3597 5333 3890 5388 renovantur

649 5436 791 5504 quod
817 5436 928 5504 jam
958 5434 1116 5489 tinem
1146 5449 1252 5490 non
1283 5434 1494 5501 habeat,
1527 5434 1619 5490 sed
1661 5442 1875 5488 maneat
1902 5434 2162 5489 directum
2191 5451 2221 5489 a
2333 5436 2406 5490 ibi
2442 5435 2765 5503 juventutes,
2798 5439 2856 5485 ut.
2883 5429 3097 5499 aquilm,
3153 5427 3226 5481 ibi
3279 5425 3719 5481 misericordibus
3762 5417 3891 5472 lacit'l

650 5527 762 5582 Deo
777 5528 1155 5594 irrevocabile;
1181 5528 1246 5582 ad
1266 5526 1542 5582 dimidium
1562 5527 1766 5581 dierum
1785 5527 1956 5596 prima
1979 5527 2227 5582 inventus
2334 5522 2724 5579 misericordias
2744 5521 3019 5583 Dominus,
3050 5526 3105 5573 et
3124 5517 3381 5587 judicium
3403 5515 3660 5570 omnibus
3679 5508 3895 5579 injuriam

652 5625 751 5685 est,
783 5625 838 5671 et
863 5617 1108 5672 ultimum
1137 5616 1342 5672 dierum
1370 5623 1636 5672 senectus.
1669 5615 1747 5669 lbi
1795 5624 1931 5682 ergo
1965 5613 2075 5682 jam
2128 5629 2226 5669 nec
2333 5615 2675 5687 patientibus.
2698 5612 2818 5683 Ipse
2838 5614 3020 5680 utique
3039 5610 3307 5677 Deus,qui
3327 5616 3486 5663 notas
3514 5605 3646 5660 fecit
3671 5604 3779 5656 vias
3795 5611 3899 5651 suas

654 5702 715 5758 in
736 5704 952 5761 dimidio
997 5707 1204 5761 dierum
1233 5707 1517 5772 ﬁniuntur,
1568 5721 1667 5761 nec
1708 5706 1760 5759 in
1789 5712 2062 5759 senectute
2106 5720 2225 5758 mo-
2335 5705 2524 5776 Moysi,
2552 5706 2664 5774 ipse
2689 5704 2781 5771 qui
2811 5701 3044 5757 ostendit
3065 5700 3183 5754 ﬁliis
3203 5699 3367 5754 Israel
3387 5697 3727 5752 voluntatem
3749 5702 3898 5776 suam.

655 5797 883 5853 riuntur.
914 5795 1049 5864 Quia
1099 5799 1220 5853 caeli
1249 5801 1372 5855 novi
1398 5808 1543 5864 sunt,
1581 5813 1759 5855 rorem
1814 5796 2227 5857 immortalitatis
2336 5774 2455 5868 Ipse
2475 5804 2555 5852 est
2584 5795 2720 5850 Deus
2749 5796 2801 5850 in
2841 5792 3063 5857 Christo,
3104 5793 3218 5853 sive
3245 5791 3487 5846 mundum
3515 5786 3803 5841 concilians
3832 5779 3846 5841 (
3870 5774 3903 5829 η

2745 887 2986 944 Psalmus
3011 888 3112 959 ipsi
3143 886 3330 942 David.

2324 982 2563 1049 Benedic,
2607 983 2782 1036 anima
2809 998 2942 1047 mea,
2968 981 3215 1047 Domino,
3252 990 3301 1034 et
3337 982 3513 1035 omnia
3555 996 3674 1051 qua:
3700 980 3830 1033 intra

2252 1092 2335 1129 me
2351 1082 2471 1128 sunt
2497 1074 2695 1128 nomini
2719 1083 2899 1129 sancto
2918 1071 3049 1143 ejus.
3086 1072 3328 1136 Benedic,
3358 1073 3535 1125 anima
3562 1087 3701 1136 inea,
3727 1070 3829 1125 Do-

2178 1218 2183 1227 ,
2253 1167 2414 1232 mino,
2455 1172 2506 1220 et
2541 1165 2648 1219 noli
2688 1165 2918 1219 obliuisci
2953 1181 3127 1220 omnes
3171 1164 3528 1219 retributiones
3576 1165 3710 1234 ejus.
3741 1163 3832 1229 Qui

2179 1308 2182 1317 λ
2256 1260 2565 1332 propitiatur
2590 1259 2822 1314 omnibus
2846 1258 3203 1329 iniquitatibus
3232 1259 3352 1322 tuis,
3377 1257 3465 1328 qui
3490 1264 3651 1310 sanat
3671 1271 3832 1309 omnes

2255 1351 2587 1421 inﬁrmitates
2627 1358 2759 1403 tuas.
2795 1348 2894 1416 Qui
2912 1348 3118 1402 redimit
3147 1348 3212 1402 de
3246 1346 3455 1402 interitu
3482 1349 3648 1401 vitam
3682 1354 3828 1411 tuam,

2256 1443 2345 1512 qui
2383 1448 2597 1495 coronat
2626 1441 2754 1494 tein
2797 1437 3149 1494 misericordia
3174 1446 3222 1491 et
3260 1435 3700 1492 miserationibus.
3742 1436 3830 1503 Qui

2259 1532 2419 1603 replet
2434 1533 2490 1586 in
2510 1532 2658 1586 bonis
2688 1530 2999 1584 desiderium
3028 1538 3187 1596 tuum,
3219 1528 3549 1583 renovabitur
3575 1537 3633 1580 ut
3660 1528 3830 1598 aquilc

2268 2003 2404 2041 cors.
2430 1984 2557 2040 Non
2593 1987 2648 2039 iu
2675 1994 2971 2056 perpetuum
3007 1984 3281 2049 irascetur,
3322 1998 3481 2055 neque
3519 1983 3581 2035 iu
3610 1991 3827 2036 ceterum

2268 2076 2681 2133 comminabitur.
2700 2072 2824 2130 Non
2850 2073 3125 2129 secundum
3154 2081 3364 2143 peccata
3392 2081 3579 2126 nostra
3613 2073 3724 2142 fecit
3744 2086 3824 2123 no-

2272 2170 2368 2236 bis,
2391 2186 2551 2241 neque
2576 2168 2853 2223 secundum
2878 2167 3172 2239 iniquitates
3188 2172 3394 2219 nostras
3429 2162 3666 2218 retribuit
3681 2161 3822 2215 nobis.

2198 2312 2201 2315 .
2276 2260 2533 2325 Quoniam
2560 2258 2838 2315 secundum
2858 2256 3187 2312 altitudinem
3213 2256 3325 2310 coeti
3362 2271 3396 2309 α
3424 2264 3591 2319 terra,
3618 2252 3822 2308 corrobo~

2273 2354 2407 2407 ravit
2440 2350 2844 2406 misericordiam
2880 2365 3025 2403 suam
3052 2364 3204 2419 super
3224 2349 3456 2401 timentes
3493 2362 3577 2399 se.
3601 2346 3818 2412 Qum

2277 2444 2589 2497 distatortus
2618 2440 2684 2496 ab
2712 2441 2990 2504 occidente,
3020 2439 3170 2511 longe
3197 2439 3316 2510 fecit
3336 2455 3369 2491 α
3387 2436 3540 2492 nobis
3568 2437 3820 2508 iniquitates

2878 4126 3311 4170 COIIBN'I'ABIUI.
