4088 6346
293 399 396 451 ιῖὂ

1248 396 1713 454 COMMENTARII
1753 399 1816 452 IN
1857 398 2178 456 PSALMOS.
2221 403 2407 458 PSAL
2450 405 2576 458 CIII.

3448 403 3550 458 474

291 517 412 569 Cor.
444 516 519 582 v),
553 515 664 568 sive
685 524 896 568 sanctos
932 530 1295 578 retnnnerans,
1328 516 1440 569 sive
1479 515 1870 570 misericordias
1897 517 1947 576 Α
1974 527 2153 573 rantes
2175 519 2339 574 verbo
2374 519 2507 588 ejus.
2543 518 2693 574 Hunc
2724 519 3039 574 benedicent
3067 518 3289 574 virtutes
3314 519 3549 590 omnium

290 607 726 662 misericordibus
775 607 989 661 faciens.
1036 606 1153 676 Ipse
1201 607 1292 677 qui
1331 609 1556 677 patiens,
1614 608 1726 678 ipse
1775 609 1886 676 qui.

289 699 520 752 multum
569 697 872 753 misericors
914 706 1014 761 est,
1045 698 1089 752 si
1139 713 1237 753 nos
1275 697 1467 752 viderit
1503 698 1770 767 patientes
1815 707 1870 752 et

289 787 687 851 misericordes,
738 802 845 842 non
901 787 1193 842 secundum
1237 797 1454 857 peccata
1485 796 1665 842 nostra
1711 785 1870 841 faciet

288 878 467 942 nobis,
502 894 675 947 neque
703 878 993 933 secundum
1021 878 1306 945 injustitias
1327 886 1535 933 nostras
1554 877 1738 932 reddet
1766 892 1867 931 no-

287 968 388 1035 bis,
424 971 522 1025 sed
548 969 839 1024 secundum
868 969 1200 1025 altitudinem
1225 955 1346 1025 coeli
1363 985 1394 1023 a
1415 979 1574 1033 terra,
1591 966 1871 1025 conﬁrmat

286 1078 457 1132 super
505 1079 603 1118 nos
649 1062 1071 1120 misericordiam
1099 1079 1266 1118 suam.
1297 1061 1365 1116 Et
1404 1070 1662 1131 quantum
1708 1061 1872 1115 distat

286 1163 446 1210 ortus
475 1157 541 1210 ab
570 1172 786 1223 occasu,
837 1164 1042 1210 tantum
1070 1157 1282 1225 elongat
1330 1171 1360 1209 a
1389 1156 1541 1210 nobis
1563 1155 1871 1224 iniquitates

286 1255 528 1302 nostras.
580 1245 730 1305 Sicut
758 1255 912 1316 pater
941 1246 1078 1313 ﬁliis,
1129 1247 1204 1302 sic
1229 1246 1567 1301 miserebitur
1595 1245 1780 1310 nostri,
1823 1245 1872 1300 si

285 1341 668 1396 misericordes
697 1341 970 1396 fuerimus.
995 1341 1053 1398 Si
1073 1341 1466 1397 consideremus
1493 1342 1547 1396 in
1567 1340 1873 1395 hominibus

284 1432 563 1498 ﬂentibus,
589 1443 682 1488 aut
708 1434 1004 1501 egentibus,
1031 1433 1112 1487 vel
1146 1434 1516 1488 necessitatem
1548 1431 1873 1502 patientibus

284 1523 604 1592 ﬁgmentum
633 1532 890 1590 nostrum,
926 1525 976 1577 in
1007 1540 1108 1594 qua
1139 1540 1388 1582 mensura
1418 1524 1585 1578 mensi
1615 1521 1873 1577 fuerimus

286 1615 523 1671 aliorum
552 1617 915 1681 necessitates,
948 1617 1000 1670 in
1031 1631 1094 1670 ea
1137 1616 1389 1670 metietur
1425 1614 1598 1670 nobis.
1643 1612 1758 1668 Non
1799 1611 1874 1667 fui

285 1708 601 1763 misericors
648 1709 699 1762 in
751 1725 909 1764 causa
937 1709 1129 1773 aliena,
1189 1725 1295 1764 non
1334 1709 1464 1763 mihi
1501 1709 1785 1764 miseretur
1818 1707 1872 1761 in
1915 1761 1919 1764 .

219 1792 234 1794 “
286 1814 436 1854 mea.
488 1799 724 1855 Subveni
751 1801 948 1869 egenti,
990 1801 1303 1856 subvenitur
1339 1801 1489 1856 mihi.
1518 1800 1717 1854 Indulsi
1744 1815 1867 1870 pec-

1972 613 2216 669 inimiczc.
2250 613 2380 684 Ipsa:
2419 614 2564 668 enim
2606 614 2803 670 faciunt
2841 615 3169 670 voluntatem
3218 613 3350 684 ejus.
3399 612 3548 667 Ilunc

1969 705 2293 762 benedicunt
2321 706 2498 760 omnia
2529 720 2696 775 Opera
2723 706 2839 774 ejus
2878 707 2930 761 in
2972 707 3118 761 omni
3146 706 3266 761 loco
3309 705 3551 761 domina-

1971 798 2132 852 tionis
2152 797 2284 866 ejus.
2303 795 2612 867 Ubicunque
2632 797 2774 851 enim
2804 798 2979 866 aliqua
3008 809 3250 853 creatura
3279 804 3378 861 est,
3403 796 3553 851 locus

1970 889 2349 944 dominationis
2389 887 2505 956 ejus
2550 894 2651 952 est,
2706 888 2830 957 quia
2879 889 2991 957 ipse
3043 890 3243 944 ereavit
3284 888 3549 942 universa.

1972 977 2126 1034 Hunc
2154 980 2407 1049 cperibus
2435 979 2518 1033 his
2544 978 2824 1034 benedicat
2875 979 3051 1033 anima
3100 988 3281 1035 nostra
3317 979 3368 1033 in
3407 977 3550 1033 omni

1973 1081 2234 1142 tempore,
2284 1072 2376 1141 qui
2425 1079 2615 1139 regnat
2643 1087 2764 1125 cum
2806 1069 2966 1125 Patre
3016 1080 3070 1125 et
3116 1070 3317 1142 Spiritu
3345 1077 3549 1132 sancto,

1971 1180 2069 1235 per
2097 1166 2275 1222 omnia
2304 1165 2496 1220 saacula
2536 1164 2868 1219 saeculorum.
2902 1164 3088 1217 Amen.

2518 1253 2829 1310 PSALMUS
2866 1253 2994 1308 CIII.

1997 1411 2000 1414 Α
2474 1344 2712 1402 Psalmus
2742 1346 2839 1416 ipsi
2868 1344 3051 1399 David.

2049 1439 2286 1504 Benedic,
2312 1440 2486 1493 anima
2516 1455 2649 1502 mea,
2697 1437 2945 1500 Domino;
2977 1435 3198 1490 Domine
3227 1432 3362 1486 Deus
3391 1447 3550 1495 meus,

1976 1533 2342 1603 magniﬁcatus
2379 1549 2431 1586 es
2452 1531 2787 1586 vehementer.
2822 1528 3201 1600 Confessionem
3238 1535 3286 1578 et
3327 1525 3554 1577 decorem

1975 1624 2211 1688 induisti,
2254 1626 2470 1677 amictus
2499 1624 2687 1676 lumine
2730 1625 2860 1675 sicut
2905 1623 3215 1675 vestimento.
3258 1616 3556 1670 Extendens

1979 1715 2158 1770 carlum
2186 1718 2317 1770 sicut
2335 1716 2538 1786 pellem,
2579 1717 2665 1786 qui
2688 1715 2816 1786 tegis
2839 1715 2983 1784 aquis
3013 1713 3277 1783 superiora
3301 1710 3429 1780 ejus.
3455 1706 3556 1771 Qui

1979 1809 2128 1877 ponis
2158 1809 2341 1862 nubem
2358 1823 2624 1862 ascensum
2647 1816 2805 1870 tuum,
2823 1805 2907 1876 qui
2936 1802 3167 1856 ambulas
3194 1817 3345 1870 super
3365 1814 3558 1869 pennas

287 1890 459 1954 cauti,
493 1889 792 1958 indulgetur
845 1891 994 1944 mihi.
1037 1889 1386 1946 Consideravi
1433 1891 1590 1945 unius
1637 1889 1875 1959 ﬁgmenti

1980 1910 2260 1955 ventorum.
2298 1901 2397 1969 Qui
2427 1903 2559 1972 facis
2588 1899 2798 1971 angelos
2829 1909 2938 1952 tuos
2966 1898 3197 1968 spiritus,
3217 1903 3274 1970 _et
3299 1893 3560 1946 ministros

289 1997 381 2036 me
423 1990 670 2051 agentem
719 1983 772 2036 in
805 1983 1070 2047 mollibus,
1103 1993 1159 2038 et
1184 1984 1331 2038 dolui
1373 1998 1534 2053 super
1581 1984 1796 2049 nudum,
1821 1991 1878 2037 et

292 2072 494 2128 vestivi
523 2089 663 2128 eum.
699 2071 967 2128 Esurienti
1015 2089 1345 2143 compassus,
1394 2074 1519 2127 alui.
1569 2073 1708 2141 Ergo
1752 2075 1876 2143 quia

290 2163 633 2218 consideravi
657 2164 963 2232 ﬁgmentum
989 2181 1151 2219 unum
1173 2180 1351 2219 meum
1371 2163 1742 2231 etindigentis,
1758 2180 1884 2219 con-

291 2255 502 2311 siderat
548 2264 604 2310 et
631 2256 721 2310 ille
751 2255 1059 2324 ﬁgmentum
1095 2271 1290 2321 meum,
1315 2264 1370 2310 et
1396 2255 1725 2324 recordatur,
1757 2257 1882 2325 quia

292 2363 430 2401 caro
460 2362 578 2400 sum
616 2353 834 2400 terrena
874 2354 929 2399 et
952 2346 1142 2415 pulvis.
1174 2345 1254 2399 Ex
1278 2363 1388 2416 quo
1415 2347 1457 2400 si
1491 2346 1738 2415 dignatus
1764 2346 1882 2401 fue-

297 2437 393 2504 rit,
426 2452 527 2490 nos
545 2438 745 2505 poterit
765 2437 1042 2491 suscitare.
1074 2436 1207 2494 Nam
1227 2438 1271 2494 si
1313 2437 1413 2492 hoc
1436 2454 1542 2492 non
1573 2446 1734 2503 esset,
1759 2438 1883 2506 quis

297 2537 644 2598 computaret
681 2527 970 2595 hominem,
1001 2531 1091 2599 qui
1131 2531 1267 2585 sicut
1294 2529 1390 2584 llos
1419 2531 1549 2600 agri,
1591 2531 1662 2584 ita
1686 2531 1877 2594 ﬁoriet,

301 2627 364 2671 et
393 2619 613 2674 transiet
658 2622 876 2690 spiritus
897 2621 1010 2690 ejus
1035 2622 1102 2675 ab
1141 2637 1227 2684 eo,
1258 2631 1311 2676 et
1355 2638 1461 2676 non
1490 2631 1589 2685 est,
1621 2630 1675 2676 et
1704 2623 1878 2678 locum

302 2727 463 2765 suum
505 2728 608 2766 non
634 2721 890 2780 agnoscet
921 2713 1166 2782 amplius.
1193 2713 1248 2766 Si
1280 2728 1405 2768 vero
1459 2710 1878 2768 misericordiam

303 2801 653 2870 temporalem
683 2804 1078 2859 exercuerimus
1119 2802 1369 2859 fratribus
1413 2805 1625 2870 nostris,
1671 2805 1880 2861 miseri-

295 2890 540 2946 cordiam
569 2908 958 2962 consequemur
1004 2895 1406 2964 sempiternam,
1436 2911 1595 2964 quam
1641 2895 1882 2964 perﬁciet

300 2999 468 3054 super
492 2984 740 3039 timentes
768 3001 826 3040 se
849 2985 1123 3042 Dominus.
1145 2985 1411 3041 Justitiam
1437 2995 1616 3041 autem
1645 3002 1796 3040 suam
1826 2987 1880 3040 in

301 3075 441 3131 ﬁlios
470 3076 698 3132 ﬁliorum
727 3079 838 3147 qui,
862 3080 1116 3148 quoniam
1141 3096 1246 3135 non
1270 3088 1559 3150 potuerunt
1587 3095 1880 3150 pauperum

297 3171 591 3226 carnalium
613 3188 796 3227 curam
825 3187 1030 3241 gerere,
1054 3175 1368 3244 spiritalium
1392 3189 1682 3244 pauperum
1698 3189 1880 3229 curam

301 3273 550 3329 egerunt,
582 3274 639 3319 ut
665 3276 757 3320 aut
803 3267 988 3331 verbo,
1021 3275 1114 3320 aut
1143 3268 1387 3338 exemplo
1425 3283 1542 3332 suo,
1575 3267 1641 3321 ad
1665 3267 1884 3336 justitia:

298 3355 517 3410 divitias
544 3365 842 3427 provocent
862 3358 1173 3428 spiritaliter
1210 3359 1593 3415 mendicantes.
1623 3359 1679 3414 Si
1701 3360 1781 3415 vis
1803 3361 1885 3415 vi-

297 3446 429 3501 dere
467 3447 685 3503 divitem
736 3458 790 3503 et
837 3450 1160 3516 mendicum,
1193 3451 1363 3506 sancti
1393 3452 1624 3520 apostoli
1661 3451 1884 3508 Joannis

302 3539 421 3608 lege
449 3538 825 3612 Apocalypsin.
855 3541 986 3598 Huic
1015 3557 1142 3611 ergo
1169 3543 1369 3599 similes
1388 3551 1511 3598 sunt
1535 3559 1720 3598 omnes
1747 3544 1881 3598 divi-

303 3638 384 3684 tes
406 3631 458 3683 in
485 3647 616 3686 auro
645 3639 699 3687 et
719 3642 942 3700 argento
970 3652 982 3685 ε
1016 3643 1071 3687 et
1098 3635 1150 3688 in
1183 3634 1304 3697 fide,
1329 3643 1420 3687 aut
1445 3635 1497 3689 in
1527 3634 1779 3702 operibus
1801 3634 1883 3703 ju-

299 3721 458 3775 stitia:
486 3723 864 3779 mendicantes.
923 3723 1134 3778 Justitia
1165 3734 1342 3778 autem
1373 3725 1465 3778 Dei
1504 3726 1555 3777 in
1582 3724 1718 3778 ﬁlios
1746 3725 1883 3778 illio-

309 3829 444 3866 rum.
468 3813 582 3866 Filii
611 3817 974 3883 apostolorum
1001 3825 1124 3868 sunt
1151 3831 1337 3870 omnes
1362 3813 1599 3880 magistri
1619 3814 1880 3869 honorum

304 3903 671 3957 consiliorum.
715 3903 781 3956 Et
822 3906 960 3959 sicut
987 3905 1086 3974 ipsi
1142 3903 1234 3958 ﬁlii
1288 3918 1473 3958 eorum
1521 3912 1662 3968 sunt,
1693 3905 1764 3957 ita
1790 3919 1882 3971 qui

307 3992 531 4046 audiunt
577 4009 689 4059 eos,
733 3992 825 4047 ﬁlii
856 3993 1086 4049 ﬁliorum
1139 4002 1283 4056 sunt,
1315 3993 1675 4047 custodientes
1715 4001 1881 4046 testa-

310 4089 548 4136 mentum
573 4083 685 4148 Dei,
718 4093 774 4137 et
803 4085 1060 4138 memoria
1091 4093 1336 4138 tenentes
1355 4082 1603 4136 mandata
1629 4083 1742 4144 Dei,
1776 4098 1882 4137 non

305 4182 367 4226 ut
389 4173 636 4229 inﬂentur
654 4176 898 4236 scientia,
922 4175 1014 4229 sed
1036 4182 1094 4228 ut
1115 4174 1312 4228 faciant
1330 4190 1394 4229 ea
1423 4189 1541 4244 qua:
1570 4173 1884 4228 memoriter

299 4274 524 4319 norunt.
559 4259 845 4321 Videamus
873 4282 1014 4320 nunc
1042 4267 1217 4330 illum,
1249 4267 1333 4320 cui
1365 4265 1523 4320 Pater
1547 4267 1596 4320 in
1627 4266 1775 4321 caalis
1795 4281 1884 4336 pa-

299 4357 443 4409 ravit
471 4357 650 4412 sedem
694 4374 864 4412 suam.
904 4358 1161 4412 Dominus
1190 4359 1329 4412 enim
1378 4359 1602 4413 Domino
1649 4360 1874 4429 paravit.

294 4445 366 4502 Et
379 4448 509 4502 dixit
531 4447 783 4502 Dominus
797 4448 1036 4513 Domino,
1053 4448 1188 4503 Sede
1207 4468 1239 4503 a
1263 4450 1458 4503 dextris
1473 4451 1596 4503 meis
1613 4449 1726 4520 (Ps.
1746 4455 1873 4520 eis).
1896 4520 1900 4524 ν

296 4540 378 4595 Ibi
423 4555 550 4607 ergo
575 4541 727 4594 sedet
757 4555 1002 4609 regnans,
1035 4550 1089 4595 ct
1128 4542 1275 4608 regni
1315 4542 1430 4610 ejus
1459 4557 1565 4596 non
1602 4542 1706 4596 erit
1735 4540 1871 4596 ﬁnis.

1986 2005 2094 2048 tuos
2115 1996 2285 2065 ignem
2307 2005 2556 2048 urentem.
2600 1994 2699 2060 Qui
2731 1990 2960 2063 fundasti
3011 1997 3200 2042 terram
3233 1999 3384 2054 super
3405 1980 3562 2034 stabi-

1984 2083 2179 2137 litatem
2197 2100 2364 2147 suam,
2387 2100 2489 2137 non
2509 2081 2903 2137 inclinabiturin
2925 2078 3165 2135 steculum
3180 2074 3371 2130 seculi.
3405 2072 3564 2141 Abgs-

1986 2191 2072 2228 sus
2101 2175 2232 2226 sicut
2251 2175 2603 2228 vestimentum
2645 2174 2860 2226 amictus
2889 2173 3020 2242 ejus,
3050 2185 3202 2239 super
3228 2174 3425 2220 montes
3454 2170 3552 2216 sta-

1988 2264 2111 2318 bunt
2141 2282 2304 2337 aqua.
2334 2266 2409 2319 Ab
2438 2266 2790 2335 increpatione
2817 2271 2904 2316 tua
2927 2263 3138 2334 fugient,
3161 2276 3194 2312 a
3213 2273 3332 2312 roce
3358 2253 3566 2308 tonitrui

1987 2359 2061 2410 tui
2083 2355 2449 2427 formidabant.
2476 2357 2768 2411 Ascendunt
2788 2364 3001 2418 montes,
3024 2362 3074 2406 et
3094 2348 3404 2405 descendunt
3427 2362 3566 2400 cam-

1984 2447 2039 2516 pi
2078 2448 2132 2499 in
2179 2446 2344 2500 locum
2398 2463 2546 2515 quem
2599 2445 2830 2517 fundasti
2884 2444 2977 2497 eis.
3022 2440 3315 2495 Terminum
3354 2435 3568 2507 posuisti

1983 2553 2130 2607 quem
2174 2551 2277 2591 non
2317 2534 2779 2607 transgredientur,
2801 2550 2961 2604 neque
2991 2517 3344 2586 convertentur
3371 2527 3568 2598 aperire

1984 2637 2194 2682 terram.
2230 2624 2328 2691 Qui
2356 2629 2546 2681 emittis
2576 2628 2743 2697 fontes
2763 2627 2817 2679 in
2839 2622 3170 2686 convallibus,
3193 2621 3326 2675 inter
3346 2617 3566 2672 medium

1982 2721 2234 2776 montium
2262 2719 2643 2791 pertransibunt
2673 2733 2836 2789 aqua.
2871 2713 3128 2769 Potabunt
3177 2727 3350 2764 omnes
3397 2708 3569 2761 bestia!

1982 2812 2119 2882 agri,
2147 2809 2511 2880 exspectabant
2539 2810 2721 2878 onagri
2747 2809 2798 2860 in
2820 2806 2905 2859 siti
2931 2821 3044 2858 sua.
3079 2803 3246 2871 Super
3264 2817 3324 2853 ea
3345 2798 3569 2852 volucres

1985 2901 2095 2954 cmli
2107 2899 2426 2964 habitabant,
2442 2899 2680 2952 demedio
2697 2906 2954 2968 petrarum
2965 2893 3356 2946 dabuntvocem.
3379 2886 3571 2957 Rigans

1985 3000 2184 3047 montes
2213 2992 2276 3044 de
2301 2989 2646 3062 superioribus
2673 2989 2800 3052 suis,
2831 2986 2894 3040 de
2922 2989 3089 3058 fructu
3135 2997 3342 3054 operum
3371 2988 3569 3033 tuorum

1985 3085 2261 3139 satiabitur
2289 3094 2446 3140 terra.
2475 3082 2774 3138 Producens
2799 3083 2970 3153 fenum
2991 3077 3238 3150 jumentis
3277 3083 3325 3130 et
3365 3072 3571 3126 herbam

1986 3178 2218 3233 servituti
2245 3178 2523 3234 hominum.
2551 3175 2617 3231 Ut
2637 3176 2825 3230 educas
2844 3190 3030 3246 panem
3058 3171 3119 3226 de
3146 3180 3301 3234 terra,
3325 3176 3374 3223 et
3403 3168 3576 3222 vinum

1912 3246 1960 3311 (ἶ
1991 3268 2216 3339 lmtificet
2234 3287 2324 3325 cor
2343 3256 2584 3324 hominis.
2619 3267 2686 3323 Ut
2705 3255 2959 3322 exhilaret
2987 3266 3170 3336 faciem
3190 3265 3243 3316 in
3265 3262 3397 3323 oleo,
3419 3270 3468 3314 et
3487 3277 3570 3330 pa-

1988 3361 2070 3413 nis
2084 3375 2173 3413 cor
2196 3360 2419 3414 hominis
2447 3359 2736 3428 conﬁrmet.
2786 3354 3110 3410 Saturabunt
3137 3352 3277 3422 ligna
3308 3349 3494 3417 campi,
3524 3357 3571 3400 et

1984 3452 2126 3506 cedri
2147 3450 2333 3506 Libani
2363 3469 2491 3522 quas
2517 3446 2787 3521 plantavit,
2823 3447 2928 3501 illic
2954 3461 3182 3516 passeres
3211 3443 3570 3522 nidiﬁcabunt.

1986 3538 2206 3593 llerodii
2235 3521 2416 3592 domus
2447 3538 2551 3591 dux
2591 3547 2667 3590 est
2694 3552 2898 3600 eorum,
2927 3543 3122 3588 montes
3175 3521 3361 3585 efcelsi
3391 3528 3571 3594 cervis,

1985 3639 2131 3699 petra
2162 3630 2416 3700 refugium
2445 3627 2708 3682 erimiriis.
2735 3622 2883 3678 Fecit
2909 3623 3085 3677 lauant
3125 3623 3175 3675 in
3205 3628 3450 3691 tempora,
3485 3617 3571 3671 scd

1985 3720 2223 3790 cognovit
2249 3726 2484 3773 occasum
2509 3733 2676 3771 suum.
2713 3714 2938 3770 Posuisti
2970 3713 3218 3776 tenebras,
3244 3719 3292 3764 et
3331 3711 3468 3781 facta
3497 3716 3572 3761 est

1986 3827 2112 3875 nox,
2143 3812 2196 3863 in
2225 3811 2340 3880 ipsa
2386 3808 2768 3878 pertransibunt
2814 3822 2988 3860 omnes
3021 3803 3193 3856 bestia:
3218 3802 3379 3854 silem.
3405 3798 3572 3851 Catuli

1985 3903 2193 3957 leonum
2234 3902 2510 3972 rugientes,
2536 3908 2593 3952 ut
2627 3899 2910 3968 rapiant-et
2947 3901 3180 3966 quierant
3210 3911 3240 3944 a
3269 3891 3378 3944 Deo
3406 3905 3572 3942 escam

1988 3993 2106 4047 sibi.
2143 3989 2303 4046 Ortus
2326 4001 2400 4044 est
2432 3993 2510 4045 sol
2555 4000 2603 4044 et
2645 3972 2943 4060 congregaii
2984 3994 3124 4049 sunt,
3154 3993 3200 4039 et
3236 3985 3291 4037 in
3329 3980 3575 4035 cubilibus

1987 4084 2096 4138 suis
2123 4080 2525 4136 collocdbuntur.
2554 4079 2732 4134 Edibit
2763 4078 2913 4133 homo
2941 4076 3012 4131 ad
3058 4092 3185 4146 opus
3214 4090 3390 4142 suum,
3419 4079 3466 4124 et
3505 4070 3575 4123 ad

1987 4176 2341 4245 operationem
2363 4189 2507 4226 suam
2534 4188 2694 4242 usque
2721 4170 2790 4224 ad
2819 4185 3098 4241 vesperam.
3133 4165 3301 4232 Quam
3328 4163 3572 4235 magnifi-

1986 4274 2103 4321 cala
2123 4275 2242 4321 sunt
2257 4283 2411 4337 Opera
2439 4275 2545 4331 tua,
2565 4263 2810 4319 Domine!
2830 4264 3003 4316 omnia
3025 4262 3078 4315 in
3107 4261 3361 4330 sapientia
3383 4255 3570 4329 fecisti,

1985 4360 2196 4431 impleta
2238 4368 2315 4413 est
2337 4367 2473 4413 terra
2500 4354 2828 4428 posseisione
2865 4364 2973 4408 tua.
3010 4351 3124 4406 Hoc
3161 4367 3302 4405 mare
3329 4364 3573 4420 magnum

1983 4461 2034 4506 et
2062 4452 2346 4522 spatiosum
2374 4450 2632 4511 manibus,
2660 4449 2766 4502 illic
2790 4448 2992 4518 reptilia
3013 4460 3227 4516 quantm
3253 4459 3354 4495 non
3376 4450 3450 4493 est
3475 4456 3572 4493 nu-

1982 4562 2176 4598 merus.
2218 4543 2482 4596 Animalia
2510 4541 2698 4612 pusilla
2745 4549 2856 4594 cum
2887 4539 3110 4609 magnis,
3143 4536 3250 4590 illic
3279 4551 3429 4587 nares
3451 4548 3570 4604 per-

293 4630 424 4686 ldco
453 4633 574 4701 quia
605 4631 706 4685 dici
731 4640 922 4701 potest,
947 4633 990 4686 si
1013 4648 1224 4702 semper
1237 4633 1342 4685 fuit
1367 4633 1528 4688 Filius
1549 4649 1671 4687 cum
1694 4632 1872 4698 Patre,
1901 4601 1956 4664 Β
1988 4637 2297 4690 transibunt.
2332 4601 2521 4688 Draco.
2544 4635 2640 4687 iste
2668 4649 2812 4698 quem
2856 4630 3092 4701 formasti
3147 4628 3215 4680 ad
3253 4623 3568 4680 illudentlum

295 4724 570 4790 quomodo
600 4725 646 4777 ei
677 4732 803 4778 ante
831 4725 1054 4792 paravit,
1075 4732 1122 4778 et
1157 4731 1340 4792 postea
1368 4724 1500 4778 dixit
1526 4743 1536 4775 :
1563 4723 1738 4780 Sede?
1769 4723 1871 4777 Ad-

253 4886 256 4888 ,
297 4816 612 4869 vertendum
643 4823 724 4868 est
769 4830 894 4882 ergo
941 4816 1065 4884 quia
1097 4815 1229 4870 Filio
1258 4815 1489 4870 hominis
1510 4816 1714 4885 paravit
1740 4814 1880 4870 Deus

297 4907 480 4961 sedem
510 4923 678 4960 suam.
734 4907 862 4960 Nam
915 4907 1076 4961 Filius
1113 4908 1207 4961 Dei
1254 4909 1344 4977 qui
1393 4908 1677 4976 assumpsit
1722 4907 1878 4960 istum

295 4995 490 5050 Filium
521 4997 769 5057 hominis,
806 5013 1018 5065 semper
1039 4996 1132 5050 fuit
1164 4999 1215 5050 in
1244 4998 1362 5050 sitm
1395 4995 1582 5058 Patris,
1609 5004 1663 5050 et
1705 5005 1804 5059 est,
1828 5005 1882 5049 et

293 5091 508 5144 futurus
535 5101 634 5143 est.
681 5089 826 5142 Sicut
868 5091 1008 5143 enim
1039 5089 1258 5150 fluvius,
1290 5089 1532 5157 quamvis
1561 5104 1656 5156 per
1686 5086 1880 5139 multas

251 5247 254 5250 η
294 5191 562 5235 terrarum
610 5181 912 5250 provincias
961 5180 1135 5242 vadat,
1160 5179 1226 5233 de
1255 5180 1372 5232 sinu
1405 5187 1578 5232 tamen
1612 5177 1771 5230 fontis
1798 5178 1880 5230 sui

293 5290 571 5342 nunquam
611 5272 829 5336 recedit,
862 5273 934 5325 ita
963 5281 1017 5326 et
1047 5271 1138 5325 Dei
1172 5271 1334 5324 Filius
1366 5268 1640 5324 invisibilis
1677 5268 1882 5323 hetetur

289 5385 418 5422 cum
451 5367 634 5430 Iacob,
665 5365 936 5434 splendeat
971 5366 1021 5418 in
1053 5365 1214 5427 rubo,
1249 5364 1318 5417 sit
1344 5363 1396 5416 in
1425 5362 1669 5417 columna
1700 5360 1876 5424 nubis,

289 5463 364 5514 sit
395 5463 449 5515 in
493 5461 739 5515 columna
788 5460 940 5526 ignis,
990 5459 1058 5512 sit
1105 5459 1154 5512 in
1186 5458 1346 5521 nube,
1379 5456 1446 5510 sit
1478 5457 1526 5509 in
1557 5455 1710 5520 duce,
1743 5463 1796 5509 et
1823 5455 1874 5508 in

289 5568 403 5621 qua
431 5552 662 5606 voluerit
701 5549 870 5604 forma
919 5566 1013 5617 pro
1056 5550 1228 5601 salute
1266 5549 1568 5611 hominum,
1599 5547 1664 5599 de
1706 5547 1876 5600 Patris

294 5653 477 5698 tamen
507 5644 626 5696 sinu
657 5656 762 5694 non
805 5638 1024 5692 recedit.
1058 5637 1165 5689 Nec
1209 5637 1351 5688 enim
1399 5635 1530 5701 legis
1575 5635 1664 5702 qui
1695 5633 1792 5687 fuit
1821 5635 1872 5687 in

291 5738 416 5792 sinu
445 5734 635 5796 Patris,
668 5731 760 5787 sed
789 5729 878 5798 qui
921 5737 1000 5785 est
1031 5728 1080 5780 in
1121 5727 1237 5778 sinu
1266 5725 1441 5778 Patris
1471 5725 1583 5792 ipse
1611 5725 1865 5777 narravit.

295 5831 450 5888 Hunc
478 5828 795 5883 benedicunt
819 5821 1008 5890 angeli,
1040 5827 1286 5891 potentes
1312 5817 1531 5870 virtutes
1549 5856 1561 5880 ,
1591 5817 1868 5888 obtempe-

1985 4729 2054 4791 ci,
2081 4728 2254 4782 omnia
2278 4735 2369 4778 ate
2398 4730 2790 4794 exspectant,ut
2818 4721 2905 4772 des
2937 4719 3040 4771 illis
3069 4732 3235 4770 escam
3259 4717 3309 4767 in
3329 4724 3564 4782 tempore.

1993 4821 2164 4874 Dante
2193 4827 2240 4871 te
2267 4818 2368 4871 illis
2389 4817 2660 4886 colligent,
2703 4814 2961 4883 aperiente
2985 4819 3032 4862 te
3058 4823 3266 4861 manum
3294 4814 3432 4858 luant
3461 4819 3571 4858 om-

1945 4904 1954 4914 ’
1988 4911 2078 4963 nia
2132 4908 2474 4979 implebantur
2513 4907 2754 4958 bonitate.
2789 4903 3054 4955 Arertente
3089 4908 3255 4954 autem
3301 4909 3348 4953 te
3385 4898 3569 4970 faciem

1991 4999 2353 5058 turbabuntur,
2384 4998 2586 5067 auferes
2617 4993 2849 5063 spiritum
2875 5009 3048 5046 eorum
3082 5000 3127 5044 et
3153 4991 3408 5060 deﬁcient,
3439 4997 3488 5043 et
3512 4987 3568 5039 in

1985 5088 2241 5154 pulverem
2271 5102 2414 5136 suum
2445 5090 2773 5136 revertentur.
2812 5080 3025 5135 Emittis
3071 5082 3301 5151 spiritum
3342 5090 3479 5131 tuum
3515 5082 3568 5129 et

1988 5178 2313 5237 creabantur,
2363 5185 2409 5227 et
2441 5175 2702 5228 renorabis
2733 5176 2914 5241 faciem
2944 5185 3109 5229 terrae.
3151 5173 3233 5227 Sit
3263 5170 3428 5242 gloria
3455 5164 3567 5220 Do-

1987 5271 2112 5323 mini
2145 5272 2196 5322 in
2226 5267 2486 5330 arculum,
2513 5268 2770 5322 (relabitur
2801 5267 3052 5324 Dominus
3083 5266 3135 5317 in
3167 5261 3400 5332 operibus
3435 5257 3564 5313 suis.

1989 5358 2090 5424 Qui
2119 5360 2325 5430 respicit
2355 5369 2542 5414 terram
2597 5369 2645 5414 et
2686 5360 2812 5431 facit
2840 5376 2951 5411 eam
3002 5367 3231 5416 tremere,
3281 5349 3369 5420 qui
3396 5348 3564 5419 tangit

1983 5462 2181 5506 montes
2216 5461 2262 5505 et
2317 5452 2586 5522 fumigant.
2619 5449 2850 5503 Cantabo
2912 5446 3129 5498 Domino
3185 5443 3234 5493 in
3281 5440 3383 5491 cita
3426 5454 3564 5508 mea,

1979 5545 2204 5615 psallam
2259 5542 2480 5596 Domino
2536 5558 2643 5594 meo
2697 5539 2925 5609 quandiu
2973 5551 3102 5588 sum.
3153 5531 3441 5585 Iucundum
3495 5535 3565 5588 sit

1977 5639 2026 5690 ei
2069 5637 2324 5705 eloquium
2369 5649 2558 5694 meum,
2605 5647 2697 5698 ego
2745 5643 2860 5680 vero
2912 5622 3200 5678 delectabar
3231 5623 3284 5676 in
3314 5620 3559 5679 Domino.

1980 5727 2242 5796 Deficrant
2267 5732 2556 5793 peccatores
2587 5737 2618 5771 a
2650 5728 2783 5770 terra
2805 5726 2847 5770 et
2871 5717 3052 5787 iniqui,
3098 5715 3172 5768 ita
3209 5723 3277 5766 ut‘
3296 5731 3396 5769 non
3425 5715 3561 5778 sint;

1981 5816 2208 5875 benedic,
2240 5813 2414 5864 anima
2438 5825 2568 5871 mea,
2605 5806 2842 5860 Domino.
