4088 6346
593 306 698 366 ι75
1746 264 1757 277 ’
1950 314 2225 371 ARNOBII
2264 314 2571 375 JUNiORlS
3774 312 3863 382 ire

1171 442 1605 485 COIIENTARIUI.

660 514 1007 574 Pervenimus
1033 517 1101 573 ad
1128 520 1392 589 psalmum
1421 521 1779 577 centesimum
1813 522 2052 589 tertium,
2092 525 2188 594 qui

587 608 832 664 continet
857 608 1163 665 universam
1189 610 1449 668 fabricam
1475 613 1662 669 mundi
1698 614 1754 669 in
1791 629 1901 686 qua
1937 615 2188 686 magniﬁ-

586 707 743 755 catur
763 699 1022 757 Dominus
1042 702 1414 761 vehementer.
1429 704 1537 762 Sed
1555 721 1676 763 cum
1704 707 1961 764 lubricam
1987 724 2191 767 meum

585 777 697 855 rat,"
730 788 1024 846 adventum
1049 792 1265 848 Domini
1293 793 1621 851 manifestat.
1655 794 1814 853 Prius
1839 798 1985 854 enim
2020 815 2201 871 quam,

583 880 790 937 veniret
818 882 915 938 Dei
935 881 1121 952 Filius,
1156 902 1265 942 non
1285 895 1405 943 erat
1434 888 1715 945 hominum
1738 890 2016 959 Dominus,
2049 908 2179 950 eon-

582 974 871 1032 fessionem
899 986 955 1034 et
974 979 1227 1037 decorem
1257 982 1494 1040 indutus.
1517 982 1717 1042 Omnes
1747 988 1892 1043 enim
1922 989 1979 1044 in
1998 990 2102 1047 diis
2127 999 2187 1047 et

580 1072 881 1129 simulacris
909 1076 1043 1143 suis,
1064 1084 1119 1131 et
1143 1076 1196 1132 in
1216 1079 1369 1135 vanis
1392 1078 1660 1150 llgmentis
1682 1097 1835 1154 spem
1856 1084 2186 1143 collocautes

578 1180 609 1219 a
638 1164 752 1221 Deo
781 1177 1141 1225 recesserant.
1176 1171 1417 1242 Denique
1445 1173 1739 1255 Apostolus
1758 1176 1864 1232 hoc
1890 1176 2064 1248 ipsum
2092 1193 2183 1236 as-

578 1257 709 1313 serit
750 1275 873 1314 cum
901 1261 1032 1316 dicit
1074 1262 1218 1332 quod
1258 1264 1549 1322 adveniens
1575 1267 1836 1326 Dominus
1878 1270 2183 1327 concluserit

578 1352 750 1404 omnia
779 1353 834 1405 in
858 1344 1291 1422 incredulitatem,
1314 1366 1371 1411 ut
1392 1360 1621 1414 omnium
1647 1362 1951 1417 misereatur
1999 1362 2176 1434 (Rom.

579 1440 679 1512 XI).
714 1440 819 1498 Per
848 1443 1023 1521 ipsum
1053 1447 1195 1501 enim
1224 1448 1620 1508 confessionem
1650 1462 1706 1509 et
1733 1453 1987 1511 decorem
2008 1455 2182 1513 induit

580 1530 742 1597 Deus,
775 1549 874 1604 per
900 1536 1255 1593 mediatorem
1287 1540 1387 1596 Dei
1410 1551 1465 1598 et
1490 1542 1795 1600 hominum.
1828 1546 2183 1605 Mediatorem

577 1623 670 1705 qui
699 1632 784 1679 est
814 1623 953 1681 illius
1000 1628 1249 1685 hominis.
1281 1629 1452 1704 Cujus
1484 1632 1754 1691 hominis?
1777 1635 1946 1694 Filius
1984 1638 2175 1705 David,

577 1700 745 1770 Filius
774 1716 1018 1773 Abrahae.
1053 1720 1142 1777 Sic
1170 1721 1315 1780 enim
1336 1700 1470 1795 regis
1497 1724 1775 1799 Evangelii
1798 1739 1961 1802 caput
1987 1752 1999 1786 ε
2024 1700 2180 1789 Liber

2213 438 2267 498 Α
2292 434 2440 501 bant,
2474 433 2666 490 timent
2693 435 3112 491 comminantem
3143 435 3448 492 incendium
3473 440 3862 508 sempiternum,

2293 535 2349 582 et
2377 543 2408 583 a
2454 529 2740 600 prohibitis
2786 530 3049 586 universis
3087 545 3184 585 sua
3222 530 3365 586 facta
3400 532 3747 601 suspendunt.
3779 535 3866 591 As-

2291 622 2531 701 cendunt
2556 633 2771 681 montes
2795 624 3100 694 cogitantes
3127 637 3297 694 regna
3322 625 3614 690 coriorum,
3662 626 3864 684 descen-

2290 712 2425 771 dunt
2480 722 2693 772 montes
2758 715 3061 786 cogitantes
3130 714 3593 786 quemadmodum
3645 724 3862 779 terrenas

2289 806 2532 863 actiones
2551 820 2697 875 suas,
2720 808 2776 863 in
2804 808 2983 864 locum
3010 822 3171 879 quem
3201 807 3443 863 fundavit
3468 806 3726 871 Dominus
3748 809 3862 865 diri.

2288 906 2436 968 gant,
2462 899 2554 956 ubi
2582 901 2869 957 terminum
2892 901 3075 973 posuit
3096 900 3260 967 Deus,
3282 909 3339 956 et
3373 900 3535 971 jussit
3561 916 3675 963 non
3711 910 3859 959 trans-

2287 976 2474 1060 gredi,
2520 998 2574 1048 et
2640 992 2879 1064 positum
2941 992 3233 1049 terminum
3299 1008 3411 1049 non
3464 994 3857 1063 transgreditur,

2288 1090 2349 1138 ut
2406 1085 2655 1156 operiant
2702 1092 2900 1142 terram
2920 1126 2935 1152 ,
2987 1087 3128 1143 sicut
3176 1086 3394 1158 operuit
3436 1094 3642 1142 terram
3689 1086 3855 1141 Adam.

2286 1172 2370 1231 Ex
2410 1174 2554 1233 foliis
2607 1174 2851 1234 ﬁculneis
2897 1178 3113 1250 operuit
3151 1184 3373 1245 terram,
3408 1187 3466 1235 et
3494 1178 3772 1234 abscondit
3789 1194 3855 1235 se.

2285 1265 2380 1322 isti
2434 1283 2545 1323 non
2600 1269 3069 1340 transgrediuntur
3116 1270 3434 1337 terminum,
3489 1284 3660 1340 quem
3703 1270 3854 1341 posuit
3908 1336 3911 1343 ἱ

2285 1359 2565 1428 Dominus,
2590 1362 2654 1419 'et
2693 1379 2804 1420 non
2850 1365 3098 1435 operient
3142 1372 3364 1420 terram.
3395 1363 3467 1419 Et
3506 1364 3641 1433 quia
3668 1379 3767 1419 non
3787 1371 3854 1421 est

2286 1463 2497 1526 Operta,
2538 1456 2679 1527 rigat
2708 1473 2829 1514 eam
2856 1458 3118 1515 Dominus
3141 1458 3210 1515 de
3235 1458 3631 1530 superioribus.
3658 1458 3712 1514 Si
3734 1459 3852 1514 enim

2283 1546 2565 1619 disiectam
2595 1565 2714 1607 eam
2765 1551 3052 1619 invenerit,
3087 1551 3261 1608 imber
3298 1553 3438 1621 rigat
3474 1566 3600 1607 eam
3618 1590 3635 1616 ,
3664 1552 3852 1608 venient

2284 1639 2353 1696 de
2381 1642 2774 1713 superioribus.
2801 1642 2860 1700 Si
2886 1660 3020 1700 vero
3042 1653 3186 1700 tecta
3214 1635 3393 1711 fuerit,
3416 1652 3473 1699 et
3495 1644 3641 1699 uelo
3666 1644 3852 1700 abscon-

2283 1730 2447 1799 ditur,
2503 1748 2605 1790 nec
2648 1734 2718 1793 de
2764 1736 3138 1807 superioribus
3182 1737 3405 1807 rigatur.
3437 1735 3496 1792 Si
3532 1751 3670 1792 vero
3703 1744 3850 1806 pateat

576 1812 926 1880 generationis
970 1813 1096 1869 Iesu
1136 1814 1335 1872 Christi
1381 1819 1480 1889 ﬁlii
1532 1819 1723 1887 David,
1761 1824 1863 1895 ﬁlii
1914 1824 2180 1882 Abraham
2209 1817 2260 1890 Β
2286 1826 2455 1893 caelis,
2488 1834 2544 1883 et
2571 1828 2745 1883 imber
2771 1843 2893 1884 eam
2940 1829 3177 1885 caelestis
3201 1828 3475 1897 infuderit,
3506 1829 3763 1900 producet
3786 1828 3850 1885 b-

577 1898 793 1971 (Hattli.
822 1904 880 1975 l).
908 1902 1039 1973 Quis
1068 1916 1248 1964 autem
1269 1910 1341 1965 sit
1367 1910 1471 1967 iste
1496 1910 1636 1969 illius
1655 1914 1910 1983 hominis,
1941 1935 2008 1975 ne
2036 1917 2178 1977 forte

573 2000 732 2079 putes
760 2010 881 2061 eum
913 1997 1074 2053 talem
1095 2001 1271 2070 qualis
1291 2001 1524 2076 Moyses,
1544 2015 1637 2061 aut
1662 2005 1819 2063 Jesus
1847 2009 1993 2067 Nave
2015 2012 2173 2089 illius,

573 2074 667 2153 aut
690 2085 855 2155 Elias,
880 2099 975 2146 aut
999 2108 1139 2148 unus
1171 2109 1239 2163 ex
1264 2097 1491 2167 magnis,
1536 2114 1644 2153 non
1674 2100 1747 2155 ita
1778 2110 1881 2158 est.
1912 2101 2010 2159 llic
2029 2107 2175 2161 enim

572 2177 834 2239 Dominus
890 2196 1079 2239 eorum
1137 2194 1236 2253 est,
1288 2195 1343 2243 et
1398 2189 1477 2244 illi
1527 2192 1671 2246 servi
1718 2194 1853 2269 ejus.
1888 2193 1985 2251 Hic
2028 2198 2173 2253 enim

571 2268 800 2326 amictus
828 2280 912 2336 est.
959 2274 1161 2332 lnnﬁne
1195 2279 1335 2334 sicut
1372 2282 1773 2340 vestimentum.
1808 2285 1926 2359 ipse
1972 2296 2054 2343 est
2080 2290 2177 2361 qui

570 2363 815 2419 extendit
831 2365 1026 2427 omium
1051 2369 1192 2429 sicut
1213 2371 1427 2440 pellem,
1448 2382 1502 2429 et
1520 2382 1726 2431 tantum
1749 2377 1879 2433 illud
1908 2381 2169 2448 extendit,

573 2463 632 2523 ut
661 2459 974 2527 meretrices
1004 2470 1058 2515 et
1088 2462 1403 2531 publicanos
1430 2468 1628 2537 capiat,
1680 2470 1826 2539 quod
1850 2487 1958 2527 non
1987 2475 2172 2544 capie-

572 2546 773 2613 batnisi
812 2549 961 2607 solos
1001 2552 1392 2613 inuuaculatos.
1428 2556 1495 2612 Et
1536 2559 1662 2630 quia
1691 2561 1908 2630 quando
1940 2564 2176 2622 tenditur

572 2635 748 2711 pellis,
771 2654 935 2710 super
953 2642 1131 2712 ipsam
1154 2659 1293 2715 aqua
1324 2649 1647 2718 aspergitur,
1677 2651 1750 2707 ita
1788 2654 1877 2709 hic
1924 2665 2173 2713 tensurus

570 2726 740 2795 caelos
777 2728 916 2786 sicut
955 2733 1173 2807 pellem,
1207 2737 1340 2797 texit
1380 2738 1434 2803 in
1464 2742 1619 2810 aquis
1648 2744 1929 2814 superiora
1958 2761 2167 2803 eorum.

570 2812 691 2885 Non
720 2820 864 2874 enim
886 2831 1139 2895 poterant
1161 2828 1327 2891 tendi,
1360 2837 1417 2885 et
1444 2846 1615 2902 usque
1647 2812 1725 2889 adi
1744 2844 2061 2906 peccatores
2083 2849 2171 2895 at-

567 2909 793 2982 tingere,
825 2915 927 2971 nisi
948 2933 1093 2988 aqua
1113 2921 1254 2976 sacri
1275 2922 1614 2995 baptismatis
1643 2936 1970 2999 tegerentur,
2000 2934 2068 2990 ad
2091 2935 2173 3007 ip-

567 3015 657 3057 sos
682 3004 848 3062 caelos
877 3011 1057 3078 posuit
1079 3011 1249 3069 nubes
1269 3029 1570 3074 ascensum.
1604 3012 1922 3080 Videntibus
1948 3004 2171 3097 aposto-

568 3086 655 3163 lis,
694 3098 972 3159 ambulans
1019 3119 1182 3173 super
1226 3122 1431 3179 pennas
1471 3119 1775 3177 ventorum.
1824 3114 1985 3181 Venti
2024 3120 2170 3176 enim

2284 1934 2414 1973 num
2437 1918 2716 1990 iumentis,
2744 1919 2896 1976 dabit
2921 1920 3221 1977 doctrinam
3252 1922 3414 1977 talem
3455 1921 3778 1992 simplicibus
3797 1920 3849 1979 ad

2283 2023 2465 2065 escam
2517 2012 2714 2067 animae
2740 2027 2950 2077 eorum,
2975 2012 3190 2082 qualem
3216 2027 3414 2084 capere
3449 2021 3695 2083 possunt.
3724 2012 3848 2072 Dalii

2281 2098 2510 2156 herbam
2539 2103 2790 2157 servituti
2836 2103 3138 2159 hominum.
3169 2103 3401 2160 ﬂerbam
3434 2104 3581 2159 inter
3602 2105 3756 2170 initia,
3782 2117 3845 2159 ve

2273 2189 2557 2247 ‘nientibus
2582 2190 2650 2247 ad
2680 2193 2851 2249 Deum
2880 2195 3104 2250 herbam
3133 2195 3392 2267 proferet.
3424 2194 3541 2252 Non
3579 2198 3714 2253 enim
3752 2210 3843 2266 pob

2280 2289 2408 2337 sunt
2436 2280 2783 2340 solidioribus
2802 2282 2937 2341 cibis
2959 2285 3128 2342 reﬁci.
3154 2285 3523 2342 Perfectorum
3545 2301 3759 2357 namque
3777 2293 3842 2342 est

2278 2376 2506 2433 solidior
2532 2378 2704 2444 cibus,
2735 2378 2828 2448 qui
2847 2379 3232 2436 discretionem
3270 2379 3471 2436 habere
3514 2382 3709 2452 possint
3732 2378 3839 2435 boni

2278 2476 2337 2522 et
2357 2468 2503 2524 mali.
2538 2467 2669 2526 Post
2696 2470 2922 2527 herbam
2947 2472 3098 2527 dabit
3126 2473 3330 2544 spicam
3357 2481 3415 2528 et
3438 2473 3629 2544 incipit
3649 2472 3836 2528 edttcere

2278 2576 2479 2631 panem
2519 2563 2587 2619 de
2612 2572 2776 2619 terra.
2820 2562 2979 2621 Sicut
3003 2566 3147 2621 enim
3196 2566 3280 2622 iac
3309 2565 3377 2621 de
3404 2566 3675 2633 uberibus,
3701 2566 3768 2622 sic
3787 2563 3840 2619 de

2282 2661 2424 2709 terra
2447 2670 2544 2725 per
2573 2656 2798 2712 herbam
2827 2657 3112 2728 attingitur
3136 2656 3203 2713 ad
3242 2658 3468 2729 spicam,
3497 2658 3567 2713 de
3589 2661 3724 2730 spica
3740 2670 3837 2727 per-

2282 2748 2495 2802 venitur
2517 2748 2583 2803 ad
2602 2764 2819 2821 panem,
2844 2750 2937 2822 qui
2961 2750 3030 2806 de
3057 2750 3196 2807 calo
3214 2765 3314 2821 per
3336 2750 3566 2807 imbrem
3587 2749 3838 2806 descendit.

2279 2834 2424 2906 Ergo
2452 2854 2551 2909 per
2578 2839 2781 2895 fontem
2810 2857 3123 2912 perennem,
3158 2843 3304 2898 venit
3331 2842 3429 2898 tibi
3468 2841 3701 2914 panisde
3723 2848 3837 2896 tem

2279 2928 2463 2987 Maria:
2492 2932 2745 3004 Virginis.
2778 2934 2956 2990 imber
2983 2935 3087 2991 iste
3138 2935 3229 3006 qui
3278 2935 3333 2991 in
3358 2933 3531 2991 Maria
3559 2936 3717 3001 venit,
3741 2931 3837 2988 audi

2277 3027 2514 3095 qualiter
2542 3028 2706 3082 venit.
2742 3027 2977 3096 Angelus
3005 3029 3056 3083 ei
3089 3028 3219 3084 dicit
3252 3046 3265 3083 :
3299 3027 3479 3084 Virtus
3508 3028 3767 3091 Altissimi,
3791 3025 3833 3079 id

2277 3126 2380 3182 est,
2400 3119 2594 3175 exalto
2621 3119 2845 3175 veniens
2874 3118 3196 3175 obumbrabit
3225 3118 3317 3173 tibi
3344 3117 3499 3192 (Luc.
3527 3119 3585 3191 l).
3617 3117 3679 3173 Et
3699 3116 3836 3173 exivit

567 3183 622 3240 in
654 3188 884 3253 nubibus
926 3204 1110 3267 agunt,
1143 3206 1198 3265 et
1246 3198 1349 3261 alia
1370 3199 1455 3255 via
1487 3218 1595 3267 non
1628 3213 1713 3269 est
1739 3220 1846 3277 qua
1886 3220 2174 3275 ascensum
2201 3201 2250 3285 β
2281 3210 2441 3266 nobis
2459 3196 2613 3281 panis
2632 3210 2701 3266 de
2740 3219 2905 3266 terra.
2937 3209 3047 3267 Nos
3069 3225 3200 3280 ergo
3231 3210 3299 3267 ad
3323 3226 3424 3267 nos
3452 3211 3737 3275 redeamus,
3762 3206 3835 3278 qui

571 3290 728 3343 suum
753 3279 820 3335 ad
840 3283 1007 3340 caelos
1036 3284 1278 3356 haberet,
1311 3290 1412 3346 nisi
1441 3293 1743 3350 ambularet
1775 3311 1939 3368 super
1961 3314 2170 3369 pennas

570 3378 875 3435 ventorum.
928 3372 1079 3459 [utne
1108 3376 1234 3435 fecit
1280 3382 1502 3453 angelos
1547 3398 1674 3452 suos
1711 3387 1951 3458 spiritus.
1978 3390 2169 3462 Angeii

562 3461 738 3515 nuntii
778 3459 974 3522 Latino
997 3480 1251 3526 sermone
1279 3482 1566 3541 vocantur,
1591 3484 1648 3531 et
1688 3475 2039 3549 Erangeiium
2061 3459 2165 3545 b.0-

563 3564 694 3605 num
740 3554 985 3619 nuiuium
1026 3560 1366 3631 explanatur.
1391 3564 1626 3641 Angelos
1654 3584 1783 3640 ergo
1812 3588 1960 3639 suos,
1982 3573 2038 3631 id
2083 3586 2168 3633 est

560 3643 861 3712 apostolos,
895 3656 1022 3713 tunc
1048 3649 1175 3709 fecit
1203 3655 1442 3731 spiritus,
1467 3661 1683 3731 quando
1705 3664 1783 3719 cis
1809 3664 1946 3725 dixit
1977 3687 1990 3722 :
2019 3670 2166 3726 Acci-

558 3735 666 3815 pile
687 3735 945 3808 Spiritum
978 3750 1245 3817 sanctum,
1266 3756 1314 3801 et
1343 3751 1694 3821 euangelizate
1722 3773 1860 3811 0mm
1888 3771 2157 3817 creaturae.

559 3826 631 3895 Et
662 3836 790 3891 tunc
811 3847 908 3889 eos
942 3832 1067 3901 fecit
1106 3836 1286 3911 ignem
1328 3852 1590 3911 urentem,
1615 3860 1737 3901 cum
1785 3848 1901 3919 ipse
1929 3848 2163 3922 Spiritus

554 3928 774 3989 sanctus
819 3924 961 3993 sicut
1005 3925 1142 3999 ignis
1192 3932 1440 3987 OOiISCdlI.
1483 3933 1536 3989 in
1583 3935 1682 3992 eis.
1729 3936 1879 3995 Tunc
1918 3941 2161 4003 fundavit

554 4019 753 4075 terram
783 4014 834 4070 in
865 4017 1217 4084 stabilitatem
1247 4037 1423 4091 suam,
1446 4032 1690 4085 terrenas
1717 4030 1922 4091 scilicet
1948 4042 2161 4091 mentes

551 4108 809 4176 gentium;
842 4125 963 4181 quin
1001 4111 1216 4179 fuerunt
1246 4115 1300 4171 in
1333 4118 1531 4181 fabrica
1566 4122 1728 4178 turris
1773 4123 1977 4191 divisze,
2012 4145 2157 4185 nunc

552 4195 620 4256 ad
647 4199 997 4265 stabilitatem
1050 4220 1204 4267 suam
1244 4223 1508 4271 revocans
1557 4211 1609 4267 in
1662 4230 1771 4270 uno
1810 4217 1979 4273 verbo
2024 4219 2156 4277 Jesu

551 4284 768 4349 Christo
814 4291 1161 4362 corroborat,
1194 4305 1252 4353 et
1289 4298 1363 4353 ita
1405 4299 1591 4356 fundat
1638 4303 1692 4358 in
1731 4306 1810 4361 eis
1855 4305 2154 4371 Ecclesium

548 4390 713 4459 super
741 4376 882 4441 hanc
902 4390 1133 4453 petram,
1158 4394 1218 4441 ut
1245 4402 1354 4442 non
1384 4389 1671 4449 inclinetur
1691 4395 1745 4449 in
1774 4398 2025 4463 sacculum
2048 4408 2151 4457 sai-

444 4473 451 4485 ‘
549 4469 675 4533 culi.
708 4469 879 4541 Hujus
906 4489 1039 4533 sane
1063 4483 1221 4533 terrm
1250 4478 1499 4553 abyssus,
1517 4483 1656 4540 sicut
1674 4488 1893 4559 pallium
1922 4491 2152 4552 amictus

2276 3303 2421 3358 hunc
2441 3318 2509 3358 ex
2538 3303 2649 3359 alto
2678 3302 2981 3359 venientem
3004 3303 3232 3358 imbrem
3252 3304 3561 3374 accipimus,
3582 3302 3625 3357 si
3645 3301 3836 3356 venient

2272 3407 2341 3448 ex
2388 3393 2759 3465 superioribus
2788 3393 2927 3460 fons,
2985 3408 3086 3449 nos
3141 3393 3245 3449 sibi
3286 3400 3534 3463 patentes
3578 3390 3835 3447 invenerit.

2272 3483 2582 3554 Accipimus
2609 3499 2804 3555 panem
2834 3485 2925 3554 qui
2954 3482 3239 3540 conﬁrmet
3286 3500 3385 3542 cor
3430 3491 3679 3540 nostrum.
3704 3481 3836 3536 Aeci-

2269 3572 2451 3645 pimus
2468 3573 2672 3642 vinum,
2698 3574 2842 3646 quod
2891 3574 3126 3630 laetiﬁcet
3152 3590 3250 3631 cor
3276 3584 3534 3639 nostrum,
3555 3582 3609 3630 et
3635 3572 3835 3627 duabus

2267 3663 2771 3723 conlirmationibus
2811 3665 2989 3723 cordis
3030 3666 3266 3738 acceptis
3308 3666 3650 3723 exhilaraer
3671 3660 3826 3716 facies

2268 3765 2467 3813 nostra
2496 3757 2619 3814 oleo
2641 3758 2975 3824 chrismatis,
3005 3759 3081 3814 ita
3109 3765 3169 3814 ut
3201 3775 3302 3831 per
3320 3758 3510 3829 lignum
3551 3755 3719 3811 crucis
3739 3767 3798 3807 sa

2266 3848 2473 3903 tientnr
2501 3850 2682 3904 omnia
2713 3849 2857 3919 ligna
2884 3850 3079 3922 campi,
3112 3850 3165 3906 id
3203 3858 3306 3918 est,
3348 3850 3517 3906 omnis
3538 3847 3691 3903 turba
3713 3846 3836 3901 sim-

2265 3938 2525 4010 plicitatis
2553 3941 2696 3996 inter
2718 3955 2855 4011 quos
2883 3951 3009 3998 sunt
3036 3941 3230 3998 divites
3272 3950 3330 3998 et
3354 3940 3732 3998 sublimissima:
3756 3952 3837 4008 po-

2265 4038 2509 4098 testates,
2542 4047 2676 4103 quas
2705 4048 2805 4105 pro
2833 4032 3151 4090 celsitudine
3170 4032 3365 4090 cedros
3379 4031 3565 4090 Libani
3586 4044 3838 4102 nuncupa‘

2262 4122 2359 4178 vit.
2390 4121 2449 4178 In
2478 4122 2564 4179 his
2582 4138 2831 4196 passeres
2860 4122 3160 4181 nidiﬁcant.
3190 4124 3309 4181 Non
3340 4124 3479 4181 dixit
3517 4125 3571 4180 in
3603 4123 3836 4180 omnibus

2260 4230 2513 4286 passeres
2550 4215 2919 4273 nidiﬁcabunt.
2963 4216 3101 4274 Sunt
3129 4218 3274 4273 enim
3323 4217 3588 4289 aliquanti
3615 4218 3704 4287 qui
3728 4214 3837 4272 dili—

2258 4315 2391 4377 gunt
2410 4306 2764 4377 Christianos,
2798 4318 2853 4366 et
2872 4326 2970 4366 sua
2997 4326 3092 4367 eos
3104 4326 3208 4382 ope
3220 4318 3547 4377 sustentant,
3573 4311 3665 4381 qui
3690 4311 3740 4365 in
3760 4308 3833 4363 his

2258 4402 2665 4470 requiescentes
2688 4400 2964 4459 nidiﬁcant
2990 4401 3124 4470 Deo,
3170 4403 3263 4473 qui
3290 4417 3544 4475 passeres
3569 4402 3689 4459 ideo
3711 4416 3834 4456 nun-

2212 4525 2217 4529 -
2255 4501 2543 4565 cupantur,
2572 4494 2697 4564 quia
2737 4493 2977 4550 caelestia
3000 4504 3056 4550 et
3082 4495 3188 4550 alta
3216 4502 3483 4566 petentes,
3529 4495 3612 4551 sic
3636 4493 3827 4562 sejun-

548 4567 649 4625 est.
892 4565 995 4621 sibi
1023 4566 1330 4641 philosophi
1352 4570 1712 4633 infructuosas
1736 4581 2144 4654 exquisitidnes,
2173 4582 2231 4651 D
2253 4560 2389 4653 guilt
2417 4560 2920 4642 conversationibus
2938 4560 3239 4653 hominum,
3272 4594 3332 4641 ut
3359 4560 3577 4657 fugiant
3604 4582 3837 4657 ipsosbo-

546 4658 826 4733 etmaguo
867 4656 1053 4721 labore
1075 4658 1257 4719 dicant
1290 4679 1350 4723 se
1377 4680 1539 4736 posse
1574 4666 1783 4734 discere
1824 4673 1971 4742 quod
2000 4683 2145 4733 terra
2186 4686 2189 4695 '

542 4745 734 4813 {minus
773 4764 832 4809 se
879 4751 1140 4824 abyssum
1165 4754 1383 4826 habeat,
1433 4774 1543 4829 quo
1571 4762 1738 4818 veluti
1765 4764 1932 4837 pallio
1958 4770 2145 4827 amici-

543 4843 666 4905 tur:
697 4841 887 4906 nosad
909 4851 1108 4905 terram
1140 4847 1297 4913 istam
1324 4864 1443 4921 qua:
1486 4851 1741 4911 fundatur
1765 4855 1819 4913 in
1850 4859 2144 4920 stabilitate

542 4926 816 5000 Ecclesiae,
846 4939 1111 4999 sermonis
1154 4942 1325 5008 aciem
1355 4942 1670 5016 dirigamus.
1712 4949 1950 5023 Abyssus
1994 4955 2141 5011 enim

537 5020 841 5097 circumdat.
858 5041 997 5091 eam,
1030 5029 1149 5087 Non
1170 5032 1333 5091 habet
1350 5037 1493 5093 enim
1523 5036 1684 5096 linem
1704 5020 1924 5100 altitudo
1938 5044 2138 5101 divitia-

532 5132 652 5192 [me
678 5119 971 5191 ξαρὰεηείω,
1004 5138 1122 5197 qua:
1148 5127 1445 5187 circumdat
1464 5147 1605 5201 eam,
1638 5141 1693 5191 et
1734 5151 1899 5209 super
1926 5150 2140 5197 montes

534 5209 655 5288 93in
698 5212 925 5277 stabunt
965 5230 1139 5293 aquae.
1183 5217 1502 5293 Quicunque
1546 5241 1759 5283 sursum
1800 5245 1896 5286 cor
1937 5231 2139 5297 habent

531 5311 920 5377 montessunt,
970 5318 1027 5369 et
1051 5324 1216 5382 super
1254 5313 1399 5384 ipsos
1423 5326 1568 5375 stant
1595 5335 1767 5389 aquae.
1817 5322 1938 5379 Stat
1974 5342 2139 5396 super

533 5395 679 5471 tam
719 5400 1060 5475 baptismatis
1104 5408 1493 5476 sanctiﬁcatio,
1535 5422 1683 5473 stant
1720 5416 1775 5473 in
1830 5417 1935 5473 fide
1963 5395 2132 5486 recta,

529 5506 639 5561 non
656 5494 1141 5567 rciscumducuntur
1161 5502 1309 5557 omni
1331 5512 1494 5567 vento
1511 5504 1795 5571 doctrinm.
1819 5507 1922 5574 Qui
1954 5519 2134 5567 tamen

532 5578 769 5653 inii-ibim
793 5598 1031 5658 mittes,
1052 5591 1339 5665 diligenter
1366 5596 1633 5659 ausculta.
1656 5597 1748 5661 isti
1770 5608 1917 5665 sunt,
1941 5602 2032 5671 qui
2062 5603 2131 5658 ab

532 5672 900 5763 interrogatione
946 5681 1045 5737 Dei
1072 5683 1302 5755 fugiunt.
1336 5685 1570 5759 Fugiunt
1608 5690 1793 5760 utique
1830 5691 1972 5747 facta
2010 5707 2132 5763 qua:

531 5761 878 5836 iucrepantur
898 5786 929 5825 a
958 5772 1091 5841 Deo,
1120 5784 1175 5830 et
1216 5792 1247 5831 a
1281 5794 1412 5835 voce
1461 5782 1687 5839 tonitrui
1726 5781 1842 5852 ejus
1869 5761 2127 5842 formida-

1640 5944 1715 5953 ις..-
1913 5944 1917 5948 -
2007 5948 2077 5955 -._.

2252 4678 2449 4745 mines,
2478 4678 2531 4735 in
2557 4694 2789 4750 quorum
2829 4676 3077 4736 domibus
3122 4678 3399 4737 nidiﬁcare
3447 4674 3839 4752 probantur.ln

2250 4772 2335 4827 his
2362 4787 2613 4843 passeres
2635 4774 2727 4844 qui
2774 4760 3067 4842 nidiﬁcant,
3098 4774 3270 4833 fulicm
3298 4776 3498 4833 domus
3539 4776 3653 4833 dux
3671 4782 3751 4833 est
3767 4790 3843 4831 θοι
3924 4831 3931 4837 .

2248 4880 2387 4919 rum.
2421 4863 2602 4920 Fuiica
2631 4866 2685 4920 in
2706 4881 2847 4936 aqua
2867 4877 3070 4933 manet,
3104 4869 3157 4923 in
3185 4883 3323 4939 aqua
3355 4867 3626 4938 nidificat,
3645 4871 3700 4925 in
3720 4882 3843 4937 aqua

2247 4957 2402 5026 vivit,
2434 4967 2489 5014 et
2525 4973 2661 5029 aqua
2688 4958 2881 5017 domus
2908 4968 2991 5015 est
3018 4961 3152 5032 ejus.
3183 4960 3386 5016 Horum
3409 4975 3549 5032 ergo
3578 4973 3846 5035 passerum

2246 5047 2423 5105 fulica:
2442 5048 2652 5117 domus,
2686 5050 2738 5105 id
2762 5059 2865 5119 est,
2890 5066 3027 5122 aqua
3058 5054 3172 5123 ipsa
3200 5052 3306 5108 dux
3339 5047 3536 5109 eorum
3570 5062 3660 5111 est
3688 5066 3850 5125 pam-

2248 5157 2386 5196 rum.
2408 5140 2487 5199 lbi
2516 5150 2642 5197 sunt
2662 5151 2876 5199 montes
2903 5145 3123 5212 excelsi,
3151 5145 3326 5201 cervis
3354 5143 3701 5215 fugientibus
3744 5143 3850 5200 dia-

2244 5231 2449 5299 bolum,
2481 5231 2808 5303 fugientibus
2846 5235 3120 5292 mundum.
3155 5236 3342 5292 Ibiest
3378 5244 3540 5307 petra
3594 5245 3851 5309 praestans

2242 5326 2537 5396 relugium,
2570 5328 2683 5384 sive
2722 5329 3084 5386 erinaciorum
3136 5329 3289 5396 ﬁliis,
3321 5330 3447 5400 quia
3498 5330 3725 5387 minora
3762 5328 3853 5384 ba-

2242 5418 2433 5475 bentes
2446 5419 2646 5490 jacuia.
2672 5438 2702 5477 a
2723 5423 2947 5478 canibus
2968 5438 3077 5477 non
3100 5422 3378 5487 timentur,
3408 5421 3529 5477 sive
3552 5422 3851 5494 leporibus,

2238 5512 2365 5581 quia
2405 5521 2461 5567 et
2495 5512 2707 5585 lepores
2733 5530 2896 5571 canes
2922 5515 3163 5584 fugiunt,
3196 5525 3251 5571 et
3278 5515 3524 5572 eriuacii.
3573 5514 3687 5584 Qui
3728 5528 3851 5582 ergo

2236 5602 2448 5673 fugiunt
2474 5606 2573 5661 hos
2593 5622 2777 5675 canes,
2815 5608 2883 5662 de
2913 5609 3108 5679 quibus
3150 5610 3347 5665 clamat
3375 5606 3628 5664 Paulus:
3674 5606 3853 5664 Videte

2235 5711 2409 5763 canes,
2441 5696 2603 5752 videte
2628 5699 2791 5754 malos
2812 5702 3078 5772 operarios
3103 5700 3267 5772 (Phil.
3292 5699 3392 5771 ut),
3425 5699 3735 5758 inveniunt
3754 5700 3856 5758 sibi

2220 5796 2446 5862 petram
2477 5790 2529 5844 in
2552 5790 2837 5860 refugium,
2869 5802 2921 5848 et
2940 5792 3094 5865 juxta
3117 5793 3364 5850 semitam
3398 5793 3625 5863 positos
3655 5809 3855 5856 canum

4036 240 4039 321 ι
