4088 6346
274 295 375 351 477

1278 285 1749 373 COMMENTARII
1790 282 1855 338 1N
1898 279 2228 339 PSALMOS.
2273 284 2466 342 PSAL.
2507 284 2642 344 CIV.

3466 284 3574 342 478

271 427 485 470 morsus
505 412 785 483 ellugiunt.
817 412 967 468 Nunc
987 410 1256 467 evasimus
1285 416 1499 464 montes
1527 423 1590 463 ac
1608 405 1791 469 silvas,
1818 378 1873 458 et
1900 402 1951 461 Î‘
1977 399 2135 454 masti
2169 418 2180 452 :
2212 400 2355 470 quod
2395 409 2575 456 autem
2605 401 2846 470 sequitur
2874 399 2940 455 ad
2971 399 3295 455 illudendum
3326 399 3431 463 eis,
3465 397 3570 453 illis

271 504 441 565 facies
486 504 646 563 nobis
669 503 799 563 ccli
841 502 1167 574 resplendet,
1201 502 1254 556 in
1291 516 1400 572 qua
1422 498 1665 555 videmus
1692 497 1875 552 lunam

270 597 491 665 factam,
524 597 578 653 in
608 606 854 669 tempore
891 596 1161 667 passionis
1206 595 1478 650 lucentem
1517 593 1573 647 iu
1612 588 1870 647 tenebris.

270 688 332 747 la
374 705 485 760 quo
514 668 696 746 tamen
730 668 989 760 rtempore
1028 688 1184 745 doce.
1213 687 1272 743 ln
1314 695 1561 757 tempore
1608 683 1874 755 passionis

269 781 524 839 diximus.
556 780 876 849 Quomodo?
900 780 1039 848 Quia
1084 788 1214 837 tunc
1250 777 1345 835 Sol
1367 778 1590 847 iustitiae
1616 788 1874 832 occasum

268 890 452 940 suum.
495 875 611 947 ipsa
651 883 803 933 sexta
828 870 964 933 hera
991 875 1099 931 dici
1133 874 1316 946 posuit
1344 872 1617 938 tenebras,
1648 878 1706 925 et
1732 868 1875 923 facta

268 975 359 1022 est
404 982 532 1031 nos,
567 967 620 1022 in
649 982 761 1038 quo
789 968 1120 1027 transierunt
1161 981 1351 1022 omnes
1391 964 1576 1020 bestia:
1613 961 1873 1018 silvarum

268 1054 670 1114 Pbarismorum
700 1058 924 1114 ferocia.
956 1057 1025 1112 Et
1045 1073 1235 1114 eorum
1254 1056 1349 1127 qui
1367 1054 1632 1112 devorant
1656 1053 1873 1125 plebem

266 1144 391 1213 Dei,
423 1147 566 1207 sicut
593 1164 773 1206 eseam
821 1150 994 1221 panis,
1029 1159 1137 1205 tam
1183 1149 1454 1220 spiritales
1492 1146 1680 1203 bestia
1707 1159 1871 1216 quam

261 1220 537 1297 carnales.
572 1241 679 1297 Sed
698 1220 989 1313 propterea
1024 1241 1174 1298 dedit
1198 1242 1379 1297 lunam
1400 1241 1455 1295 in
1488 1247 1669 1301 nocte,
1701 1244 1761 1292 ut
1782 1237 1874 1291 ha-

264 1330 465 1388 bentes
493 1332 674 1389 himen
703 1333 947 1399 cteleste,
979 1333 1215 1389 ferarum
1256 1332 1528 1389 morsibus
1554 1329 1868 1386 evadamus.

195 1460 218 1483 .
264 1421 334 1479 In
359 1425 476 1495 ipsa
516 1425 661 1482 en'un
681 1428 1075 1484 tenebrositate
1110 1428 1228 1499 ejus
1255 1426 1531 1483 abundant
1558 1424 1722 1481 catuli
1750 1423 1871 1478 leo-

262 1532 421 1584 num,
454 1516 509 1571 id
529 1525 633 1584 est,
662 1515 754 1573 lilii
783 1518 1086 1576 daemonum
1105 1563 1119 1587 ,
1150 1534 1341 1576 omnes
1367 1517 1607 1574 hasretici
1636 1531 1746 1572 non
1778 1514 1872 1572 do-

264 1614 459 1663 centes
476 1617 684 1675 saneta,
708 1609 802 1668 sed
830 1610 1104 1679 rugientes
1146 1618 1208 1665 ut
1230 1610 1465 1681 rapiant,
1494 1617 1550 1664 et
1568 1614 1815 1678 quaerant
1837 1622 1871 1663 a

264 1697 384 1756 Deo
415 1699 606 1757 tollere
624 1714 804 1757 escam
830 1701 949 1757 sibi.
975 1701 1107 1757 Orto
1135 1708 1315 1757 autem
1345 1700 1474 1757 Sole
1496 1699 1735 1769 justitize,
1753 1699 1873 1755 sive

1979 489 2165 560 utique
2204 490 2297 561 qui
2324 505 2491 546 naves
2536 500 2788 547 recusant
2807 531 2823 558 ,
2863 499 2920 546 et
2944 491 3100 562 quasi
3145 490 3408 547 animales
3450 491 3569 545 sine

1976 579 2232 650 magistro
2258 580 2530 641 catholico
2566 588 2622 638 et
2649 583 2719 638 ab
2754 582 3018 654 apostolis
3051 582 3282 641 ducente
3315 580 3565 638 traditio-

1978 689 2103 730 nem
2128 674 2263 744 legis
2289 689 2350 730 se
2386 672 2636 730 ductibus
2670 684 2729 732 et
2764 675 3136 733 altitudinibus
3163 676 3401 733 tradunt.
3430 673 3571 744 Ergo

1975 767 2101 836 quia
2130 775 2283 823 extra
2319 765 2613 823 Ecclesiam
2640 777 2801 836 sunt,
2832 769 2975 826 inter
3001 769 3257 826 animalia
3295 766 3490 840 pusilla
3517 774 3576 823 et

1978 873 2171 929 magna
2190 867 2450 929 vagantes
2476 858 2757 915 inveniunt
2770 860 3088 928 draconem,
3111 861 3187 919 ita
3214 862 3319 919 sibi
3346 859 3574 917 illuden-

1977 959 2118 1017 tem,
2151 959 2209 1006 ut
2237 959 2428 1022 putent
2473 966 2534 1011 se
2580 952 2772 1008 melius
2817 952 3102 1010 catholicis
3146 967 3374 1024 sapere,
3420 951 3574 1008 etad

1976 1042 2258 1101 arbitrium
2286 1058 2443 1101 suum
2462 1043 2743 1100 inveniunt
2761 1052 3036 1116 perpettm
3052 1046 3246 1103 mortis
3272 1045 3572 1113 interitum,

1975 1148 2097 1189 cum
2126 1134 2447 1190 devenerint
2486 1136 2542 1190 in
2585 1134 2932 1207 profundum.
2963 1133 3105 1203 Quid
3132 1144 3315 1193 amen
3343 1144 3434 1201 tu,
3466 1134 3577 1191 Do-

1974 1226 2140 1293 mine,
2172 1228 2378 1297 patiens
2406 1236 2457 1282 et
2480 1227 2699 1282 malum
2723 1229 3039 1294 natea-iocre,
3066 1235 3123 1284 et
3139 1225 3310 1284 Judaei
3328 1234 3385 1282 et
3404 1226 3577 1282 here-

1978 1317 2092 1385 tici,
2123 1325 2180 1373 et
2208 1318 2401 1387 ingrati
2428 1319 2587 1374 simul
2607 1334 2730 1376 cm
2756 1318 2929 1376 servis
2956 1319 3084 1375 tuis.
3109 1313 3310 1374 Omnes
3334 1316 3578 1389 quandiu

1976 1407 2031 1463 in
2059 1409 2164 1465 isto
2192 1419 2317 1465 sunt
2355 1426 2586 1482 corpore
2613 1426 2804 1469 omnes
2827 1427 2860 1467 a
2889 1421 2945 1468 te
2983 1419 3333 1483 exspectant,
3377 1419 3437 1467 ut
3479 1410 3578 1467 des

1976 1500 2082 1558 illis
2110 1517 2293 1558 escam
2320 1502 2374 1557 in
2402 1509 2650 1574 tempore
2678 1504 2802 1560 isto.
2825 1503 2939 1560 isto
2964 1505 3090 1559 vita:
3115 1502 3418 1574 placatis,
3449 1502 3577 1573 quia

1974 1596 2019 1650 si
2046 1604 2107 1650 tu
2135 1610 2244 1650 non
2270 1594 2504 1661 dederis,
2532 1596 2713 1652 nullus
2731 1596 2952 1667 colligit.
2978 1596 3170 1667 Aperis
3188 1610 3408 1652 manum
3428 1602 3577 1656 tua!

1974 1701 2141 1758 super
2164 1686 2339 1742 bonos
2365 1695 2422 1742 et
2449 1686 2649 1753 malos,
2681 1694 2738 1743 et
2767 1688 2960 1758 imples
2996 1702 3159 1743 omne
3185 1687 3387 1743 animal
3410 1686 3576 1742 bene~

266 1800 590 1860 resurgente
611 1792 681 1847 ab
719 1791 903 1848 inferis
926 1791 1157 1849 Domino
1185 1792 1254 1848 ad
1272 1791 1506 1857 Judmos,
1536 1792 1650 1847 sive
1675 1805 1867 1846 exsur-

1977 1779 2213 1843 dictione
2229 1821 2244 1847 ,
2276 1780 2373 1836 sed
2399 1795 2525 1838 cum
2561 1781 2762 1836 avertis
2788 1779 2982 1837 iaciam
3008 1788 3186 1847 tuam,
3230 1788 3357 1836 tunc
3384 1780 3576 1835 turbav

266 1890 434 1950 gente
456 1898 553 1952 per
576 1883 931 1939 assertionem
971 1885 1294 1940 catholicam
1339 1894 1529 1941 contra
1558 1883 1870 1949 hmreticos;

266 1973 377 2028 hoc
414 1988 545 2043 ergo
571 1974 787 2030 oriente
822 1976 1090 2031 universae
1116 1975 1400 2045 diffugiunt
1422 1976 1630 2041 bestiae,
1656 1975 1877 2031 tenden-

268 2072 357 2120 tes
384 2065 626 2131 insidias,
648 2074 707 2121 et
734 2066 789 2120 in
811 2066 1080 2123 cubilibus
1108 2068 1220 2123 suis
1248 2083 1308 2124 se
1321 2069 1681 2124 collocabunt.
1704 2067 1877 2123 Judaei

266 2156 337 2210 ad
359 2172 664 2228 synagogas
691 2174 838 2224 suas,
870 2168 928 2214 et
968 2160 1208 2215 haeretici
1248 2159 1316 2213 ad
1339 2160 1589 2233 synedria
1616 2174 1730 2216 sua.
1763 2160 1877 2215 illic

266 2250 765 2317 congregabantur,
797 2259 854 2306 et
877 2251 1113 2322 quandiu
1144 2252 1455 2322 resplendet
1482 2252 1639 2307 nobis
1676 2250 1772 2306 Sol
1794 2252 1878 2322 ju-

267 2340 452 2404 stitizc,
485 2339 562 2393 illi
590 2341 645 2395 in
687 2341 958 2397 cubilibus
982 2344 1094 2398 suis
1122 2343 1416 2408 dormiunt,
1451 2360 1557 2399 non
1585 2353 1711 2399 sunt
1757 2346 1882 2400 ausi

268 2432 424 2486 exire
443 2432 511 2485 ad
529 2432 722 2488 lucem.
746 2431 933 2489 Omnis
953 2435 1098 2489 enim
1125 2436 1218 2506 qui
1240 2436 1381 2491 male
1396 2436 1522 2505 agit,
1546 2436 1661 2492 odit
1677 2437 1869 2493 lucem.

270 2520 379 2587 Qui
427 2522 542 2576 odit
584 2522 806 2578 fratrem
835 2540 1021 2590 suum,
1053 2526 1104 2581 in
1134 2525 1370 2581 tenebris
1398 2527 1665 2593 ambulat;
1700 2528 1872 2583 bestia

274 2619 382 2677 est,
415 2612 616 2673 dormit
662 2622 720 2670 et
747 2616 865 2685 ipse
905 2632 1026 2672 cum
1055 2616 1254 2697 iudicis
1281 2626 1336 2673 et
1368 2619 1634 2674 hmreticis
1675 2637 1688 2673 :
1732 2619 1873 2675 sicut

274 2700 446 2759 Jutbui
469 2703 521 2758 in
550 2706 815 2762 cubilibus
843 2708 1193 2775 inï¬delitatis,
1241 2718 1297 2764 et
1334 2709 1570 2767 harretici
1603 2711 1657 2767 in
1685 2713 1872 2768 cubili-

270 2792 375 2848 bus
401 2795 556 2850 malae
598 2797 930 2854 credulitatis
958 2800 1228 2857 collocant
1273 2817 1333 2858 se
1368 2812 1425 2859 et
1464 2802 1755 2860 dormiunt.
1788 2804 1870 2861 ita

268 2886 360 2942 his
379 2887 449 2943 de
469 2889 650 2945 medio
676 2898 794 2946 atra
824 2908 933 2948 nox
961 2893 1071 2950 odii
1093 2895 1267 2951 oculis
1287 2884 1476 2951 eorum
1504 2897 1783 2965 incumbit,
1814 2905 1873 2955 et

270 2977 411 3033 nihil
440 2988 639 3050 praeter
658 2983 910 3040 tenebras
933 2985 1175 3041 videntes
1205 2987 1258 3041 in
1292 2987 1421 3043 odio
1440 2987 1732 3043 dormiunt.
1766 2988 1871 3057 Qui

265 3077 457 3125 autem
476 3072 639 3128 homo
660 3085 745 3130 est
773 3084 829 3131 et
858 3092 967 3133 non
988 3076 1120 3142 fera,
1145 3080 1291 3135 exiet
1318 3079 1386 3135 ad
1415 3096 1551 3152 Opus
1571 3097 1728 3137 suum
1754 3096 1870 3137 cre-

1981 1877 2202 1942 buntur,
2226 1890 2353 1932 eum
2372 1874 2625 1931 auferens
2646 1874 2869 1945 spiritus
2893 1888 3084 1931 eorum
3104 1882 3159 1929 et
3185 1872 3498 1940 defecerint,
3521 1878 3577 1930 et

1980 1968 2034 2024 in
2065 1977 2207 2025 terra
2237 1985 2336 2025 sua
2364 1976 2729 2033 revertentur,
2753 1968 2823 2025 de
2848 1982 2955 2039 qua
2983 1967 3246 2038 assumpti
3273 1975 3418 2022 sunt.
3441 1963 3578 2025 Cum

1980 2068 2164 2116 autem
2192 2059 2356 2116 fuerit
2401 2059 2816 2115 resurrectionis
2863 2068 3107 2130 tempus,
3152 2058 3335 2114 veniet
3360 2055 3580 2127 spiritus

1981 2158 2126 2215 tuus,
2156 2157 2212 2205 et
2239 2149 2702 2206 resuscitabuntur
2721 2150 2776 2205 hi
2799 2150 2853 2206 in
2875 2150 3070 2221 quibus
3090 2148 3361 2205 renovasti
3388 2146 3580 2203 laciem

1982 2246 2160 2307 terrm,
2185 2240 2353 2317 quiin
2367 2241 2662 2299 novitatem
2684 2241 2808 2297 vita:
2829 2241 3260 2306 ambulaverunt,
3277 2240 3371 2311 qui
3391 2239 3579 2295 ambu-

1983 2334 2230 2389 laverunt
2258 2336 2314 2389 in
2342 2334 2639 2391 novitatem
2688 2335 2939 2407 spiritus,
2972 2328 3033 2391 et
3064 2349 3173 2391 non
3200 2338 3580 2390 remanserunt

1982 2425 2037 2480 iu
2064 2433 2332 2483 vetustate
2359 2427 2554 2484 litterze
2569 2468 2584 2493 ,
2628 2429 2680 2483 in
2717 2429 2914 2498 quibus
2941 2428 3125 2485 omnia
3154 2438 3323 2484 cetera
3354 2428 3579 2483 transie-

1977 2529 2116 2587 runt,
2147 2530 2197 2575 et
2224 2523 2363 2593 facta
2383 2530 2505 2576 sunt
2529 2523 2705 2576 munia
2732 2538 2865 2578 nova
2888 2524 2905 2590 (
2919 2519 2961 2576 ï¬‚
2983 2521 3104 2577 Cor.
3128 2520 3211 2592 v).
3244 2519 3301 2574 In
3324 2519 3454 2591 ipsis
3474 2518 3579 2574 erit

1976 2615 2149 2683 gloria
2174 2614 2388 2669 Domini
2414 2614 2468 2669 in
2486 2614 2681 2670 s'ecula
2702 2615 3044 2681 oraculorum,
3061 2621 3185 2670 cum
3204 2613 3397 2669 beatus
3417 2610 3578 2668 luerit

1976 2710 2030 2765 in
2060 2709 2315 2782 operibus
2342 2710 2483 2777 suis,
2524 2724 2644 2780 quae
2685 2726 2828 2766 nunc
2859 2717 3117 2780 operatur
3154 2723 3278 2763 cum
3320 2704 3482 2760 Patre
3521 2711 3579 2760 et

1974 2806 2181 2877 Spiritu
2211 2812 2435 2874 sancto,
2466 2807 2559 2876 qui
2598 2805 2821 2876 respicit
2848 2812 3082 2869 terram,
3116 2802 3168 2857 id
3198 2809 3315 2866 est,
3346 2812 3578 2870 corpora

1977 2897 2245 2963 ï¬delium,
2278 2906 2334 2952 et
2364 2896 2492 2952 facit
2535 2912 2598 2952 ea
2639 2903 2873 2951 tremere
2896 2892 3159 2965 judicium
3186 2889 3443 2946 futurum.
3474 2886 3579 2957 Qui

1977 2989 2149 3058 tangit
2194 2997 2409 3045 montes
2456 2996 2514 3043 et
2560 2988 2843 3057 fumigant.
2887 2984 3089 3042 Fumus
3116 2982 3381 3040 montium
3408 2980 3579 3036 nubes

1976 3079 2125 3137 facit.
2173 3080 2316 3152 Ergo
2364 3096 2459 3137 eos
2504 3081 2600 3153 qui
2646 3096 2864 3138 sensum
2912 3078 2980 3135 ad
3026 3078 3252 3148 gloriam
3299 3075 3578 3134 caelestem

262 3161 511 3246 dens,_et
535 3164 675 3222 bene
702 3168 955 3234 credens,
979 3179 1032 3225 et
1053 3172 1122 3226 ab
1146 3174 1466 3244 Operatione
1487 3190 1583 3229 sua
1606 3190 1770 3246 quam
1793 3175 1869 3229 in-
1897 3166 1947 3243 (á¼¶
1976 3175 2237 3241 exaltant,
2264 3175 2338 3231 ita
2367 3183 2425 3231 ut
2453 3173 2594 3246 apud
2619 3174 2872 3231 homines
2901 3173 2955 3229 in
2986 3180 3131 3228 terra
3160 3169 3427 3227 imminuti
3455 3180 3577 3227 csso

262 3234 505 3324 choï¬‚it,
531 3258 836 3317 lueeseente
858 3262 958 3318 sibi
991 3264 1117 3320 Sole
1138 3234 1378 3335 jtistitim,
1415 3234 1670 3338 operatur
1698 3284 1866 3339 usque

260 3359 574 3419 vesperum,
592 3348 647 3406 id
664 3361 767 3419 est,
791 3354 1093 3424 quandiuin
1120 3356 1221 3413 hac
1241 3358 1359 3416 luce
1378 3360 1651 3431 perdurat,
1675 3368 1730 3417 et
1751 3362 1865 3419 hazc

260 3454 378 3495 non
407 3442 518 3498 suis
544 3444 749 3501 viribus
776 3456 1033 3518 reputans
1056 3450 1254 3506 clamat
1283 3471 1294 3505 :
1322 3452 1491 3520 Quam
1522 3455 1862 3525 magnilicata

260 3539 393 3588 sunt
420 3548 587 3604 opera
615 3543 726 3604 tua,
753 3536 1013 3597 Domine!
1046 3541 1237 3600 Omnia
1269 3545 1383 3602 hate
1412 3547 1467 3602 in
1500 3549 1763 3620 sapientia
1792 3550 1865 3605 fe-

262 3623 409 3691 cisti,
442 3626 556 3682 sive
580 3628 800 3685 visibilia
825 3634 1118 3690 secundum
1147 3636 1462 3708 Apostolum
1480 3683 1494 3705 ,
1538 3641 1650 3697 sive
1677 3644 1860 3697 invisi-

264 3715 394 3771 (lilia
424 3718 644 3790 (Colon.
671 3724 734 3794 Î¹).
758 3723 981 3800 Repleta
1004 3736 1087 3783 est
1116 3730 1259 3785 enim
1289 3740 1432 3787 terra
1455 3742 1702 3791 creatura
1723 3735 1859 3804 ejus.

264 3807 527 3866 Venimus
567 3813 634 3867 ad
677 3811 809 3871 lines
849 3827 1038 3886 terr-.13,
1072 3821 1334 3878 intremus
1374 3840 1519 3880 nunc
1545 3840 1713 3881 mare.
1749 3822 1864 3881 Hoc

266 3914 420 3955 mare
440 3917 695 3972 magnum
725 3915 781 3961 et
801 3902 1119 3979 spatiosum,
1146 3929 1255 3968 non
1285 3923 1337 3969 te
1365 3914 1524 3972 docet
1544 3933 1643 3987 pro
1665 3931 1861 3985 magno

267 3991 535 4059 propheta
555 3994 997 4069 psalmographus
1018 4003 1341 4071 patriarcha,
1367 4003 1532 4058 immo
1552 4004 1607 4059 S.
1633 4004 1866 4075 Spiritus

271 4078 328 4135 in
376 4080 460 4135 his
505 4083 597 4152 qui
644 4085 899 4155 loquitur,
946 4091 1053 4146 hoc
1098 4107 1197 4147 nos
1243 4093 1430 4149 habuit
1475 4093 1689 4159 docere,
1739 4096 1865 4168 quia

268 4184 527 4241 magnum
543 4181 784 4233 estmare
794 4187 848 4233 et
864 4182 1180 4250 spatiosum,
1205 4191 1260 4239 et
1281 4185 1352 4239 ibi
1374 4186 1613 4256 repentia
1633 4202 1865 4259 quorum

265 4276 382 4320 non
412 4271 496 4319 est
521 4279 798 4323 numerus.
823 4270 1131 4333 Animantia
1160 4290 1349 4345 magna
1377 4284 1433 4331 et
1453 4293 1635 4349 parva,
1655 4285 1709 4333 et
1736 4278 1863 4350 quia

262 4355 346 4414 ibi
364 4370 534 4412 naves
556 4365 857 4426 transeunt,
883 4379 988 4419 non
1012 4365 1115 4421 hoc
1140 4365 1321 4422 docuit
1346 4368 1491 4439 quod
1512 4369 1687 4425 nullus
1710 4371 1863 4441 igno-

262 4453 386 4514 rat,
415 4447 511 4503 sed
540 4449 683 4505 scire
711 4466 811 4508 nos
837 4454 1009 4519 voluit
1034 4472 1184 4513 mare
1215 4473 1466 4528 magnum
1488 4469 1542 4515 et
1563 4462 1859 4534 spatiosum

1975 3267 2273 3334 videantur,
2298 3274 2357 3322 ut
2384 3267 2438 3322 in
2460 3265 2640 3323 futuro
2663 3266 3006 3323 inveniantur
3024 3263 3245 3328 excelsi,
3269 3261 3368 3317 hos
3390 3265 3576 3329 tanget

1970 3357 2249 3425 Dominus,
2274 3367 2330 3415 et
2356 3357 2489 3414 dant
2510 3358 2713 3415 fumum
2743 3357 2854 3413 oris
2873 3357 2976 3423 sui,
2999 3354 3340 3428 proferentes
3367 3364 3575 3406 sermo-

1970 3469 2128 3520 nem,
2159 3453 2252 3525 qui
2291 3453 2463 3509 nubes
2506 3460 2633 3508 sunt
2674 3450 2989 3514 oculorum,
3034 3454 3090 3502 et
3132 3446 3332 3509 facient
3373 3442 3573 3505 multos

1966 3546 2183 3617 plorare
2210 3554 2433 3617 peccata
2461 3560 2557 3600 sua
2576 3582 2591 3608 ,
2634 3543 2832 3598 multos
2871 3541 3057 3596 lavare
3097 3554 3163 3597 ea
3190 3536 3569 3609 eleemosynis,

1966 3638 2168 3692 multos
2194 3635 2450 3692 festinare
2479 3636 2544 3692 ad
2597 3635 2804 3691 fontem
2846 3643 3078 3690 saerum.
3112 3631 3203 3690 Sic
3242 3647 3373 3704 ergo
3416 3637 3566 3685 tactu

1969 3728 2066 3783 Dei
2094 3736 2309 3784 montes
2338 3727 2601 3798 fumigant
2629 3727 2699 3783 ad
2726 3726 3134 3783 inundationem
3165 3724 3416 3787 nubium,
3450 3735 3571 3792 qua:

1966 3820 2205 3892 pluviam
2232 3820 2426 3877 dantes
2466 3829 2579 3877 tam
2621 3819 2811 3877 sordes
2839 3818 3095 3882 abluunt,
3127 3832 3287 3888 quam
3330 3812 3573 3883 frugibus

1968 3922 2025 3969 et
2046 3914 2330 3970 arboribus
2349 3913 2606 3970 nascendi
2629 3914 2843 3984 copiam
2863 3910 3260 3968 administrant.
3279 3906 3573 3963 Cantemus

1968 4017 2101 4073 ergo
2130 4006 2231 4075 ipsi
2262 4004 2492 4061 Domino
2520 4004 2632 4060 Deo
2663 4013 2853 4061 nostro
2883 4004 2938 4060 in
2965 4002 3076 4059 vita
3103 4008 3312 4065 nostra,
3338 4005 3393 4056 et
3421 3995 3570 4069 psal-

1970 4097 2145 4153 lamus
2192 4098 2241 4153 ei
2287 4096 2525 4169 quandiu
2581 4098 2841 4167 vivimus;
2890 4096 3070 4154 suavis
3117 4095 3188 4151 sit
3234 4093 3287 4151 ei
3332 4089 3575 4148 laudatio

1969 4197 2154 4245 nostra
2185 4189 2472 4246 catholicis
2492 4188 2879 4246 assertionibus
2903 4181 3194 4252 suaï¬cata,
3223 4183 3355 4241 nihil
3380 4176 3574 4238 moi-bo

1966 4277 2275 4334 Judaaorum
2294 4320 2309 4345 ,
2341 4278 2474 4335 nihil
2502 4280 2692 4337 morbo
2723 4279 3101 4337 hzcreticorum
3137 4272 3523 4335 circumferens
3554 4291 3569 4329 :

1967 4380 2029 4427 ut
2055 4379 2111 4428 et
2139 4387 2238 4429 nos
2266 4371 2598 4430 delectemur
2637 4374 2692 4433 in
2724 4373 2954 4435 Domino
2979 4388 3101 4435 cum
3130 4368 3361 4427 deiicere
3388 4381 3572 4440 cmpe-

1965 4464 2076 4520 rint
2100 4464 2359 4533 haaretici,
2390 4475 2483 4522 aut
2512 4466 2681 4525 Judzei
2720 4483 2750 4523 a
2782 4475 2925 4524 terra
2954 4475 3010 4523 et
3039 4466 3237 4539 iniqui,
3262 4464 3337 4527 ita
3374 4471 3435 4523 ut
3463 4478 3573 4520 non

259 4553 420 4603 esse,
453 4554 670 4595 omnem
719 4542 892 4613 legem
934 4547 1059 4602 novi
1089 4556 1144 4604 et
1173 4552 1369 4607 veteris
1398 4550 1758 4623 Testamenti,
1791 4556 1863 4611 ibi
1896 4541 2086 4627 nsint
2115 4577 2127 4612 :
2159 4566 2288 4615 tunc
2317 4558 2439 4614 laeta
2466 4560 2645 4615 anima
2676 4570 2861 4619 nostra
2897 4559 3223 4618 benedicens
3248 4558 3479 4614 Domino
3518 4556 3575 4617 in

261 4629 544 4699 repentia,
571 4645 803 4701 quorum
830 4651 938 4693 non
978 4646 1062 4694 est
1102 4657 1358 4699 numerus
1387 4662 1399 4698 :
1429 4644 1481 4698 in
1512 4645 1630 4715 lege
1669 4645 1858 4714 Judaei,

259 4721 329 4775 in
356 4720 474 4789 lege
498 4721 723 4779 Samara
738 4765 753 4789 ,
786 4734 841 4782 et
870 4726 922 4783 in
945 4730 1063 4800 lege
1082 4731 1317 4789 hmretici
1332 4777 1346 4803 ,
1379 4744 1435 4792 et
1454 4736 1506 4791 in
1529 4737 1647 4809 lege
1668 4741 1861 4795 catho-

259 4811 389 4875 lici,
437 4813 492 4868 in
534 4815 653 4885 lege
692 4832 873 4888 reges,
904 4825 1183 4895 consules,
1232 4828 1444 4895 divites,
1487 4846 1769 4902 pauperes.
1803 4832 1863 4888 in

258 4905 390 4971 lege
413 4905 591 4975 pusilli
613 4916 671 4964 et
692 4914 889 4982 magni,
914 4913 987 4970 ibi
1008 4932 1171 4974 naves
1195 4926 1494 4988 transeunt,
1521 4923 1649 4979 solm
1676 4923 1865 4982 Eccle-

259 4996 364 5090 sia:
394 4997 761 5090 universarum
787 5007 1203 5077 provinciarum,
1236 5029 1353 5084 qua:
1382 5015 1625 5086 epibatas
1654 5016 1865 5090 [ascen-

258 5085 474 5161 siones]
500 5088 704 5147 ducunt
732 5094 799 5150 ad
828 5111 992 5166 regna
1022 5102 1314 5169 ccelorum,
1347 5120 1379 5160 a
1408 5085 1713 5163 civitatibus
1756 5118 1866 5165 ter-

260 5176 420 5231 renis
454 5179 521 5234 ad
549 5181 824 5241 civitatem
850 5186 1148 5248 Jerusalem
1193 5204 1422 5252 matrem
1462 5204 1721 5257 nostram.
1763 5200 1866 5269 Qui

261 5274 455 5324 autem
484 5271 601 5328 sine
636 5290 773 5333 nave
800 5277 961 5337 fuerit
999 5282 1052 5338 in
1083 5285 1187 5342 hoc
1214 5289 1349 5344 mari
1377 5303 1574 5360 magno
1618 5291 1866 5350 inventus

260 5364 508 5419 inveniet
535 5366 824 5428 draconem
868 5377 960 5445 qui
1008 5377 1269 5438 formatus
1314 5392 1396 5438 est
1434 5384 1503 5439 ad
1530 5385 1862 5444 illudendum

258 5456 369 5511 eis.
402 5456 706 5517 Notandum
735 5472 914 5520 tamen
957 5475 1039 5524 est
1067 5473 1191 5543 quia
1222 5473 1333 5529 Deo
1363 5475 1587 5532 dicitur:
1614 5477 1727 5535 lilic
1755 5488 1857 5549 est,

257 5550 470 5619 inquit,
501 5552 666 5609 draco
695 5570 852 5625 quem
892 5557 1160 5630 formasti,
1192 5566 1318 5637 quia
1361 5567 1638 5626 Manichzci
1678 5572 1861 5628 dicunt

257 5642 568 5713 principem
598 5646 941 5705 tenebrarum
969 5667 999 5705 a
1028 5668 1086 5709 se
1114 5655 1313 5713 habere
1345 5660 1685 5730 principium.
1718 5660 1861 5731 Ergo

256 5737 599 5793 mercatura
629 5740 931 5810 assignetur
950 5742 1083 5811 Deo,
1107 5745 1221 5805 Deo
1239 5748 1452 5816 dicitur,
1477 5750 1649 5817 Quem
1674 5760 1727 5807 tu
1752 5751 1859 5809 for-

1971 4651 2119 4708 omni
2147 4659 2393 4725 tempore
2428 4652 2530 4725 ipsi
2572 4653 2774 4727 gratias
2800 4661 2951 4729 aget,
2976 4652 3065 4710 cui
3091 4650 3262 4724 gloria
3295 4650 3346 4705 in
3377 4646 3573 4715 sarcula.

1971 4744 2309 4801 seculorum.
2344 4744 2535 4800 Amen.

2530 4832 2849 4891 PSALMUS
2884 4833 3017 4890 CIV.

2645 4924 2895 4981 Alleluia.

2043 5017 2377 5091 Con/itemini
2402 5017 2650 5085 Domino,
2670 5027 2721 5073 et
2739 5019 2972 5072 invocale
2996 5032 3181 5079 nomen
3200 5015 3332 5088 ejus,
3364 5028 3569 5071 altumi-

1972 5112 2098 5164 tiate
2124 5113 2260 5165 inter
2289 5120 2465 5183 gentes
2493 5127 2652 5183 opera
2680 5110 2815 5184 ejus.
2847 5107 3064 5167 Cantate
3092 5110 3137 5165 ei
3177 5119 3226 5163 et
3261 5105 3469 5180 psallite
3496 5102 3567 5167 ei,

1974 5213 2190 5257 narrate
2216 5204 2392 5258 omnia
2434 5202 2695 5261 mirabilia
2726 5203 2857 5278 ejus.
2904 5201 3217 5261 Laudamini
3261 5200 3314 5252 in
3361 5193 3569 5253 nomine
3608 5272 3615 5275 _

1972 5303 2152 5349 sancto
2174 5296 2314 5367 ejus;
2338 5295 2537 5351 lwtetur
2556 5313 2644 5354 cor
2663 5299 3000 5372 quwrentium
3022 5293 3320 5348 Î’Î¿Î·Î¹á½²Î·Î±Î·Î¹-
3345 5284 3571 5351 Quamâ€œ

1971 5384 2274 5457 Dominum,
2318 5398 2365 5444 et
2395 5389 2797 5462 conï¬rmantini,
2828 5388 3041 5461 quaerite
3069 5384 3256 5456 faciem
3298 5378 3408 5449 ejus
3436 5391 3569 5437 tant

1970 5497 2081 5551 per.
2126 5479 2435 5540 Mementote
2476 5484 2791 5539 mirabilium
2832 5482 2942 5551 ejus
2990 5492 3104 5549 quae
3149 5473 3298 5545 fecit,
3327 5467 3571 5549 ÏÎ½Ïá½±á½¶Î±á½¶Î±

1968 5574 2079 5645 ejus
2103 5583 2154 5629 et
2172 5575 2377 5646 judicia
2405 5578 2509 5631 oris
2547 5577 2681 5647 ejus.
2717 5572 2905 5629 Semen
2946 5565 3210 5621 Abraham
3250 5563 3384 5619 Î´ÎµÎ½Ï…á½·
3430 5561 3570 5635 ejus.

1967 5666 2067 5735 ï¬lii
2094 5665 2259 5721 Iacob
2299 5666 2445 5725 electi
2483 5666 2614 5735 ejus.
2650 5663 2771 5734 Ipse
2810 5660 3066 5715 Dominus
3107 5655 3248 5713 Deus
3290 5665 3482 5724 noster,
3511 5659 3569 5725 in

1967 5757 2208 5815 universa
2255 5767 2390 5813 terra
2411 5754 2617 5828 judicia
2664 5753 2794 5822 ejus.
2845 5749 3047 5811 Memor
3089 5752 3187 5824 [ull
3216 5751 3271 5811 in
3317 5750 3571 5813 secutum
