  <div class='ocr_page' id='page_1' title='image "/cluster/home/n/w/nwhite01/storage/ocr_20150623/53/hvd.32044015471576/245.png"; bbox 0 0 4088 6346; ppageno 0'>
   <div class='ocr_carea' id='block_1_1' title="bbox 545 320 669 421">
    <p class='ocr_par' dir='ltr' id='par_1_1' title="bbox 545 320 669 421">
     <span class='ocr_line' id='line_1_1' title="bbox 545 320 669 421; baseline 0 -1"><span class='ocrx_word' id='word_1_1' title='bbox 545 320 669 421; x_wconf 54' lang='grc'><strong><em>’479</em></strong></span> 
     </span>
    </p>
   </div>
   <div class='ocr_carea' id='block_1_2' title="bbox 1919 355 2525 415">
    <p class='ocr_par' dir='ltr' id='par_1_2' title="bbox 1919 355 2525 415">
     <span class='ocr_line' id='line_1_2' title="bbox 1919 355 2525 415; baseline -0.002 0"><span class='ocrx_word' id='word_1_2' title='bbox 1919 355 2187 415; x_wconf 80' lang='lat' dir='ltr'><strong><em>ARNOBII</em></strong></span> <span class='ocrx_word' id='word_1_3' title='bbox 2224 357 2525 414; x_wconf 80' lang='lat' dir='ltr'><strong><em>JUNIORIS</em></strong></span> 
     </span>
    </p>
   </div>
   <div class='ocr_carea' id='block_1_3' title="bbox 3713 360 3813 421">
    <p class='ocr_par' dir='ltr' id='par_1_3' title="bbox 3713 360 3813 421">
     <span class='ocr_line' id='line_1_3' title="bbox 3713 360 3813 421; baseline 0 0"><span class='ocrx_word' id='word_1_4' title='bbox 3713 360 3813 421; x_wconf 66' lang='lat'><strong><em>480</em></strong></span> 
     </span>
    </p>
   </div>
   <div class='ocr_carea' id='block_1_4' title="bbox 564 473 3806 550">
    <p class='ocr_par' dir='ltr' id='par_1_4' title="bbox 564 473 3806 550">
     <span class='ocr_line' id='line_1_4' title="bbox 564 473 3806 550; baseline -0.002 -13"><span class='ocrx_word' id='word_1_5' title='bbox 564 484 854 537; x_wconf 69' lang='lat' dir='ltr'><strong><em>testamenti</em></strong></span> <span class='ocrx_word' id='word_1_6' title='bbox 879 483 978 543; x_wconf 80' lang='lat' dir='ltr'><strong><em>sui,</em></strong></span> <span class='ocrx_word' id='word_1_7' title='bbox 1007 480 1140 534; x_wconf 89' lang='lat' dir='ltr'><strong><em>verbi</em></strong></span> <span class='ocrx_word' id='word_1_8' title='bbox 1165 480 1299 550; x_wconf 86' lang='lat' dir='ltr'><strong><em>quod</em></strong></span> <span class='ocrx_word' id='word_1_9' title='bbox 1326 478 1588 533; x_wconf 86' lang='lat' dir='ltr'><strong><em>mandavit</em></strong></span> <span class='ocrx_word' id='word_1_10' title='bbox 1615 480 1667 532; x_wconf 92' lang='lat' dir='ltr'><strong><em>in</em></strong></span> <span class='ocrx_word' id='word_1_11' title='bbox 1689 478 1828 533; x_wconf 86' lang='lat' dir='ltr'><strong><em>mitte</em></strong></span> <span class='ocrx_word' id='word_1_12' title='bbox 1845 478 2138 547; x_wconf 85' lang='lat' dir='ltr'><strong><em>generatio-</em></strong></span> <span class='ocrx_word' id='word_1_13' title='bbox 2161 476 2221 538; x_wconf 74' lang='grc' dir='ltr'><strong>Α</strong></span> <span class='ocrx_word' id='word_1_14' title='bbox 2243 473 2324 529; x_wconf 90' lang='lat' dir='ltr'><strong><em>los</em></strong></span> <span class='ocrx_word' id='word_1_15' title='bbox 2340 515 2356 539; x_wconf 96' lang='lat'><strong><em>,</em></strong></span> <span class='ocrx_word' id='word_1_16' title='bbox 2387 482 2443 529; x_wconf 91' lang='lat' dir='ltr'><strong><em>et</em></strong></span> <span class='ocrx_word' id='word_1_17' title='bbox 2469 474 2615 529; x_wconf 85' lang='lat' dir='ltr'><strong><em>misit</em></strong></span> <span class='ocrx_word' id='word_1_18' title='bbox 2642 473 2963 531; x_wconf 77' lang='lat' dir='ltr'><strong><em>Paraclitum</em></strong></span> <span class='ocrx_word' id='word_1_19' title='bbox 2982 514 2997 542; x_wconf 94' lang='lat'><strong><em>,</em></strong></span> <span class='ocrx_word' id='word_1_20' title='bbox 3028 478 3121 544; x_wconf 88' lang='lat' dir='ltr'><strong><em>qui</em></strong></span> <span class='ocrx_word' id='word_1_21' title='bbox 3148 475 3202 530; x_wconf 91' lang='lat' dir='ltr'><strong><em>in</em></strong></span> <span class='ocrx_word' id='word_1_22' title='bbox 3239 482 3530 546; x_wconf 83' lang='lat' dir='ltr'><strong><em>conspectu</em></strong></span> <span class='ocrx_word' id='word_1_23' title='bbox 3555 479 3806 546; x_wconf 87' lang='lat' dir='ltr'><strong><em>gentium,</em></strong></span> 
     </span>
    </p>
   </div>
   <div class='ocr_carea' id='block_1_5' title="bbox 485 565 2140 641">
    <p class='ocr_par' dir='ltr' id='par_1_5' title="bbox 485 565 2140 641">
     <span class='ocr_line' id='line_1_5' title="bbox 485 565 2140 641; baseline -0.005 -15"><span class='ocrx_word' id='word_1_24' title='bbox 485 632 495 641; x_wconf 46' lang='grc'><em>,</em></span> <span class='ocrx_word' id='word_1_25' title='bbox 562 588 673 626; x_wconf 88' lang='lat' dir='ltr'><strong><em>nes.</em></strong></span> <span class='ocrx_word' id='word_1_26' title='bbox 708 568 859 635; x_wconf 82' lang='lat' dir='ltr'><strong><em>Quod</em></strong></span> <span class='ocrx_word' id='word_1_27' title='bbox 883 569 1135 641; x_wconf 84' lang='lat' dir='ltr'><strong><em>disposuit</em></strong></span> <span class='ocrx_word' id='word_1_28' title='bbox 1163 568 1233 621; x_wconf 92' lang='lat' dir='ltr'><strong><em>ad</em></strong></span> <span class='ocrx_word' id='word_1_29' title='bbox 1254 568 1546 633; x_wconf 82' lang='lat' dir='ltr'><strong><em>Abraham,</em></strong></span> <span class='ocrx_word' id='word_1_30' title='bbox 1575 578 1626 621; x_wconf 90' lang='lat' dir='ltr'><strong><em>et</em></strong></span> <span class='ocrx_word' id='word_1_31' title='bbox 1647 568 1926 638; x_wconf 87' lang='lat' dir='ltr'><strong><em>juramenti</em></strong></span> <span class='ocrx_word' id='word_1_32' title='bbox 1964 567 2042 619; x_wconf 89' lang='lat' dir='ltr'><strong><em>sui</em></strong></span> <span class='ocrx_word' id='word_1_33' title='bbox 2071 565 2140 619; x_wconf 89' lang='lat' dir='ltr'><strong><em>ad</em></strong></span> 
     </span>
    </p>
   </div>
   <div class='ocr_carea' id='block_1_6' title="bbox 567 656 2140 731">
    <p class='ocr_par' dir='ltr' id='par_1_6' title="bbox 567 656 2140 731">
     <span class='ocr_line' id='line_1_6' title="bbox 567 656 2140 731; baseline -0.003 -14"><span class='ocrx_word' id='word_1_34' title='bbox 567 661 743 717; x_wconf 86' lang='lat' dir='ltr'><strong><em>Isaac.</em></strong></span> <span class='ocrx_word' id='word_1_35' title='bbox 788 660 860 715; x_wconf 85' lang='lat' dir='ltr'><strong><em>Et</em></strong></span> <span class='ocrx_word' id='word_1_36' title='bbox 883 662 1061 715; x_wconf 87' lang='lat' dir='ltr'><strong><em>statuit</em></strong></span> <span class='ocrx_word' id='word_1_37' title='bbox 1087 659 1218 714; x_wconf 84' lang='lat' dir='ltr'><strong><em>illud</em></strong></span> <span class='ocrx_word' id='word_1_38' title='bbox 1241 659 1403 715; x_wconf 82' lang='lat' dir='ltr'><strong><em>Jacob</em></strong></span> <span class='ocrx_word' id='word_1_39' title='bbox 1444 662 1499 714; x_wconf 90' lang='lat' dir='ltr'><strong><em>in</em></strong></span> <span class='ocrx_word' id='word_1_40' title='bbox 1536 669 1863 731; x_wconf 77' lang='lat' dir='ltr'><strong><em>prtereptum,</em></strong></span> <span class='ocrx_word' id='word_1_41' title='bbox 1893 669 1941 712; x_wconf 90' lang='lat' dir='ltr'><strong><em>et</em></strong></span> <span class='ocrx_word' id='word_1_42' title='bbox 1972 656 2140 713; x_wconf 81' lang='lat' dir='ltr'><strong><em>Israel</em></strong></span> 
     </span>
    </p>
   </div>
   <div class='ocr_carea' id='block_1_7' title="bbox 546 750 2136 818">
    <p class='ocr_par' dir='ltr' id='par_1_7' title="bbox 546 750 2136 818">
     <span class='ocr_line' id='line_1_7' title="bbox 546 750 2136 818; baseline -0.004 -9"><span class='ocrx_word' id='word_1_43' title='bbox 546 755 617 817; x_wconf 78' lang='lat' dir='ltr'><strong><em>in</em></strong></span> <span class='ocrx_word' id='word_1_44' title='bbox 648 763 1000 808; x_wconf 71' lang='lat' dir='ltr'><strong><em>testamentum</em></strong></span> <span class='ocrx_word' id='word_1_45' title='bbox 1044 761 1323 818; x_wconf 79' lang='lat' dir='ltr'><strong><em>teternum,</em></strong></span> <span class='ocrx_word' id='word_1_46' title='bbox 1365 754 1576 807; x_wconf 87' lang='lat' dir='ltr'><strong><em>dicens:</em></strong></span> <span class='ocrx_word' id='word_1_47' title='bbox 1610 750 1723 807; x_wconf 83' lang='lat' dir='ltr'><strong>Tibi</strong></span> <span class='ocrx_word' id='word_1_48' title='bbox 1769 752 1901 806; x_wconf 84' lang='lat' dir='ltr'><strong><em>dabo</em></strong></span> <span class='ocrx_word' id='word_1_49' title='bbox 1949 762 2136 804; x_wconf 90' lang='lat' dir='ltr'><strong><em>terram</em></strong></span> 
     </span>
    </p>
   </div>
   <div class='ocr_carea' id='block_1_8' title="bbox 560 843 2139 917">
    <p class='ocr_par' dir='ltr' id='par_1_8' title="bbox 560 843 2139 917">
     <span class='ocr_line' id='line_1_8' title="bbox 560 843 2139 917; baseline -0.002 -16"><span class='ocrx_word' id='word_1_50' title='bbox 560 845 811 901; x_wconf 86' lang='lat' dir='ltr'><strong><em>Chanaan</em></strong></span> <span class='ocrx_word' id='word_1_51' title='bbox 856 847 1141 917; x_wconf 80' lang='lat' dir='ltr'><strong><em>funiculum</em></strong></span> <span class='ocrx_word' id='word_1_52' title='bbox 1187 845 1499 905; x_wconf 67' lang='lat' dir='ltr'><strong><em>haereditatis</em></strong></span> <span class='ocrx_word' id='word_1_53' title='bbox 1557 854 1754 900; x_wconf 73' lang='lat' dir='ltr'><strong><em>vestrm.</em></strong></span> <span class='ocrx_word' id='word_1_54' title='bbox 1801 843 1927 898; x_wconf 90' lang='lat' dir='ltr'><strong><em>Cum</em></strong></span> <span class='ocrx_word' id='word_1_55' title='bbox 1971 853 2139 898; x_wconf 90' lang='lat' dir='ltr'><strong><em>essent</em></strong></span> 
     </span>
    </p>
   </div>
   <div class='ocr_carea' id='block_1_9' title="bbox 557 934 2139 1008">
    <p class='ocr_par' dir='ltr' id='par_1_9' title="bbox 557 934 2139 1008">
     <span class='ocr_line' id='line_1_9' title="bbox 557 934 2139 1008; baseline -0.003 -16"><span class='ocrx_word' id='word_1_56' title='bbox 557 954 767 993; x_wconf 87' lang='lat' dir='ltr'><strong><em>numero</em></strong></span> <span class='ocrx_word' id='word_1_57' title='bbox 787 936 943 1006; x_wconf 88' lang='lat' dir='ltr'><strong><em>brevi,</em></strong></span> <span class='ocrx_word' id='word_1_58' title='bbox 968 938 1265 1008; x_wconf 89' lang='lat' dir='ltr'><strong><em>paucissimi</em></strong></span> <span class='ocrx_word' id='word_1_59' title='bbox 1293 947 1341 991; x_wconf 91' lang='lat' dir='ltr'><strong><em>et</em></strong></span> <span class='ocrx_word' id='word_1_60' title='bbox 1368 938 1553 991; x_wconf 69' lang='lat' dir='ltr'><strong><em>incolae</em></strong></span> <span class='ocrx_word' id='word_1_61' title='bbox 1579 936 1707 1006; x_wconf 87' lang='lat' dir='ltr'><strong><em>ejus.</em></strong></span> <span class='ocrx_word' id='word_1_62' title='bbox 1741 934 1810 988; x_wconf 87' lang='lat' dir='ltr'><strong><em>Et</em></strong></span> <span class='ocrx_word' id='word_1_63' title='bbox 1827 934 2139 1005; x_wconf 85' lang='lat' dir='ltr'><strong><em>pertransie-</em></strong></span> 
     </span>
    </p>
   </div>
   <div class='ocr_carea' id='block_1_10' title="bbox 557 1027 2135 1103">
    <p class='ocr_par' dir='ltr' id='par_1_10' title="bbox 557 1027 2135 1103">
     <span class='ocr_line' id='line_1_10' title="bbox 557 1027 2135 1103; baseline -0.004 -16"><span class='ocrx_word' id='word_1_64' title='bbox 557 1042 679 1087; x_wconf 89' lang='lat' dir='ltr'><strong><em>runt</em></strong></span> <span class='ocrx_word' id='word_1_65' title='bbox 705 1032 768 1086; x_wconf 89' lang='lat' dir='ltr'><strong><em>de</em></strong></span> <span class='ocrx_word' id='word_1_66' title='bbox 793 1041 944 1103; x_wconf 89' lang='lat' dir='ltr'><strong><em>gente</em></strong></span> <span class='ocrx_word' id='word_1_67' title='bbox 965 1033 1021 1086; x_wconf 91' lang='lat' dir='ltr'><strong><em>in</em></strong></span> <span class='ocrx_word' id='word_1_68' title='bbox 1046 1040 1267 1102; x_wconf 90' lang='lat' dir='ltr'><strong><em>gentem,</em></strong></span> <span class='ocrx_word' id='word_1_69' title='bbox 1291 1040 1341 1085; x_wconf 89' lang='lat' dir='ltr'><strong><em>et</em></strong></span> <span class='ocrx_word' id='word_1_70' title='bbox 1370 1030 1433 1085; x_wconf 90' lang='lat' dir='ltr'><strong><em>de</em></strong></span> <span class='ocrx_word' id='word_1_71' title='bbox 1457 1046 1613 1101; x_wconf 88' lang='lat' dir='ltr'><strong><em>regno</em></strong></span> <span class='ocrx_word' id='word_1_72' title='bbox 1633 1029 1704 1082; x_wconf 90' lang='lat' dir='ltr'><strong><em>ad</em></strong></span> <span class='ocrx_word' id='word_1_73' title='bbox 1730 1027 1972 1100; x_wconf 87' lang='lat' dir='ltr'><strong><em>populum</em></strong></span> <span class='ocrx_word' id='word_1_74' title='bbox 2001 1027 2135 1081; x_wconf 91' lang='lat' dir='ltr'><strong><em>alte-</em></strong></span> 
     </span>
    </p>
   </div>
   <div class='ocr_carea' id='block_1_11' title="bbox 556 1120 2137 1195">
    <p class='ocr_par' dir='ltr' id='par_1_11' title="bbox 556 1120 2137 1195">
     <span class='ocr_line' id='line_1_11' title="bbox 556 1120 2137 1195; baseline -0.001 -18"><span class='ocrx_word' id='word_1_75' title='bbox 556 1140 689 1178; x_wconf 89' lang='lat' dir='ltr'><strong><em>rum.</em></strong></span> <span class='ocrx_word' id='word_1_76' title='bbox 723 1120 847 1178; x_wconf 88' lang='lat' dir='ltr'><strong><em>Non</em></strong></span> <span class='ocrx_word' id='word_1_77' title='bbox 876 1124 1081 1195; x_wconf 76' lang='lat' dir='ltr'><strong><em>reliquit</em></strong></span> <span class='ocrx_word' id='word_1_78' title='bbox 1106 1123 1365 1179; x_wconf 89' lang='lat' dir='ltr'><strong><em>hominem</em></strong></span> <span class='ocrx_word' id='word_1_79' title='bbox 1393 1138 1576 1178; x_wconf 84' lang='lat' dir='ltr'><strong><em>nocere</em></strong></span> <span class='ocrx_word' id='word_1_80' title='bbox 1601 1123 1673 1175; x_wconf 89' lang='lat' dir='ltr'><strong><em>eis</em></strong></span> <span class='ocrx_word' id='word_1_81' title='bbox 1694 1133 1743 1175; x_wconf 88' lang='lat' dir='ltr'><strong><em>et</em></strong></span> <span class='ocrx_word' id='word_1_82' title='bbox 1769 1121 2019 1190; x_wconf 77' lang='lat' dir='ltr'><strong><em>corripuit</em></strong></span> <span class='ocrx_word' id='word_1_83' title='bbox 2042 1137 2137 1191; x_wconf 90' lang='lat' dir='ltr'><strong><em>pro</em></strong></span> 
     </span>
    </p>
   </div>
   <div class='ocr_carea' id='block_1_12' title="bbox 551 1213 2137 1287">
    <p class='ocr_par' dir='ltr' id='par_1_12' title="bbox 551 1213 2137 1287">
     <span class='ocr_line' id='line_1_12' title="bbox 551 1213 2137 1287; baseline -0.004 -14"><span class='ocrx_word' id='word_1_84' title='bbox 551 1218 628 1273; x_wconf 77' lang='lat' dir='ltr'><strong><em>eis</em></strong></span> <span class='ocrx_word' id='word_1_85' title='bbox 661 1232 825 1287; x_wconf 88' lang='lat' dir='ltr'><strong><em>reges.</em></strong></span> <span class='ocrx_word' id='word_1_86' title='bbox 858 1213 1037 1270; x_wconf 88' lang='lat' dir='ltr'><strong><em>Nolite</em></strong></span> <span class='ocrx_word' id='word_1_87' title='bbox 1065 1224 1273 1286; x_wconf 83' lang='lat' dir='ltr'><strong><em>tangere</em></strong></span> <span class='ocrx_word' id='word_1_88' title='bbox 1306 1214 1523 1269; x_wconf 81' lang='lat' dir='ltr'><strong><em>christos</em></strong></span> <span class='ocrx_word' id='word_1_89' title='bbox 1551 1230 1709 1278; x_wconf 90' lang='lat' dir='ltr'><strong><em>meos,</em></strong></span> <span class='ocrx_word' id='word_1_90' title='bbox 1739 1224 1789 1267; x_wconf 90' lang='lat' dir='ltr'><strong><em>et</em></strong></span> <span class='ocrx_word' id='word_1_91' title='bbox 1806 1215 1859 1267; x_wconf 91' lang='lat' dir='ltr'><strong><em>in</em></strong></span> <span class='ocrx_word' id='word_1_92' title='bbox 1878 1213 2137 1285; x_wconf 89' lang='lat' dir='ltr'><strong><em>prophetis</em></strong></span> 
     </span>
    </p>
   </div>
   <div class='ocr_carea' id='block_1_13' title="bbox 554 1304 2132 1376">
    <p class='ocr_par' dir='ltr' id='par_1_13' title="bbox 554 1304 2132 1376">
     <span class='ocr_line' id='line_1_13' title="bbox 554 1304 2132 1376; baseline -0.003 -14"><span class='ocrx_word' id='word_1_93' title='bbox 554 1309 682 1363; x_wconf 89' lang='lat' dir='ltr'><strong><em>meis</em></strong></span> <span class='ocrx_word' id='word_1_94' title='bbox 708 1306 867 1362; x_wconf 88' lang='lat' dir='ltr'><strong><em>nolite</em></strong></span> <span class='ocrx_word' id='word_1_95' title='bbox 891 1306 1190 1376; x_wconf 89' lang='lat' dir='ltr'><strong><em>malignari.</em></strong></span> <span class='ocrx_word' id='word_1_96' title='bbox 1214 1304 1283 1359; x_wconf 84' lang='lat' dir='ltr'><strong><em>Et</em></strong></span> <span class='ocrx_word' id='word_1_97' title='bbox 1310 1306 1505 1360; x_wconf 84' lang='lat' dir='ltr'><strong><em>vocavit</em></strong></span> <span class='ocrx_word' id='word_1_98' title='bbox 1528 1306 1715 1376; x_wconf 80' lang='lat' dir='ltr'><strong><em>[autem</em></strong></span> <span class='ocrx_word' id='word_1_99' title='bbox 1744 1321 1896 1375; x_wconf 89' lang='lat' dir='ltr'><strong><em>super</em></strong></span> <span class='ocrx_word' id='word_1_100' title='bbox 1925 1313 2132 1369; x_wconf 88' lang='lat' dir='ltr'><strong><em>terram,</em></strong></span> 
     </span>
    </p>
   </div>
   <div class='ocr_carea' id='block_1_14' title="bbox 556 1396 2138 1470">
    <p class='ocr_par' dir='ltr' id='par_1_14' title="bbox 556 1396 2138 1470">
     <span class='ocr_line' id='line_1_14' title="bbox 556 1396 2138 1470; baseline -0.002 -16"><span class='ocrx_word' id='word_1_101' title='bbox 556 1411 607 1454; x_wconf 90' lang='lat' dir='ltr'><strong><em>et</em></strong></span> <span class='ocrx_word' id='word_1_102' title='bbox 647 1417 797 1454; x_wconf 87' lang='lat' dir='ltr'><strong><em>omne</em></strong></span> <span class='ocrx_word' id='word_1_103' title='bbox 824 1401 1136 1470; x_wconf 74' lang='lat' dir='ltr'><strong><em>frumentum</em></strong></span> <span class='ocrx_word' id='word_1_104' title='bbox 1162 1398 1311 1469; x_wconf 92' lang='lat' dir='ltr'><strong><em>panis</em></strong></span> <span class='ocrx_word' id='word_1_105' title='bbox 1337 1398 1594 1451; x_wconf 83' lang='lat' dir='ltr'><strong><em>contrivit.</em></strong></span> <span class='ocrx_word' id='word_1_106' title='bbox 1624 1396 1770 1451; x_wconf 87' lang='lat' dir='ltr'><strong><em>Misit</em></strong></span> <span class='ocrx_word' id='word_1_107' title='bbox 1795 1406 1916 1451; x_wconf 90' lang='lat' dir='ltr'><strong><em>ante</em></strong></span> <span class='ocrx_word' id='word_1_108' title='bbox 1934 1413 2021 1451; x_wconf 90' lang='lat' dir='ltr'><strong><em>eos</em></strong></span> <span class='ocrx_word' id='word_1_109' title='bbox 2063 1399 2138 1451; x_wconf 88' lang='lat' dir='ltr'><strong><em>vi-</em></strong></span> 
     </span>
    </p>
   </div>
   <div class='ocr_carea' id='block_1_15' title="bbox 556 1486 2140 1559">
    <p class='ocr_par' dir='ltr' id='par_1_15' title="bbox 556 1486 2140 1559">
     <span class='ocr_line' id='line_1_15' title="bbox 556 1486 2140 1559; baseline -0.001 -16"><span class='ocrx_word' id='word_1_110' title='bbox 556 1506 671 1543; x_wconf 89' lang='lat' dir='ltr'><strong><em>rum</em></strong></span> <span class='ocrx_word' id='word_1_111' title='bbox 693 1506 711 1542; x_wconf 90' lang='lat'><strong><em>:</em></strong></span> <span class='ocrx_word' id='word_1_112' title='bbox 740 1491 795 1543; x_wconf 87' lang='lat' dir='ltr'><strong><em>in</em></strong></span> <span class='ocrx_word' id='word_1_113' title='bbox 823 1505 1020 1543; x_wconf 88' lang='lat' dir='ltr'><strong><em>servum</em></strong></span> <span class='ocrx_word' id='word_1_114' title='bbox 1049 1487 1363 1543; x_wconf 75' lang='lat' dir='ltr'><strong><em>venundatus</em></strong></span> <span class='ocrx_word' id='word_1_115' title='bbox 1389 1496 1467 1541; x_wconf 85' lang='lat' dir='ltr'><strong><em>est</em></strong></span> <span class='ocrx_word' id='word_1_116' title='bbox 1486 1486 1698 1559; x_wconf 75' lang='lat' dir='ltr'><strong><em>Ioseph.</em></strong></span> <span class='ocrx_word' id='word_1_117' title='bbox 1725 1486 2140 1542; x_wconf 85' lang='lat' dir='ltr'><strong><em>Humiliaverunt</em></strong></span> 
     </span>
    </p>
   </div>
   <div class='ocr_carea' id='block_1_16' title="bbox 552 1580 2138 1651">
    <p class='ocr_par' dir='ltr' id='par_1_16' title="bbox 552 1580 2138 1651">
     <span class='ocr_line' id='line_1_16' title="bbox 552 1580 2138 1651; baseline -0.001 -16"><span class='ocrx_word' id='word_1_118' title='bbox 552 1582 614 1647; x_wconf 85' lang='lat' dir='ltr'><strong><em>in</em></strong></span> <span class='ocrx_word' id='word_1_119' title='bbox 648 1580 973 1651; x_wconf 81' lang='lat' dir='ltr'><strong><em>compedibus</em></strong></span> <span class='ocrx_word' id='word_1_120' title='bbox 1008 1580 1159 1651; x_wconf 83' lang='lat' dir='ltr'><strong><em>pedes</em></strong></span> <span class='ocrx_word' id='word_1_121' title='bbox 1185 1581 1316 1651; x_wconf 85' lang='lat' dir='ltr'><strong><em>ejus,</em></strong></span> <span class='ocrx_word' id='word_1_122' title='bbox 1354 1582 1546 1651; x_wconf 78' lang='lat' dir='ltr'><strong><em>ferrum</em></strong></span> <span class='ocrx_word' id='word_1_123' title='bbox 1586 1582 1884 1651; x_wconf 87' lang='lat' dir='ltr'><strong><em>pertransiit</em></strong></span> <span class='ocrx_word' id='word_1_124' title='bbox 1908 1582 2138 1634; x_wconf 87' lang='lat' dir='ltr'><strong><em>animam</em></strong></span> 
     </span>
    </p>
   </div>
   <div class='ocr_carea' id='block_1_17' title="bbox 556 1668 2140 1743">
    <p class='ocr_par' dir='ltr' id='par_1_17' title="bbox 556 1668 2140 1743">
     <span class='ocr_line' id='line_1_17' title="bbox 556 1668 2140 1743; baseline -0.001 -17"><span class='ocrx_word' id='word_1_125' title='bbox 556 1672 691 1742; x_wconf 84' lang='lat' dir='ltr'><strong><em>ejus,</em></strong></span> <span class='ocrx_word' id='word_1_126' title='bbox 716 1670 876 1726; x_wconf 91' lang='lat' dir='ltr'><strong><em>donec</em></strong></span> <span class='ocrx_word' id='word_1_127' title='bbox 901 1672 1091 1725; x_wconf 88' lang='lat' dir='ltr'><strong><em>veniret</em></strong></span> <span class='ocrx_word' id='word_1_128' title='bbox 1109 1668 1313 1725; x_wconf 87' lang='lat' dir='ltr'><strong><em>verbum</em></strong></span> <span class='ocrx_word' id='word_1_129' title='bbox 1349 1672 1479 1742; x_wconf 86' lang='lat' dir='ltr'><strong><em>ejus.</em></strong></span> <span class='ocrx_word' id='word_1_130' title='bbox 1511 1669 1787 1743; x_wconf 82' lang='lat' dir='ltr'><strong><em>Eloquium</em></strong></span> <span class='ocrx_word' id='word_1_131' title='bbox 1821 1669 2033 1726; x_wconf 86' lang='lat' dir='ltr'><strong><em>Domini</em></strong></span> <span class='ocrx_word' id='word_1_132' title='bbox 2055 1672 2140 1725; x_wconf 76' lang='lat' dir='ltr'><strong><em>in—</em></strong></span> 
     </span>
    </p>
   </div>
   <div class='ocr_carea' id='block_1_18' title="bbox 555 1748 2139 1835">
    <p class='ocr_par' dir='ltr' id='par_1_18' title="bbox 555 1748 2139 1835">
     <span class='ocr_line' id='line_1_18' title="bbox 555 1748 2139 1835; baseline -0.003 -14"><span class='ocrx_word' id='word_1_133' title='bbox 555 1766 840 1835; x_wconf 72' lang='lat' dir='ltr'><strong><em>ﬂammavit</em></strong></span> <span class='ocrx_word' id='word_1_134' title='bbox 867 1781 998 1830; x_wconf 89' lang='lat' dir='ltr'><strong><em>eum,</em></strong></span> <span class='ocrx_word' id='word_1_135' title='bbox 1028 1765 1166 1819; x_wconf 86' lang='lat' dir='ltr'><strong><em>misit</em></strong></span> <span class='ocrx_word' id='word_1_136' title='bbox 1194 1748 1286 1819; x_wconf 72' lang='lat' dir='ltr'><strong><em>rea:</em></strong></span> <span class='ocrx_word' id='word_1_137' title='bbox 1313 1773 1362 1819; x_wconf 92' lang='lat' dir='ltr'><strong><em>et</em></strong></span> <span class='ocrx_word' id='word_1_138' title='bbox 1381 1764 1529 1819; x_wconf 90' lang='lat' dir='ltr'><strong><em>solvit</em></strong></span> <span class='ocrx_word' id='word_1_139' title='bbox 1540 1781 1682 1829; x_wconf 82' lang='lat' dir='ltr'><strong><em>eum,</em></strong></span> <span class='ocrx_word' id='word_1_140' title='bbox 1710 1765 1946 1835; x_wconf 84' lang='lat' dir='ltr'><strong><em>princeps</em></strong></span> <span class='ocrx_word' id='word_1_141' title='bbox 1973 1779 2139 1835; x_wconf 87' lang='lat' dir='ltr'><strong><em>popu-</em></strong></span> 
     </span>
    </p>
   </div>
   <div class='ocr_carea' id='block_1_19' title="bbox 2241 564 3809 640">
    <p class='ocr_par' dir='ltr' id='par_1_19' title="bbox 2241 564 3809 640">
     <span class='ocr_line' id='line_1_19' title="bbox 2241 564 3809 640; baseline 0.005 -22"><span class='ocrx_word' id='word_1_142' title='bbox 2241 566 2394 633; x_wconf 86' lang='lat' dir='ltr'><strong><em>quasi</em></strong></span> <span class='ocrx_word' id='word_1_143' title='bbox 2420 564 2558 635; x_wconf 90' lang='lat' dir='ltr'><strong><em>ignis</em></strong></span> <span class='ocrx_word' id='word_1_144' title='bbox 2600 564 2871 636; x_wconf 87' lang='lat' dir='ltr'><strong><em>dispersus</em></strong></span> <span class='ocrx_word' id='word_1_145' title='bbox 2888 606 2905 631; x_wconf 97' lang='lat'><strong><em>,</em></strong></span> <span class='ocrx_word' id='word_1_146' title='bbox 2948 565 3316 637; x_wconf 84' lang='lat' dir='ltr'><strong><em>universarum</em></strong></span> <span class='ocrx_word' id='word_1_147' title='bbox 3349 567 3589 636; x_wconf 88' lang='lat' dir='ltr'><strong><em>gentium</em></strong></span> <span class='ocrx_word' id='word_1_148' title='bbox 3614 584 3734 640; x_wconf 66' lang='lat' dir='ltr'><strong><em>qua:</em></strong></span> <span class='ocrx_word' id='word_1_149' title='bbox 3759 572 3809 626; x_wconf 92' lang='lat' dir='ltr'><strong><em>in</em></strong></span> 
     </span>
    </p>
   </div>
   <div class='ocr_carea' id='block_1_20' title="bbox 2239 644 3809 729">
    <p class='ocr_par' dir='ltr' id='par_1_20' title="bbox 2239 644 3809 729">
     <span class='ocr_line' id='line_1_20' title="bbox 2239 644 3809 729; baseline 0.004 -19"><span class='ocrx_word' id='word_1_150' title='bbox 2239 656 2492 726; x_wconf 77' lang='lat' dir='ltr'><strong><em>praesenti</em></strong></span> <span class='ocrx_word' id='word_1_151' title='bbox 2519 664 2673 712; x_wconf 89' lang='lat' dir='ltr'><strong><em>erant</em></strong></span> <span class='ocrx_word' id='word_1_152' title='bbox 2700 657 2905 726; x_wconf 75' lang='lat' dir='ltr'><strong><em>linguas</em></strong></span> <span class='ocrx_word' id='word_1_153' title='bbox 2940 657 2996 713; x_wconf 91' lang='lat' dir='ltr'><strong><em>in</em></strong></span> <span class='ocrx_word' id='word_1_154' title='bbox 3031 657 3307 729; x_wconf 76' lang='lat' dir='ltr'><strong><em>apostolos</em></strong></span> <span class='ocrx_word' id='word_1_155' title='bbox 3330 644 3624 726; x_wconf 77' lang='lat' dir='ltr'><strong><em>reseraret,</em></strong></span> <span class='ocrx_word' id='word_1_156' title='bbox 3656 660 3729 715; x_wconf 85' lang='lat' dir='ltr'><strong><em>ita</em></strong></span> <span class='ocrx_word' id='word_1_157' title='bbox 3755 673 3809 718; x_wconf 84' lang='lat' dir='ltr'><strong><em>ut</em></strong></span> 
     </span>
    </p>
   </div>
   <div class='ocr_carea' id='block_1_21' title="bbox 2239 745 3807 823">
    <p class='ocr_par' dir='ltr' id='par_1_21' title="bbox 2239 745 3807 823">
     <span class='ocr_line' id='line_1_21' title="bbox 2239 745 3807 823; baseline 0.004 -22"><span class='ocrx_word' id='word_1_158' title='bbox 2239 745 2383 815; x_wconf 87' lang='lat' dir='ltr'><strong><em>quod</em></strong></span> <span class='ocrx_word' id='word_1_159' title='bbox 2410 746 2728 818; x_wconf 87' lang='lat' dir='ltr'><strong><em>imperatum</em></strong></span> <span class='ocrx_word' id='word_1_160' title='bbox 2768 746 2943 803; x_wconf 80' lang='lat' dir='ltr'><strong><em>fuerat</em></strong></span> <span class='ocrx_word' id='word_1_161' title='bbox 2964 748 3022 804; x_wconf 89' lang='lat' dir='ltr'><strong><em>in</em></strong></span> <span class='ocrx_word' id='word_1_162' title='bbox 3058 749 3309 820; x_wconf 72' lang='lat' dir='ltr'><strong><em>prmsenti</em></strong></span> <span class='ocrx_word' id='word_1_163' title='bbox 3346 749 3574 820; x_wconf 82' lang='lat' dir='ltr'><strong><em>psalmo,</em></strong></span> <span class='ocrx_word' id='word_1_164' title='bbox 3603 750 3674 808; x_wconf 89' lang='lat' dir='ltr'><strong><em>ab</em></strong></span> <span class='ocrx_word' id='word_1_165' title='bbox 3700 753 3807 823; x_wconf 89' lang='lat' dir='ltr'><strong><em>ipso</em></strong></span> 
     </span>
    </p>
   </div>
   <div class='ocr_carea' id='block_1_22' title="bbox 2238 836 3807 914">
    <p class='ocr_par' dir='ltr' id='par_1_22' title="bbox 2238 836 3807 914">
     <span class='ocr_line' id='line_1_22' title="bbox 2238 836 3807 914; baseline 0.003 -21"><span class='ocrx_word' id='word_1_166' title='bbox 2238 836 2442 909; x_wconf 83' lang='lat' dir='ltr'><strong><em>Spiritu</em></strong></span> <span class='ocrx_word' id='word_1_167' title='bbox 2460 846 2647 895; x_wconf 87' lang='lat' dir='ltr'><strong><em>sancto</em></strong></span> <span class='ocrx_word' id='word_1_168' title='bbox 2673 846 2801 895; x_wconf 89' lang='lat' dir='ltr'><strong><em>tunc</em></strong></span> <span class='ocrx_word' id='word_1_169' title='bbox 2823 838 3188 911; x_wconf 87' lang='lat' dir='ltr'><strong><em>adimpletum,</em></strong></span> <span class='ocrx_word' id='word_1_170' title='bbox 3211 849 3401 910; x_wconf 86' lang='lat' dir='ltr'><strong><em>gentes</em></strong></span> <span class='ocrx_word' id='word_1_171' title='bbox 3426 842 3558 913; x_wconf 74' lang='lat' dir='ltr'><strong><em>ipsa:</em></strong></span> <span class='ocrx_word' id='word_1_172' title='bbox 3592 842 3662 898; x_wconf 89' lang='lat' dir='ltr'><strong><em>de</em></strong></span> <span class='ocrx_word' id='word_1_173' title='bbox 3686 858 3807 914; x_wconf 90' lang='lat' dir='ltr'><strong><em>apo-</em></strong></span> 
     </span>
    </p>
   </div>
   <div class='ocr_carea' id='block_1_23' title="bbox 2237 929 3809 1003">
    <p class='ocr_par' dir='ltr' id='par_1_23' title="bbox 2237 929 3809 1003">
     <span class='ocr_line' id='line_1_23' title="bbox 2237 929 3809 1003; baseline 0.001 -16"><span class='ocrx_word' id='word_1_174' title='bbox 2237 930 2391 987; x_wconf 82' lang='lat' dir='ltr'><strong><em>stolis</em></strong></span> <span class='ocrx_word' id='word_1_175' title='bbox 2415 930 2692 987; x_wconf 88' lang='lat' dir='ltr'><strong><em>dicerent:</em></strong></span> <span class='ocrx_word' id='word_1_176' title='bbox 2721 929 2912 988; x_wconf 88' lang='lat' dir='ltr'><strong><em>Nonne</em></strong></span> <span class='ocrx_word' id='word_1_177' title='bbox 2947 934 3061 999; x_wconf 87' lang='lat' dir='ltr'><strong><em>isti,</em></strong></span> <span class='ocrx_word' id='word_1_178' title='bbox 3093 933 3368 1003; x_wconf 86' lang='lat' dir='ltr'><strong><em>inquiunt,</em></strong></span> <span class='ocrx_word' id='word_1_179' title='bbox 3417 931 3627 989; x_wconf 79' lang='lat' dir='ltr'><strong><em>Galiltei</em></strong></span> <span class='ocrx_word' id='word_1_180' title='bbox 3666 936 3809 989; x_wconf 71' lang='lat' dir='ltr'><strong><em>sunt?</em></strong></span> 
     </span>
    </p>
   </div>
   <div class='ocr_carea' id='block_1_24' title="bbox 2236 1023 3805 1097">
    <p class='ocr_par' dir='ltr' id='par_1_24' title="bbox 2236 1023 3805 1097">
     <span class='ocr_line' id='line_1_24' title="bbox 2236 1023 3805 1097; baseline 0.004 -21"><span class='ocrx_word' id='word_1_181' title='bbox 2236 1031 2286 1076; x_wconf 91' lang='lat' dir='ltr'><strong><em>et</em></strong></span> <span class='ocrx_word' id='word_1_182' title='bbox 2312 1023 2565 1095; x_wconf 90' lang='lat' dir='ltr'><strong><em>quomodo</em></strong></span> <span class='ocrx_word' id='word_1_183' title='bbox 2591 1041 2688 1080; x_wconf 89' lang='lat' dir='ltr'><strong><em>nos</em></strong></span> <span class='ocrx_word' id='word_1_184' title='bbox 2711 1025 3056 1097; x_wconf 83' lang='lat' dir='ltr'><strong><em>unusquisque</em></strong></span> <span class='ocrx_word' id='word_1_185' title='bbox 3084 1024 3274 1097; x_wconf 88' lang='lat' dir='ltr'><strong><em>linguis</em></strong></span> <span class='ocrx_word' id='word_1_186' title='bbox 3302 1028 3492 1081; x_wconf 82' lang='lat' dir='ltr'><strong><em>nostris</em></strong></span> <span class='ocrx_word' id='word_1_187' title='bbox 3530 1026 3805 1082; x_wconf 77' lang='lat' dir='ltr'><strong><em>audivimus</em></strong></span> 
     </span>
    </p>
   </div>
   <div class='ocr_carea' id='block_1_25' title="bbox 2236 1115 3897 1189">
    <p class='ocr_par' dir='ltr' id='par_1_25' title="bbox 2236 1115 3897 1189">
     <span class='ocr_line' id='line_1_25' title="bbox 2236 1115 3897 1189; baseline 0.003 -19"><span class='ocrx_word' id='word_1_188' title='bbox 2236 1131 2321 1171; x_wconf 89' lang='lat' dir='ltr'><strong><em>eos</em></strong></span> <span class='ocrx_word' id='word_1_189' title='bbox 2351 1115 2609 1189; x_wconf 87' lang='lat' dir='ltr'><strong><em>loquentes</em></strong></span> <span class='ocrx_word' id='word_1_190' title='bbox 2637 1117 2902 1189; x_wconf 86' lang='lat' dir='ltr'><strong><em>magnalia</em></strong></span> <span class='ocrx_word' id='word_1_191' title='bbox 2927 1116 3029 1172; x_wconf 88' lang='lat' dir='ltr'><strong><em>Dei</em></strong></span> <span class='ocrx_word' id='word_1_192' title='bbox 3051 1117 3187 1188; x_wconf 85' lang='lat' dir='ltr'><strong><em>(Act.</em></strong></span> <span class='ocrx_word' id='word_1_193' title='bbox 3217 1134 3254 1172; x_wconf 85' lang='grc' dir='ltr'><strong><em>ιι</em></strong></span> <span class='ocrx_word' id='word_1_194' title='bbox 3271 1116 3325 1186; x_wconf 88' lang='lat'><strong><em>)?</em></strong></span> <span class='ocrx_word' id='word_1_195' title='bbox 3352 1117 3504 1173; x_wconf 87' lang='lat' dir='ltr'><strong><em>Tunc</em></strong></span> <span class='ocrx_word' id='word_1_196' title='bbox 3530 1132 3665 1187; x_wconf 90' lang='lat' dir='ltr'><strong><em>ergo</em></strong></span> <span class='ocrx_word' id='word_1_197' title='bbox 3689 1131 3806 1186; x_wconf 84' lang='lat' dir='ltr'><strong><em>gen-</em></strong></span> <span class='ocrx_word' id='word_1_198' title='bbox 3894 1160 3897 1161; x_wconf 47' lang='grc' dir='ltr'><em>ν</em></span> 
     </span>
    </p>
   </div>
   <div class='ocr_carea' id='block_1_26' title="bbox 2237 1208 3804 1273">
    <p class='ocr_par' dir='ltr' id='par_1_26' title="bbox 2237 1208 3804 1273">
     <span class='ocr_line' id='line_1_26' title="bbox 2237 1208 3804 1273; baseline 0.004 -11"><span class='ocrx_word' id='word_1_199' title='bbox 2237 1208 2381 1263; x_wconf 83' lang='lat' dir='ltr'><strong><em>tibus</em></strong></span> <span class='ocrx_word' id='word_1_200' title='bbox 2408 1209 2637 1265; x_wconf 80' lang='lat' dir='ltr'><strong><em>confessi</em></strong></span> <span class='ocrx_word' id='word_1_201' title='bbox 2663 1217 2786 1266; x_wconf 91' lang='lat' dir='ltr'><strong><em>sunt</em></strong></span> <span class='ocrx_word' id='word_1_202' title='bbox 2806 1209 3110 1273; x_wconf 90' lang='lat' dir='ltr'><strong><em>Dominum,</em></strong></span> <span class='ocrx_word' id='word_1_203' title='bbox 3138 1219 3194 1265; x_wconf 93' lang='lat' dir='ltr'><strong><em>et</em></strong></span> <span class='ocrx_word' id='word_1_204' title='bbox 3214 1210 3605 1266; x_wconf 89' lang='lat' dir='ltr'><strong><em>invocaverunt</em></strong></span> <span class='ocrx_word' id='word_1_205' title='bbox 3624 1226 3804 1268; x_wconf 83' lang='lat' dir='ltr'><strong><em>nomen</em></strong></span> 
     </span>
    </p>
   </div>
   <div class='ocr_carea' id='block_1_27' title="bbox 2238 1296 3804 1370">
    <p class='ocr_par' dir='ltr' id='par_1_27' title="bbox 2238 1296 3804 1370">
     <span class='ocr_line' id='line_1_27' title="bbox 2238 1296 3804 1370; baseline 0.004 -18"><span class='ocrx_word' id='word_1_206' title='bbox 2238 1296 2371 1366; x_wconf 85' lang='lat' dir='ltr'><strong><em>ejus,</em></strong></span> <span class='ocrx_word' id='word_1_207' title='bbox 2403 1314 2601 1355; x_wconf 89' lang='lat' dir='ltr'><strong><em>nomen</em></strong></span> <span class='ocrx_word' id='word_1_208' title='bbox 2628 1300 2773 1370; x_wconf 91' lang='lat' dir='ltr'><strong><em>quod</em></strong></span> <span class='ocrx_word' id='word_1_209' title='bbox 2801 1299 2983 1355; x_wconf 62' lang='lat' dir='ltr'><strong><em>Iudaea</em></strong></span> <span class='ocrx_word' id='word_1_210' title='bbox 3006 1300 3120 1356; x_wconf 86' lang='lat' dir='ltr'><strong><em>sola</em></strong></span> <span class='ocrx_word' id='word_1_211' title='bbox 3148 1300 3434 1367; x_wconf 84' lang='lat' dir='ltr'><strong><em>retinebat,</em></strong></span> <span class='ocrx_word' id='word_1_212' title='bbox 3457 1309 3592 1357; x_wconf 88' lang='lat' dir='ltr'><strong><em>tunc</em></strong></span> <span class='ocrx_word' id='word_1_213' title='bbox 3609 1318 3804 1359; x_wconf 86' lang='lat' dir='ltr'><strong><em>annun-</em></strong></span> 
     </span>
    </p>
   </div>
   <div class='ocr_carea' id='block_1_28' title="bbox 2240 1391 3879 1466">
    <p class='ocr_par' dir='ltr' id='par_1_28' title="bbox 2240 1391 3879 1466">
     <span class='ocr_line' id='line_1_28' title="bbox 2240 1391 3879 1466; baseline 0.005 -21"><span class='ocrx_word' id='word_1_214' title='bbox 2240 1391 2508 1447; x_wconf 87' lang='lat' dir='ltr'><strong><em>tiaverunt</em></strong></span> <span class='ocrx_word' id='word_1_215' title='bbox 2529 1392 2667 1448; x_wconf 91' lang='lat' dir='ltr'><strong><em>inter</em></strong></span> <span class='ocrx_word' id='word_1_216' title='bbox 2688 1401 2877 1462; x_wconf 80' lang='lat' dir='ltr'><strong><em>gentes</em></strong></span> <span class='ocrx_word' id='word_1_217' title='bbox 2895 1393 3158 1462; x_wconf 90' lang='lat' dir='ltr'><strong><em>magnalia</em></strong></span> <span class='ocrx_word' id='word_1_218' title='bbox 3180 1392 3316 1462; x_wconf 87' lang='lat' dir='ltr'><strong><em>ejus.</em></strong></span> <span class='ocrx_word' id='word_1_219' title='bbox 3340 1392 3490 1449; x_wconf 83' lang='lat' dir='ltr'><strong><em>Tunc</em></strong></span> <span class='ocrx_word' id='word_1_220' title='bbox 3502 1394 3630 1464; x_wconf 85' lang='lat' dir='ltr'><strong><em>jure</em></strong></span> <span class='ocrx_word' id='word_1_221' title='bbox 3649 1396 3805 1466; x_wconf 88' lang='lat' dir='ltr'><strong><em>primo</em></strong></span> <span class='ocrx_word' id='word_1_222' title='bbox 3864 1432 3879 1454; x_wconf 88' lang='lat'><strong><em>.</em></strong></span> 
     </span>
    </p>
   </div>
   <div class='ocr_carea' id='block_1_29' title="bbox 2238 1482 3802 1555">
    <p class='ocr_par' dir='ltr' id='par_1_29' title="bbox 2238 1482 3802 1555">
     <span class='ocr_line' id='line_1_29' title="bbox 2238 1482 3802 1555; baseline 0.002 -16"><span class='ocrx_word' id='word_1_223' title='bbox 2238 1488 2511 1539; x_wconf 85' lang='lat' dir='ltr'><strong><em>cantatum</em></strong></span> <span class='ocrx_word' id='word_1_224' title='bbox 2554 1491 2637 1538; x_wconf 90' lang='lat' dir='ltr'><strong><em>est</em></strong></span> <span class='ocrx_word' id='word_1_225' title='bbox 2663 1482 2718 1537; x_wconf 90' lang='lat' dir='ltr'><strong><em>in</em></strong></span> <span class='ocrx_word' id='word_1_226' title='bbox 2745 1482 2980 1538; x_wconf 87' lang='lat' dir='ltr'><strong><em>adventu</em></strong></span> <span class='ocrx_word' id='word_1_227' title='bbox 3018 1484 3187 1539; x_wconf 88' lang='lat' dir='ltr'><strong><em>sancti</em></strong></span> <span class='ocrx_word' id='word_1_228' title='bbox 3216 1483 3460 1555; x_wconf 82' lang='lat' dir='ltr'><strong><em>Spiritus</em></strong></span> <span class='ocrx_word' id='word_1_229' title='bbox 3487 1485 3730 1553; x_wconf 82' lang='lat' dir='ltr'><strong><em>alleluia,</em></strong></span> <span class='ocrx_word' id='word_1_230' title='bbox 3757 1488 3802 1542; x_wconf 90' lang='lat' dir='ltr'><strong><em>in</em></strong></span> 
     </span>
    </p>
   </div>
   <div class='ocr_carea' id='block_1_30' title="bbox 2238 1574 3804 1645">
    <p class='ocr_par' dir='ltr' id='par_1_30' title="bbox 2238 1574 3804 1645">
     <span class='ocr_line' id='line_1_30' title="bbox 2238 1574 3804 1645; baseline 0.004 -18"><span class='ocrx_word' id='word_1_231' title='bbox 2238 1586 2347 1642; x_wconf 91' lang='lat' dir='ltr'><strong><em>quo</em></strong></span> <span class='ocrx_word' id='word_1_232' title='bbox 2376 1582 2725 1630; x_wconf 87' lang='lat' dir='ltr'><strong><em>narraverunt</em></strong></span> <span class='ocrx_word' id='word_1_233' title='bbox 2751 1574 2932 1630; x_wconf 87' lang='lat' dir='ltr'><strong><em>omnia</em></strong></span> <span class='ocrx_word' id='word_1_234' title='bbox 2958 1574 3223 1630; x_wconf 83' lang='lat' dir='ltr'><strong><em>mirabilia</em></strong></span> <span class='ocrx_word' id='word_1_235' title='bbox 3260 1576 3410 1645; x_wconf 85' lang='lat' dir='ltr'><strong><em>ejus,</em></strong></span> <span class='ocrx_word' id='word_1_236' title='bbox 3441 1586 3498 1631; x_wconf 93' lang='lat' dir='ltr'><strong><em>et</em></strong></span> <span class='ocrx_word' id='word_1_237' title='bbox 3523 1576 3804 1634; x_wconf 89' lang='lat' dir='ltr'><strong><em>docuerunt</em></strong></span> 
     </span>
    </p>
   </div>
   <div class='ocr_carea' id='block_1_31' title="bbox 2239 1666 3802 1742">
    <p class='ocr_par' dir='ltr' id='par_1_31' title="bbox 2239 1666 3802 1742">
     <span class='ocr_line' id='line_1_31' title="bbox 2239 1666 3802 1742; baseline 0.004 -22"><span class='ocrx_word' id='word_1_238' title='bbox 2239 1674 2425 1734; x_wconf 88' lang='lat' dir='ltr'><strong><em>gentes</em></strong></span> <span class='ocrx_word' id='word_1_239' title='bbox 2448 1666 2551 1723; x_wconf 90' lang='lat' dir='ltr'><strong><em>hoc</em></strong></span> <span class='ocrx_word' id='word_1_240' title='bbox 2577 1666 2764 1723; x_wconf 85' lang='lat' dir='ltr'><strong><em>ordine</em></strong></span> <span class='ocrx_word' id='word_1_241' title='bbox 2808 1686 2822 1721; x_wconf 89' lang='lat'><strong>:</strong></span> <span class='ocrx_word' id='word_1_242' title='bbox 2866 1668 3043 1724; x_wconf 82' lang='lat' dir='ltr'><strong><em>Nolite</em></strong></span> <span class='ocrx_word' id='word_1_243' title='bbox 3083 1669 3284 1727; x_wconf 81' lang='lat' dir='ltr'><strong><em>laudari</em></strong></span> <span class='ocrx_word' id='word_1_244' title='bbox 3313 1670 3366 1725; x_wconf 92' lang='lat' dir='ltr'><strong><em>in</em></strong></span> <span class='ocrx_word' id='word_1_245' title='bbox 3407 1671 3614 1726; x_wconf 89' lang='lat' dir='ltr'><strong><em>virtute</em></strong></span> <span class='ocrx_word' id='word_1_246' title='bbox 3640 1687 3802 1742; x_wconf 84' lang='lat' dir='ltr'><strong><em>regum</em></strong></span> 
     </span>
    </p>
   </div>
   <div class='ocr_carea' id='block_1_32' title="bbox 2240 1761 3801 1834">
    <p class='ocr_par' dir='ltr' id='par_1_32' title="bbox 2240 1761 3801 1834">
     <span class='ocr_line' id='line_1_32' title="bbox 2240 1761 3801 1834; baseline 0.006 -21"><span class='ocrx_word' id='word_1_247' title='bbox 2240 1768 2569 1825; x_wconf 89' lang='lat' dir='ltr'><strong><em>vestrorum,</em></strong></span> <span class='ocrx_word' id='word_1_248' title='bbox 2599 1776 2776 1830; x_wconf 88' lang='lat' dir='ltr'><strong><em>neque</em></strong></span> <span class='ocrx_word' id='word_1_249' title='bbox 2814 1761 2869 1816; x_wconf 91' lang='lat' dir='ltr'><strong><em>in</em></strong></span> <span class='ocrx_word' id='word_1_250' title='bbox 2894 1763 3135 1832; x_wconf 88' lang='lat' dir='ltr'><strong><em>potentia</em></strong></span> <span class='ocrx_word' id='word_1_251' title='bbox 3162 1764 3468 1834; x_wconf 68' lang='lat' dir='ltr'><strong><em>praeliorum</em></strong></span> <span class='ocrx_word' id='word_1_252' title='bbox 3495 1774 3801 1833; x_wconf 85' lang='lat' dir='ltr'><strong><em>vestrorum,</em></strong></span> 
     </span>
    </p>
   </div>
   <div class='ocr_carea' id='block_1_33' title="bbox 554 1846 3796 1928">
    <p class='ocr_par' dir='ltr' id='par_1_33' title="bbox 554 1846 3796 1928">
     <span class='ocr_line' id='line_1_33' title="bbox 554 1846 3796 1928; baseline 0.001 -18"><span class='ocrx_word' id='word_1_253' title='bbox 554 1856 727 1925; x_wconf 86' lang='lat' dir='ltr'><strong><em>lorum</em></strong></span> <span class='ocrx_word' id='word_1_254' title='bbox 754 1866 803 1910; x_wconf 93' lang='lat' dir='ltr'><strong><em>et</em></strong></span> <span class='ocrx_word' id='word_1_255' title='bbox 831 1855 1023 1910; x_wconf 81' lang='lat' dir='ltr'><strong><em>dimisit</em></strong></span> <span class='ocrx_word' id='word_1_256' title='bbox 1048 1872 1182 1910; x_wconf 89' lang='lat' dir='ltr'><strong><em>eum.</em></strong></span> <span class='ocrx_word' id='word_1_257' title='bbox 1208 1854 1483 1910; x_wconf 85' lang='lat' dir='ltr'><strong><em>Constituit</em></strong></span> <span class='ocrx_word' id='word_1_258' title='bbox 1511 1871 1627 1909; x_wconf 87' lang='lat' dir='ltr'><strong><em>eum</em></strong></span> <span class='ocrx_word' id='word_1_259' title='bbox 1655 1854 1934 1910; x_wconf 87' lang='lat' dir='ltr'><strong><em>Dominum</em></strong></span> <span class='ocrx_word' id='word_1_260' title='bbox 1956 1855 2138 1909; x_wconf 90' lang='lat' dir='ltr'><strong><em>domus</em></strong></span> <span class='ocrx_word' id='word_1_261' title='bbox 2166 1846 2213 1909; x_wconf 88' lang='lat' dir='ltr'><strong>B</strong></span> <span class='ocrx_word' id='word_1_262' title='bbox 2239 1850 2335 1907; x_wconf 85' lang='lat' dir='ltr'><strong><em>sed</em></strong></span> <span class='ocrx_word' id='word_1_263' title='bbox 2362 1850 2694 1921; x_wconf 84' lang='lat' dir='ltr'><strong><em>deponentes</em></strong></span> <span class='ocrx_word' id='word_1_264' title='bbox 2719 1854 2991 1923; x_wconf 86' lang='lat' dir='ltr'><strong><em>potentias</em></strong></span> <span class='ocrx_word' id='word_1_265' title='bbox 3018 1870 3238 1909; x_wconf 88' lang='lat' dir='ltr'><strong><em>arcuum</em></strong></span> <span class='ocrx_word' id='word_1_266' title='bbox 3280 1863 3336 1910; x_wconf 92' lang='lat' dir='ltr'><strong><em>et</em></strong></span> <span class='ocrx_word' id='word_1_267' title='bbox 3375 1865 3594 1912; x_wconf 87' lang='lat' dir='ltr'><strong><em>scutum</em></strong></span> <span class='ocrx_word' id='word_1_268' title='bbox 3619 1866 3672 1913; x_wconf 89' lang='lat' dir='ltr'><strong><em>et</em></strong></span> <span class='ocrx_word' id='word_1_269' title='bbox 3696 1858 3796 1928; x_wconf 86' lang='lat' dir='ltr'><strong><em>gla-</em></strong></span> 
     </span>
    </p>
   </div>
   <div class='ocr_carea' id='block_1_34' title="bbox 557 1944 2140 2018">
    <p class='ocr_par' dir='ltr' id='par_1_34' title="bbox 557 1944 2140 2018">
     <span class='ocr_line' id='line_1_34' title="bbox 557 1944 2140 2018; baseline -0.001 -18"><span class='ocrx_word' id='word_1_270' title='bbox 557 1962 685 2012; x_wconf 77' lang='lat' dir='ltr'><strong><em>suw,</em></strong></span> <span class='ocrx_word' id='word_1_271' title='bbox 715 1956 765 2000; x_wconf 87' lang='lat' dir='ltr'><strong><em>et</em></strong></span> <span class='ocrx_word' id='word_1_272' title='bbox 791 1947 1075 2018; x_wconf 85' lang='lat' dir='ltr'><strong><em>principem</em></strong></span> <span class='ocrx_word' id='word_1_273' title='bbox 1105 1947 1272 2001; x_wconf 91' lang='lat' dir='ltr'><strong><em>omnis</em></strong></span> <span class='ocrx_word' id='word_1_274' title='bbox 1298 1946 1632 2018; x_wconf 90' lang='lat' dir='ltr'><strong><em>possessionis</em></strong></span> <span class='ocrx_word' id='word_1_275' title='bbox 1660 1961 1787 2000; x_wconf 75' lang='lat' dir='ltr'><strong><em>sum.</em></strong></span> <span class='ocrx_word' id='word_1_276' title='bbox 1821 1944 1891 2000; x_wconf 90' lang='lat' dir='ltr'><strong><em>Ut</em></strong></span> <span class='ocrx_word' id='word_1_277' title='bbox 1916 1945 2140 2000; x_wconf 89' lang='lat' dir='ltr'><strong><em>erudiret</em></strong></span> 
     </span>
    </p>
   </div>
   <div class='ocr_carea' id='block_1_35' title="bbox 556 2036 2137 2110">
    <p class='ocr_par' dir='ltr' id='par_1_35' title="bbox 556 2036 2137 2110">
     <span class='ocr_line' id='line_1_35' title="bbox 556 2036 2137 2110; baseline 0.001 -19"><span class='ocrx_word' id='word_1_278' title='bbox 556 2038 812 2108; x_wconf 81' lang='lat' dir='ltr'><strong><em>principes</em></strong></span> <span class='ocrx_word' id='word_1_279' title='bbox 849 2037 961 2108; x_wconf 89' lang='lat' dir='ltr'><strong><em>ejus</em></strong></span> <span class='ocrx_word' id='word_1_280' title='bbox 992 2039 1124 2092; x_wconf 87' lang='lat' dir='ltr'><strong><em>sicut</em></strong></span> <span class='ocrx_word' id='word_1_281' title='bbox 1151 2038 1494 2109; x_wconf 83' lang='lat' dir='ltr'><strong><em>semetipsum,</em></strong></span> <span class='ocrx_word' id='word_1_282' title='bbox 1522 2046 1572 2091; x_wconf 91' lang='lat' dir='ltr'><strong><em>et</em></strong></span> <span class='ocrx_word' id='word_1_283' title='bbox 1592 2054 1737 2093; x_wconf 90' lang='lat' dir='ltr'><strong><em>senes</em></strong></span> <span class='ocrx_word' id='word_1_284' title='bbox 1774 2036 1887 2110; x_wconf 90' lang='lat' dir='ltr'><strong><em>ejus</em></strong></span> <span class='ocrx_word' id='word_1_285' title='bbox 1907 2038 2137 2109; x_wconf 83' lang='lat' dir='ltr'><strong><em>pruden-</em></strong></span> 
     </span>
    </p>
   </div>
   <div class='ocr_carea' id='block_1_36' title="bbox 557 2126 2138 2200">
    <p class='ocr_par' dir='ltr' id='par_1_36' title="bbox 557 2126 2138 2200">
     <span class='ocr_line' id='line_1_36' title="bbox 557 2126 2138 2200; baseline 0.001 -19"><span class='ocrx_word' id='word_1_286' title='bbox 557 2128 685 2182; x_wconf 87' lang='lat' dir='ltr'><strong><em>tiam</em></strong></span> <span class='ocrx_word' id='word_1_287' title='bbox 712 2127 931 2182; x_wconf 86' lang='lat' dir='ltr'><strong><em>doceret.</em></strong></span> <span class='ocrx_word' id='word_1_288' title='bbox 964 2126 1034 2181; x_wconf 82' lang='lat' dir='ltr'><strong><em>Et</em></strong></span> <span class='ocrx_word' id='word_1_289' title='bbox 1062 2129 1274 2183; x_wconf 82' lang='lat' dir='ltr'><strong><em>intravit</em></strong></span> <span class='ocrx_word' id='word_1_290' title='bbox 1295 2126 1463 2183; x_wconf 84' lang='lat' dir='ltr'><strong><em>Israel</em></strong></span> <span class='ocrx_word' id='word_1_291' title='bbox 1486 2130 1541 2182; x_wconf 92' lang='lat' dir='ltr'><strong><em>in</em></strong></span> <span class='ocrx_word' id='word_1_292' title='bbox 1568 2126 1878 2200; x_wconf 65' lang='lat' dir='ltr'><strong><em>Egyptum,</em></strong></span> <span class='ocrx_word' id='word_1_293' title='bbox 1908 2138 1957 2184; x_wconf 90' lang='lat' dir='ltr'><strong><em>et</em></strong></span> <span class='ocrx_word' id='word_1_294' title='bbox 1973 2128 2138 2184; x_wconf 75' lang='lat' dir='ltr'><strong><em>Iacob</em></strong></span> 
     </span>
    </p>
   </div>
   <div class='ocr_carea' id='block_1_37' title="bbox 558 2217 2141 2291">
    <p class='ocr_par' dir='ltr' id='par_1_37' title="bbox 558 2217 2141 2291">
     <span class='ocr_line' id='line_1_37' title="bbox 558 2217 2141 2291; baseline 0.001 -18"><span class='ocrx_word' id='word_1_295' title='bbox 558 2219 736 2273; x_wconf 85' lang='lat' dir='ltr'><strong><em>accola</em></strong></span> <span class='ocrx_word' id='word_1_296' title='bbox 761 2219 858 2291; x_wconf 74' lang='lat' dir='ltr'><strong><em>fuit</em></strong></span> <span class='ocrx_word' id='word_1_297' title='bbox 904 2220 1141 2274; x_wconf 82' lang='lat' dir='ltr'><strong><em>interra</em></strong></span> <span class='ocrx_word' id='word_1_298' title='bbox 1180 2219 1362 2274; x_wconf 86' lang='lat' dir='ltr'><strong><em>Cham.</em></strong></span> <span class='ocrx_word' id='word_1_299' title='bbox 1404 2217 1473 2272; x_wconf 86' lang='lat' dir='ltr'><strong><em>Et</em></strong></span> <span class='ocrx_word' id='word_1_300' title='bbox 1518 2221 1665 2274; x_wconf 75' lang='lat' dir='ltr'><strong><em>auxit</em></strong></span> <span class='ocrx_word' id='word_1_301' title='bbox 1708 2221 1952 2291; x_wconf 91' lang='lat' dir='ltr'><strong><em>populum</em></strong></span> <span class='ocrx_word' id='word_1_302' title='bbox 1992 2237 2141 2276; x_wconf 88' lang='lat' dir='ltr'><strong><em>suum</em></strong></span> 
     </span>
    </p>
   </div>
   <div class='ocr_carea' id='block_1_38' title="bbox 556 2309 2140 2385">
    <p class='ocr_par' dir='ltr' id='par_1_38' title="bbox 556 2309 2140 2385">
     <span class='ocr_line' id='line_1_38' title="bbox 556 2309 2140 2385; baseline 0.003 -23"><span class='ocrx_word' id='word_1_303' title='bbox 556 2309 895 2385; x_wconf 76' lang='lat' dir='ltr'><strong><em>vehementer,</em></strong></span> <span class='ocrx_word' id='word_1_304' title='bbox 923 2318 973 2363; x_wconf 91' lang='lat' dir='ltr'><strong><em>et</em></strong></span> <span class='ocrx_word' id='word_1_305' title='bbox 998 2311 1225 2379; x_wconf 78' lang='lat' dir='ltr'><strong><em>ﬁrmavit</em></strong></span> <span class='ocrx_word' id='word_1_306' title='bbox 1252 2327 1363 2365; x_wconf 89' lang='lat' dir='ltr'><strong><em>eum</em></strong></span> <span class='ocrx_word' id='word_1_307' title='bbox 1390 2327 1543 2381; x_wconf 86' lang='lat' dir='ltr'><strong><em>super</em></strong></span> <span class='ocrx_word' id='word_1_308' title='bbox 1574 2312 1809 2367; x_wconf 88' lang='lat' dir='ltr'><strong><em>inimicos</em></strong></span> <span class='ocrx_word' id='word_1_309' title='bbox 1833 2312 1964 2383; x_wconf 87' lang='lat' dir='ltr'><strong><em>ejus.</em></strong></span> <span class='ocrx_word' id='word_1_310' title='bbox 2000 2312 2140 2367; x_wconf 88' lang='lat' dir='ltr'><strong><em>Con-</em></strong></span> 
     </span>
    </p>
   </div>
   <div class='ocr_carea' id='block_1_39' title="bbox 558 2394 2142 2475">
    <p class='ocr_par' dir='ltr' id='par_1_39' title="bbox 558 2394 2142 2475">
     <span class='ocr_line' id='line_1_39' title="bbox 558 2394 2142 2475; baseline 0.003 -21"><span class='ocrx_word' id='word_1_311' title='bbox 558 2402 702 2454; x_wconf 78' lang='lat' dir='ltr'><strong><em>vertit</em></strong></span> <span class='ocrx_word' id='word_1_312' title='bbox 742 2417 831 2455; x_wconf 90' lang='lat' dir='ltr'><strong><em>cor</em></strong></span> <span class='ocrx_word' id='word_1_313' title='bbox 858 2417 1033 2455; x_wconf 89' lang='lat' dir='ltr'><strong><em>eorum</em></strong></span> <span class='ocrx_word' id='word_1_314' title='bbox 1072 2412 1128 2454; x_wconf 89' lang='lat' dir='ltr'><strong><em>ut</em></strong></span> <span class='ocrx_word' id='word_1_315' title='bbox 1168 2402 1370 2457; x_wconf 89' lang='lat' dir='ltr'><strong><em>adirent</em></strong></span> <span class='ocrx_word' id='word_1_316' title='bbox 1408 2394 1655 2475; x_wconf 85' lang='lat' dir='ltr'><strong><em>populum</em></strong></span> <span class='ocrx_word' id='word_1_317' title='bbox 1699 2405 1838 2474; x_wconf 86' lang='lat' dir='ltr'><strong><em>ejus,</em></strong></span> <span class='ocrx_word' id='word_1_318' title='bbox 1879 2413 1929 2458; x_wconf 93' lang='lat' dir='ltr'><strong><em>et</em></strong></span> <span class='ocrx_word' id='word_1_319' title='bbox 1966 2404 2142 2459; x_wconf 87' lang='lat' dir='ltr'><strong><em>dolum</em></strong></span> 
     </span>
    </p>
   </div>
   <div class='ocr_carea' id='block_1_40' title="bbox 560 2492 2142 2567">
    <p class='ocr_par' dir='ltr' id='par_1_40' title="bbox 560 2492 2142 2567">
     <span class='ocr_line' id='line_1_40' title="bbox 560 2492 2142 2567; baseline 0.004 -23"><span class='ocrx_word' id='word_1_320' title='bbox 560 2494 788 2567; x_wconf 72' lang='lat' dir='ltr'><strong><em>facerent</em></strong></span> <span class='ocrx_word' id='word_1_321' title='bbox 816 2494 879 2545; x_wconf 89' lang='lat' dir='ltr'><strong><em>in</em></strong></span> <span class='ocrx_word' id='word_1_322' title='bbox 904 2509 1073 2546; x_wconf 89' lang='lat' dir='ltr'><strong><em>servos</em></strong></span> <span class='ocrx_word' id='word_1_323' title='bbox 1102 2494 1233 2563; x_wconf 90' lang='lat' dir='ltr'><strong><em>ejus.</em></strong></span> <span class='ocrx_word' id='word_1_324' title='bbox 1279 2492 1426 2548; x_wconf 92' lang='lat' dir='ltr'><strong><em>Misit</em></strong></span> <span class='ocrx_word' id='word_1_325' title='bbox 1472 2493 1690 2565; x_wconf 83' lang='lat' dir='ltr'><strong><em>Moysen</em></strong></span> <span class='ocrx_word' id='word_1_326' title='bbox 1729 2513 1926 2551; x_wconf 90' lang='lat' dir='ltr'><strong><em>servum</em></strong></span> <span class='ocrx_word' id='word_1_327' title='bbox 1973 2514 2142 2565; x_wconf 89' lang='lat' dir='ltr'><strong><em>suum,</em></strong></span> 
     </span>
    </p>
   </div>
   <div class='ocr_carea' id='block_1_41' title="bbox 558 2584 2141 2660">
    <p class='ocr_par' dir='ltr' id='par_1_41' title="bbox 558 2584 2141 2660">
     <span class='ocr_line' id='line_1_41' title="bbox 558 2584 2141 2660; baseline 0.004 -22"><span class='ocrx_word' id='word_1_328' title='bbox 558 2585 735 2638; x_wconf 82' lang='lat' dir='ltr'><strong><em>Aaron</em></strong></span> <span class='ocrx_word' id='word_1_329' title='bbox 757 2601 903 2656; x_wconf 89' lang='lat' dir='ltr'><strong><em>quem</em></strong></span> <span class='ocrx_word' id='word_1_330' title='bbox 921 2584 1070 2656; x_wconf 87' lang='lat' dir='ltr'><strong><em>elegit</em></strong></span> <span class='ocrx_word' id='word_1_331' title='bbox 1102 2586 1286 2656; x_wconf 89' lang='lat' dir='ltr'><strong><em>ipsum.</em></strong></span> <span class='ocrx_word' id='word_1_332' title='bbox 1312 2585 1495 2641; x_wconf 86' lang='lat' dir='ltr'><strong><em>Posuit</em></strong></span> <span class='ocrx_word' id='word_1_333' title='bbox 1525 2588 1580 2642; x_wconf 90' lang='lat' dir='ltr'><strong><em>in</em></strong></span> <span class='ocrx_word' id='word_1_334' title='bbox 1608 2589 1683 2642; x_wconf 91' lang='lat' dir='ltr'><strong><em>eis</em></strong></span> <span class='ocrx_word' id='word_1_335' title='bbox 1702 2589 1852 2643; x_wconf 89' lang='lat' dir='ltr'><strong><em>verba</em></strong></span> <span class='ocrx_word' id='word_1_336' title='bbox 1877 2591 2141 2660; x_wconf 86' lang='lat' dir='ltr'><strong><em>signorum</em></strong></span> 
     </span>
    </p>
   </div>
   <div class='ocr_carea' id='block_1_42' title="bbox 561 2677 2141 2755">
    <p class='ocr_par' dir='ltr' id='par_1_42' title="bbox 561 2677 2141 2755">
     <span class='ocr_line' id='line_1_42' title="bbox 561 2677 2141 2755; baseline 0.004 -26"><span class='ocrx_word' id='word_1_337' title='bbox 561 2690 767 2755; x_wconf 76' lang='lat' dir='ltr'><strong><em>suorum</em></strong></span> <span class='ocrx_word' id='word_1_338' title='bbox 792 2686 843 2730; x_wconf 91' lang='lat' dir='ltr'><strong><em>et</em></strong></span> <span class='ocrx_word' id='word_1_339' title='bbox 868 2677 1225 2748; x_wconf 88' lang='lat' dir='ltr'><strong><em>prodigiorum</em></strong></span> <span class='ocrx_word' id='word_1_340' title='bbox 1251 2678 1306 2731; x_wconf 89' lang='lat' dir='ltr'><strong><em>in</em></strong></span> <span class='ocrx_word' id='word_1_341' title='bbox 1337 2686 1475 2733; x_wconf 88' lang='lat' dir='ltr'><strong><em>terra</em></strong></span> <span class='ocrx_word' id='word_1_342' title='bbox 1512 2678 1693 2733; x_wconf 88' lang='lat' dir='ltr'><strong><em>Cham.</em></strong></span> <span class='ocrx_word' id='word_1_343' title='bbox 1735 2679 1880 2733; x_wconf 82' lang='lat' dir='ltr'><strong><em>Misit</em></strong></span> <span class='ocrx_word' id='word_1_344' title='bbox 1909 2680 2141 2735; x_wconf 88' lang='lat' dir='ltr'><strong><em>tenebras</em></strong></span> 
     </span>
    </p>
   </div>
   <div class='ocr_carea' id='block_1_43' title="bbox 561 2768 2145 2836">
    <p class='ocr_par' dir='ltr' id='par_1_43' title="bbox 561 2768 2145 2836">
     <span class='ocr_line' id='line_1_43' title="bbox 561 2768 2145 2836; baseline 0.002 -13"><span class='ocrx_word' id='word_1_345' title='bbox 561 2780 613 2823; x_wconf 88' lang='lat' dir='ltr'><strong><em>et</em></strong></span> <span class='ocrx_word' id='word_1_346' title='bbox 641 2768 945 2836; x_wconf 88' lang='lat' dir='ltr'><strong><em>obscuravit,</em></strong></span> <span class='ocrx_word' id='word_1_347' title='bbox 986 2781 1037 2825; x_wconf 91' lang='lat' dir='ltr'><strong><em>et</em></strong></span> <span class='ocrx_word' id='word_1_348' title='bbox 1064 2788 1167 2827; x_wconf 92' lang='lat' dir='ltr'><strong><em>non</em></strong></span> <span class='ocrx_word' id='word_1_349' title='bbox 1196 2772 1519 2828; x_wconf 70' lang='lat' dir='ltr'><strong><em>exacerbavit</em></strong></span> <span class='ocrx_word' id='word_1_350' title='bbox 1545 2790 1804 2828; x_wconf 87' lang='lat' dir='ltr'><strong><em>sermones</em></strong></span> <span class='ocrx_word' id='word_1_351' title='bbox 1841 2790 1979 2828; x_wconf 90' lang='lat' dir='ltr'><strong><em>suos.</em></strong></span> <span class='ocrx_word' id='word_1_352' title='bbox 2009 2770 2145 2827; x_wconf 87' lang='lat' dir='ltr'><strong><em>Con-</em></strong></span> 
     </span>
    </p>
   </div>
   <div class='ocr_carea' id='block_1_44' title="bbox 560 2864 2147 2938">
    <p class='ocr_par' dir='ltr' id='par_1_44' title="bbox 560 2864 2147 2938">
     <span class='ocr_line' id='line_1_44' title="bbox 560 2864 2147 2938; baseline 0.002 -20"><span class='ocrx_word' id='word_1_353' title='bbox 560 2864 707 2918; x_wconf 84' lang='lat' dir='ltr'><strong><em>vertit</em></strong></span> <span class='ocrx_word' id='word_1_354' title='bbox 734 2881 893 2936; x_wconf 82' lang='lat' dir='ltr'><strong><em>aquas</em></strong></span> <span class='ocrx_word' id='word_1_355' title='bbox 916 2883 1091 2921; x_wconf 89' lang='lat' dir='ltr'><strong><em>eorum</em></strong></span> <span class='ocrx_word' id='word_1_356' title='bbox 1119 2868 1173 2921; x_wconf 91' lang='lat' dir='ltr'><strong><em>in</em></strong></span> <span class='ocrx_word' id='word_1_357' title='bbox 1193 2866 1513 2937; x_wconf 88' lang='lat' dir='ltr'><strong><em>sanguinem,</em></strong></span> <span class='ocrx_word' id='word_1_358' title='bbox 1539 2875 1590 2921; x_wconf 90' lang='lat' dir='ltr'><strong><em>et</em></strong></span> <span class='ocrx_word' id='word_1_359' title='bbox 1608 2866 1794 2921; x_wconf 89' lang='lat' dir='ltr'><strong><em>occidit</em></strong></span> <span class='ocrx_word' id='word_1_360' title='bbox 1812 2868 1997 2938; x_wconf 86' lang='lat' dir='ltr'><strong><em>pisces.</em></strong></span> <span class='ocrx_word' id='word_1_361' title='bbox 2019 2865 2147 2921; x_wconf 89' lang='lat' dir='ltr'><strong><em>Edi-</em></strong></span> 
     </span>
    </p>
   </div>
   <div class='ocr_carea' id='block_1_45' title="bbox 562 2953 2139 3038">
    <p class='ocr_par' dir='ltr' id='par_1_45' title="bbox 562 2953 2139 3038">
     <span class='ocr_line' id='line_1_45' title="bbox 562 2953 2139 3038; baseline 0.003 -31"><span class='ocrx_word' id='word_1_362' title='bbox 562 2953 637 3007; x_wconf 88' lang='lat' dir='ltr'><strong><em>dit</em></strong></span> <span class='ocrx_word' id='word_1_363' title='bbox 674 2963 809 3007; x_wconf 90' lang='lat' dir='ltr'><strong><em>terra</em></strong></span> <span class='ocrx_word' id='word_1_364' title='bbox 836 2972 1011 3009; x_wconf 89' lang='lat' dir='ltr'><strong><em>eorum</em></strong></span> <span class='ocrx_word' id='word_1_365' title='bbox 1042 2972 1202 3010; x_wconf 90' lang='lat' dir='ltr'><strong><em>ranas</em></strong></span> <span class='ocrx_word' id='word_1_366' title='bbox 1229 2958 1283 3010; x_wconf 92' lang='lat' dir='ltr'><strong><em>in</em></strong></span> <span class='ocrx_word' id='word_1_367' title='bbox 1310 2955 1651 3027; x_wconf 83' lang='lat' dir='ltr'><strong><em>penetralibus</em></strong></span> <span class='ocrx_word' id='word_1_368' title='bbox 1679 2974 1854 3029; x_wconf 89' lang='lat' dir='ltr'><strong><em>regum</em></strong></span> <span class='ocrx_word' id='word_1_369' title='bbox 1894 2958 2139 3038; x_wconf 82' lang='lat' dir='ltr'><strong><em>ipsarum.</em></strong></span> 
     </span>
    </p>
   </div>
   <div class='ocr_carea' id='block_1_46' title="bbox 563 3043 2145 3122">
    <p class='ocr_par' dir='ltr' id='par_1_46' title="bbox 563 3043 2145 3122">
     <span class='ocr_line' id='line_1_46' title="bbox 563 3043 2145 3122; baseline 0.004 -23"><span class='ocrx_word' id='word_1_370' title='bbox 563 3043 711 3099; x_wconf 70' lang='lat' dir='ltr'><strong><em>Dixit</em></strong></span> <span class='ocrx_word' id='word_1_371' title='bbox 740 3056 788 3099; x_wconf 90' lang='lat' dir='ltr'><strong><em>et</em></strong></span> <span class='ocrx_word' id='word_1_372' title='bbox 808 3048 943 3101; x_wconf 87' lang='lat' dir='ltr'><strong><em>venit</em></strong></span> <span class='ocrx_word' id='word_1_373' title='bbox 970 3050 1251 3119; x_wconf 76' lang='lat' dir='ltr'><strong><em>caenomgia</em></strong></span> <span class='ocrx_word' id='word_1_374' title='bbox 1271 3058 1320 3103; x_wconf 93' lang='lat' dir='ltr'><strong><em>et</em></strong></span> <span class='ocrx_word' id='word_1_375' title='bbox 1345 3050 1587 3121; x_wconf 82' lang='lat' dir='ltr'><strong><em>cyniphes</em></strong></span> <span class='ocrx_word' id='word_1_376' title='bbox 1614 3052 1669 3103; x_wconf 91' lang='lat' dir='ltr'><strong><em>in</em></strong></span> <span class='ocrx_word' id='word_1_377' title='bbox 1690 3052 1922 3106; x_wconf 88' lang='lat' dir='ltr'><strong><em>omnibus</em></strong></span> <span class='ocrx_word' id='word_1_378' title='bbox 1953 3051 2145 3122; x_wconf 79' lang='lat' dir='ltr'><strong><em>ﬁnibus</em></strong></span> 
     </span>
    </p>
   </div>
   <div class='ocr_carea' id='block_1_47' title="bbox 566 3136 2141 3213">
    <p class='ocr_par' dir='ltr' id='par_1_47' title="bbox 566 3136 2141 3213">
     <span class='ocr_line' id='line_1_47' title="bbox 566 3136 2141 3213; baseline 0.004 -23"><span class='ocrx_word' id='word_1_379' title='bbox 566 3152 759 3191; x_wconf 87' lang='lat' dir='ltr'><strong><em>eorum.</em></strong></span> <span class='ocrx_word' id='word_1_380' title='bbox 793 3136 975 3192; x_wconf 88' lang='lat' dir='ltr'><strong><em>Posuit</em></strong></span> <span class='ocrx_word' id='word_1_381' title='bbox 1003 3138 1201 3209; x_wconf 84' lang='lat' dir='ltr'><strong><em>pluvias</em></strong></span> <span class='ocrx_word' id='word_1_382' title='bbox 1225 3156 1397 3194; x_wconf 90' lang='lat' dir='ltr'><strong><em>eorum</em></strong></span> <span class='ocrx_word' id='word_1_383' title='bbox 1426 3141 1761 3211; x_wconf 88' lang='lat' dir='ltr'><strong><em>grandinem,</em></strong></span> <span class='ocrx_word' id='word_1_384' title='bbox 1801 3144 1971 3213; x_wconf 87' lang='lat' dir='ltr'><strong><em>ignem</em></strong></span> <span class='ocrx_word' id='word_1_385' title='bbox 1998 3159 2141 3197; x_wconf 88' lang='lat' dir='ltr'><strong><em>com-</em></strong></span> 
     </span>
    </p>
   </div>
   <div class='ocr_carea' id='block_1_48' title="bbox 2241 1944 3799 2019">
    <p class='ocr_par' dir='ltr' id='par_1_48' title="bbox 2241 1944 3799 2019">
     <span class='ocr_line' id='line_1_48' title="bbox 2241 1944 3799 2019; baseline 0.003 -20"><span class='ocrx_word' id='word_1_386' title='bbox 2241 1944 2386 2000; x_wconf 91' lang='lat' dir='ltr'><strong><em>dium</em></strong></span> <span class='ocrx_word' id='word_1_387' title='bbox 2413 1952 2469 2000; x_wconf 93' lang='lat' dir='ltr'><strong><em>et</em></strong></span> <span class='ocrx_word' id='word_1_388' title='bbox 2492 1945 2712 2010; x_wconf 91' lang='lat' dir='ltr'><strong><em>bellum,</em></strong></span> <span class='ocrx_word' id='word_1_389' title='bbox 2752 1961 2940 2016; x_wconf 89' lang='lat' dir='ltr'><strong><em>pacem</em></strong></span> <span class='ocrx_word' id='word_1_390' title='bbox 2968 1948 3241 2003; x_wconf 88' lang='lat' dir='ltr'><strong><em>assumite.</em></strong></span> <span class='ocrx_word' id='word_1_391' title='bbox 3273 1946 3341 2002; x_wconf 87' lang='lat' dir='ltr'><strong><em>Et</em></strong></span> <span class='ocrx_word' id='word_1_392' title='bbox 3359 1947 3636 2003; x_wconf 86' lang='lat' dir='ltr'><strong><em>Christum</em></strong></span> <span class='ocrx_word' id='word_1_393' title='bbox 3663 1965 3799 2019; x_wconf 86' lang='lat' dir='ltr'><strong><em>quem</em></strong></span> 
     </span>
    </p>
   </div>
   <div class='ocr_carea' id='block_1_49' title="bbox 2239 2034 3801 2109">
    <p class='ocr_par' dir='ltr' id='par_1_49' title="bbox 2239 2034 3801 2109">
     <span class='ocr_line' id='line_1_49' title="bbox 2239 2034 3801 2109; baseline 0.004 -21"><span class='ocrx_word' id='word_1_394' title='bbox 2239 2034 2589 2105; x_wconf 64' lang='lat' dir='ltr'><strong><em>praedicamus</em></strong></span> <span class='ocrx_word' id='word_1_395' title='bbox 2607 2035 2778 2103; x_wconf 81' lang='lat' dir='ltr'><strong><em>vobis,</em></strong></span> <span class='ocrx_word' id='word_1_396' title='bbox 2791 2044 2970 2092; x_wconf 90' lang='lat' dir='ltr'><strong><em>vestro</em></strong></span> <span class='ocrx_word' id='word_1_397' title='bbox 2989 2037 3191 2093; x_wconf 87' lang='lat' dir='ltr'><strong><em>nomini</em></strong></span> <span class='ocrx_word' id='word_1_398' title='bbox 3204 2039 3425 2106; x_wconf 88' lang='lat' dir='ltr'><strong><em>sociate,</em></strong></span> <span class='ocrx_word' id='word_1_399' title='bbox 3442 2047 3503 2093; x_wconf 90' lang='lat' dir='ltr'><strong><em>ut</em></strong></span> <span class='ocrx_word' id='word_1_400' title='bbox 3522 2056 3624 2095; x_wconf 87' lang='lat' dir='ltr'><strong><em>vos</em></strong></span> <span class='ocrx_word' id='word_1_401' title='bbox 3640 2041 3723 2109; x_wconf 85' lang='lat' dir='ltr'><strong><em>qui</em></strong></span> <span class='ocrx_word' id='word_1_402' title='bbox 3739 2039 3801 2095; x_wconf 85' lang='lat' dir='ltr'><strong><em>di-</em></strong></span> 
     </span>
    </p>
   </div>
   <div class='ocr_carea' id='block_1_50' title="bbox 2241 2125 3796 2195">
    <p class='ocr_par' dir='ltr' id='par_1_50' title="bbox 2241 2125 3796 2195">
     <span class='ocr_line' id='line_1_50' title="bbox 2241 2125 3796 2195; baseline 0.003 -13"><span class='ocrx_word' id='word_1_403' title='bbox 2241 2125 2423 2182; x_wconf 89' lang='lat' dir='ltr'><strong><em>cimini</em></strong></span> <span class='ocrx_word' id='word_1_404' title='bbox 2442 2135 2646 2195; x_wconf 88' lang='lat' dir='ltr'><strong><em>gentes,</em></strong></span> <span class='ocrx_word' id='word_1_405' title='bbox 2665 2127 2914 2183; x_wconf 86' lang='lat' dir='ltr'><strong><em>dicamini</em></strong></span> <span class='ocrx_word' id='word_1_406' title='bbox 2934 2127 3243 2192; x_wconf 88' lang='lat' dir='ltr'><strong><em>Christiani,</em></strong></span> <span class='ocrx_word' id='word_1_407' title='bbox 3260 2138 3314 2185; x_wconf 92' lang='lat' dir='ltr'><strong><em>et</em></strong></span> <span class='ocrx_word' id='word_1_408' title='bbox 3334 2130 3627 2187; x_wconf 88' lang='lat' dir='ltr'><strong><em>laudemini</em></strong></span> <span class='ocrx_word' id='word_1_409' title='bbox 3647 2132 3694 2186; x_wconf 89' lang='lat' dir='ltr'><strong><em>in</em></strong></span> <span class='ocrx_word' id='word_1_410' title='bbox 3713 2148 3796 2187; x_wconf 88' lang='lat' dir='ltr'><strong><em>no-</em></strong></span> 
     </span>
    </p>
   </div>
   <div class='ocr_carea' id='block_1_51' title="bbox 2241 2216 3798 2292">
    <p class='ocr_par' dir='ltr' id='par_1_51' title="bbox 2241 2216 3798 2292">
     <span class='ocr_line' id='line_1_51' title="bbox 2241 2216 3798 2292; baseline 0.003 -21"><span class='ocrx_word' id='word_1_411' title='bbox 2241 2217 2387 2273; x_wconf 89' lang='lat' dir='ltr'><strong><em>mine</em></strong></span> <span class='ocrx_word' id='word_1_412' title='bbox 2405 2226 2591 2273; x_wconf 88' lang='lat' dir='ltr'><strong><em>sancto</em></strong></span> <span class='ocrx_word' id='word_1_413' title='bbox 2615 2216 2749 2288; x_wconf 90' lang='lat' dir='ltr'><strong><em>ejus.</em></strong></span> <span class='ocrx_word' id='word_1_414' title='bbox 2766 2217 2834 2273; x_wconf 85' lang='lat' dir='ltr'><strong><em>Et</em></strong></span> <span class='ocrx_word' id='word_1_415' title='bbox 2858 2219 3066 2274; x_wconf 68' lang='lat' dir='ltr'><strong><em>laetetur</em></strong></span> <span class='ocrx_word' id='word_1_416' title='bbox 3078 2235 3174 2275; x_wconf 89' lang='lat' dir='ltr'><strong><em>cor</em></strong></span> <span class='ocrx_word' id='word_1_417' title='bbox 3198 2229 3451 2284; x_wconf 86' lang='lat' dir='ltr'><strong><em>vestrum,</em></strong></span> <span class='ocrx_word' id='word_1_418' title='bbox 3465 2222 3563 2291; x_wconf 90' lang='lat' dir='ltr'><strong><em>qui</em></strong></span> <span class='ocrx_word' id='word_1_419' title='bbox 3589 2224 3798 2292; x_wconf 69' lang='lat' dir='ltr'><strong><em>quteritis</em></strong></span> 
     </span>
    </p>
   </div>
   <div class='ocr_carea' id='block_1_52' title="bbox 2242 2306 3794 2378">
    <p class='ocr_par' dir='ltr' id='par_1_52' title="bbox 2242 2306 3794 2378">
     <span class='ocr_line' id='line_1_52' title="bbox 2242 2306 3794 2378; baseline 0.003 -15"><span class='ocrx_word' id='word_1_420' title='bbox 2242 2306 2557 2374; x_wconf 88' lang='lat' dir='ltr'><strong><em>Dominum;</em></strong></span> <span class='ocrx_word' id='word_1_421' title='bbox 2607 2308 2828 2378; x_wconf 67' lang='lat' dir='ltr'><strong><em>quaerite</em></strong></span> <span class='ocrx_word' id='word_1_422' title='bbox 2866 2306 3170 2377; x_wconf 87' lang='lat' dir='ltr'><strong><em>Christum,</em></strong></span> <span class='ocrx_word' id='word_1_423' title='bbox 3210 2318 3267 2365; x_wconf 88' lang='lat' dir='ltr'><strong><em>et</em></strong></span> <span class='ocrx_word' id='word_1_424' title='bbox 3304 2310 3702 2367; x_wconf 85' lang='lat' dir='ltr'><strong><em>contirmamini.</em></strong></span> <span class='ocrx_word' id='word_1_425' title='bbox 3738 2312 3794 2367; x_wconf 79' lang='lat' dir='ltr'><strong><em>Et</em></strong></span> 
     </span>
    </p>
   </div>
   <div class='ocr_carea' id='block_1_53' title="bbox 2242 2396 3787 2469">
    <p class='ocr_par' dir='ltr' id='par_1_53' title="bbox 2242 2396 3787 2469">
     <span class='ocr_line' id='line_1_53' title="bbox 2242 2396 3787 2469; baseline 0.003 -17"><span class='ocrx_word' id='word_1_426' title='bbox 2242 2396 2366 2465; x_wconf 87' lang='lat' dir='ltr'><strong><em>quia</em></strong></span> <span class='ocrx_word' id='word_1_427' title='bbox 2395 2397 2635 2453; x_wconf 89' lang='lat' dir='ltr'><strong><em>ascendit</em></strong></span> <span class='ocrx_word' id='word_1_428' title='bbox 2662 2398 2716 2452; x_wconf 89' lang='lat' dir='ltr'><strong><em>in</em></strong></span> <span class='ocrx_word' id='word_1_429' title='bbox 2744 2398 2913 2461; x_wconf 77' lang='lat' dir='ltr'><strong><em>cmlis,</em></strong></span> <span class='ocrx_word' id='word_1_430' title='bbox 2945 2408 3001 2454; x_wconf 89' lang='lat' dir='ltr'><strong><em>et</em></strong></span> <span class='ocrx_word' id='word_1_431' title='bbox 3026 2407 3179 2469; x_wconf 91' lang='lat' dir='ltr'><strong><em>parat</em></strong></span> <span class='ocrx_word' id='word_1_432' title='bbox 3208 2400 3358 2455; x_wconf 84' lang='lat' dir='ltr'><strong><em>vobis</em></strong></span> <span class='ocrx_word' id='word_1_433' title='bbox 3384 2401 3637 2469; x_wconf 87' lang='lat' dir='ltr'><strong><em>gaudium</em></strong></span> <span class='ocrx_word' id='word_1_434' title='bbox 3667 2417 3787 2456; x_wconf 81' lang='lat' dir='ltr'><strong><em>sem-</em></strong></span> 
     </span>
    </p>
   </div>
   <div class='ocr_carea' id='block_1_54' title="bbox 2242 2489 3793 2564">
    <p class='ocr_par' dir='ltr' id='par_1_54' title="bbox 2242 2489 3793 2564">
     <span class='ocr_line' id='line_1_54' title="bbox 2242 2489 3793 2564; baseline 0.006 -22"><span class='ocrx_word' id='word_1_435' title='bbox 2242 2489 2529 2559; x_wconf 89' lang='lat' dir='ltr'><strong><em>piternum,</em></strong></span> <span class='ocrx_word' id='word_1_436' title='bbox 2552 2491 2787 2561; x_wconf 89' lang='lat' dir='ltr'><strong><em>quandiu</em></strong></span> <span class='ocrx_word' id='word_1_437' title='bbox 2808 2491 2875 2547; x_wconf 88' lang='lat' dir='ltr'><strong><em>ad</em></strong></span> <span class='ocrx_word' id='word_1_438' title='bbox 2894 2508 3016 2548; x_wconf 91' lang='lat' dir='ltr'><strong><em>eum</em></strong></span> <span class='ocrx_word' id='word_1_439' title='bbox 3037 2494 3367 2563; x_wconf 88' lang='lat' dir='ltr'><strong><em>pertingatis,</em></strong></span> <span class='ocrx_word' id='word_1_440' title='bbox 3390 2496 3618 2564; x_wconf 59' lang='lat' dir='ltr'><strong><em>quaerite</em></strong></span> <span class='ocrx_word' id='word_1_441' title='bbox 3635 2495 3793 2550; x_wconf 75' lang='lat' dir='ltr'><strong><em>faciem</em></strong></span> 
     </span>
    </p>
   </div>
   <div class='ocr_carea' id='block_1_55' title="bbox 2246 2580 3799 2656">
    <p class='ocr_par' dir='ltr' id='par_1_55' title="bbox 2246 2580 3799 2656">
     <span class='ocr_line' id='line_1_55' title="bbox 2246 2580 3799 2656; baseline 0.003 -20"><span class='ocrx_word' id='word_1_442' title='bbox 2246 2580 2366 2650; x_wconf 90' lang='lat' dir='ltr'><strong><em>ejus</em></strong></span> <span class='ocrx_word' id='word_1_443' title='bbox 2392 2598 2622 2654; x_wconf 90' lang='lat' dir='ltr'><strong><em>semper,</em></strong></span> <span class='ocrx_word' id='word_1_444' title='bbox 2670 2593 2996 2654; x_wconf 83' lang='lat' dir='ltr'><strong><em>mementote</em></strong></span> <span class='ocrx_word' id='word_1_445' title='bbox 3040 2586 3306 2642; x_wconf 87' lang='lat' dir='ltr'><strong><em>mirabilia</em></strong></span> <span class='ocrx_word' id='word_1_446' title='bbox 3352 2586 3471 2654; x_wconf 83' lang='lat' dir='ltr'><strong><em>ejus</em></strong></span> <span class='ocrx_word' id='word_1_447' title='bbox 3514 2601 3635 2656; x_wconf 70' lang='lat' dir='ltr'><strong><em>quae</em></strong></span> <span class='ocrx_word' id='word_1_448' title='bbox 3675 2585 3799 2652; x_wconf 82' lang='lat' dir='ltr'><strong><em>fecit,</em></strong></span> 
     </span>
    </p>
   </div>
   <div class='ocr_carea' id='block_1_56' title="bbox 2245 2673 3799 2745">
    <p class='ocr_par' dir='ltr' id='par_1_56' title="bbox 2245 2673 3799 2745">
     <span class='ocr_line' id='line_1_56' title="bbox 2245 2673 3799 2745; baseline 0.001 -18"><span class='ocrx_word' id='word_1_449' title='bbox 2245 2685 2365 2741; x_wconf 73' lang='lat' dir='ltr'><strong><em>qua:</em></strong></span> <span class='ocrx_word' id='word_1_450' title='bbox 2391 2687 2549 2742; x_wconf 88' lang='lat' dir='ltr'><strong><em>supra</em></strong></span> <span class='ocrx_word' id='word_1_451' title='bbox 2579 2674 2809 2729; x_wconf 81' lang='lat' dir='ltr'><strong><em>diximus</em></strong></span> <span class='ocrx_word' id='word_1_452' title='bbox 2851 2674 3093 2744; x_wconf 89' lang='lat' dir='ltr'><strong><em>prodigia</em></strong></span> <span class='ocrx_word' id='word_1_453' title='bbox 3120 2675 3266 2743; x_wconf 87' lang='lat' dir='ltr'><strong><em>ejus,</em></strong></span> <span class='ocrx_word' id='word_1_454' title='bbox 3292 2674 3494 2744; x_wconf 86' lang='lat' dir='ltr'><strong><em>judicia</em></strong></span> <span class='ocrx_word' id='word_1_455' title='bbox 3533 2675 3646 2731; x_wconf 90' lang='lat' dir='ltr'><strong><em>oris</em></strong></span> <span class='ocrx_word' id='word_1_456' title='bbox 3684 2673 3799 2745; x_wconf 87' lang='lat' dir='ltr'><strong><em>ejus,</em></strong></span> 
     </span>
    </p>
   </div>
   <div class='ocr_carea' id='block_1_57' title="bbox 2245 2764 3801 2835">
    <p class='ocr_par' dir='ltr' id='par_1_57' title="bbox 2245 2764 3801 2835">
     <span class='ocr_line' id='line_1_57' title="bbox 2245 2764 3801 2835; baseline 0.002 -18"><span class='ocrx_word' id='word_1_457' title='bbox 2245 2776 2576 2832; x_wconf 55' lang='lat' dir='ltr'><strong><em>quacunque</em></strong></span> <span class='ocrx_word' id='word_1_458' title='bbox 2600 2764 2863 2834; x_wconf 89' lang='lat' dir='ltr'><strong><em>apostoli,</em></strong></span> <span class='ocrx_word' id='word_1_459' title='bbox 2883 2780 3215 2834; x_wconf 74' lang='lat' dir='ltr'><strong><em>qumcunque</em></strong></span> <span class='ocrx_word' id='word_1_460' title='bbox 3234 2773 3469 2835; x_wconf 89' lang='lat' dir='ltr'><strong><em>quatuor</em></strong></span> <span class='ocrx_word' id='word_1_461' title='bbox 3486 2764 3801 2834; x_wconf 67' lang='lat' dir='ltr'><strong><em>evangelista</em></strong></span> 
     </span>
    </p>
   </div>
   <div class='ocr_carea' id='block_1_58' title="bbox 2246 2856 3801 2925">
    <p class='ocr_par' dir='ltr' id='par_1_58' title="bbox 2246 2856 3801 2925">
     <span class='ocr_line' id='line_1_58' title="bbox 2246 2856 3801 2925; baseline 0.003 -18"><span class='ocrx_word' id='word_1_462' title='bbox 2246 2859 2528 2920; x_wconf 88' lang='lat' dir='ltr'><strong><em>testantur,</em></strong></span> <span class='ocrx_word' id='word_1_463' title='bbox 2561 2870 2668 2909; x_wconf 90' lang='lat' dir='ltr'><strong><em>non</em></strong></span> <span class='ocrx_word' id='word_1_464' title='bbox 2697 2870 2764 2911; x_wconf 78' lang='lat' dir='ltr'><strong><em>ex</em></strong></span> <span class='ocrx_word' id='word_1_465' title='bbox 2791 2857 3037 2925; x_wconf 89' lang='lat' dir='ltr'><strong><em>gentibus</em></strong></span> <span class='ocrx_word' id='word_1_466' title='bbox 3060 2856 3338 2911; x_wconf 80' lang='lat' dir='ltr'><strong><em>venientes</em></strong></span> <span class='ocrx_word' id='word_1_467' title='bbox 3353 2897 3369 2923; x_wconf 95' lang='lat'><strong><em>,</em></strong></span> <span class='ocrx_word' id='word_1_468' title='bbox 3399 2857 3497 2912; x_wconf 85' lang='lat' dir='ltr'><strong><em>sed</em></strong></span> <span class='ocrx_word' id='word_1_469' title='bbox 3524 2872 3593 2912; x_wconf 78' lang='lat' dir='ltr'><strong><em>ex</em></strong></span> <span class='ocrx_word' id='word_1_470' title='bbox 3624 2857 3801 2912; x_wconf 80' lang='lat' dir='ltr'><strong><em>semine</em></strong></span> 
     </span>
    </p>
   </div>
   <div class='ocr_carea' id='block_1_59' title="bbox 2245 2943 3797 3019">
    <p class='ocr_par' dir='ltr' id='par_1_59' title="bbox 2245 2943 3797 3019">
     <span class='ocr_line' id='line_1_59' title="bbox 2245 2943 3797 3019; baseline 0.004 -19"><span class='ocrx_word' id='word_1_471' title='bbox 2245 2943 2514 3001; x_wconf 84' lang='lat' dir='ltr'><strong><em>Abraham</em></strong></span> <span class='ocrx_word' id='word_1_472' title='bbox 2559 2948 2699 3003; x_wconf 81' lang='lat' dir='ltr'><strong><em>servi</em></strong></span> <span class='ocrx_word' id='word_1_473' title='bbox 2743 2948 2889 3017; x_wconf 91' lang='lat' dir='ltr'><strong><em>ejus,</em></strong></span> <span class='ocrx_word' id='word_1_474' title='bbox 2920 2950 3012 3017; x_wconf 91' lang='lat' dir='ltr'><strong><em>qui</em></strong></span> <span class='ocrx_word' id='word_1_475' title='bbox 3035 2958 3160 3004; x_wconf 90' lang='lat' dir='ltr'><strong><em>sunt</em></strong></span> <span class='ocrx_word' id='word_1_476' title='bbox 3186 2947 3280 3003; x_wconf 83' lang='lat' dir='ltr'><strong><em>ﬁlii</em></strong></span> <span class='ocrx_word' id='word_1_477' title='bbox 3307 2948 3478 3006; x_wconf 81' lang='lat' dir='ltr'><strong><em>lacob</em></strong></span> <span class='ocrx_word' id='word_1_478' title='bbox 3503 2950 3657 3006; x_wconf 89' lang='lat' dir='ltr'><strong><em>electi</em></strong></span> <span class='ocrx_word' id='word_1_479' title='bbox 3679 2950 3797 3019; x_wconf 82' lang='lat' dir='ltr'><strong><em>ejus.</em></strong></span> 
     </span>
    </p>
   </div>
   <div class='ocr_carea' id='block_1_60' title="bbox 2245 3036 3800 3111">
    <p class='ocr_par' dir='ltr' id='par_1_60' title="bbox 2245 3036 3800 3111">
     <span class='ocr_line' id='line_1_60' title="bbox 2245 3036 3800 3111; baseline 0.001 -19"><span class='ocrx_word' id='word_1_480' title='bbox 2245 3036 2361 3093; x_wconf 88' lang='lat' dir='ltr'><strong><em>Non</em></strong></span> <span class='ocrx_word' id='word_1_481' title='bbox 2386 3048 2468 3094; x_wconf 90' lang='lat' dir='ltr'><strong><em>est</em></strong></span> <span class='ocrx_word' id='word_1_482' title='bbox 2493 3039 2636 3096; x_wconf 89' lang='lat' dir='ltr'><strong><em>enim</em></strong></span> <span class='ocrx_word' id='word_1_483' title='bbox 2664 3038 2907 3111; x_wconf 85' lang='lat' dir='ltr'><strong><em>Christus</em></strong></span> <span class='ocrx_word' id='word_1_484' title='bbox 2928 3041 3069 3096; x_wconf 90' lang='lat' dir='ltr'><strong><em>Deus</em></strong></span> <span class='ocrx_word' id='word_1_485' title='bbox 3089 3056 3298 3105; x_wconf 87' lang='lat' dir='ltr'><strong><em>recens,</em></strong></span> <span class='ocrx_word' id='word_1_486' title='bbox 3329 3056 3437 3097; x_wconf 92' lang='lat' dir='ltr'><strong><em>non</em></strong></span> <span class='ocrx_word' id='word_1_487' title='bbox 3462 3041 3681 3106; x_wconf 77' lang='lat' dir='ltr'><strong><em>advena,</em></strong></span> <span class='ocrx_word' id='word_1_488' title='bbox 3709 3055 3800 3095; x_wconf 90' lang='lat' dir='ltr'><strong><em>non</em></strong></span> 
     </span>
    </p>
   </div>
   <div class='ocr_carea' id='block_1_61' title="bbox 2246 3129 3801 3204">
    <p class='ocr_par' dir='ltr' id='par_1_61' title="bbox 2246 3129 3801 3204">
     <span class='ocr_line' id='line_1_61' title="bbox 2246 3129 3801 3204; baseline 0.002 -21"><span class='ocrx_word' id='word_1_489' title='bbox 2246 3129 2502 3195; x_wconf 89' lang='lat' dir='ltr'><strong><em>novitius,</em></strong></span> <span class='ocrx_word' id='word_1_490' title='bbox 2528 3129 2623 3185; x_wconf 89' lang='lat' dir='ltr'><strong><em>sed</em></strong></span> <span class='ocrx_word' id='word_1_491' title='bbox 2646 3129 2760 3199; x_wconf 90' lang='lat' dir='ltr'><strong><em>ipse</em></strong></span> <span class='ocrx_word' id='word_1_492' title='bbox 2781 3136 2864 3184; x_wconf 90' lang='lat' dir='ltr'><strong><em>est</em></strong></span> <span class='ocrx_word' id='word_1_493' title='bbox 2888 3130 3143 3204; x_wconf 87' lang='lat' dir='ltr'><strong><em>Dominus</em></strong></span> <span class='ocrx_word' id='word_1_494' title='bbox 3171 3130 3313 3187; x_wconf 91' lang='lat' dir='ltr'><strong><em>Deus</em></strong></span> <span class='ocrx_word' id='word_1_495' title='bbox 3339 3139 3541 3198; x_wconf 85' lang='lat' dir='ltr'><strong><em>noster,</em></strong></span> <span class='ocrx_word' id='word_1_496' title='bbox 3568 3132 3654 3201; x_wconf 89' lang='lat' dir='ltr'><strong><em>qui</em></strong></span> <span class='ocrx_word' id='word_1_497' title='bbox 3680 3146 3801 3186; x_wconf 87' lang='lat' dir='ltr'><strong><em>sem-</em></strong></span> 
     </span>
    </p>
   </div>
   <div class='ocr_carea' id='block_1_62' title="bbox 566 3219 2143 3303">
    <p class='ocr_par' dir='ltr' id='par_1_62' title="bbox 566 3225 2141 3303">
     <span class='ocr_line' id='line_1_62' title="bbox 566 3225 2141 3303; baseline 0.006 -24"><span class='ocrx_word' id='word_1_498' title='bbox 566 3225 825 3281; x_wconf 84' lang='lat' dir='ltr'><strong><em>burentem</em></strong></span> <span class='ocrx_word' id='word_1_499' title='bbox 849 3228 904 3281; x_wconf 91' lang='lat' dir='ltr'><strong><em>in</em></strong></span> <span class='ocrx_word' id='word_1_500' title='bbox 936 3236 1070 3282; x_wconf 90' lang='lat' dir='ltr'><strong><em>terra</em></strong></span> <span class='ocrx_word' id='word_1_501' title='bbox 1098 3230 1342 3299; x_wconf 89' lang='lat' dir='ltr'><strong><em>ipsorum.</em></strong></span> <span class='ocrx_word' id='word_1_502' title='bbox 1367 3229 1438 3284; x_wconf 87' lang='lat' dir='ltr'><strong><em>Et</em></strong></span> <span class='ocrx_word' id='word_1_503' title='bbox 1462 3234 1709 3301; x_wconf 87' lang='lat' dir='ltr'><strong><em>percussit</em></strong></span> <span class='ocrx_word' id='word_1_504' title='bbox 1737 3234 1907 3287; x_wconf 90' lang='lat' dir='ltr'><strong><em>vineas</em></strong></span> <span class='ocrx_word' id='word_1_505' title='bbox 1932 3251 2107 3289; x_wconf 88' lang='lat' dir='ltr'><strong><em>eorum</em></strong></span> <span class='ocrx_word' id='word_1_506' title='bbox 2125 3277 2141 3303; x_wconf 92' lang='lat'><strong><em>,</em></strong></span> 
     </span>
    </p>
   </div>
   <div class='ocr_carea' id='block_1_63' title="bbox 2244 3219 3802 3303">
    <p class='ocr_par' dir='ltr' id='par_1_63' title="bbox 2250 3219 3802 3292">
     <span class='ocr_line' id='line_1_63' title="bbox 2250 3219 3802 3292; baseline 0.002 -17"><span class='ocrx_word' id='word_1_507' title='bbox 2250 3236 2349 3292; x_wconf 91' lang='lat' dir='ltr'><strong><em>per</em></strong></span> <span class='ocrx_word' id='word_1_508' title='bbox 2376 3219 2475 3275; x_wconf 79' lang='lat' dir='ltr'><strong><em>fuit</em></strong></span> <span class='ocrx_word' id='word_1_509' title='bbox 2501 3239 2513 3274; x_wconf 85' lang='lat'><strong>:</strong></span> <span class='ocrx_word' id='word_1_510' title='bbox 2546 3229 2600 3276; x_wconf 91' lang='lat' dir='ltr'><strong><em>et</em></strong></span> <span class='ocrx_word' id='word_1_511' title='bbox 2628 3220 2719 3290; x_wconf 90' lang='lat' dir='ltr'><strong><em>qui</em></strong></span> <span class='ocrx_word' id='word_1_512' title='bbox 2748 3221 2802 3274; x_wconf 92' lang='lat' dir='ltr'><strong><em>in</em></strong></span> <span class='ocrx_word' id='word_1_513' title='bbox 2846 3219 3195 3276; x_wconf 82' lang='lat' dir='ltr'><strong><em>Hebraeorum</em></strong></span> <span class='ocrx_word' id='word_1_514' title='bbox 3239 3230 3399 3291; x_wconf 89' lang='lat' dir='ltr'><strong><em>gente</em></strong></span> <span class='ocrx_word' id='word_1_515' title='bbox 3427 3231 3628 3278; x_wconf 87' lang='lat' dir='ltr'><strong><em>tantum</em></strong></span> <span class='ocrx_word' id='word_1_516' title='bbox 3655 3235 3802 3278; x_wconf 68' lang='lat' dir='ltr'><strong><em>we-</em></strong></span> 
     </span>
    </p>
   </div>
   <div class='ocr_carea' id='block_1_64' title="bbox 564 3317 2139 3393">
    <p class='ocr_par' dir='ltr' id='par_1_64' title="bbox 564 3317 2139 3393">
     <span class='ocr_line' id='line_1_64' title="bbox 564 3317 2139 3393; baseline 0.008 -24"><span class='ocrx_word' id='word_1_517' title='bbox 564 3326 614 3370; x_wconf 90' lang='lat' dir='ltr'><strong><em>et</em></strong></span> <span class='ocrx_word' id='word_1_518' title='bbox 651 3317 899 3387; x_wconf 74' lang='lat' dir='ltr'><strong><em>ficulneas</em></strong></span> <span class='ocrx_word' id='word_1_519' title='bbox 924 3335 1099 3373; x_wconf 87' lang='lat' dir='ltr'><strong><em>eorum</em></strong></span> <span class='ocrx_word' id='word_1_520' title='bbox 1116 3360 1131 3386; x_wconf 95' lang='lat'><strong><em>,</em></strong></span> <span class='ocrx_word' id='word_1_521' title='bbox 1162 3329 1212 3374; x_wconf 92' lang='lat' dir='ltr'><strong><em>et</em></strong></span> <span class='ocrx_word' id='word_1_522' title='bbox 1239 3322 1474 3375; x_wconf 78' lang='lat' dir='ltr'><strong><em>contrivit</em></strong></span> <span class='ocrx_word' id='word_1_523' title='bbox 1500 3323 1696 3393; x_wconf 88' lang='lat' dir='ltr'><strong><em>lignum</em></strong></span> <span class='ocrx_word' id='word_1_524' title='bbox 1736 3324 1919 3393; x_wconf 77' lang='lat' dir='ltr'><strong><em>finium</em></strong></span> <span class='ocrx_word' id='word_1_525' title='bbox 1945 3343 2139 3381; x_wconf 90' lang='lat' dir='ltr'><strong><em>eorum.</em></strong></span> 
     </span>
    </p>
   </div>
   <div class='ocr_carea' id='block_1_65' title="bbox 566 3402 2147 3485">
    <p class='ocr_par' dir='ltr' id='par_1_65' title="bbox 566 3402 2147 3485">
     <span class='ocr_line' id='line_1_65' title="bbox 566 3402 2147 3485; baseline 0.006 -24"><span class='ocrx_word' id='word_1_526' title='bbox 566 3407 717 3464; x_wconf 73' lang='lat' dir='ltr'><strong><em>Dixit</em></strong></span> <span class='ocrx_word' id='word_1_527' title='bbox 740 3418 789 3464; x_wconf 91' lang='lat' dir='ltr'><strong><em>et</em></strong></span> <span class='ocrx_word' id='word_1_528' title='bbox 818 3411 952 3465; x_wconf 88' lang='lat' dir='ltr'><strong><em>venit</em></strong></span> <span class='ocrx_word' id='word_1_529' title='bbox 974 3402 1173 3466; x_wconf 85' lang='lat' dir='ltr'><strong><em>locusta</em></strong></span> <span class='ocrx_word' id='word_1_530' title='bbox 1198 3422 1246 3465; x_wconf 90' lang='lat' dir='ltr'><strong><em>et</em></strong></span> <span class='ocrx_word' id='word_1_531' title='bbox 1272 3411 1507 3479; x_wconf 88' lang='lat' dir='ltr'><strong><em>bruchus,</em></strong></span> <span class='ocrx_word' id='word_1_532' title='bbox 1540 3414 1686 3485; x_wconf 87' lang='lat' dir='ltr'><strong><em>cujus</em></strong></span> <span class='ocrx_word' id='word_1_533' title='bbox 1706 3432 1808 3470; x_wconf 86' lang='lat' dir='ltr'><strong><em>non</em></strong></span> <span class='ocrx_word' id='word_1_534' title='bbox 1829 3426 1939 3471; x_wconf 89' lang='lat' dir='ltr'><strong><em>erat</em></strong></span> <span class='ocrx_word' id='word_1_535' title='bbox 1969 3433 2147 3471; x_wconf 88' lang='lat' dir='ltr'><strong><em>nume-</em></strong></span> 
     </span>
    </p>
   </div>
   <div class='ocr_carea' id='block_1_66' title="bbox 565 3496 2142 3575">
    <p class='ocr_par' dir='ltr' id='par_1_66' title="bbox 565 3496 2142 3575">
     <span class='ocr_line' id='line_1_66' title="bbox 565 3496 2142 3575; baseline 0.009 -25"><span class='ocrx_word' id='word_1_536' title='bbox 565 3514 673 3551; x_wconf 86' lang='lat' dir='ltr'><strong><em>rus.</em></strong></span> <span class='ocrx_word' id='word_1_537' title='bbox 706 3496 775 3559; x_wconf 76' lang='lat' dir='ltr'><strong><em>Et</em></strong></span> <span class='ocrx_word' id='word_1_538' title='bbox 800 3500 1017 3555; x_wconf 90' lang='lat' dir='ltr'><strong><em>comedit</em></strong></span> <span class='ocrx_word' id='word_1_539' title='bbox 1052 3519 1203 3557; x_wconf 91' lang='lat' dir='ltr'><strong><em>omne</em></strong></span> <span class='ocrx_word' id='word_1_540' title='bbox 1232 3506 1406 3575; x_wconf 76' lang='lat' dir='ltr'><strong><em>fenum</em></strong></span> <span class='ocrx_word' id='word_1_541' title='bbox 1432 3506 1487 3560; x_wconf 91' lang='lat' dir='ltr'><strong><em>in</em></strong></span> <span class='ocrx_word' id='word_1_542' title='bbox 1519 3515 1652 3561; x_wconf 87' lang='lat' dir='ltr'><strong><em>terra</em></strong></span> <span class='ocrx_word' id='word_1_543' title='bbox 1689 3524 1893 3573; x_wconf 91' lang='lat' dir='ltr'><strong><em>eorum,</em></strong></span> <span class='ocrx_word' id='word_1_544' title='bbox 1926 3518 1976 3562; x_wconf 91' lang='lat' dir='ltr'><strong><em>et</em></strong></span> <span class='ocrx_word' id='word_1_545' title='bbox 2001 3526 2142 3564; x_wconf 88' lang='lat' dir='ltr'><strong><em>com-</em></strong></span> 
     </span>
    </p>
   </div>
   <div class='ocr_carea' id='block_1_67' title="bbox 569 3589 2147 3673">
    <p class='ocr_par' dir='ltr' id='par_1_67' title="bbox 569 3589 2147 3673">
     <span class='ocr_line' id='line_1_67' title="bbox 569 3589 2147 3673; baseline 0.009 -32"><span class='ocrx_word' id='word_1_546' title='bbox 569 3589 675 3642; x_wconf 89' lang='lat' dir='ltr'><strong><em>edit</em></strong></span> <span class='ocrx_word' id='word_1_547' title='bbox 689 3606 901 3673; x_wconf 64' lang='lat' dir='ltr'><strong><em>pmnem</em></strong></span> <span class='ocrx_word' id='word_1_548' title='bbox 928 3593 1146 3662; x_wconf 79' lang='lat' dir='ltr'><strong><em>fructum</em></strong></span> <span class='ocrx_word' id='word_1_549' title='bbox 1185 3603 1334 3648; x_wconf 75' lang='lat' dir='ltr'><strong><em>terrae</em></strong></span> <span class='ocrx_word' id='word_1_550' title='bbox 1368 3613 1559 3650; x_wconf 91' lang='lat' dir='ltr'><strong><em>eorum.</em></strong></span> <span class='ocrx_word' id='word_1_551' title='bbox 1605 3594 1674 3673; x_wconf 65' lang='lat' dir='ltr'><strong><em>Et</em></strong></span> <span class='ocrx_word' id='word_1_552' title='bbox 1712 3601 1959 3669; x_wconf 84' lang='lat' dir='ltr'><strong><em>percussit</em></strong></span> <span class='ocrx_word' id='word_1_553' title='bbox 1996 3617 2147 3656; x_wconf 91' lang='lat' dir='ltr'><strong><em>omne</em></strong></span> 
     </span>
    </p>
   </div>
   <div class='ocr_carea' id='block_1_68' title="bbox 564 3680 2144 3757">
    <p class='ocr_par' dir='ltr' id='par_1_68' title="bbox 564 3680 2144 3757">
     <span class='ocr_line' id='line_1_68' title="bbox 564 3680 2144 3757; baseline 0.009 -26"><span class='ocrx_word' id='word_1_554' title='bbox 564 3680 958 3751; x_wconf 87' lang='lat' dir='ltr'><strong><em>primogenitum</em></strong></span> <span class='ocrx_word' id='word_1_555' title='bbox 986 3684 1039 3735; x_wconf 90' lang='lat' dir='ltr'><strong><em>in</em></strong></span> <span class='ocrx_word' id='word_1_556' title='bbox 1071 3692 1207 3737; x_wconf 88' lang='lat' dir='ltr'><strong><em>terra</em></strong></span> <span class='ocrx_word' id='word_1_557' title='bbox 1236 3702 1407 3739; x_wconf 90' lang='lat' dir='ltr'><strong><em>eorum</em></strong></span> <span class='ocrx_word' id='word_1_558' title='bbox 1426 3726 1441 3752; x_wconf 89' lang='lat'><strong><em>,</em></strong></span> <span class='ocrx_word' id='word_1_559' title='bbox 1472 3689 1725 3757; x_wconf 88' lang='lat' dir='ltr'><strong><em>primitias</em></strong></span> <span class='ocrx_word' id='word_1_560' title='bbox 1759 3692 1924 3744; x_wconf 88' lang='lat' dir='ltr'><strong><em>omnis</em></strong></span> <span class='ocrx_word' id='word_1_561' title='bbox 1953 3690 2144 3746; x_wconf 88' lang='lat' dir='ltr'><strong><em>laboris</em></strong></span> 
     </span>
    </p>
   </div>
   <div class='ocr_carea' id='block_1_69' title="bbox 565 3770 2148 3850">
    <p class='ocr_par' dir='ltr' id='par_1_69' title="bbox 565 3770 2148 3850">
     <span class='ocr_line' id='line_1_69' title="bbox 565 3770 2148 3850; baseline 0.009 -26"><span class='ocrx_word' id='word_1_562' title='bbox 565 3787 758 3825; x_wconf 90' lang='lat' dir='ltr'><strong><em>eorum.</em></strong></span> <span class='ocrx_word' id='word_1_563' title='bbox 786 3770 855 3826; x_wconf 84' lang='lat' dir='ltr'><strong><em>Et</em></strong></span> <span class='ocrx_word' id='word_1_564' title='bbox 874 3774 1054 3828; x_wconf 67' lang='lat' dir='ltr'><strong><em>eduxit</em></strong></span> <span class='ocrx_word' id='word_1_565' title='bbox 1082 3792 1167 3829; x_wconf 91' lang='lat' dir='ltr'><strong><em>eos</em></strong></span> <span class='ocrx_word' id='word_1_566' title='bbox 1193 3792 1305 3831; x_wconf 88' lang='lat' dir='ltr'><strong><em>cum</em></strong></span> <span class='ocrx_word' id='word_1_567' title='bbox 1336 3788 1547 3850; x_wconf 88' lang='lat' dir='ltr'><strong><em>argento</em></strong></span> <span class='ocrx_word' id='word_1_568' title='bbox 1576 3789 1624 3833; x_wconf 90' lang='lat' dir='ltr'><strong><em>et</em></strong></span> <span class='ocrx_word' id='word_1_569' title='bbox 1654 3798 1809 3847; x_wconf 91' lang='lat' dir='ltr'><strong><em>auro,</em></strong></span> <span class='ocrx_word' id='word_1_570' title='bbox 1840 3791 1889 3836; x_wconf 91' lang='lat' dir='ltr'><strong><em>et</em></strong></span> <span class='ocrx_word' id='word_1_571' title='bbox 1911 3800 2013 3837; x_wconf 92' lang='lat' dir='ltr'><strong><em>non</em></strong></span> <span class='ocrx_word' id='word_1_572' title='bbox 2034 3794 2148 3839; x_wconf 86' lang='lat' dir='ltr'><strong><em>erat</em></strong></span> 
     </span>
    </p>
   </div>
   <div class='ocr_carea' id='block_1_70' title="bbox 565 3860 2144 3945">
    <p class='ocr_par' dir='ltr' id='par_1_70' title="bbox 565 3860 2144 3945">
     <span class='ocr_line' id='line_1_70' title="bbox 565 3860 2144 3945; baseline 0.008 -28"><span class='ocrx_word' id='word_1_573' title='bbox 565 3860 617 3917; x_wconf 91' lang='lat' dir='ltr'><strong><em>in</em></strong></span> <span class='ocrx_word' id='word_1_574' title='bbox 646 3863 872 3921; x_wconf 90' lang='lat' dir='ltr'><strong><em>tribubus</em></strong></span> <span class='ocrx_word' id='word_1_575' title='bbox 914 3883 1092 3921; x_wconf 81' lang='lat' dir='ltr'><strong><em>eorum</em></strong></span> <span class='ocrx_word' id='word_1_576' title='bbox 1130 3869 1386 3939; x_wconf 81' lang='lat' dir='ltr'><strong><em>inﬁrmus.</em></strong></span> <span class='ocrx_word' id='word_1_577' title='bbox 1431 3867 1633 3925; x_wconf 70' lang='lat' dir='ltr'><strong><em>Lartata</em></strong></span> <span class='ocrx_word' id='word_1_578' title='bbox 1677 3882 1753 3927; x_wconf 89' lang='lat' dir='ltr'><strong><em>est</em></strong></span> <span class='ocrx_word' id='word_1_579' title='bbox 1790 3872 2053 3945; x_wconf 61' lang='lat' dir='ltr'><strong><em>zEgyptus</em></strong></span> <span class='ocrx_word' id='word_1_580' title='bbox 2092 3878 2144 3931; x_wconf 91' lang='lat' dir='ltr'><strong><em>in</em></strong></span> 
     </span>
    </p>
   </div>
   <div class='ocr_carea' id='block_1_71' title="bbox 563 3950 2173 4039">
    <p class='ocr_par' dir='ltr' id='par_1_71' title="bbox 563 3950 2173 4039">
     <span class='ocr_line' id='line_1_71' title="bbox 563 3950 2173 4039; baseline 0.012 -34"><span class='ocrx_word' id='word_1_581' title='bbox 563 3950 877 4026; x_wconf 77' lang='lat' dir='ltr'><strong><em>profectione</em></strong></span> <span class='ocrx_word' id='word_1_582' title='bbox 896 3974 1088 4023; x_wconf 90' lang='lat' dir='ltr'><strong><em>eorum,</em></strong></span> <span class='ocrx_word' id='word_1_583' title='bbox 1113 3960 1232 4031; x_wconf 92' lang='lat' dir='ltr'><strong><em>quia</em></strong></span> <span class='ocrx_word' id='word_1_584' title='bbox 1252 3960 1481 4016; x_wconf 87' lang='lat' dir='ltr'><strong><em>incubuit</em></strong></span> <span class='ocrx_word' id='word_1_585' title='bbox 1502 3963 1653 4018; x_wconf 87' lang='lat' dir='ltr'><strong><em>timor</em></strong></span> <span class='ocrx_word' id='word_1_586' title='bbox 1671 3954 1844 4019; x_wconf 86' lang='lat' dir='ltr'><strong><em>eorum</em></strong></span> <span class='ocrx_word' id='word_1_587' title='bbox 1864 3982 2017 4038; x_wconf 82' lang='lat' dir='ltr'><strong><em>super</em></strong></span> <span class='ocrx_word' id='word_1_588' title='bbox 2036 3985 2142 4023; x_wconf 88' lang='lat' dir='ltr'><strong><em>eos.</em></strong></span> <span class='ocrx_word' id='word_1_589' title='bbox 2168 4032 2173 4039; x_wconf 41' lang='grc'><em>,</em></span> 
     </span>
    </p>
   </div>
   <div class='ocr_carea' id='block_1_72' title="bbox 564 4041 2146 4131">
    <p class='ocr_par' dir='ltr' id='par_1_72' title="bbox 564 4041 2146 4131">
     <span class='ocr_line' id='line_1_72' title="bbox 564 4041 2146 4131; baseline 0.009 -31"><span class='ocrx_word' id='word_1_590' title='bbox 564 4041 831 4118; x_wconf 72' lang='lat' dir='ltr'><strong><em>Expandit</em></strong></span> <span class='ocrx_word' id='word_1_591' title='bbox 869 4051 1052 4127; x_wconf 86' lang='lat' dir='ltr'><strong><em>nubem</em></strong></span> <span class='ocrx_word' id='word_1_592' title='bbox 1080 4053 1134 4106; x_wconf 93' lang='lat' dir='ltr'><strong><em>in</em></strong></span> <span class='ocrx_word' id='word_1_593' title='bbox 1163 4055 1526 4123; x_wconf 90' lang='lat' dir='ltr'><strong><em>protectionem</em></strong></span> <span class='ocrx_word' id='word_1_594' title='bbox 1555 4074 1762 4121; x_wconf 89' lang='lat' dir='ltr'><strong><em>eorum,</em></strong></span> <span class='ocrx_word' id='word_1_595' title='bbox 1804 4068 1854 4112; x_wconf 89' lang='lat' dir='ltr'><strong><em>et</em></strong></span> <span class='ocrx_word' id='word_1_596' title='bbox 1890 4061 2057 4131; x_wconf 90' lang='lat' dir='ltr'><strong><em>ignem</em></strong></span> <span class='ocrx_word' id='word_1_597' title='bbox 2087 4071 2146 4115; x_wconf 92' lang='lat' dir='ltr'><strong><em>ut</em></strong></span> 
     </span>
    </p>
   </div>
   <div class='ocr_carea' id='block_1_73' title="bbox 566 4134 2144 4215">
    <p class='ocr_par' dir='ltr' id='par_1_73' title="bbox 566 4134 2144 4215">
     <span class='ocr_line' id='line_1_73' title="bbox 566 4134 2144 4215; baseline 0.011 -24"><span class='ocrx_word' id='word_1_598' title='bbox 566 4137 752 4193; x_wconf 90' lang='lat' dir='ltr'><strong><em>luceret</em></strong></span> <span class='ocrx_word' id='word_1_599' title='bbox 781 4144 854 4195; x_wconf 92' lang='lat' dir='ltr'><strong><em>eis</em></strong></span> <span class='ocrx_word' id='word_1_600' title='bbox 882 4134 975 4212; x_wconf 81' lang='lat' dir='ltr'><strong><em>per</em></strong></span> <span class='ocrx_word' id='word_1_601' title='bbox 997 4154 1215 4199; x_wconf 88' lang='lat' dir='ltr'><strong><em>noctem.</em></strong></span> <span class='ocrx_word' id='word_1_602' title='bbox 1250 4145 1516 4202; x_wconf 81' lang='lat' dir='ltr'><strong><em>Petierunt</em></strong></span> <span class='ocrx_word' id='word_1_603' title='bbox 1548 4159 1597 4202; x_wconf 90' lang='lat' dir='ltr'><strong><em>et</em></strong></span> <span class='ocrx_word' id='word_1_604' title='bbox 1635 4152 1769 4204; x_wconf 83' lang='lat' dir='ltr'><strong><em>venit</em></strong></span> <span class='ocrx_word' id='word_1_605' title='bbox 1797 4154 2036 4206; x_wconf 75' lang='lat' dir='ltr'><strong><em>coturnix</em></strong></span> <span class='ocrx_word' id='word_1_606' title='bbox 2056 4192 2070 4215; x_wconf 92' lang='lat'><strong><em>,</em></strong></span> <span class='ocrx_word' id='word_1_607' title='bbox 2095 4164 2144 4208; x_wconf 90' lang='lat' dir='ltr'><strong><em>et</em></strong></span> 
     </span>
    </p>
   </div>
   <div class='ocr_carea' id='block_1_74' title="bbox 566 4234 2145 4311">
    <p class='ocr_par' dir='ltr' id='par_1_74' title="bbox 566 4234 2145 4311">
     <span class='ocr_line' id='line_1_74' title="bbox 566 4234 2145 4311; baseline 0.011 -29"><span class='ocrx_word' id='word_1_608' title='bbox 566 4246 698 4301; x_wconf 90' lang='lat' dir='ltr'><strong><em>pane</em></strong></span> <span class='ocrx_word' id='word_1_609' title='bbox 737 4234 847 4286; x_wconf 75' lang='lat' dir='ltr'><strong><em>caeli</em></strong></span> <span class='ocrx_word' id='word_1_610' title='bbox 889 4237 1140 4288; x_wconf 87' lang='lat' dir='ltr'><strong><em>saturavit</em></strong></span> <span class='ocrx_word' id='word_1_611' title='bbox 1166 4252 1269 4289; x_wconf 91' lang='lat' dir='ltr'><strong><em>eos.</em></strong></span> <span class='ocrx_word' id='word_1_612' title='bbox 1306 4236 1537 4308; x_wconf 88' lang='lat' dir='ltr'><strong><em>Disrupit</em></strong></span> <span class='ocrx_word' id='word_1_613' title='bbox 1564 4248 1761 4309; x_wconf 89' lang='lat' dir='ltr'><strong><em>petram</em></strong></span> <span class='ocrx_word' id='word_1_614' title='bbox 1798 4252 1847 4294; x_wconf 89' lang='lat' dir='ltr'><strong><em>et</em></strong></span> <span class='ocrx_word' id='word_1_615' title='bbox 1881 4243 2145 4311; x_wconf 76' lang='lat' dir='ltr'><strong><em>ﬂuxerunt</em></strong></span> 
     </span>
    </p>
   </div>
   <div class='ocr_carea' id='block_1_75' title="bbox 567 4320 2145 4406">
    <p class='ocr_par' dir='ltr' id='par_1_75' title="bbox 567 4320 2145 4406">
     <span class='ocr_line' id='line_1_75' title="bbox 567 4320 2145 4406; baseline 0.01 -33"><span class='ocrx_word' id='word_1_616' title='bbox 567 4320 746 4391; x_wconf 74' lang='lat' dir='ltr'><strong><em>aqum,</em></strong></span> <span class='ocrx_word' id='word_1_617' title='bbox 777 4322 1007 4376; x_wconf 87' lang='lat' dir='ltr'><strong><em>abierunt</em></strong></span> <span class='ocrx_word' id='word_1_618' title='bbox 1036 4326 1089 4377; x_wconf 91' lang='lat' dir='ltr'><strong><em>in</em></strong></span> <span class='ocrx_word' id='word_1_619' title='bbox 1120 4327 1252 4380; x_wconf 81' lang='lat' dir='ltr'><strong><em>sicco</em></strong></span> <span class='ocrx_word' id='word_1_620' title='bbox 1279 4328 1514 4395; x_wconf 75' lang='lat' dir='ltr'><strong><em>flumina.</em></strong></span> <span class='ocrx_word' id='word_1_621' title='bbox 1548 4326 1804 4392; x_wconf 87' lang='lat' dir='ltr'><strong><em>Quoniam</em></strong></span> <span class='ocrx_word' id='word_1_622' title='bbox 1830 4348 2023 4388; x_wconf 89' lang='lat' dir='ltr'><strong><em>memor</em></strong></span> <span class='ocrx_word' id='word_1_623' title='bbox 2047 4337 2145 4406; x_wconf 78' lang='lat' dir='ltr'><strong><em>fuit</em></strong></span> 
     </span>
    </p>
   </div>
   <div class='ocr_carea' id='block_1_76' title="bbox 568 4413 2140 4495">
    <p class='ocr_par' dir='ltr' id='par_1_76' title="bbox 568 4413 2140 4495">
     <span class='ocr_line' id='line_1_76' title="bbox 568 4413 2140 4495; baseline 0.011 -29"><span class='ocrx_word' id='word_1_624' title='bbox 568 4413 702 4467; x_wconf 85' lang='lat' dir='ltr'><strong><em>verbi</em></strong></span> <span class='ocrx_word' id='word_1_625' title='bbox 723 4417 890 4469; x_wconf 89' lang='lat' dir='ltr'><strong><em>sancti</em></strong></span> <span class='ocrx_word' id='word_1_626' title='bbox 910 4416 1009 4480; x_wconf 89' lang='lat' dir='ltr'><strong><em>sui,</em></strong></span> <span class='ocrx_word' id='word_1_627' title='bbox 1027 4417 1162 4488; x_wconf 88' lang='lat' dir='ltr'><strong><em>quod</em></strong></span> <span class='ocrx_word' id='word_1_628' title='bbox 1182 4419 1358 4473; x_wconf 89' lang='lat' dir='ltr'><strong><em>habuit</em></strong></span> <span class='ocrx_word' id='word_1_629' title='bbox 1376 4421 1445 4473; x_wconf 92' lang='lat' dir='ltr'><strong><em>ad</em></strong></span> <span class='ocrx_word' id='word_1_630' title='bbox 1464 4422 1722 4478; x_wconf 78' lang='lat' dir='ltr'><strong><em>Abraham</em></strong></span> <span class='ocrx_word' id='word_1_631' title='bbox 1742 4442 1953 4495; x_wconf 87' lang='lat' dir='ltr'><strong><em>puerum</em></strong></span> <span class='ocrx_word' id='word_1_632' title='bbox 1974 4443 2140 4483; x_wconf 88' lang='lat' dir='ltr'><strong><em>suum.</em></strong></span> 
     </span>
    </p>
   </div>
   <div class='ocr_carea' id='block_1_77' title="bbox 569 4501 2143 4581">
    <p class='ocr_par' dir='ltr' id='par_1_77' title="bbox 569 4501 2143 4581">
     <span class='ocr_line' id='line_1_77' title="bbox 569 4501 2143 4581; baseline 0.013 -25"><span class='ocrx_word' id='word_1_633' title='bbox 569 4501 640 4558; x_wconf 82' lang='lat' dir='ltr'><strong><em>Et</em></strong></span> <span class='ocrx_word' id='word_1_634' title='bbox 658 4506 832 4559; x_wconf 72' lang='lat' dir='ltr'><strong><em>eduxit</em></strong></span> <span class='ocrx_word' id='word_1_635' title='bbox 855 4509 1096 4577; x_wconf 89' lang='lat' dir='ltr'><strong><em>populum</em></strong></span> <span class='ocrx_word' id='word_1_636' title='bbox 1117 4527 1261 4564; x_wconf 84' lang='lat' dir='ltr'><strong><em>suum</em></strong></span> <span class='ocrx_word' id='word_1_637' title='bbox 1281 4512 1334 4565; x_wconf 91' lang='lat' dir='ltr'><strong><em>in</em></strong></span> <span class='ocrx_word' id='word_1_638' title='bbox 1356 4514 1723 4581; x_wconf 73' lang='lat' dir='ltr'><strong><em>exsultatione,</em></strong></span> <span class='ocrx_word' id='word_1_639' title='bbox 1747 4526 1795 4570; x_wconf 91' lang='lat' dir='ltr'><strong><em>et</em></strong></span> <span class='ocrx_word' id='word_1_640' title='bbox 1817 4518 2000 4574; x_wconf 86' lang='lat' dir='ltr'><strong><em>electos</em></strong></span> <span class='ocrx_word' id='word_1_641' title='bbox 2025 4538 2143 4577; x_wconf 90' lang='lat' dir='ltr'><strong><em>suos</em></strong></span> 
     </span>
    </p>
   </div>
   <div class='ocr_carea' id='block_1_78' title="bbox 568 4600 2171 4687">
    <p class='ocr_par' dir='ltr' id='par_1_78' title="bbox 568 4600 2171 4687">
     <span class='ocr_line' id='line_1_78' title="bbox 568 4600 2171 4687; baseline 0.011 -34"><span class='ocrx_word' id='word_1_642' title='bbox 568 4601 623 4653; x_wconf 83' lang='lat' dir='ltr'><strong><em>in</em></strong></span> <span class='ocrx_word' id='word_1_643' title='bbox 652 4600 848 4656; x_wconf 80' lang='lat' dir='ltr'><strong><em>ltetitia.</em></strong></span> <span class='ocrx_word' id='word_1_644' title='bbox 879 4600 948 4655; x_wconf 80' lang='lat' dir='ltr'><strong><em>Et</em></strong></span> <span class='ocrx_word' id='word_1_645' title='bbox 975 4603 1114 4657; x_wconf 88' lang='lat' dir='ltr'><strong><em>dedit</em></strong></span> <span class='ocrx_word' id='word_1_646' title='bbox 1140 4605 1245 4659; x_wconf 90' lang='lat' dir='ltr'><strong><em>illis</em></strong></span> <span class='ocrx_word' id='word_1_647' title='bbox 1286 4608 1519 4677; x_wconf 88' lang='lat' dir='ltr'><strong><em>regiones</em></strong></span> <span class='ocrx_word' id='word_1_648' title='bbox 1562 4610 1817 4681; x_wconf 89' lang='lat' dir='ltr'><strong><em>gentium,</em></strong></span> <span class='ocrx_word' id='word_1_649' title='bbox 1860 4623 1910 4666; x_wconf 89' lang='lat' dir='ltr'><strong><em>et</em></strong></span> <span class='ocrx_word' id='word_1_650' title='bbox 1948 4613 2171 4687; x_wconf 14' lang='lat' dir='ltr'><strong><em>labores,</em></strong></span> 
     </span>
    </p>
   </div>
   <div class='ocr_carea' id='block_1_79' title="bbox 571 4692 2146 4776">
    <p class='ocr_par' dir='ltr' id='par_1_79' title="bbox 571 4692 2146 4776">
     <span class='ocr_line' id='line_1_79' title="bbox 571 4692 2146 4776; baseline 0.011 -31"><span class='ocrx_word' id='word_1_651' title='bbox 571 4694 869 4763; x_wconf 80' lang='lat' dir='ltr'><strong><em>populorum</em></strong></span> <span class='ocrx_word' id='word_1_652' title='bbox 905 4695 1256 4766; x_wconf 87' lang='lat' dir='ltr'><strong><em>possederunt.</em></strong></span> <span class='ocrx_word' id='word_1_653' title='bbox 1292 4695 1390 4752; x_wconf 87' lang='lat' dir='ltr'><strong><em>Ubi</em></strong></span> <span class='ocrx_word' id='word_1_654' title='bbox 1430 4692 1721 4756; x_wconf 73' lang='lat' dir='ltr'><strong><em>custodiant</em></strong></span> <span class='ocrx_word' id='word_1_655' title='bbox 1748 4704 2146 4776; x_wconf 79' lang='lat' dir='ltr'><strong><em>justiﬁrationes</em></strong></span> 
     </span>
    </p>
   </div>
   <div class='ocr_carea' id='block_1_80' title="bbox 571 4784 1408 4862">
    <p class='ocr_par' dir='ltr' id='par_1_80' title="bbox 571 4784 1408 4862">
     <span class='ocr_line' id='line_1_80' title="bbox 571 4784 1408 4862; baseline 0.011 -27"><span class='ocrx_word' id='word_1_656' title='bbox 571 4784 699 4854; x_wconf 86' lang='lat' dir='ltr'><strong><em>ejus,</em></strong></span> <span class='ocrx_word' id='word_1_657' title='bbox 730 4796 778 4840; x_wconf 93' lang='lat' dir='ltr'><strong><em>et</em></strong></span> <span class='ocrx_word' id='word_1_658' title='bbox 805 4788 962 4857; x_wconf 88' lang='lat' dir='ltr'><strong><em>legem</em></strong></span> <span class='ocrx_word' id='word_1_659' title='bbox 986 4789 1098 4860; x_wconf 86' lang='lat' dir='ltr'><strong><em>ejus</em></strong></span> <span class='ocrx_word' id='word_1_660' title='bbox 1127 4792 1408 4862; x_wconf 88' lang='lat' dir='ltr'><strong><em>requirant.</em></strong></span> 
     </span>
    </p>
   </div>
   <div class='ocr_carea' id='block_1_81' title="bbox 1140 4938 1572 4981">
    <p class='ocr_par' dir='ltr' id='par_1_81' title="bbox 1140 4938 1572 4981">
     <span class='ocr_line' id='line_1_81' title="bbox 1140 4938 1572 4981; baseline 0.007 -3"><span class='ocrx_word' id='word_1_661' title='bbox 1140 4938 1572 4981; x_wconf 73' lang='lat' dir='ltr'><strong><em>COIIEN’I‘ARIUI.</em></strong></span> 
     </span>
    </p>
   </div>
   <div class='ocr_carea' id='block_1_82' title="bbox 645 5051 2142 5133">
    <p class='ocr_par' dir='ltr' id='par_1_82' title="bbox 645 5051 2142 5133">
     <span class='ocr_line' id='line_1_82' title="bbox 645 5051 2142 5133; baseline 0.009 -27"><span class='ocrx_word' id='word_1_662' title='bbox 645 5051 867 5108; x_wconf 85' lang='lat' dir='ltr'><strong><em>Alleluia</em></strong></span> <span class='ocrx_word' id='word_1_663' title='bbox 906 5055 956 5109; x_wconf 93' lang='lat' dir='ltr'><strong><em>in</em></strong></span> <span class='ocrx_word' id='word_1_664' title='bbox 987 5056 1088 5111; x_wconf 87' lang='lat' dir='ltr'><strong><em>isto</em></strong></span> <span class='ocrx_word' id='word_1_665' title='bbox 1114 5059 1320 5127; x_wconf 88' lang='lat' dir='ltr'><strong><em>psalmo</em></strong></span> <span class='ocrx_word' id='word_1_666' title='bbox 1347 5061 1667 5132; x_wconf 85' lang='lat' dir='ltr'><strong><em>principium</em></strong></span> <span class='ocrx_word' id='word_1_667' title='bbox 1696 5063 1951 5133; x_wconf 85' lang='lat' dir='ltr'><strong><em>sumpsit,</em></strong></span> <span class='ocrx_word' id='word_1_668' title='bbox 1980 5078 2142 5133; x_wconf 89' lang='lat' dir='ltr'><strong><em>quam</em></strong></span> 
     </span>
    </p>
   </div>
   <div class='ocr_carea' id='block_1_83' title="bbox 572 5146 2138 5220">
    <p class='ocr_par' dir='ltr' id='par_1_83' title="bbox 572 5146 2138 5220">
     <span class='ocr_line' id='line_1_83' title="bbox 572 5146 2138 5220; baseline 0.006 -21"><span class='ocrx_word' id='word_1_669' title='bbox 572 5146 697 5215; x_wconf 86' lang='lat' dir='ltr'><strong><em>quia</em></strong></span> <span class='ocrx_word' id='word_1_670' title='bbox 753 5147 1169 5218; x_wconf 86' lang='lat' dir='ltr'><strong><em>interpretantur</em></strong></span> <span class='ocrx_word' id='word_1_671' title='bbox 1217 5150 1384 5219; x_wconf 82' lang='lat' dir='ltr'><strong><em>gloria</em></strong></span> <span class='ocrx_word' id='word_1_672' title='bbox 1438 5152 1548 5209; x_wconf 87' lang='lat' dir='ltr'><strong><em>Deo</em></strong></span> <span class='ocrx_word' id='word_1_673' title='bbox 1591 5155 1821 5208; x_wconf 85' lang='lat' dir='ltr'><strong><em>creatori</em></strong></span> <span class='ocrx_word' id='word_1_674' title='bbox 1869 5156 2138 5220; x_wconf 89' lang='lat' dir='ltr'><strong><em>omnium,</em></strong></span> 
     </span>
    </p>
   </div>
   <div class='ocr_carea' id='block_1_84' title="bbox 530 5236 2144 5314">
    <p class='ocr_par' dir='ltr' id='par_1_84' title="bbox 530 5236 2144 5314">
     <span class='ocr_line' id='line_1_84' title="bbox 530 5236 2144 5314; baseline 0.009 -27"><span class='ocrx_word' id='word_1_675' title='bbox 530 5278 541 5284; x_wconf 91' lang='lat'><strong><em>.</em></strong></span> <span class='ocrx_word' id='word_1_676' title='bbox 572 5247 761 5290; x_wconf 88' lang='lat' dir='ltr'><strong><em>verum</em></strong></span> <span class='ocrx_word' id='word_1_677' title='bbox 793 5236 994 5292; x_wconf 90' lang='lat' dir='ltr'><strong><em>dicunt.</em></strong></span> <span class='ocrx_word' id='word_1_678' title='bbox 1029 5237 1107 5293; x_wconf 87' lang='lat' dir='ltr'><strong><em>Ad</em></strong></span> <span class='ocrx_word' id='word_1_679' title='bbox 1135 5254 1320 5294; x_wconf 90' lang='lat' dir='ltr'><strong><em>omnes</em></strong></span> <span class='ocrx_word' id='word_1_680' title='bbox 1359 5242 1499 5295; x_wconf 89' lang='lat' dir='ltr'><strong><em>enim</em></strong></span> <span class='ocrx_word' id='word_1_681' title='bbox 1536 5246 1979 5314; x_wconf 58' lang='lat' dir='ltr'><strong><em>gentes,imperat</em></strong></span> <span class='ocrx_word' id='word_1_682' title='bbox 2009 5262 2144 5300; x_wconf 91' lang='lat' dir='ltr'><strong><em>nun-</em></strong></span> 
     </span>
    </p>
   </div>
   <div class='ocr_carea' id='block_1_85' title="bbox 572 5325 2138 5404">
    <p class='ocr_par' dir='ltr' id='par_1_85' title="bbox 572 5325 2138 5404">
     <span class='ocr_line' id='line_1_85' title="bbox 572 5325 2138 5404; baseline 0.006 -24"><span class='ocrx_word' id='word_1_683' title='bbox 572 5325 693 5381; x_wconf 87' lang='lat' dir='ltr'><strong><em>tiari</em></strong></span> <span class='ocrx_word' id='word_1_684' title='bbox 721 5327 942 5396; x_wconf 89' lang='lat' dir='ltr'><strong><em>gloriam</em></strong></span> <span class='ocrx_word' id='word_1_685' title='bbox 972 5328 1120 5397; x_wconf 90' lang='lat' dir='ltr'><strong><em>ejus,</em></strong></span> <span class='ocrx_word' id='word_1_686' title='bbox 1157 5338 1213 5385; x_wconf 88' lang='lat' dir='ltr'><strong><em>et</em></strong></span> <span class='ocrx_word' id='word_1_687' title='bbox 1240 5332 1476 5385; x_wconf 88' lang='lat' dir='ltr'><strong><em>enarrari</em></strong></span> <span class='ocrx_word' id='word_1_688' title='bbox 1507 5334 1684 5387; x_wconf 89' lang='lat' dir='ltr'><strong><em>omnia</em></strong></span> <span class='ocrx_word' id='word_1_689' title='bbox 1715 5335 1974 5388; x_wconf 86' lang='lat' dir='ltr'><strong><em>mirabilia</em></strong></span> <span class='ocrx_word' id='word_1_690' title='bbox 2004 5334 2138 5404; x_wconf 90' lang='lat' dir='ltr'><strong><em>ejus,</em></strong></span> 
     </span>
    </p>
   </div>
   <div class='ocr_carea' id='block_1_86' title="bbox 571 5419 2144 5494">
    <p class='ocr_par' dir='ltr' id='par_1_86' title="bbox 571 5419 2144 5494">
     <span class='ocr_line' id='line_1_86' title="bbox 571 5419 2144 5494; baseline 0.004 -24"><span class='ocrx_word' id='word_1_691' title='bbox 571 5419 839 5485; x_wconf 86' lang='lat' dir='ltr'><strong><em>quomodo</em></strong></span> <span class='ocrx_word' id='word_1_692' title='bbox 858 5436 924 5475; x_wconf 80' lang='lat' dir='ltr'><strong><em>ex</em></strong></span> <span class='ocrx_word' id='word_1_693' title='bbox 947 5420 1147 5488; x_wconf 84' lang='lat' dir='ltr'><strong><em>virgine</em></strong></span> <span class='ocrx_word' id='word_1_694' title='bbox 1168 5430 1341 5487; x_wconf 89' lang='lat' dir='ltr'><strong><em>natus,</em></strong></span> <span class='ocrx_word' id='word_1_695' title='bbox 1358 5422 1626 5491; x_wconf 88' lang='lat' dir='ltr'><strong><em>quomodo</em></strong></span> <span class='ocrx_word' id='word_1_696' title='bbox 1648 5424 1892 5494; x_wconf 77' lang='lat' dir='ltr'><strong><em>exemplo</em></strong></span> <span class='ocrx_word' id='word_1_697' title='bbox 1905 5433 1960 5479; x_wconf 94' lang='lat' dir='ltr'><strong><em>et</em></strong></span> <span class='ocrx_word' id='word_1_698' title='bbox 1981 5425 2144 5478; x_wconf 84' lang='lat' dir='ltr'><strong><em>verbo</em></strong></span> 
     </span>
    </p>
   </div>
   <div class='ocr_carea' id='block_1_87' title="bbox 572 5506 2145 5581">
    <p class='ocr_par' dir='ltr' id='par_1_87' title="bbox 572 5506 2145 5581">
     <span class='ocr_line' id='line_1_87' title="bbox 572 5506 2145 5581; baseline 0.004 -20"><span class='ocrx_word' id='word_1_699' title='bbox 572 5506 774 5570; x_wconf 85' lang='lat' dir='ltr'><strong><em>docuit,</em></strong></span> <span class='ocrx_word' id='word_1_700' title='bbox 793 5512 1061 5578; x_wconf 87' lang='lat' dir='ltr'><strong><em>quomodo</em></strong></span> <span class='ocrx_word' id='word_1_701' title='bbox 1080 5513 1305 5567; x_wconf 90' lang='lat' dir='ltr'><strong><em>virtutes</em></strong></span> <span class='ocrx_word' id='word_1_702' title='bbox 1328 5514 1589 5578; x_wconf 79' lang='lat' dir='ltr'><strong><em>exercuit,</em></strong></span> <span class='ocrx_word' id='word_1_703' title='bbox 1609 5512 1879 5581; x_wconf 86' lang='lat' dir='ltr'><strong><em>quomodo</em></strong></span> <span class='ocrx_word' id='word_1_704' title='bbox 1906 5514 1957 5567; x_wconf 89' lang='lat' dir='ltr'><strong><em>in</em></strong></span> <span class='ocrx_word' id='word_1_705' title='bbox 1986 5528 2145 5569; x_wconf 89' lang='lat' dir='ltr'><strong><em>cruce</em></strong></span> 
     </span>
    </p>
   </div>
   <div class='ocr_carea' id='block_1_88' title="bbox 575 5598 2145 5673">
    <p class='ocr_par' dir='ltr' id='par_1_88' title="bbox 575 5598 2145 5673">
     <span class='ocr_line' id='line_1_88' title="bbox 575 5598 2145 5673; baseline 0.004 -24"><span class='ocrx_word' id='word_1_706' title='bbox 575 5598 843 5666; x_wconf 87' lang='lat' dir='ltr'><strong><em>pependit,</em></strong></span> <span class='ocrx_word' id='word_1_707' title='bbox 873 5602 1142 5669; x_wconf 89' lang='lat' dir='ltr'><strong><em>quomodo</em></strong></span> <span class='ocrx_word' id='word_1_708' title='bbox 1165 5613 1428 5666; x_wconf 90' lang='lat' dir='ltr'><strong><em>mortuus,</em></strong></span> <span class='ocrx_word' id='word_1_709' title='bbox 1460 5603 1719 5673; x_wconf 89' lang='lat' dir='ltr'><strong><em>sepultus,</em></strong></span> <span class='ocrx_word' id='word_1_710' title='bbox 1752 5604 2062 5669; x_wconf 76' lang='lat' dir='ltr'><strong><em>resurrexit,</em></strong></span> <span class='ocrx_word' id='word_1_711' title='bbox 2090 5611 2145 5658; x_wconf 91' lang='lat' dir='ltr'><strong><em>et</em></strong></span> 
     </span>
    </p>
   </div>
   <div class='ocr_carea' id='block_1_89' title="bbox 577 5695 2144 5783">
    <p class='ocr_par' dir='ltr' id='par_1_89' title="bbox 577 5695 2144 5783">
     <span class='ocr_line' id='line_1_89' title="bbox 577 5695 2144 5783; baseline 0.003 -40"><span class='ocrx_word' id='word_1_712' title='bbox 577 5700 644 5743; x_wconf 85' lang='lat' dir='ltr'><strong><em>ea</em></strong></span> <span class='ocrx_word' id='word_1_713' title='bbox 670 5706 788 5759; x_wconf 81' lang='lat' dir='ltr'><strong><em>quae</em></strong></span> <span class='ocrx_word' id='word_1_714' title='bbox 814 5702 937 5748; x_wconf 89' lang='lat' dir='ltr'><strong><em>ante</em></strong></span> <span class='ocrx_word' id='word_1_715' title='bbox 962 5697 1263 5764; x_wconf 87' lang='lat' dir='ltr'><strong><em>passionem</em></strong></span> <span class='ocrx_word' id='word_1_716' title='bbox 1291 5697 1504 5759; x_wconf 88' lang='lat' dir='ltr'><strong><em>docuit,</em></strong></span> <span class='ocrx_word' id='word_1_717' title='bbox 1546 5702 1670 5783; x_wconf 72' lang='lat' dir='ltr'><strong><em>post</em></strong></span> <span class='ocrx_word' id='word_1_718' title='bbox 1693 5695 2144 5753; x_wconf 87' lang='lat' dir='ltr'><strong><em>resurrectionem</em></strong></span> 
     </span>
    </p>
   </div>
   <div class='ocr_carea' id='block_1_90' title="bbox 578 5770 2181 5858">
    <p class='ocr_par' dir='ltr' id='par_1_90' title="bbox 578 5770 2181 5858">
     <span class='ocr_line' id='line_1_90' title="bbox 578 5770 2181 5858; baseline 0.004 -22"><span class='ocrx_word' id='word_1_719' title='bbox 578 5770 732 5840; x_wconf 66' lang='lat' dir='ltr'><strong><em>suam</em></strong></span> <span class='ocrx_word' id='word_1_720' title='bbox 760 5781 947 5837; x_wconf 85' lang='lat' dir='ltr'><strong><em>iterum</em></strong></span> <span class='ocrx_word' id='word_1_721' title='bbox 975 5785 1337 5854; x_wconf 78' lang='lat' dir='ltr'><strong><em>continuavit,</em></strong></span> <span class='ocrx_word' id='word_1_722' title='bbox 1369 5770 1642 5858; x_wconf 75' lang='lat' dir='ltr'><strong><em>quomodo</em></strong></span> <span class='ocrx_word' id='word_1_723' title='bbox 1682 5785 1922 5842; x_wconf 87' lang='lat' dir='ltr'><strong><em>ascendit</em></strong></span> <span class='ocrx_word' id='word_1_724' title='bbox 1950 5785 2002 5842; x_wconf 91' lang='lat' dir='ltr'><strong><em>in</em></strong></span> <span class='ocrx_word' id='word_1_725' title='bbox 2030 5800 2141 5843; x_wconf 78' lang='lat' dir='ltr'><strong><em>cm-</em></strong></span> <span class='ocrx_word' id='word_1_726' title='bbox 2176 5794 2181 5799; x_wconf 91' lang='lat'>&#39;</span> 
     </span>
    </p>
   </div>
   <div class='ocr_carea' id='block_1_91' title="bbox 1772 5937 1847 5949">
    <p class='ocr_par' dir='ltr' id='par_1_91' title="bbox 1772 5937 1847 5949">
     <span class='ocr_line' id='line_1_91' title="bbox 1772 5937 1847 5949; baseline -0.013 0"><span class='ocrx_word' id='word_1_727' title='bbox 1772 5937 1847 5949; x_wconf 67' lang='grc'><strong><em>-.-</em></strong></span> 
     </span>
    </p>
   </div>
   <div class='ocr_carea' id='block_1_92' title="bbox 2245 3311 3800 3389">
    <p class='ocr_par' dir='ltr' id='par_1_92' title="bbox 2245 3311 3800 3389">
     <span class='ocr_line' id='line_1_92' title="bbox 2245 3311 3800 3389; baseline 0.001 -23"><span class='ocrx_word' id='word_1_728' title='bbox 2245 3311 2453 3367; x_wconf 84' lang='lat' dir='ltr'><strong><em>manias</em></strong></span> <span class='ocrx_word' id='word_1_729' title='bbox 2477 3312 2866 3378; x_wconf 85' lang='lat' dir='ltr'><strong><em>collocaverat,</em></strong></span> <span class='ocrx_word' id='word_1_730' title='bbox 2899 3328 3038 3368; x_wconf 91' lang='lat' dir='ltr'><strong><em>nunc</em></strong></span> <span class='ocrx_word' id='word_1_731' title='bbox 3064 3313 3205 3378; x_wconf 88' lang='lat' dir='ltr'><strong><em>vult,</em></strong></span> <span class='ocrx_word' id='word_1_732' title='bbox 3238 3322 3296 3369; x_wconf 91' lang='lat' dir='ltr'><strong><em>ut</em></strong></span> <span class='ocrx_word' id='word_1_733' title='bbox 3321 3314 3375 3369; x_wconf 93' lang='lat' dir='ltr'><strong><em>in</em></strong></span> <span class='ocrx_word' id='word_1_734' title='bbox 3405 3314 3643 3370; x_wconf 87' lang='lat' dir='ltr'><strong><em>universa</em></strong></span> <span class='ocrx_word' id='word_1_735' title='bbox 3664 3322 3800 3389; x_wconf 84' lang='lat' dir='ltr'><strong><em>terra</em></strong></span> 
     </span>
    </p>
   </div>
   <div class='ocr_carea' id='block_1_93' title="bbox 2243 3402 3801 3481">
    <p class='ocr_par' dir='ltr' id='par_1_93' title="bbox 2243 3402 3801 3481">
     <span class='ocr_line' id='line_1_93' title="bbox 2243 3402 3801 3481; baseline 0.002 -24"><span class='ocrx_word' id='word_1_736' title='bbox 2243 3402 2353 3457; x_wconf 88' lang='lat' dir='ltr'><strong><em>sint</em></strong></span> <span class='ocrx_word' id='word_1_737' title='bbox 2374 3402 2571 3471; x_wconf 90' lang='lat' dir='ltr'><strong><em>judicia</em></strong></span> <span class='ocrx_word' id='word_1_738' title='bbox 2599 3403 2732 3471; x_wconf 91' lang='lat' dir='ltr'><strong><em>ejus.</em></strong></span> <span class='ocrx_word' id='word_1_739' title='bbox 2765 3402 2901 3469; x_wconf 87' lang='lat' dir='ltr'><strong><em>Quid</em></strong></span> <span class='ocrx_word' id='word_1_740' title='bbox 2938 3420 3079 3459; x_wconf 91' lang='lat' dir='ltr'><strong><em>nunc</em></strong></span> <span class='ocrx_word' id='word_1_741' title='bbox 3103 3405 3292 3481; x_wconf 84' lang='lat' dir='ltr'><strong><em>vultis,</em></strong></span> <span class='ocrx_word' id='word_1_742' title='bbox 3335 3404 3533 3460; x_wconf 67' lang='lat' dir='ltr'><strong><em>iudici?</em></strong></span> <span class='ocrx_word' id='word_1_743' title='bbox 3560 3405 3737 3468; x_wconf 89' lang='lat' dir='ltr'><strong><em>Dicite,</em></strong></span> <span class='ocrx_word' id='word_1_744' title='bbox 3760 3402 3801 3460; x_wconf 85' lang='lat' dir='ltr'><strong><em>si</em></strong></span> 
     </span>
    </p>
   </div>
   <div class='ocr_carea' id='block_1_94' title="bbox 2244 3494 3797 3563">
    <p class='ocr_par' dir='ltr' id='par_1_94' title="bbox 2244 3494 3797 3563">
     <span class='ocr_line' id='line_1_94' title="bbox 2244 3494 3797 3563; baseline -0.002 -13"><span class='ocrx_word' id='word_1_745' title='bbox 2244 3494 2435 3560; x_wconf 87' lang='lat' dir='ltr'><strong><em>vultis;</em></strong></span> <span class='ocrx_word' id='word_1_746' title='bbox 2487 3495 2756 3563; x_wconf 88' lang='lat' dir='ltr'><strong><em>arguimus</em></strong></span> <span class='ocrx_word' id='word_1_747' title='bbox 2799 3511 2896 3551; x_wconf 88' lang='lat' dir='ltr'><strong><em>vos</em></strong></span> <span class='ocrx_word' id='word_1_748' title='bbox 2943 3505 3256 3561; x_wconf 90' lang='lat' dir='ltr'><strong><em>noscentes,</em></strong></span> <span class='ocrx_word' id='word_1_749' title='bbox 3288 3504 3344 3551; x_wconf 89' lang='lat' dir='ltr'><strong><em>et</em></strong></span> <span class='ocrx_word' id='word_1_750' title='bbox 3375 3497 3588 3552; x_wconf 88' lang='lat' dir='ltr'><strong><em>dicimus</em></strong></span> <span class='ocrx_word' id='word_1_751' title='bbox 3611 3494 3797 3549; x_wconf 87' lang='lat' dir='ltr'><strong><em>vobis:</em></strong></span> 
     </span>
    </p>
   </div>
   <div class='ocr_carea' id='block_1_95' title="bbox 2246 3582 3792 3656">
    <p class='ocr_par' dir='ltr' id='par_1_95' title="bbox 2246 3582 3792 3656">
     <span class='ocr_line' id='line_1_95' title="bbox 2246 3582 3792 3656; baseline -0.004 -16"><span class='ocrx_word' id='word_1_752' title='bbox 2246 3583 2428 3640; x_wconf 89' lang='lat' dir='ltr'><strong><em>Falsas</em></strong></span> <span class='ocrx_word' id='word_1_753' title='bbox 2455 3585 2664 3640; x_wconf 83' lang='lat' dir='ltr'><strong><em>habetis</em></strong></span> <span class='ocrx_word' id='word_1_754' title='bbox 2703 3585 3011 3656; x_wconf 88' lang='lat' dir='ltr'><strong><em>scripturas.</em></strong></span> <span class='ocrx_word' id='word_1_755' title='bbox 3038 3585 3095 3641; x_wconf 91' lang='lat' dir='ltr'><strong><em>Si</em></strong></span> <span class='ocrx_word' id='word_1_756' title='bbox 3126 3601 3250 3642; x_wconf 89' lang='lat' dir='ltr'><strong><em>vere</em></strong></span> <span class='ocrx_word' id='word_1_757' title='bbox 3277 3586 3411 3641; x_wconf 85' lang='lat' dir='ltr'><strong><em>Deus</em></strong></span> <span class='ocrx_word' id='word_1_758' title='bbox 3435 3592 3542 3639; x_wconf 86' lang='lat' dir='ltr'><strong><em>erat</em></strong></span> <span class='ocrx_word' id='word_1_759' title='bbox 3565 3582 3652 3651; x_wconf 87' lang='lat' dir='ltr'><strong><em>qui</em></strong></span> <span class='ocrx_word' id='word_1_760' title='bbox 3676 3596 3792 3635; x_wconf 90' lang='lat' dir='ltr'><strong><em>cum</em></strong></span> 
     </span>
    </p>
   </div>
   <div class='ocr_carea' id='block_1_96' title="bbox 2245 3674 3787 3748">
    <p class='ocr_par' dir='ltr' id='par_1_96' title="bbox 2245 3674 3787 3748">
     <span class='ocr_line' id='line_1_96' title="bbox 2245 3674 3787 3748; baseline -0.003 -17"><span class='ocrx_word' id='word_1_761' title='bbox 2245 3677 2515 3733; x_wconf 79' lang='lat' dir='ltr'><strong><em>Abraham</em></strong></span> <span class='ocrx_word' id='word_1_762' title='bbox 2545 3678 2753 3733; x_wconf 90' lang='lat' dir='ltr'><strong><em>locutus</em></strong></span> <span class='ocrx_word' id='word_1_763' title='bbox 2780 3686 2880 3740; x_wconf 89' lang='lat' dir='ltr'><strong><em>est,</em></strong></span> <span class='ocrx_word' id='word_1_764' title='bbox 2903 3693 2998 3733; x_wconf 89' lang='lat' dir='ltr'><strong><em>cur</em></strong></span> <span class='ocrx_word' id='word_1_765' title='bbox 3019 3678 3164 3747; x_wconf 91' lang='lat' dir='ltr'><strong><em>quod</em></strong></span> <span class='ocrx_word' id='word_1_766' title='bbox 3193 3676 3423 3748; x_wconf 86' lang='lat' dir='ltr'><strong><em>promisit</em></strong></span> <span class='ocrx_word' id='word_1_767' title='bbox 3443 3674 3649 3740; x_wconf 85' lang='lat' dir='ltr'><strong><em>implere</em></strong></span> <span class='ocrx_word' id='word_1_768' title='bbox 3684 3686 3787 3727; x_wconf 80' lang='lat' dir='ltr'><strong><em>non</em></strong></span> 
     </span>
    </p>
   </div>
   <div class='ocr_carea' id='block_1_97' title="bbox 2245 3763 3790 3838">
    <p class='ocr_par' dir='ltr' id='par_1_97' title="bbox 2245 3763 3790 3838">
     <span class='ocr_line' id='line_1_97' title="bbox 2245 3763 3790 3838; baseline -0.004 -16"><span class='ocrx_word' id='word_1_769' title='bbox 2245 3767 2456 3838; x_wconf 79' lang='lat' dir='ltr'><strong><em>potuit?</em></strong></span> <span class='ocrx_word' id='word_1_770' title='bbox 2484 3767 2539 3823; x_wconf 91' lang='lat' dir='ltr'><strong><em>Si</em></strong></span> <span class='ocrx_word' id='word_1_771' title='bbox 2581 3782 2687 3822; x_wconf 92' lang='lat' dir='ltr'><strong><em>non</em></strong></span> <span class='ocrx_word' id='word_1_772' title='bbox 2716 3768 2908 3837; x_wconf 88' lang='lat' dir='ltr'><strong><em>potuit,</em></strong></span> <span class='ocrx_word' id='word_1_773' title='bbox 2932 3768 3277 3838; x_wconf 84' lang='lat' dir='ltr'><strong><em>omnipotens</em></strong></span> <span class='ocrx_word' id='word_1_774' title='bbox 3312 3783 3414 3822; x_wconf 90' lang='lat' dir='ltr'><strong><em>non</em></strong></span> <span class='ocrx_word' id='word_1_775' title='bbox 3431 3773 3535 3830; x_wconf 83' lang='lat' dir='ltr'><strong><em>est;</em></strong></span> <span class='ocrx_word' id='word_1_776' title='bbox 3561 3764 3608 3819; x_wconf 87' lang='lat' dir='ltr'><strong><em>si</em></strong></span> <span class='ocrx_word' id='word_1_777' title='bbox 3622 3763 3790 3834; x_wconf 85' lang='lat' dir='ltr'><strong><em>potuit</em></strong></span> 
     </span>
    </p>
   </div>
   <div class='ocr_carea' id='block_1_98' title="bbox 2248 3852 3804 3923">
    <p class='ocr_par' dir='ltr' id='par_1_98' title="bbox 2248 3852 3804 3923">
     <span class='ocr_line' id='line_1_98' title="bbox 2248 3852 3804 3923; baseline -0.003 -10"><span class='ocrx_word' id='word_1_778' title='bbox 2248 3866 2303 3914; x_wconf 90' lang='lat' dir='ltr'><strong><em>et</em></strong></span> <span class='ocrx_word' id='word_1_779' title='bbox 2330 3858 2532 3923; x_wconf 91' lang='lat' dir='ltr'><strong><em>noluit,</em></strong></span> <span class='ocrx_word' id='word_1_780' title='bbox 2564 3858 2819 3912; x_wconf 89' lang='lat' dir='ltr'><strong><em>mentitus</em></strong></span> <span class='ocrx_word' id='word_1_781' title='bbox 2845 3866 2944 3913; x_wconf 90' lang='lat' dir='ltr'><strong><em>est.</em></strong></span> <span class='ocrx_word' id='word_1_782' title='bbox 2979 3856 3061 3913; x_wconf 90' lang='lat' dir='ltr'><strong><em>Ad</em></strong></span> <span class='ocrx_word' id='word_1_783' title='bbox 3090 3859 3203 3914; x_wconf 71' lang='lat' dir='ltr'><strong><em>htec</em></strong></span> <span class='ocrx_word' id='word_1_784' title='bbox 3234 3856 3429 3914; x_wconf 89' lang='lat' dir='ltr'><strong><em>Paulus</em></strong></span> <span class='ocrx_word' id='word_1_785' title='bbox 3463 3856 3676 3920; x_wconf 86' lang='lat' dir='ltr'><strong><em>clamat,</em></strong></span> <span class='ocrx_word' id='word_1_786' title='bbox 3700 3852 3804 3909; x_wconf 77' lang='lat' dir='ltr'><strong><em>lle-</em></strong></span> 
     </span>
    </p>
   </div>
   <div class='ocr_carea' id='block_1_99' title="bbox 2246 3945 3802 4019">
    <p class='ocr_par' dir='ltr' id='par_1_99' title="bbox 2246 3945 3802 4019">
     <span class='ocr_line' id='line_1_99' title="bbox 2246 3945 3802 4019; baseline -0.004 -15"><span class='ocrx_word' id='word_1_787' title='bbox 2246 3949 2419 4004; x_wconf 67' lang='lat' dir='ltr'><strong><em>bi&#39;aaus</em></strong></span> <span class='ocrx_word' id='word_1_788' title='bbox 2448 3964 2514 4004; x_wconf 79' lang='lat' dir='ltr'><strong><em>ex</em></strong></span> <span class='ocrx_word' id='word_1_789' title='bbox 2560 3947 2826 4013; x_wconf 66' lang='lat' dir='ltr'><strong><em>Hebraeis,</em></strong></span> <span class='ocrx_word' id='word_1_790' title='bbox 2874 3949 3204 4019; x_wconf 87' lang='lat' dir='ltr'><strong><em>impossibile</em></strong></span> <span class='ocrx_word' id='word_1_791' title='bbox 3246 3959 3331 4005; x_wconf 90' lang='lat' dir='ltr'><strong><em>est</em></strong></span> <span class='ocrx_word' id='word_1_792' title='bbox 3378 3948 3586 4004; x_wconf 88' lang='lat' dir='ltr'><strong><em>mentiri</em></strong></span> <span class='ocrx_word' id='word_1_793' title='bbox 3625 3945 3802 4001; x_wconf 87' lang='lat' dir='ltr'><strong><em>Deum.</em></strong></span> 
     </span>
    </p>
   </div>
   <div class='ocr_carea' id='block_1_100' title="bbox 2247 4040 3809 4113">
    <p class='ocr_par' dir='ltr' id='par_1_100' title="bbox 2247 4040 3809 4113">
     <span class='ocr_line' id='line_1_100' title="bbox 2247 4040 3809 4113; baseline -0.001 -18"><span class='ocrx_word' id='word_1_794' title='bbox 2247 4041 2447 4097; x_wconf 87' lang='lat' dir='ltr'><strong><em>Docete</em></strong></span> <span class='ocrx_word' id='word_1_795' title='bbox 2485 4055 2613 4109; x_wconf 87' lang='lat' dir='ltr'><strong><em>ergo</em></strong></span> <span class='ocrx_word' id='word_1_796' title='bbox 2642 4040 2918 4110; x_wconf 90' lang='lat' dir='ltr'><strong><em>impletum</em></strong></span> <span class='ocrx_word' id='word_1_797' title='bbox 2942 4042 3086 4111; x_wconf 91' lang='lat' dir='ltr'><strong><em>quod</em></strong></span> <span class='ocrx_word' id='word_1_798' title='bbox 3108 4041 3311 4111; x_wconf 87' lang='lat' dir='ltr'><strong><em>juravit</em></strong></span> <span class='ocrx_word' id='word_1_799' title='bbox 3336 4041 3478 4098; x_wconf 93' lang='lat' dir='ltr'><strong><em>Deus</em></strong></span> <span class='ocrx_word' id='word_1_800' title='bbox 3504 4057 3598 4113; x_wconf 90' lang='lat' dir='ltr'><strong><em>per</em></strong></span> <span class='ocrx_word' id='word_1_801' title='bbox 3621 4048 3809 4096; x_wconf 87' lang='lat' dir='ltr'><strong><em>semct-</em></strong></span> 
     </span>
    </p>
   </div>
   <div class='ocr_carea' id='block_1_101' title="bbox 2247 4130 3812 4202">
    <p class='ocr_par' dir='ltr' id='par_1_101' title="bbox 2247 4130 3812 4202">
     <span class='ocr_line' id='line_1_101' title="bbox 2247 4130 3812 4202; baseline -0.001 -16"><span class='ocrx_word' id='word_1_802' title='bbox 2247 4133 2451 4202; x_wconf 91' lang='lat' dir='ltr'><strong><em>ipsum,</em></strong></span> <span class='ocrx_word' id='word_1_803' title='bbox 2501 4130 2685 4188; x_wconf 91' lang='lat' dir='ltr'><strong><em>dicens</em></strong></span> <span class='ocrx_word' id='word_1_804' title='bbox 2729 4150 2742 4185; x_wconf 90' lang='lat'><strong>:</strong></span> <span class='ocrx_word' id='word_1_805' title='bbox 2784 4131 2840 4186; x_wconf 89' lang='lat' dir='ltr'><strong><em>In</em></strong></span> <span class='ocrx_word' id='word_1_806' title='bbox 2886 4132 3090 4188; x_wconf 88' lang='lat' dir='ltr'><strong><em>semine</em></strong></span> <span class='ocrx_word' id='word_1_807' title='bbox 3135 4139 3230 4189; x_wconf 91' lang='lat' dir='ltr'><strong><em>tuo</em></strong></span> <span class='ocrx_word' id='word_1_808' title='bbox 3278 4133 3602 4189; x_wconf 83' lang='lat' dir='ltr'><strong><em>bacreditabo</em></strong></span> <span class='ocrx_word' id='word_1_809' title='bbox 3640 4145 3812 4187; x_wconf 86' lang='lat' dir='ltr'><strong><em>omnes</em></strong></span> 
     </span>
    </p>
   </div>
   <div class='ocr_carea' id='block_1_102' title="bbox 2244 4222 3813 4293">
    <p class='ocr_par' dir='ltr' id='par_1_102' title="bbox 2244 4222 3813 4293">
     <span class='ocr_line' id='line_1_102' title="bbox 2244 4222 3813 4293; baseline 0 -16"><span class='ocrx_word' id='word_1_810' title='bbox 2244 4231 2450 4290; x_wconf 90' lang='lat' dir='ltr'><strong><em>gentes,</em></strong></span> <span class='ocrx_word' id='word_1_811' title='bbox 2480 4222 2623 4293; x_wconf 89' lang='lat' dir='ltr'><strong><em>quod</em></strong></span> <span class='ocrx_word' id='word_1_812' title='bbox 2650 4222 2913 4293; x_wconf 91' lang='lat' dir='ltr'><strong><em>disposuit</em></strong></span> <span class='ocrx_word' id='word_1_813' title='bbox 2940 4222 3007 4278; x_wconf 90' lang='lat' dir='ltr'><strong><em>ad</em></strong></span> <span class='ocrx_word' id='word_1_814' title='bbox 3034 4223 3323 4292; x_wconf 80' lang='lat' dir='ltr'><strong><em>Abraham,</em></strong></span> <span class='ocrx_word' id='word_1_815' title='bbox 3354 4232 3409 4279; x_wconf 91' lang='lat' dir='ltr'><strong><em>et</em></strong></span> <span class='ocrx_word' id='word_1_816' title='bbox 3431 4223 3719 4293; x_wconf 89' lang='lat' dir='ltr'><strong><em>juramenti</em></strong></span> <span class='ocrx_word' id='word_1_817' title='bbox 3741 4222 3813 4277; x_wconf 84' lang='lat' dir='ltr'><strong><em>sui</em></strong></span> 
     </span>
    </p>
   </div>
   <div class='ocr_carea' id='block_1_103' title="bbox 2246 4312 3810 4386">
    <p class='ocr_par' dir='ltr' id='par_1_103' title="bbox 2246 4312 3810 4386">
     <span class='ocr_line' id='line_1_103' title="bbox 2246 4312 3810 4386; baseline 0.001 -19"><span class='ocrx_word' id='word_1_818' title='bbox 2246 4313 2313 4367; x_wconf 90' lang='lat' dir='ltr'><strong><em>ad</em></strong></span> <span class='ocrx_word' id='word_1_819' title='bbox 2341 4313 2515 4379; x_wconf 86' lang='lat' dir='ltr'><strong><em>Isaac,</em></strong></span> <span class='ocrx_word' id='word_1_820' title='bbox 2545 4315 2731 4369; x_wconf 90' lang='lat' dir='ltr'><strong><em>statuit</em></strong></span> <span class='ocrx_word' id='word_1_821' title='bbox 2759 4314 2887 4370; x_wconf 90' lang='lat' dir='ltr'><strong><em>illud</em></strong></span> <span class='ocrx_word' id='word_1_822' title='bbox 2914 4312 3081 4370; x_wconf 74' lang='lat' dir='ltr'><strong><em>Iacob</em></strong></span> <span class='ocrx_word' id='word_1_823' title='bbox 3125 4315 3179 4370; x_wconf 91' lang='lat' dir='ltr'><strong><em>in</em></strong></span> <span class='ocrx_word' id='word_1_824' title='bbox 3226 4323 3563 4386; x_wconf 62' lang='lat' dir='ltr'><strong><em>praeceptum</em></strong></span> <span class='ocrx_word' id='word_1_825' title='bbox 3590 4326 3646 4371; x_wconf 90' lang='lat' dir='ltr'><strong><em>et</em></strong></span> <span class='ocrx_word' id='word_1_826' title='bbox 3668 4314 3810 4370; x_wconf 83' lang='lat' dir='ltr'><strong><em>Israel</em></strong></span> 
     </span>
    </p>
   </div>
   <div class='ocr_carea' id='block_1_104' title="bbox 2246 4404 3810 4477">
    <p class='ocr_par' dir='ltr' id='par_1_104' title="bbox 2246 4404 3810 4477">
     <span class='ocr_line' id='line_1_104' title="bbox 2246 4404 3810 4477; baseline 0.001 -20"><span class='ocrx_word' id='word_1_827' title='bbox 2246 4404 2300 4457; x_wconf 91' lang='lat' dir='ltr'><strong><em>in</em></strong></span> <span class='ocrx_word' id='word_1_828' title='bbox 2328 4412 2706 4459; x_wconf 88' lang='lat' dir='ltr'><strong><em>testamentum</em></strong></span> <span class='ocrx_word' id='word_1_829' title='bbox 2734 4413 3028 4474; x_wconf 73' lang='lat' dir='ltr'><strong><em>mternum,</em></strong></span> <span class='ocrx_word' id='word_1_830' title='bbox 3074 4405 3260 4462; x_wconf 90' lang='lat' dir='ltr'><strong><em>dicens</em></strong></span> <span class='ocrx_word' id='word_1_831' title='bbox 3301 4406 3397 4462; x_wconf 89' lang='lat' dir='ltr'><strong><em>tibi</em></strong></span> <span class='ocrx_word' id='word_1_832' title='bbox 3445 4408 3666 4477; x_wconf 87' lang='lat' dir='ltr'><strong><em>quidem</em></strong></span> <span class='ocrx_word' id='word_1_833' title='bbox 3689 4406 3810 4462; x_wconf 89' lang='lat' dir='ltr'><strong><em>dabo</em></strong></span> 
     </span>
    </p>
   </div>
   <div class='ocr_carea' id='block_1_105' title="bbox 2248 4494 3808 4561">
    <p class='ocr_par' dir='ltr' id='par_1_105' title="bbox 2248 4494 3808 4561">
     <span class='ocr_line' id='line_1_105' title="bbox 2248 4494 3808 4561; baseline 0 -11"><span class='ocrx_word' id='word_1_834' title='bbox 2248 4506 2447 4551; x_wconf 86' lang='lat' dir='ltr'><strong><em>terram</em></strong></span> <span class='ocrx_word' id='word_1_835' title='bbox 2488 4494 2775 4561; x_wconf 90' lang='lat' dir='ltr'><strong><em>Chanaan,</em></strong></span> <span class='ocrx_word' id='word_1_836' title='bbox 2825 4497 3117 4553; x_wconf 85' lang='lat' dir='ltr'><strong><em>funiculum</em></strong></span> <span class='ocrx_word' id='word_1_837' title='bbox 3162 4498 3493 4555; x_wconf 66' lang='lat' dir='ltr'><strong><em>beereditatis</em></strong></span> <span class='ocrx_word' id='word_1_838' title='bbox 3530 4508 3725 4555; x_wconf 64' lang='lat' dir='ltr'><strong><em>vestra.</em></strong></span> <span class='ocrx_word' id='word_1_839' title='bbox 3750 4495 3808 4550; x_wconf 83' lang='lat' dir='ltr'><strong><em>Et</em></strong></span> 
     </span>
    </p>
   </div>
   <div class='ocr_carea' id='block_1_106' title="bbox 2249 4591 3817 4661">
    <p class='ocr_par' dir='ltr' id='par_1_106' title="bbox 2249 4591 3817 4661">
     <span class='ocr_line' id='line_1_106' title="bbox 2249 4591 3817 4661; baseline 0.002 -14"><span class='ocrx_word' id='word_1_840' title='bbox 2249 4591 2463 4661; x_wconf 89' lang='lat' dir='ltr'><strong><em>quando</em></strong></span> <span class='ocrx_word' id='word_1_841' title='bbox 2492 4592 2596 4647; x_wconf 91' lang='lat' dir='ltr'><strong><em>hoc</em></strong></span> <span class='ocrx_word' id='word_1_842' title='bbox 2623 4592 2819 4649; x_wconf 79' lang='lat' dir='ltr'><strong><em>factum</em></strong></span> <span class='ocrx_word' id='word_1_843' title='bbox 2849 4597 2969 4650; x_wconf 79' lang='lat' dir='ltr'><strong><em>est?</em></strong></span> <span class='ocrx_word' id='word_1_844' title='bbox 2996 4593 3133 4651; x_wconf 89' lang='lat' dir='ltr'><strong><em>Cum</em></strong></span> <span class='ocrx_word' id='word_1_845' title='bbox 3152 4595 3327 4653; x_wconf 89' lang='lat' dir='ltr'><strong><em>adhuc</em></strong></span> <span class='ocrx_word' id='word_1_846' title='bbox 3354 4606 3545 4653; x_wconf 85' lang='lat' dir='ltr'><strong><em>essent</em></strong></span> <span class='ocrx_word' id='word_1_847' title='bbox 3572 4615 3641 4655; x_wconf 75' lang='lat' dir='ltr'><strong><em>ex</em></strong></span> <span class='ocrx_word' id='word_1_848' title='bbox 3667 4596 3817 4653; x_wconf 79' lang='lat' dir='ltr'><strong><em>Cbam</em></strong></span> 
     </span>
    </p>
   </div>
   <div class='ocr_carea' id='block_1_107' title="bbox 2249 4685 3819 4757">
    <p class='ocr_par' dir='ltr' id='par_1_107' title="bbox 2249 4685 3819 4757">
     <span class='ocr_line' id='line_1_107' title="bbox 2249 4685 3819 4757; baseline 0.001 -18"><span class='ocrx_word' id='word_1_849' title='bbox 2249 4700 2471 4741; x_wconf 91' lang='lat' dir='ltr'><strong><em>numero</em></strong></span> <span class='ocrx_word' id='word_1_850' title='bbox 2515 4685 2722 4752; x_wconf 88' lang='lat' dir='ltr'><strong><em>breves,</em></strong></span> <span class='ocrx_word' id='word_1_851' title='bbox 2771 4687 3075 4757; x_wconf 88' lang='lat' dir='ltr'><strong><em>paucissimi</em></strong></span> <span class='ocrx_word' id='word_1_852' title='bbox 3122 4696 3177 4743; x_wconf 91' lang='lat' dir='ltr'><strong><em>et</em></strong></span> <span class='ocrx_word' id='word_1_853' title='bbox 3223 4688 3414 4745; x_wconf 72' lang='lat' dir='ltr'><strong><em>incola:</em></strong></span> <span class='ocrx_word' id='word_1_854' title='bbox 3461 4690 3519 4745; x_wconf 90' lang='lat' dir='ltr'><strong><em>in</em></strong></span> <span class='ocrx_word' id='word_1_855' title='bbox 3571 4706 3657 4747; x_wconf 82' lang='lat' dir='ltr'><strong><em>ea.</em></strong></span> <span class='ocrx_word' id='word_1_856' title='bbox 3687 4688 3819 4742; x_wconf 85' lang='lat' dir='ltr'><strong><em>Tunc</em></strong></span> 
     </span>
    </p>
   </div>
   <div class='ocr_carea' id='block_1_108' title="bbox 2247 4777 3824 4853">
    <p class='ocr_par' dir='ltr' id='par_1_108' title="bbox 2247 4777 3824 4853">
     <span class='ocr_line' id='line_1_108' title="bbox 2247 4777 3824 4853; baseline 0.001 -22"><span class='ocrx_word' id='word_1_857' title='bbox 2247 4777 2668 4849; x_wconf 89' lang='lat' dir='ltr'><strong><em>pertransierunt</em></strong></span> <span class='ocrx_word' id='word_1_858' title='bbox 2693 4779 2759 4834; x_wconf 92' lang='lat' dir='ltr'><strong><em>de</em></strong></span> <span class='ocrx_word' id='word_1_859' title='bbox 2786 4788 2945 4848; x_wconf 90' lang='lat' dir='ltr'><strong><em>gente</em></strong></span> <span class='ocrx_word' id='word_1_860' title='bbox 2972 4780 3026 4835; x_wconf 93' lang='lat' dir='ltr'><strong><em>in</em></strong></span> <span class='ocrx_word' id='word_1_861' title='bbox 3053 4791 3268 4851; x_wconf 89' lang='lat' dir='ltr'><strong><em>gentem</em></strong></span> <span class='ocrx_word' id='word_1_862' title='bbox 3285 4820 3301 4846; x_wconf 93' lang='lat'><strong><em>,</em></strong></span> <span class='ocrx_word' id='word_1_863' title='bbox 3332 4780 3399 4837; x_wconf 90' lang='lat' dir='ltr'><strong><em>de</em></strong></span> <span class='ocrx_word' id='word_1_864' title='bbox 3424 4797 3602 4853; x_wconf 89' lang='lat' dir='ltr'><strong><em>regno</em></strong></span> <span class='ocrx_word' id='word_1_865' title='bbox 3628 4781 3824 4837; x_wconf 83' lang='lat' dir='ltr'><strong><em>Chana-</em></strong></span> 
     </span>
    </p>
   </div>
   <div class='ocr_carea' id='block_1_109' title="bbox 2248 4871 3823 4945">
    <p class='ocr_par' dir='ltr' id='par_1_109' title="bbox 2248 4871 3823 4945">
     <span class='ocr_line' id='line_1_109' title="bbox 2248 4871 3823 4945; baseline 0 -19"><span class='ocrx_word' id='word_1_866' title='bbox 2248 4887 2485 4927; x_wconf 64' lang='lat' dir='ltr'><strong><em>naaortun</em></strong></span> <span class='ocrx_word' id='word_1_867' title='bbox 2514 4871 2580 4926; x_wconf 90' lang='lat' dir='ltr'><strong><em>ad</em></strong></span> <span class='ocrx_word' id='word_1_868' title='bbox 2609 4872 2863 4943; x_wconf 91' lang='lat' dir='ltr'><strong><em>populum</em></strong></span> <span class='ocrx_word' id='word_1_869' title='bbox 2894 4873 3301 4945; x_wconf 64' lang='lat' dir='ltr'><strong><em>Egyptiorum,</em></strong></span> <span class='ocrx_word' id='word_1_870' title='bbox 3333 4891 3442 4930; x_wconf 92' lang='lat' dir='ltr'><strong><em>non</em></strong></span> <span class='ocrx_word' id='word_1_871' title='bbox 3488 4883 3677 4931; x_wconf 87' lang='lat' dir='ltr'><strong><em>tamen</em></strong></span> <span class='ocrx_word' id='word_1_872' title='bbox 3716 4889 3823 4944; x_wconf 80' lang='lat' dir='ltr'><strong><em>per-</em></strong></span> 
     </span>
    </p>
   </div>
   <div class='ocr_carea' id='block_1_110' title="bbox 2246 4963 3825 5036">
    <p class='ocr_par' dir='ltr' id='par_1_110' title="bbox 2246 4963 3825 5036">
     <span class='ocr_line' id='line_1_110' title="bbox 2246 4963 3825 5036; baseline 0.006 -20"><span class='ocrx_word' id='word_1_873' title='bbox 2246 4963 2391 5017; x_wconf 87' lang='lat' dir='ltr'><strong><em>misit</em></strong></span> <span class='ocrx_word' id='word_1_874' title='bbox 2411 4963 2680 5018; x_wconf 87' lang='lat' dir='ltr'><strong><em>hominem</em></strong></span> <span class='ocrx_word' id='word_1_875' title='bbox 2702 4979 2898 5019; x_wconf 89' lang='lat' dir='ltr'><strong><em>nocere</em></strong></span> <span class='ocrx_word' id='word_1_876' title='bbox 2922 4980 3036 5031; x_wconf 89' lang='lat' dir='ltr'><strong><em>eos,</em></strong></span> <span class='ocrx_word' id='word_1_877' title='bbox 3059 4974 3115 5020; x_wconf 91' lang='lat' dir='ltr'><strong><em>et</em></strong></span> <span class='ocrx_word' id='word_1_878' title='bbox 3140 4965 3401 5036; x_wconf 90' lang='lat' dir='ltr'><strong><em>corripuit</em></strong></span> <span class='ocrx_word' id='word_1_879' title='bbox 3426 4981 3532 5036; x_wconf 91' lang='lat' dir='ltr'><strong><em>pro</em></strong></span> <span class='ocrx_word' id='word_1_880' title='bbox 3555 4966 3639 5022; x_wconf 90' lang='lat' dir='ltr'><strong><em>eis</em></strong></span> <span class='ocrx_word' id='word_1_881' title='bbox 3662 4978 3825 5032; x_wconf 77' lang='lat' dir='ltr'><strong><em>reges.</em></strong></span> 
     </span>
    </p>
   </div>
   <div class='ocr_carea' id='block_1_111' title="bbox 2245 5054 3829 5125">
    <p class='ocr_par' dir='ltr' id='par_1_111' title="bbox 2245 5054 3829 5125">
     <span class='ocr_line' id='line_1_111' title="bbox 2245 5054 3829 5125; baseline 0.001 -16"><span class='ocrx_word' id='word_1_882' title='bbox 2245 5056 2384 5111; x_wconf 90' lang='lat' dir='ltr'><strong><em>sicut</em></strong></span> <span class='ocrx_word' id='word_1_883' title='bbox 2406 5054 2677 5123; x_wconf 85' lang='lat' dir='ltr'><strong><em>Amalech,</em></strong></span> <span class='ocrx_word' id='word_1_884' title='bbox 2701 5065 2755 5112; x_wconf 90' lang='lat' dir='ltr'><strong><em>et</em></strong></span> <span class='ocrx_word' id='word_1_885' title='bbox 2775 5066 3019 5121; x_wconf 76' lang='lat' dir='ltr'><strong><em>caeteros,</em></strong></span> <span class='ocrx_word' id='word_1_886' title='bbox 3043 5065 3098 5112; x_wconf 91' lang='lat' dir='ltr'><strong><em>et</em></strong></span> <span class='ocrx_word' id='word_1_887' title='bbox 3118 5057 3248 5112; x_wconf 77' lang='lat' dir='ltr'><strong><em>dixit</em></strong></span> <span class='ocrx_word' id='word_1_888' title='bbox 3273 5058 3352 5112; x_wconf 91' lang='lat' dir='ltr'><strong><em>eis</em></strong></span> <span class='ocrx_word' id='word_1_889' title='bbox 3378 5076 3390 5110; x_wconf 89' lang='lat'><strong>:</strong></span> <span class='ocrx_word' id='word_1_890' title='bbox 3415 5056 3600 5114; x_wconf 85' lang='lat' dir='ltr'><strong><em>Nolite</em></strong></span> <span class='ocrx_word' id='word_1_891' title='bbox 3622 5067 3829 5125; x_wconf 72' lang='lat' dir='ltr'><strong><em>tangere</em></strong></span> 
     </span>
    </p>
   </div>
   <div class='ocr_carea' id='block_1_112' title="bbox 2247 5145 3828 5219">
    <p class='ocr_par' dir='ltr' id='par_1_112' title="bbox 2247 5145 3828 5219">
     <span class='ocr_line' id='line_1_112' title="bbox 2247 5145 3828 5219; baseline -0.002 -18"><span class='ocrx_word' id='word_1_892' title='bbox 2247 5147 2476 5201; x_wconf 88' lang='lat' dir='ltr'><strong><em>christos</em></strong></span> <span class='ocrx_word' id='word_1_893' title='bbox 2498 5162 2664 5212; x_wconf 89' lang='lat' dir='ltr'><strong><em>meos,</em></strong></span> <span class='ocrx_word' id='word_1_894' title='bbox 2700 5159 2754 5201; x_wconf 88' lang='lat' dir='ltr'><strong><em>et</em></strong></span> <span class='ocrx_word' id='word_1_895' title='bbox 2780 5147 2831 5201; x_wconf 91' lang='lat' dir='ltr'><strong><em>in</em></strong></span> <span class='ocrx_word' id='word_1_896' title='bbox 2853 5148 3143 5219; x_wconf 86' lang='lat' dir='ltr'><strong><em>prophetas</em></strong></span> <span class='ocrx_word' id='word_1_897' title='bbox 3163 5162 3313 5202; x_wconf 90' lang='lat' dir='ltr'><strong><em>meos</em></strong></span> <span class='ocrx_word' id='word_1_898' title='bbox 3331 5148 3503 5202; x_wconf 87' lang='lat' dir='ltr'><strong><em>nolite</em></strong></span> <span class='ocrx_word' id='word_1_899' title='bbox 3531 5145 3828 5216; x_wconf 84' lang='lat' dir='ltr'><strong><em>malignari.</em></strong></span> 
     </span>
    </p>
   </div>
   <div class='ocr_carea' id='block_1_113' title="bbox 2250 5237 3833 5295">
    <p class='ocr_par' dir='ltr' id='par_1_113' title="bbox 2250 5237 3833 5295">
     <span class='ocr_line' id='line_1_113' title="bbox 2250 5237 3833 5295; baseline 0 -4"><span class='ocrx_word' id='word_1_900' title='bbox 2250 5237 2401 5293; x_wconf 86' lang='lat' dir='ltr'><strong><em>Unde</em></strong></span> <span class='ocrx_word' id='word_1_901' title='bbox 2430 5237 2681 5293; x_wconf 87' lang='lat' dir='ltr'><strong><em>Amalech</em></strong></span> <span class='ocrx_word' id='word_1_902' title='bbox 2712 5255 2805 5293; x_wconf 78' lang='lat' dir='ltr'><strong><em>rex</em></strong></span> <span class='ocrx_word' id='word_1_903' title='bbox 2834 5238 2967 5295; x_wconf 82' lang='lat' dir='ltr'><strong><em>dixit</em></strong></span> <span class='ocrx_word' id='word_1_904' title='bbox 2990 5239 3056 5293; x_wconf 85' lang='lat' dir='ltr'><strong><em>ad</em></strong></span> <span class='ocrx_word' id='word_1_905' title='bbox 3086 5240 3353 5295; x_wconf 88' lang='lat' dir='ltr'><strong><em>Abraham</em></strong></span> <span class='ocrx_word' id='word_1_906' title='bbox 3381 5259 3393 5293; x_wconf 89' lang='lat'><strong>:</strong></span> <span class='ocrx_word' id='word_1_907' title='bbox 3422 5239 3538 5295; x_wconf 88' lang='lat' dir='ltr'><strong><em>Nisi</em></strong></span> <span class='ocrx_word' id='word_1_908' title='bbox 3572 5240 3717 5295; x_wconf 87' lang='lat' dir='ltr'><strong><em>Deus</em></strong></span> <span class='ocrx_word' id='word_1_909' title='bbox 3746 5238 3833 5293; x_wconf 72' lang='lat' dir='ltr'><strong><em>atl-</em></strong></span> 
     </span>
    </p>
   </div>
   <div class='ocr_carea' id='block_1_114' title="bbox 2252 5330 3835 5402">
    <p class='ocr_par' dir='ltr' id='par_1_114' title="bbox 2252 5330 3835 5402">
     <span class='ocr_line' id='line_1_114' title="bbox 2252 5330 3835 5402; baseline 0 -19"><span class='ocrx_word' id='word_1_910' title='bbox 2252 5330 2547 5383; x_wconf 89' lang='lat' dir='ltr'><strong><em>monuisset</em></strong></span> <span class='ocrx_word' id='word_1_911' title='bbox 2575 5345 2660 5384; x_wconf 88' lang='lat' dir='ltr'><strong><em>me</em></strong></span> <span class='ocrx_word' id='word_1_912' title='bbox 2690 5337 2848 5385; x_wconf 89' lang='lat' dir='ltr'><strong><em>nocte</em></strong></span> <span class='ocrx_word' id='word_1_913' title='bbox 2877 5331 2929 5384; x_wconf 89' lang='lat' dir='ltr'><strong><em>in</em></strong></span> <span class='ocrx_word' id='word_1_914' title='bbox 2961 5331 3169 5385; x_wconf 88' lang='lat' dir='ltr'><strong><em>visione</em></strong></span> <span class='ocrx_word' id='word_1_915' title='bbox 3197 5332 3491 5386; x_wconf 88' lang='lat' dir='ltr'><strong><em>habueram</em></strong></span> <span class='ocrx_word' id='word_1_916' title='bbox 3521 5346 3760 5402; x_wconf 86' lang='lat' dir='ltr'><strong><em>peccare</em></strong></span> <span class='ocrx_word' id='word_1_917' title='bbox 3788 5330 3835 5384; x_wconf 92' lang='lat' dir='ltr'><strong><em>in</em></strong></span> 
     </span>
    </p>
   </div>
   <div class='ocr_carea' id='block_1_115' title="bbox 2252 5420 3837 5492">
    <p class='ocr_par' dir='ltr' id='par_1_115' title="bbox 2252 5420 3837 5492">
     <span class='ocr_line' id='line_1_115' title="bbox 2252 5420 3837 5492; baseline 0.001 -19"><span class='ocrx_word' id='word_1_918' title='bbox 2252 5428 2332 5486; x_wconf 91' lang='lat' dir='ltr'><strong><em>te;</em></strong></span> <span class='ocrx_word' id='word_1_919' title='bbox 2361 5420 2454 5474; x_wconf 90' lang='lat' dir='ltr'><strong><em>sed</em></strong></span> <span class='ocrx_word' id='word_1_920' title='bbox 2495 5422 2752 5492; x_wconf 88' lang='lat' dir='ltr'><strong><em>corripuit</em></strong></span> <span class='ocrx_word' id='word_1_921' title='bbox 2780 5438 2866 5477; x_wconf 89' lang='lat' dir='ltr'><strong><em>me</em></strong></span> <span class='ocrx_word' id='word_1_922' title='bbox 2895 5424 2947 5477; x_wconf 92' lang='lat' dir='ltr'><strong><em>in</em></strong></span> <span class='ocrx_word' id='word_1_923' title='bbox 2976 5422 3215 5488; x_wconf 90' lang='lat' dir='ltr'><strong><em>visione,</em></strong></span> <span class='ocrx_word' id='word_1_924' title='bbox 3245 5431 3302 5477; x_wconf 92' lang='lat' dir='ltr'><strong><em>et</em></strong></span> <span class='ocrx_word' id='word_1_925' title='bbox 3340 5422 3632 5478; x_wconf 88' lang='lat' dir='ltr'><strong><em>admonuit</em></strong></span> <span class='ocrx_word' id='word_1_926' title='bbox 3670 5439 3757 5477; x_wconf 88' lang='lat' dir='ltr'><strong><em>me</em></strong></span> <span class='ocrx_word' id='word_1_927' title='bbox 3785 5429 3837 5474; x_wconf 91' lang='lat' dir='ltr'><strong><em>ut</em></strong></span> 
     </span>
    </p>
   </div>
   <div class='ocr_carea' id='block_1_116' title="bbox 2251 5512 3838 5586">
    <p class='ocr_par' dir='ltr' id='par_1_116' title="bbox 2251 5512 3838 5586">
     <span class='ocr_line' id='line_1_116' title="bbox 2251 5512 3838 5586; baseline 0.001 -21"><span class='ocrx_word' id='word_1_928' title='bbox 2251 5525 2435 5580; x_wconf 88' lang='lat' dir='ltr'><strong><em>rogem</em></strong></span> <span class='ocrx_word' id='word_1_929' title='bbox 2464 5520 2536 5578; x_wconf 88' lang='lat' dir='ltr'><strong><em>te,</em></strong></span> <span class='ocrx_word' id='word_1_930' title='bbox 2562 5521 2617 5567; x_wconf 87' lang='lat' dir='ltr'><strong><em>et</em></strong></span> <span class='ocrx_word' id='word_1_931' title='bbox 2639 5530 2762 5569; x_wconf 92' lang='lat' dir='ltr'><strong><em>ores</em></strong></span> <span class='ocrx_word' id='word_1_932' title='bbox 2787 5529 2886 5584; x_wconf 92' lang='lat' dir='ltr'><strong><em>pro</em></strong></span> <span class='ocrx_word' id='word_1_933' title='bbox 2915 5529 3018 5567; x_wconf 89' lang='lat' dir='ltr'><strong><em>me.</em></strong></span> <span class='ocrx_word' id='word_1_934' title='bbox 3045 5512 3266 5583; x_wconf 87' lang='lat' dir='ltr'><strong><em>Egimus</em></strong></span> <span class='ocrx_word' id='word_1_935' title='bbox 3283 5514 3547 5569; x_wconf 86' lang='lat' dir='ltr'><strong><em>hactenus</em></strong></span> <span class='ocrx_word' id='word_1_936' title='bbox 3573 5523 3633 5570; x_wconf 90' lang='lat' dir='ltr'><strong><em>et</em></strong></span> <span class='ocrx_word' id='word_1_937' title='bbox 3659 5514 3838 5586; x_wconf 80' lang='lat' dir='ltr'><strong><em>mysti-</em></strong></span> 
     </span>
    </p>
   </div>
   <div class='ocr_carea' id='block_1_117' title="bbox 2252 5596 3841 5676">
    <p class='ocr_par' dir='ltr' id='par_1_117' title="bbox 2252 5596 3841 5676">
     <span class='ocr_line' id='line_1_117' title="bbox 2252 5596 3841 5676; baseline 0.001 -17"><span class='ocrx_word' id='word_1_938' title='bbox 2252 5620 2370 5659; x_wconf 93' lang='lat' dir='ltr'><strong><em>cum</em></strong></span> <span class='ocrx_word' id='word_1_939' title='bbox 2393 5612 2446 5659; x_wconf 93' lang='lat' dir='ltr'><strong><em>et</em></strong></span> <span class='ocrx_word' id='word_1_940' title='bbox 2470 5605 2782 5661; x_wconf 88' lang='lat' dir='ltr'><strong><em>historicum</em></strong></span> <span class='ocrx_word' id='word_1_941' title='bbox 2820 5621 3035 5661; x_wconf 89' lang='lat' dir='ltr'><strong><em>sensum</em></strong></span> <span class='ocrx_word' id='word_1_942' title='bbox 3074 5606 3193 5673; x_wconf 90' lang='lat' dir='ltr'><strong><em>sed,</em></strong></span> <span class='ocrx_word' id='word_1_943' title='bbox 3230 5596 3334 5662; x_wconf 88' lang='lat' dir='ltr'><strong><em>una</em></strong></span> <span class='ocrx_word' id='word_1_944' title='bbox 3359 5605 3517 5660; x_wconf 88' lang='lat' dir='ltr'><strong><em>nobis</em></strong></span> <span class='ocrx_word' id='word_1_945' title='bbox 3542 5608 3841 5676; x_wconf 65' lang='lat' dir='ltr'><strong><em>quaestiun-</em></strong></span> 
     </span>
    </p>
   </div>
   <div class='ocr_carea' id='block_1_118' title="bbox 2249 5690 3842 5766">
    <p class='ocr_par' dir='ltr' id='par_1_118' title="bbox 2249 5690 3842 5766">
     <span class='ocr_line' id='line_1_118' title="bbox 2249 5690 3842 5766; baseline -0.001 -16"><span class='ocrx_word' id='word_1_946' title='bbox 2249 5696 2368 5750; x_wconf 89' lang='lat' dir='ltr'><strong><em>cula</em></strong></span> <span class='ocrx_word' id='word_1_947' title='bbox 2400 5694 2607 5750; x_wconf 88' lang='lat' dir='ltr'><strong><em>videtur</em></strong></span> <span class='ocrx_word' id='word_1_948' title='bbox 2654 5697 2704 5750; x_wconf 93' lang='lat' dir='ltr'><strong><em>in</em></strong></span> <span class='ocrx_word' id='word_1_949' title='bbox 2751 5690 3012 5753; x_wconf 87' lang='lat' dir='ltr'><strong><em>manibus.</em></strong></span> <span class='ocrx_word' id='word_1_950' title='bbox 3056 5696 3320 5764; x_wconf 80' lang='lat' dir='ltr'><strong><em>Quaeritur</em></strong></span> <span class='ocrx_word' id='word_1_951' title='bbox 3363 5696 3508 5750; x_wconf 89' lang='lat' dir='ltr'><strong><em>enim</em></strong></span> <span class='ocrx_word' id='word_1_952' title='bbox 3561 5695 3842 5766; x_wconf 83' lang='lat' dir='ltr'><strong><em>quomodo</em></strong></span> 
     </span>
    </p>
   </div>
   <div class='ocr_carea' id='block_1_119' title="bbox 2249 5787 3870 5862">
    <p class='ocr_par' dir='ltr' id='par_1_119' title="bbox 2249 5787 3870 5862">
     <span class='ocr_line' id='line_1_119' title="bbox 2249 5787 3870 5862; baseline 0.002 -18"><span class='ocrx_word' id='word_1_953' title='bbox 2249 5789 2469 5845; x_wconf 82' lang='lat' dir='ltr'><strong><em>verbum</em></strong></span> <span class='ocrx_word' id='word_1_954' title='bbox 2498 5788 2599 5843; x_wconf 90' lang='lat' dir='ltr'><strong><em>hoc</em></strong></span> <span class='ocrx_word' id='word_1_955' title='bbox 2628 5788 2897 5845; x_wconf 85' lang='lat' dir='ltr'><strong><em>mandavit</em></strong></span> <span class='ocrx_word' id='word_1_956' title='bbox 2944 5790 2996 5846; x_wconf 92' lang='lat' dir='ltr'><strong><em>in</em></strong></span> <span class='ocrx_word' id='word_1_957' title='bbox 3041 5788 3187 5847; x_wconf 87' lang='lat' dir='ltr'><strong><em>mille</em></strong></span> <span class='ocrx_word' id='word_1_958' title='bbox 3229 5788 3655 5861; x_wconf 85' lang='lat' dir='ltr'><strong><em>generationes,</em></strong></span> <span class='ocrx_word' id='word_1_959' title='bbox 3701 5787 3870 5862; x_wconf 51' lang='lat' dir='ltr'><strong><em>qua?</em></strong></span> 
     </span>
    </p>
   </div>
  </div>
