4088 6346
294 383 443 439 ,481

1266 379 1726 439 COMMENTARII
1770 381 1832 436 ΙΝ
1872 379 2194 438 PSALMOS.
2239 381 2426 436 PSAL.
2467 383 2597 440 CIV.

3491 389 3594 443 483

342 495 609 567 disposuit
635 495 701 550 ad
728 495 1035 550 Abraham?
1064 495 1170 549 llas
1199 495 1343 551 mille
1384 497 1758 565 generationes
1786 511 1917 564 gen-
1935 504 1996 558 ,Λ
2023 495 2197 564 cipem
2225 495 2400 550 omnis
2424 497 2780 565 possessionis
2805 516 2914 555 sum
2934 541 2948 567 ,
2980 501 3153 556 omnis
3179 503 3501 570 sanctitatis,
3534 512 3592 561 ut

343 590 479 642 tium
522 585 1084 646 edocere..laciniosa
1124 586 1253 640 satis
1285 587 1519 640 narratio
1563 585 1781 655 ﬂagitat.
1813 585 1919 641 Sed

341 686 506 748 prout
527 679 874 748 potuerimus,
897 677 1117 746 juvante
1144 679 1390 743 Domino,
1408 680 1722 734 commatice
1747 689 1919 733 trans-

341 785 550 824 eamus.
580 769 656 823 De
682 777 838 837 gente
885 769 952 823 ad
991 779 1232 838 gentem,
1266 771 1332 824 de
1360 785 1525 838 regno
1565 771 1631 824 ad
1659 771 1915 841 populum

342 860 593 915 alterum.
619 860 730 915 Noe
752 869 860 916 tres
881 860 1017 916 ﬁlios
1039 863 1246 926 habuit,
1271 861 1423 927 Sem,
1446 862 1611 916 Cham
1627 904 1641 927 ,
1664 862 1913 932 Japheth.

341 950 488 1017 Sem,
520 951 872 1021 primogenita
905 967 1028 1022 pars
1055 951 1192 1007 facta
1219 961 1300 1007 est
1324 969 1354 1006 a
1382 952 1596 1008 Persida
1635 963 1691 1008 et
1712 954 1916 1008 Bactris

342 1058 511 1112 usque
548 1043 599 1096 in
640 1042 840 1097 Indiam
881 1044 1037 1112 longe
1064 1053 1119 1098 et
1159 1059 1324 1113 usque
1354 1043 1766 1108 Rhinocoruras,
1795 1060 1915 1114 quae

339 1134 512 1204 spatia
556 1143 814 1188 terrarum
857 1135 1056 1190 habent
1095 1137 1301 1205 linguas
1344 1151 1590 1191 sermone
1636 1137 1914 1193 barbarico

340 1226 528 1294 viginti
549 1233 603 1281 et
623 1236 847 1296 septem,
874 1228 926 1282 in
946 1229 1138 1298 quibus
1159 1228 1350 1298 linguis
1371 1237 1558 1298 gentes
1576 1238 1701 1284 sunt
1721 1229 1916 1300 patria-

339 1335 462 1373 rum
502 1319 898 1390 quadringenta:
939 1337 1050 1387 sex,
1097 1336 1204 1375 non
1233 1321 1560 1376 diversarum
1591 1321 1909 1390 linguarum,

337 1409 454 1475 sed,
479 1419 536 1464 ut
557 1410 686 1477 dixi,
715 1409 1043 1467 diversarum
1068 1412 1358 1482 patriarum
1378 1431 1390 1466 :
1408 1411 1556 1468 verbi
1576 1413 1767 1482 gratia,
1791 1428 1912 1468 cum

341 1517 448 1557 una
475 1503 652 1572 lingua
695 1502 880 1559 Latina
911 1506 1008 1569 sit,
1041 1506 1139 1560 sub
1173 1521 1278 1560 una
1317 1505 1494 1574 lingua
1533 1504 1754 1560 diversa:
1790 1513 1916 1560 sunt

335 1593 544 1664 patrize,
576 1593 898 1661 Brutiorum,
928 1594 1282 1661 Lucanorum,
1312 1595 1626 1666 Apulorum,
1656 1593 1914 1651 Calabro-

336 1701 476 1751 rum,
509 1683 804 1750 Picentum,
823 1686 1136 1749 Tuscorum,
1162 1695 1218 1742 et
1247 1686 1329 1741 his
1358 1694 1518 1754 atque
1546 1684 1912 1754 hujuscemodi

336 1775 524 1844 patriis
551 1776 740 1831 similia
770 1776 814 1830 si
852 1777 1106 1832 dicamus.
1139 1775 1308 1832 Cham
1337 1792 1465 1832 vero
1486 1775 1749 1831 secundus
1776 1775 1912 1831 ﬁlius

2022 587 2260 642 erudiret
2277 589 2552 658 apostolos
2573 590 2710 644 sicut
2727 592 2983 662 seipsum,
3007 594 3096 664 qui
3118 594 3416 664 profecerat
3436 605 3591 651 aetate

2019 687 2073 734 et
2100 679 2360 749 sapientia
2380 720 2394 744 ,
2425 687 2481 734 et
2507 695 2663 736 senes
2688 698 2814 738 suos
2843 685 2940 737 hos
2967 685 3110 754 ipsos
3137 694 3317 754 patres
3355 689 3590 744 omnium

2018 770 2377 835 credentium,
2427 771 2764 840 prudentiam
2807 774 3091 840 docerent,
3122 785 3176 830 et
3205 777 3257 831 in
3299 780 3590 834 ministerio

2018 862 2398 916 absconditam.
2425 862 2571 919 Tunc
2602 863 2817 919 intravit
2838 865 2996 921 lsrael
3021 867 3072 921 in
3098 867 3384 939 Egyptum
3407 871 3590 926 videns

2017 952 2203 1018 Deum,
2228 954 2500 1023 apostolos
2522 955 2660 1010 inter
2679 954 3008 1021 idololatras,
3031 966 3086 1012 et
3106 958 3270 1015 Jacob
3290 962 3469 1016 accola
3494 963 3590 1015 fuit

2015 1052 2158 1098 terra
2186 1044 2436 1099 Chanaan
2456 1085 2470 1108 ,
2516 1055 2570 1101 et
2597 1049 2745 1101 auxit
2789 1049 3039 1118 populum
3069 1051 3184 1118 ejus
3211 1052 3396 1117 nimis,
3431 1055 3500 1108 ita
3532 1061 3590 1108 ut

2014 1135 2180 1188 millia
2201 1135 2471 1190 hominum
2495 1137 2749 1192 haberent
2770 1154 2863 1194 cor
2884 1155 3044 1194 unum
3069 1148 3125 1194 et
3145 1142 3376 1196 animam
3402 1159 3580 1196 urnam.

2014 1223 2082 1278 Et
2109 1225 2445 1280 conﬁrmavit
2473 1242 2568 1282 cor
2611 1227 2726 1296 ejus
2774 1244 2936 1298 super
2973 1245 3160 1284 omnes
3205 1231 3446 1287 inimicos
3473 1233 3587 1301 ejus

2013 1316 2103 1385 qui
2132 1318 2397 1384 negabant
2424 1333 2565 1374 eum.
2595 1318 3012 1375 Contemnentes
3040 1321 3179 1375 enim
3200 1338 3293 1377 eos
3311 1363 3325 1387 ,
3357 1325 3584 1393 apostoli

2015 1406 2260 1460 conversi
2280 1415 2402 1460 sunt
2430 1407 2497 1461 ad
2523 1418 2724 1478 gentes.
2753 1409 3082 1465 Conversum
3104 1420 3183 1466 est
3204 1427 3299 1467 cor
3325 1415 3581 1481 gentium,

2013 1502 2073 1548 ut
2099 1495 2310 1550 odirent
2342 1499 2595 1567 populum
2624 1499 2756 1568 ejus,
2789 1509 2842 1554 et
2871 1501 3173 1556 occidentes
3201 1512 3462 1573 martyres
3489 1504 3585 1558 do-

2014 1587 2123 1640 lum
2152 1587 2387 1642 facerent
2416 1589 2469 1671 in
2498 1605 2682 1644 servos
2701 1590 2836 1660 ejus,
2858 1607 3135 1662 quousque
3162 1593 3367 1648 veniret
3394 1594 3461 1647 ad
3490 1610 3583 1648 eos

2015 1678 2224 1751 Moyses
2251 1687 2305 1734 et
2333 1680 2530 1746 Aaron,
2580 1698 2856 1753 quousque
2902 1685 3226 1754 pertingeret
3266 1687 3332 1739 ad
3369 1703 3583 1741 sensum

2013 1787 2197 1826 eorum
2228 1774 2310 1827 lex
2340 1774 2451 1840 Dei,
2476 1782 2530 1829 et
2551 1784 2812 1845 ponerent
2833 1776 2883 1830 in
2906 1784 3081 1831 mente
3104 1793 3195 1831 sua
3220 1779 3377 1832 verba
3406 1780 3583 1848 signo—

333 1865 470 1931 Noe,
502 1882 533 1920 a
559 1867 942 1922 Rhinocoruris
983 1884 1151 1936 usque
1195 1867 1418 1930 Gadira,
1462 1867 1665 1922 habens
1709 1867 1912 1935 linguas
1941 1870 1990 1932 Β
2013 1879 2158 1929 rum,
2191 1873 2244 1919 et
2269 1865 2664 1935 prodigiorum,
2694 1883 2811 1936 qua:
2840 1876 2931 1923 aut
2958 1869 3194 1936 legentes
3235 1883 3578 1937 agnoverant,

334 1976 584 2015 sermone
605 1959 805 2017 Punico
826 1977 856 2016 ει
877 1971 1027 2032 parte
1047 1960 1452 2026 Garamantum,
1475 1960 1664 2015 Latino
1697 1976 1726 2015 a
1761 1969 1913 2030 parte
2015 1964 2106 2009 aut
2131 1956 2424 2013 referentes
2461 1959 2758 2015 audierant.
2783 1960 3076 2030 Coeperunt
3103 1963 3246 2016 enim
3273 1963 3488 2026 timere,
3519 1979 3584 2017 ne

335 2050 553 2117 Bona-,1»,
597 2052 879 2107 barbarico
914 2069 944 2106 ει
983 2061 1134 2122 parte
1170 2051 1477 2117 meridiani,
1520 2050 1832 2120 Ethiopum
1861 2059 1917 2105 et
2013 2053 2325 2116 paterentur
2353 2064 2457 2102 non
2486 2050 2766 2105 credentes
2786 2051 2928 2119 quod
2949 2067 3107 2121 passa
3129 2051 3299 2106 fuerat
3323 2051 3583 2123 Egyptus

341 2140 736 2214 Egyptiorum,
761 2158 823 2196 ac
847 2143 1087 2197 barbaris
1114 2143 1456 2198 interioribus
1476 2143 1624 2196 vario
1644 2157 1913 2208 sermone,
2016 2151 2135 2191 cum
2157 2153 2282 2207 rege
2296 2154 2411 2206 suo,
2432 2141 2701 2207 tenebras,
2715 2157 2880 2210 aquas
2893 2144 3230 2211 sanguineas,
3248 2160 3422 2207 ranas,
3440 2144 3585 2198 locu-

337 2249 561 2288 numero
584 2234 766 2301 viginti
788 2233 992 2288 duabus
1021 2235 1232 2302 linguis,
1258 2236 1310 2288 in
1334 2235 1518 2304 patriis
1545 2235 1797 2289 trecentis
1821 2250 1918 2288 no-
2016 2234 2144 2291 stas,
2169 2229 2418 2294 bruchus,
2443 2232 2714 2303 cyniphes,
2731 2235 3076 2305 ctenomyias,
3100 2235 3430 2303 grandinem,
3455 2236 3585 2304 igni-

337 2325 554 2394 naginta
602 2334 655 2380 et
699 2334 949 2394 quatuor.
999 2325 1232 2394 Japheth
1279 2335 1458 2380 autem
1512 2325 1672 2380 habet
1721 2325 1915 2381 ﬂumen

2019 2326 2235 2388 tumque
2263 2330 2499 2387 ventum,
2522 2323 2612 2392 qui
2633 2325 2921 2380 combussit
2941 2326 3124 2381 vineas
3152 2325 3401 2383 ﬁculneas
3428 2336 3586 2397 atque

336 2414 626 2484 Tigridem,
655 2416 748 2484 qui
774 2415 960 2469 dividit
991 2415 1216 2470 Mediam
1245 2425 1301 2470 et
1328 2415 1692 2486 Babyloniam,
1725 2416 1776 2470 in
1818 2431 1915 2485 pa-
2016 2423 2174 2462 omne
2203 2408 2402 2478 lignum
2432 2411 2636 2466 ﬁnitum
2665 2429 2868 2468 eorum.
2897 2413 3024 2470 Post
3052 2417 3165 2471 lucc
3188 2417 3347 2471 etiam
3378 2434 3584 2488 percus-

338 2506 457 2560 triis
483 2505 724 2560 ducentis
752 2521 1000 2562 sermone
1022 2508 1193 2573 vario,
1218 2507 1269 2562 in
1299 2507 1492 2576 linguis
1517 2507 1700 2575 viginti
1726 2507 1912 2563 tribus.
2013 2498 2218 2553 Sioném
2245 2501 2417 2570 angeli
2447 2503 2500 2556 in
2529 2518 2740 2558 omnem
2772 2505 3179 2574 primogenitum
3208 2515 3362 2562 terra:
3399 2523 3581 2564 eorum

342 2597 501 2650 Fiunt
519 2611 647 2665 ergo
669 2613 854 2653 omnes
882 2598 1036 2653 simul
1059 2599 1247 2667 linguae
1275 2599 1610 2670 septuaginta
1649 2597 1784 2662 dum,
1815 2614 1912 2668 pa-
2012 2600 2067 2646 et
2093 2593 2353 2664 primitias
2379 2596 2552 2650 omnis
2574 2596 2772 2651 laboris
2800 2612 3004 2652 eorum.
3032 2599 3227 2655 Dantes
3248 2615 3375 2669 ergo
3396 2616 3582 2656 omnes

342 2687 459 2746 triae
489 2697 664 2743 autem
713 2689 1113 2758 generationum
1159 2690 1332 2754 mille,
1383 2705 1501 2758 qua:
1547 2690 1598 2744 in
1648 2689 1912 2759 tripartito

341 2778 539 2832 saeculo
588 2778 690 2833 hoc
733 2779 921 2834 ordine
965 2780 1078 2834 sita:
1124 2790 1264 2835 sunt.
1320 2779 1509 2846 Habet,
1561 2789 1617 2834 ut
1661 2780 1908 2846 diximus,

336 2865 563 2937 Japheth
592 2866 785 2923 ﬁumen
817 2867 1102 2936 Tigridem,
1133 2870 1224 2938 qui
1252 2870 1442 2924 dividit
1469 2869 1696 2925 Mediam
1723 2879 1778 2924 et
1805 2870 1911 2924 Ba-

335 2959 622 3031 byloniam.
656 2959 780 3015 Scm
813 2969 991 3015 autem
1018 2960 1346 3032 Euphraten.
1376 2960 1542 3016 Cbam
1582 2978 1711 3017 vero
1738 2961 1909 3031 Geon,

334 3051 426 3120 qui
457 3060 674 3106 vocatur
701 3052 869 3108 Nilus.
913 3052 968 3106 in
1009 3053 1092 3108 his
1127 3054 1409 3124 tripartitis
1437 3054 1683 3122 gentibus
1710 3065 1777 3108 ex
1807 3071 1914 3110 uno

333 3140 552 3198 homine
579 3144 934 3207 manantibus,
967 3143 1198 3198 Trinitas
1224 3159 1320 3214 per
1348 3144 1626 3198 Dominum
1671 3153 1912 3200 nostrum

2015 2681 2258 2738 timorem
2290 2684 2372 2738 his
2407 2686 2689 2741 virtutibus
2716 2689 2978 2742 vincentis
3006 2689 3118 2755 Dei,
3140 2690 3387 2757 fugerunt
3414 2691 3579 2760 Αἰξὶν-

2012 2778 2243 2846 ptiorum
2274 2778 2716 2842 incredulitatem,
2741 2789 2796 2834 et
2816 2781 2983 2835 secuti
3013 2781 3376 2850 apostolorum
3403 2781 3578 2844 ﬁdem,

2012 2866 2189 2921 educti
2211 2876 2334 2921 sunt
2357 2869 2408 2922 in
2421 2878 2643 2937 argento
2664 2877 2718 2923 et
2739 2885 2888 2933 auro,
2914 2872 2966 2923 in
2986 2871 3194 2925 duobus
3212 2869 3583 2936 Testamentis,

2013 2965 2234 3024 argento
2265 2958 2489 3021 veteris,
2521 2966 2576 3012 et
2600 2974 2733 3013 auro
2761 2959 2904 3025 novi,
2939 2960 2990 3013 in
3021 2960 3162 3016 bono
3185 2970 3240 3016 et
3267 2962 3503 3026 meliore,
3531 2971 3584 3017 et

2013 3063 2119 3102 non
2149 3056 2231 3103 est
2274 3049 2517 3105 inventus
2565 3051 2616 3106 in
2664 3052 2746 3107 his
2785 3053 2874 3122 qui
2919 3069 3015 3123 per
3041 3069 3230 3125 aquam
3261 3058 3584 3112 transierunt

2014 3139 2152 3194 ullus
2173 3139 2430 3196 inﬁrmus.
2456 3142 2639 3199 Nullus
2658 3145 2798 3199 enim
2822 3145 3085 3200 invenitur
3103 3147 3157 3202 in
3178 3149 3424 3204 omnibus
3445 3150 3584 3205 mille

335 3235 515 3291 Jesum
562 3234 829 3291 Christum
886 3236 1155 3291 hominem
1210 3236 1504 3306 perfectum
1553 3238 1822 3306 apparuit,
1858 3245 1913 3292 ei
1937 3227 1982 3293 C
2015 3229 2095 3282 his
2122 3232 2552 3297 generationibus
2578 3234 2876 3304 baptizatis,
2902 3245 3178 3307 peccatum
3208 3240 3292 3294 vel
3323 3256 3460 3295 unus
3486 3242 3583 3295 ba-

333 3329 480 3385 solus
501 3329 582 3383 his
603 3329 746 3383 mille
764 3329 1198 3398 generationibus
1218 3344 1314 3398 per
1335 3329 1564 3397 linguam
1583 3344 1692 3384 sua:
1711 3330 1910 3399 passio-

335 3417 419 3472 nis
443 3418 694 3483 occurrit,
714 3418 838 3487 quia
869 3433 1074 3473 memor
1094 3417 1190 3472 fuit
1216 3418 1364 3474 verbi
1391 3419 1534 3487 quod
1556 3419 1825 3488 juraverat
1852 3421 1906 3475 in

333 3507 479 3561 mille
494 3508 885 3575 generationes,
902 3508 1085 3563 dicens
1099 3507 1346 3574 Abrahae,
1361 3510 1504 3580 quod
1521 3511 1574 3564 in
1588 3511 1791 3567 semine
1813 3520 1906 3568 tuo

336 3597 664 3653 baereditaho
683 3615 871 3654 omnes
892 3607 1095 3668 gentes.
1126 3599 1192 3654 Et
1220 3601 1357 3656 sicut
1385 3601 1505 3656 ﬁliis
1531 3601 1692 3657 Israel
1712 3603 1906 3658 famem

333 3689 572 3758 passuris
599 3692 860 3745 succurrit
883 3689 1098 3761 Joseph,
1125 3692 1217 3760 qui
1244 3692 1486 3746 venditus
1515 3700 1616 3757 est,
1642 3694 1731 3761 qui
1764 3702 1910 3762 post-

336 3794 497 3847 quam
524 3780 768 3836 venditus
796 3788 878 3836 est
907 3781 975 3836 ad
1002 3795 1223 3848 regnum
1253 3781 1523 3846 ascendit,
1547 3789 1601 3835 et
1629 3781 1767 3836 fame
1787 3797 1910 3850 per-

333 3871 492 3924 ituris
539 3871 824 3939 aliquantis
873 3873 1118 3940 gentibus
1157 3882 1212 3927 et
1257 3874 1441 3942 patriis
1499 3873 1912 3929 frumentatione

339 3961 572 4029 reposita
593 3970 745 4016 caute
761 3963 1059 4027 succurrit;
1084 3963 1157 4016 ita
1176 3961 1421 4016 venditus
1444 3978 1471 4014 a
1494 3961 1630 4016 Juda
1650 3963 1909 4028 Christus,

345 4050 399 4102 in
430 4049 696 4118 triumpho
725 4039 898 4105 cr'ucis
918 4052 1182 4105 exaltatus
1206 4061 1307 4116 est,
1333 4060 1457 4106 ante
1485 4051 1698 4121 quidem
1729 4067 1929 4122 passus,

343 4155 666 4211 synagogam
712 4140 903 4196 falsum
951 4151 1173 4206 testem,
1222 4144 1359 4198 sicut
1402 4144 1601 4214 Joseph
1648 4145 1917 4200 dominam

341 4230 698 4285 meretricem.
732 4230 861 4285 Post
899 4231 1013 4286 haec
1053 4245 1342 4300 exsurgens
1377 4248 1406 4288 a
1449 4234 1674 4291 mortuis
1712 4236 1920 4304 accepit

339 4335 579 4389 regnum,
613 4333 666 4375 ut
693 4325 747 4376 in
775 4325 979 4376 nomine
1006 4324 1114 4392 ejus
1140 4339 1288 4377 omne
1314 4341 1446 4395 genu
1474 4326 1732 4395 ﬂectatur,
1765 4327 1914 4380 caele-

337 4413 512 4478 stium,
539 4415 879 4479 terrestrium,
905 4423 955 4468 et
983 4415 1300 4485 infernarum
1323 4416 1540 4488 (Philip.
1567 4419 1664 4486 11),
1696 4426 1750 4472 et
1777 4417 1915 4472 fam

338 4507 685 4578 pereuntibus
705 4507 788 4561 his
815 4507 958 4562 mille
981 4507 1432 4575 generationibus,
1461 4509 1660 4578 apertis
1681 4510 1906 4571 horreis.

2015 3317 2147 3374 hens
2167 3320 2219 3373 in
2243 3321 2370 3375 hora
2393 3321 2743 3392 baptismatis.
2762 3323 3026 3394 Alioquin,
3045 3326 3088 3379 si
3111 3336 3385 3396 peccatum
3407 3329 3586 3394 habet,

2009 3427 2115 3467 non
2169 3411 2426 3477 credidit,
2477 3422 2532 3468 et
2577 3431 2697 3469 eum
2742 3414 3008 3486 Egyptiis
3053 3433 3259 3472 mersus
3304 3426 3405 3472 est.
3456 3419 3586 3474 Nam

2009 3521 2196 3560 omnes
2221 3507 2311 3574 qui
2333 3505 2692 3571 crediderunt,
2727 3522 2793 3561 ex
2829 3510 2956 3561 hora
2994 3523 3098 3576 qua
3129 3511 3470 3575 transierunt,
3507 3527 3587 3566 ve

2012 3597 2216 3651 nientes
2244 3595 2309 3649 ad
2330 3596 2811 3663 consignationem,
2837 3614 2943 3653 non
2974 3599 3238 3654 invenitur
3265 3600 3317 3654 in
3348 3601 3587 3656 tribubus

2011 3698 2198 3742 eorm]
2227 3686 2467 3742 inﬁrmus
2494 3705 2506 3739 :
2531 3703 2718 3743 omnes
2748 3687 2884 3743 ﬁrmi
2913 3697 3064 3755 sunt;
3089 3705 3275 3745 omnes
3293 3691 3436 3746 enim
3459 3707 3587 3746 con-

2013 3775 2204 3831 ﬁrmati
2251 3786 2392 3831 sunt.
2427 3776 2628 3832 Laztata
2675 3787 2759 3832 est
2801 3778 3089 3850 Egyptus.
3137 3779 3400 3852 Egyptus
3447 3789 3589 3836 totus

2014 3867 2268 3930 mundus,
2299 3867 2425 3922 licet
2466 3868 2518 3920 in
2547 3869 2782 3936 peccatis
2828 3882 3017 3934 agens,
3066 3876 3241 3922 tamen
3272 3870 3478 3922 lmtatur
3503 3871 3589 3924 die

2015 3964 2200 4009 sancto
2231 3955 2464 4020 Paschw,
2511 3957 2563 4010 in
2601 3955 2934 4025 profectione
2973 3972 3160 4011 eorum
3197 3960 3288 4026 qui
3330 3958 3590 4026 fugientes

2019 4043 2374 4111 Pharaonem,
2407 4053 2461 4099 et
2488 4054 2774 4115 sequentes
2798 4045 3044 4117 Moysen,
3078 4063 3174 4117 per
3199 4063 3389 4117 aquam
3414 4057 3588 4103 trans-

2001 4136 2220 4201 -ierunt,
2251 4144 2311 4190 ut
2338 4137 2609 4191 inveniant
2636 4137 2724 4191 ubi
2753 4137 2972 4192 audiant
3010 4153 3195 4193 vocem
3236 4139 3462 4194 Domini.
3507 4139 3589 4195 In-

2019 4225 2203 4281 cubuit
2227 4227 2368 4281 enim
2397 4227 2556 4281 timor
2582 4243 2744 4296 super
2771 4227 3090 4293 incredulos,
3115 4238 3169 4283 et
3197 4245 3302 4284 non
3333 4238 3454 4284 sunt
3477 4231 3590 4289 ausi

2018 4317 2133 4372 sine
2158 4317 2302 4373 feriis
2328 4332 2446 4372 esse
2472 4317 2523 4371 in
2552 4317 2667 4386 ipso
2693 4318 2807 4382 die,
2844 4319 2936 4387 qui
2965 4319 3008 4372 si
3038 4334 3145 4374 non
3175 4319 3438 4386 laetantur,
3470 4337 3589 4376 cre-

2017 4407 2206 4463 dentes
2235 4407 2705 4473 Deutn,feriantur
2733 4410 2984 4465 timentes
3008 4423 3229 4479 regnum
3258 4421 3312 4468 et
3336 4415 3590 4483 populum

2019 4499 2398 4555 Christianum.
2429 4499 2496 4554 Et
2537 4501 2656 4556 ideo
2697 4502 2962 4569 laetantur,
2995 4505 3119 4573 quia
3151 4505 3387 4560 incubuit
3431 4507 3591 4562 timor

342 4615 596 4653 manuum
625 4615 840 4654 suarum
871 4597 1317 4668 proﬂuentissima
1347 4600 1590 4669 largitate
1631 4603 1911 4670 succurrit,
1940 4594 1992 4654 D
2017 4609 2201 4648 eorum
2229 4610 2390 4664 super
2409 4611 2522 4650 eos.
2547 4594 2809 4666 Expandit
2831 4598 2973 4652 enim
3003 4599 3142 4654 Deus
3169 4601 3382 4666 nubem,
3414 4603 3463 4655 id
3485 4612 3588 4669 est,

341 4707 452 4744 non
481 4691 648 4745 solam
677 4691 756 4745 eis
789 4691 1019 4760 speciem
1053 4688 1333 4757 frumenti,
1365 4693 1459 4748 sed
1497 4702 1551 4748 et
1578 4694 1687 4748 vini
1714 4704 1767 4750 et
1811 4697 1916 4752 olei

343 4780 737 4836 administrans.
771 4779 816 4835 A
843 4782 1049 4836 cunctis
1077 4797 1169 4836 eas
1197 4781 1609 4839 adversitatibus
1650 4785 1911 4841 liberavit.

344 4873 570 4928 Vocavit
598 4873 739 4928 enim
767 4873 958 4927 tamen:
987 4889 1148 4942 super
1177 4881 1374 4927 terram
1403 4889 1619 4940 eorum,
1650 4877 1798 4944 prius
1825 4877 1918 4945 qui

345 4965 402 5021 in
433 4964 586 5019 idolis
607 4963 960 5027 conﬁdebant,
985 4974 1040 5018 et
1066 4979 1226 5018 omne
1253 4964 1332 5019 eis
1359 4964 1746 5019 ﬁrmamentum
1768 4967 1922 5035 panis

344 5057 626 5119 contrivit,
650 5057 774 5126 quia
793 5072 986 5126 panem
1006 5071 1190 5109 verum
1211 5055 1299 5124 qui
1321 5055 1388 5110 de
1407 5057 1556 5111 cmlis
1575 5056 1923 5111 descenderet

345 5148 684 5216 ignorabant.
723 5145 792 5199 At
819 5145 908 5200 tibi
931 5145 1077 5199 venit
1099 5145 1180 5198 vir
1198 5144 1486 5214 perfectus,
1510 5145 1599 5213 qui
1631 5145 1682 5198 in
1711 5159 1922 5198 servum

345 5237 684 5293 venundatus
713 5245 813 5298 est,
841 5245 1184 5306 posteaquam
1214 5235 1412 5289 ferrum
1441 5235 1783 5305 pertransivit
1808 5235 1945 5305 ani-1

348 5347 495 5385 mam
525 5331 672 5399 ejus,
703 5329 828 5398 quia
853 5329 1121 5396 eloquiqu
1152 5326 1297 5383 falsa:
1329 5327 1474 5382 testis
1504 5327 1926 5384 inﬂammaverat

351 5425 487 5476 iram
527 5436 686 5490 super
714 5435 853 5473 eum.
889 5417 952 5470 At
985 5419 1070 5471 ubi
1101 5418 1245 5472 misit
1284 5433 1377 5471 rex
1404 5417 1470 5472 de
1497 5418 1634 5473 cmlo
1673 5426 1728 5472 et
1767 5417 1948 5490 solvit

350 5528 496 5573 eum,
523 5519 576 5565 et
599 5511 842 5580 princeps
861 5508 950 5575 qui
971 5516 1044 5560 est
1068 5506 1204 5560 Deus
1226 5509 1276 5560 in
1302 5507 1502 5562 Christo
1531 5509 1772 5561 mundum
1797 5525 1922 5563 cou-

353 5603 541 5656 rilians
560 5600 655 5654 sibi
689 5598 761 5668 (11
790 5597 907 5650 Cor.
933 5595 1014 5665 v),
1045 5596 1241 5649 dimisit
1279 5612 1401 5650 eum
1441 5599 1650 5652 solvens
1675 5598 1741 5649 ab
1780 5599 1926 5653 omni

356 5691 572 5745 vinculo
603 5686 899 5755 fragilitatis
919 5723 932 5744 ,
964 5684 1216 5737 continuo
1263 5686 1447 5738 statuit
1493 5701 1614 5739 eum
1642 5684 1946 5763 Dominum

356 5784 549 5836 domus
579 5796 704 5835 sum.
732 5777 1009 5832 Dominum
1042 5775 1093 5828 in
1123 5774 1256 5830 cmlo
1285 5782 1336 5828 el
1366 5776 1416 5829 in
1441 5770 1678 5829 EcClesia
1699 5782 1754 5827 et
1782 5777 1927 5843 prin-

2017 4681 2306 4738 Ecclesiam
2351 4700 2501 4740 suam
2551 4686 2604 4740 in
2649 4688 3039 4756 protectionem
3086 4705 3290 4753 eorum,
3323 4699 3374 4745 et
3419 4691 3590 4759 ignem

2020 4773 2168 4837 ﬁdei,
2199 4790 2316 4843 quae
2345 4775 2486 4829 lueet
2513 4775 2591 4830 eis
2620 4776 2672 4829 in
2701 4777 2938 4831 tenebris
2964 4777 3175 4843 mundi,
3208 4780 3298 4834 ubi
3323 4781 3592 4850 petierunt

2020 4880 2234 4919 carnem
2262 4872 2318 4918 et
2344 4874 2668 4935 acceperunt
2690 4874 3125 4938 ortygometram.
3149 4869 3290 4925 Caro
3325 4873 3466 4928 enim
3491 4875 3592 4930 illis

2020 4956 2143 5010 data
2171 4963 2284 5019 est,
2317 4953 2443 5011 tunc
2469 4956 2772 5010 coturnices
2797 4957 3039 5013 volantes
3064 4959 3246 5030 utique
3273 4971 3328 5017 et
3355 4965 3592 5020 caelestia

2022 5047 2315 5114 cupientes,
2343 5054 2399 5100 et
2420 5047 2502 5101 his
2527 5045 2686 5100 datur
2711 5062 2838 5102 caro
2865 5062 2982 5116 qua:
3009 5050 3247 5106 ascendit
3273 5068 3435 5122 super
3453 5052 3594 5106 Che-

2022 5138 2198 5203 rubin,
2224 5146 2278 5192 et
2300 5139 2518 5203 volavit,
2549 5147 2605 5194 et
2630 5154 2771 5210 pane
2790 5141 2912 5197 caeli
2939 5143 3163 5198 saturati
3192 5153 3333 5198 sunt.
3368 5142 3594 5208 Quando

2023 5228 2247 5299 disrupit
2275 5237 2513 5299 petram,
2563 5237 2618 5285 et
2663 5229 2929 5288 ﬂuxerunt
2974 5249 3156 5304 aquae,
3203 5241 3258 5286 et
3299 5232 3351 5285 in
3380 5231 3594 5284 deserto

2024 5320 2188 5376 totius
2215 5321 2390 5376 szeculi
2419 5327 2637 5376 currunt
2666 5320 2902 5388 ﬂumina,
2927 5324 3052 5392 quia
3082 5336 3288 5375 memor
3317 5321 3485 5372 factus
3512 5327 3594 5376 est

2027 5411 2174 5465 verbi
2193 5412 2362 5466 sancti
2381 5412 2460 5466 sui
2483 5412 2627 5481 quod
2645 5413 2779 5467 dixit
2797 5414 2863 5468 ad
2885 5412 3150 5465 Abraham
3173 5423 3395 5477 puerum
3417 5422 3589 5462 suum.

2026 5501 2255 5571 Ideoque
2274 5502 2455 5557 eduxit
2469 5504 2721 5573 populum
2743 5516 2897 5556 suum
2923 5501 2975 5554 in
2997 5497 3369 5561 exsultatione,
3389 5497 3441 5551 in
3459 5499 3592 5557 alle-

2027 5593 2161 5656 luia,
2207 5596 2256 5649 in
2297 5596 2430 5650 albis
2470 5595 2725 5656 vestibus,
2755 5600 2809 5645 et
2837 5591 3039 5644 electos
3063 5603 3191 5642 suos
3217 5589 3270 5643 in
3300 5589 3477 5645 latitia
3495 5632 3511 5657 ,
3541 5603 3594 5652 et

2028 5686 2171 5741 dedit
2189 5687 2287 5740 illis
2308 5686 2554 5753 regiones
2573 5682 2828 5750 gentium,
2846 5688 2901 5733 et
2921 5679 3162 5734 civitates
3184 5682 3521 5752 populorum,
3539 5696 3594 5745 ut

2030 5779 2329 5833 custodiant
2353 5773 2756 5843 justiticationes
2785 5771 2924 5841 ejus,
2958 5781 3012 5827 et
3054 5772 3222 5840 legem
3270 5776 3385 5845 ejus
3414 5781 3593 5846 requi-
