4088 6346
549 367 672 442 183

1899 387 2170 446 ARNOB‘II
2209 391 2513 448 JUNIORIS

3741 409 3835 470 484

555 503 705 558 rant.
734 495 825 554 Sic
851 496 994 553 enim
1019 495 1094 550 ait
1117 513 1130 550 :
1156 495 1441 569 Baptisate,
1471 483 1664 570 inquit,
1683 515 1866 556 omnes
1893 511 2070 574 gentes
2089 507 2145 560 in
2171 513 2218 572 Α
2249 517 2298 562 et
2327 509 2520 579 factum
2543 521 2622 564 est
2641 511 2748 566 illis
2771 513 2823 566 in
2846 513 3170 571 scandalum.
3195 515 3266 572 Et
3287 521 3680 578 immolaverunt
3707 527 3831 597 ﬁlios

555 594 766 648 nomine
793 591 974 645 Patris
999 599 1052 646 et
1075 589 1203 645 Filii
1230 601 1281 646 et
1309 592 1536 664 Spiritus
1571 597 1758 660 sancti,
1791 597 2028 651 docentes
2055 615 2140 654 eos

553 684 813 739 custodire
839 684 1013 736 omnia
1041 700 1354 756 quacunque
1391 691 1612 758 prtecepi
1639 689 1794 754 vobis,
1828 697 1878 741 et
1903 695 2019 744 ecce
2046 709 2140 762 ego

551 773 808 828 uobiscum
833 791 948 827 sum
975 773 1209 829 omnibus
1239 775 1436 843 diebus,
1465 795 1622 849 usque
1645 779 1715 834 ad
1741 783 2141 835 consummatio-

551 882 666 922 nem
703 867 882 921 saeculi
911 866 1127 938 (Matth.
1155 867 1362 938 xxvnt).
1389 869 1578 924 Amen.

1111 1001 1426 1060 PSALMUS
1462 1003 1568 1060 CV.

1087 1092 1334 1158 Alleluia,
1377 1095 1608 1152 alleluia.

619 1203 952 1273 Conﬁtemini
974 1203 1201 1260 Domino
1221 1208 1464 1278 quoniam
1491 1208 1673 1274 bonus,
1697 1212 1939 1280 quoniam
1963 1212 2018 1264 in
2037 1223 2136 1266 sn!-

546 1295 719 1350 culam
745 1295 1102 1350 misericordia
1131 1297 1262 1368 ejus.
1309 1296 1438 1362 Quis
1475 1299 1708 1370 loquetur
1743 1302 1998 1371 potent-ias
2027 1299 2137 1356 Do-

541 1389 688 1454 mitti,
712 1388 918 1442 auditas
943 1389 1098 1459 faciet
1117 1405 1292 1444 omnes
1313 1388 1490 1446 laudes
1520 1391 1672 1461 ejus?
1696 1391 1844 1448 Beati
1863 1393 1949 1464 qui
1965 1403 2134 1450 custo-

542 1478 692 1532 diant
726 1477 1004 1549 judicium,
1046 1487 1094 1532 et
1123 1479 1322 1550 faciunt
1342 1480 1602 1550 justitiam
1631 1483 1684 1536 in
1713 1483 1856 1537 omni
1883 1491 2128 1554 temmm

542 1569 805 1624 Memento
849 1569 1034 1632 nostri,
1069 1567 1307 1634 Domine,
1351 1571 1404 1624 in
1447 1571 1766 1642 beneplacito
1801 1574 1982 1644 populi
2033 1577 2129 1640 tui,

542 1663 692 1716 visita
718 1675 810 1714 nos
839 1661 894 1712 in
921 1658 1138 1714 salutari
1165 1669 1270 1714 tuo.
1303 1660 1384 1714 Ad
1403 1661 1676 1716 videndum
1703 1665 1758 1730 in
1785 1663 2013 1719 bonitate
2029 1665 2133 1720 ele-

542 1761 738 1806 ctorum
775 1758 996 1816 tuorum,
1023 1750 1093 1804 ad
1130 1751 1415 1806 [artandum
1443 1755 1497 1806 in
1521 1755 1702 1810 latitia
1735 1759 1902 1826 gentis
1933 1766 2052 1824 tate,
2075 1766 2132 1812 ut

540 1843 763 1898 lauderis
785 1860 896 1898 cum
919 1843 1220 1898 haereditate
1251 1852 1356 1898 tua.
1391 1843 1724 1902 Peccavimus
1753 1865 1868 1903 cum
1897 1850 2128 1920 patribus
2161 1891 2190 1920 .-

443 1948 454 1961 '
538 1940 752 2003 nostris,
799 1937 990 2008 injuste
1033 1940 1250 2010 egimus,
1301 1939 1624 2010 iniquitatem
1671 1944 1904 2013 fecimus.
1939 1941 2128 2000 Patres

536 2030 699 2082 nostri
727 2029 782 2082 in
811 2027 1046 2100 ZEggpto
1069 2045 1174 2083 non
1200 2029 1568 2084 intellexerunt
1601 2031 1864 2087 mirabilia
1893 2043 2000 2100 tua,
2025 2051 2130 2092 non

536 2119 745 2188 fuerunt
771 2135 1020 2172 memores
1049 2115 1392 2174 multitudinis
1413 2122 1784 2178 misericordia:
1809 2133 1929 2180 luat.
1961 2124 2031 2180 Et
2054 2127 2130 2178 ir-

535 2213 816 2266 ritaverant
845 2212 1178 2266 ascendentes
1199 2213 1256 2266 in
1285 2230 1447 2282 mare,
1479 2231 1626 2270 mare
1651 2215 1898 2272 Rubrum.
1923 2217 1995 2272 Et
2022 2219 2130 2274 sal-

535 2304 667 2356 vavit
695 2321 780 2358 eos
809 2313 1016 2374 prapter
1045 2319 1232 2358 nomen
1253 2321 1422 2370 suum,
1451 2315 1505 2359 ut
1526 2317 1704 2362 notam
1725 2309 1918 2378 faceret
1946 2321 2128 2380 poten~

535 2395 662 2448 tiam
689 2411 855 2448 suam.
889 2393 958 2448 Et
977 2395 1263 2466 increpavit
1290 2412 1432 2450 mare
1461 2396 1712 2464 Rubrum,
1737 2409 1788 2456 et
1815 2402 2130 2458 exsiccatum
2187 2443 2198 2452 .

536 2493 632 2551 est,
664 2495 714 2538 et
742 2483 956 2540 deduxit
996 2503 1082 2540 eos
1111 2488 1167 2540 in
1195 2487 1398 2556 abyssis
1424 2489 1558 2542 sicut
1585 2491 1639 2544 in
1675 2490 1892 2546 deserto.
1925 2491 2000 2546 Et
2023 2495 2131 2548 sale-

537 2575 672 2629 tvavit
711 2593 800 2630 eos
842 2576 904 2630 de
933 2593 1090 2630 manu
1128 2578 1432 2644 odientium,
1465 2589 1514 2634 et
1555 2581 1619 2638 ab
1661 2583 1870 2638 insidiis
1907 2585 2130 2640 hostium

538 2675 728 2720 tutatus
760 2674 858 2734 est,
883 2677 934 2722 et
959 2667 1172 2724 redemit
1198 2687 1284 2724 eos
1311 2671 1376 2724 de
1401 2687 1560 2728 manu
1591 2672 1810 2728 inimici.
1834 2673 1904 2730 Et
1929 2677 2132 2747 operuit

535 2775 668 2830 aqua
697 2759 1001 2816 tribulantes
1029 2779 1134 2830 eos,
1157 2779 1289 2818 unus
1309 2781 1376 2822 es:
1393 2766 1468 2820 eis
1489 2781 1592 2820 non
1622 2770 1890 2824 remansit.
1921 2769 1994 2824 Et
2017 2787 2132 2826 cre-

534 2849 774 2932 diderunt
812 2851 978 2908 verbis
1005 2855 1136 2924 ejus,
1163 2865 1214 2908 et
1240 2855 1584 2912 laudauerunt
1611 2859 1818 2914 laudem
1841 2862 1974 2932 ejus.
2015 2861 2130 2918 Cito

533 2928 776 3014 fecerant,
821 2945 966 3000 obliti
999 2957 1121 3000 sunt
1157 2963 1370 3018 operum
1395 2952 1528 3021 ejus,
1555 2959 1604 3004 et
1635 2968 1738 3008 non
1773 2953 2132 3009 sustinuerunt

533 3034 804 3090 consilium
825 3037 957 3108 ejus.
981 3037 1052 3090 Et
1079 3041 1448 3110 concupierant
1481 3045 1924 3113 concupiscentias
1949 3047 2004 3100 in

534 3133 692 3188 serto,
735 3135 784 3178 et
809 3133 1136 3182 tentaret-unt
1173 3129 1340 3198 Deam
1367 3133 1422 3184 in
1462 3134 1730 3205 inaquoso.
1763 3135 1836 3190 Et
1875 3137 2017 3200 dedit
2049 3141 2128 3194 eis

534 3215 828 3284 petitionem
852 3218 1106 3284 ipsorum,
1133 3229 1184 3272 et
1213 3219 1352 3274 misit
1379 3223 1704 3280 saturitatem
1729 3227 1784 3280 in
1809 3229 2012 3284 aniinas
2033 3245 2126 3284 eo-

532 3321 667 3360 rum.
692 3305 760 3360 Et
787 3308 1120 3364 irritaverant
1139 3309 1352 3382 Moysen
1379 3314 1434 3366 in
1455 3316 1664 3380 castris,
1686 3318 1864 3372 Aaron
1891 3329 2128 3384 sanctum

533 3395 766 3452 Domini.
796 3401 988 3469 Aperta
1015 3409 1091 3454 est
1119 3410 1278 3468 terra,
1303 3411 1354 3458 et
1383 3405 1648 3475 deglutivit
1679 3407 1908 3476 Datltan,
1929 3421 1978 3464 et
1999 3429 2126 3484 ope-

532 3489 636 3542 ruit
666 3506 817 3560 super
849 3493 1299 3563 congregationem
1327 3493 1542 3552 Abiron.
1577 3496 1646 3552 Et
1679 3503 1882 3556 emrsit
1905 3504 2042 3574 ignis
2069 3505 2126 3558 in

532 3585 798 3652 synagoga
834 3599 1028 3648 eorum,
1057 3585 1269 3652 ﬂamma
1295 3585 1570 3642 combussit
1597 3598 1910 3660 peccatores.
1935 3591 2008 3647 Et
2046 3597 2124 3664 fe-

533 3681 710 3726 cerunt
738 3673 952 3728 vitulum
991 3676 1046 3728 in
1077 3674 1232 3743 Oreb,
1277 3687 1326 3732 et
1365 3679 1711 3736 adoraveru-nt
1753 3683 2012 3755 sculptile:
2049 3685 2124 3740 Et

533 3771 857 3818 mutaverunt
886 3765 1107 3836 gloriam
1135 3784 1284 3822 suam
1311 3770 1366 3824 in
1395 3771 1784 3828 similitudinem
1813 3775 1956 3830 vituli
1977 3793 2120 3830 com-

531 3855 729 3910 edentis
757 3858 950 3928 fenum.
988 3856 1147 3914 Obliti
1187 3870 1307 3914 sunt
1329 3859 1514 3926 Deum,
1543 3865 1629 3934 qui
1663 3865 1878 3920 saluauit
1903 3883 2007 3934 eos,
2033 3871 2122 3940 qui

529 3949 652 4018 fecit
679 3951 948 4019 magnalia
987 3951 1041 4004 in
1079 3949 1334 4022 Egypto,
1369 3954 1628 4010 mirabilia
1657 3957 1710 4010 in
1753 3969 1892 4012 terra
1931 3959 2113 4027 Citam,

528 4039 776 4094 terribilia
813 4042 868 4094 in
903 4043 1038 4096 mari
1073 4041 1268 4098 Rubro.
1303 4043 1374 4098 Et
1401 4047 1536 4100 dixit
1575 4058 1632 4102 ut
1659 4049 1978 4122 disperderet
2007 4069 2114 4120 eos,

527 4129 572 4183 si
603 4146 708 4184 non
739 4130 946 4202 Moyses
973 4133 1166 4188 electus
1195 4136 1310 4204 ejus
1337 4140 1560 4192 stetisset
1589 4140 1644 4193 in
1673 4143 2028 4212 confractione
2061 4147 2115 4199 in
2137 4159 2152 4176 '

526 4231 797 4294 conspectu
829 4225 960 4294 ejus.
993 4223 1067 4278 Ut
1091 4237 1340 4282 auerteret
1367 4231 1500 4284 iram
1526 4233 1660 4300 ejus,
1699 4249 1764 4286 ne
1801 4233 2118 4306 disperderet

525 4330 628 4380 eos,
651 4323 700 4367 et
717 4331 812 4385 pro
837 4315 1002 4370 nihilo
1023 4315 1309 4372 habuerunt
1341 4329 1532 4374 terram
1553 4323 1961 4381 desiderabilem.
1991 4327 2116 4384 Non

524 4403 849 4458 crediderunt
877 4405 1027 4461 verbo
1057 4407 1192 4477 ejus,
1219 4417 1272 4462 et
1309 4423 1757 4468 murmuraverunt
1781 4417 1837 4470 in
1878 4418 2118 4474 taberna-

522 4493 648 4546 culis
679 4493 806 4558 suis,
831 4510 938 4548 non
965 4496 1314 4554 exaudierunt
1339 4515 1510 4554 vocem
1536 4500 1768 4560 Domini.
1799 4505 1872 4560 Et
1903 4507 2116 4565 elevavit

521 4598 730 4638 manum
757 4601 906 4638 suam
933 4603 1088 4658 super
1111 4603 1219 4654 eos,
1241 4598 1299 4644 ut
1327 4600 1672 4662 prosterneret
1699 4612 1786 4650 eos
1807 4599 1862 4652 in
1889 4600 2105 4656 deserto.

519 4672 590 4730 Et
615 4685 670 4729 ut
697 4676 938 4748 dejiceret
957 4695 1130 4734 semen
1157 4697 1334 4738 eorum
1353 4684 1410 4738 in
1429 4687 1748 4752 nationibus,
1781 4701 1830 4744 et
1849 4692 2110 4763 disperde-

520 4777 594 4822 ret
618 4785 706 4826 eos
741 4772 798 4826 in
831 4775 1142 4846 regionibus.
1175 4775 1246 4831 Et
1285 4779 1482 4834 initiati
1525 4793 1646 4837 sunt
1681 4784 2016 4860 Beelphegor,
2059 4797 2108 4843 et

517 4867 841 4924 comederunt
871 4873 1134 4942 sacriﬁcia
1169 4885 1506 4938 mortuorum.
1535 4877 1604 4932 Et
1631 4880 1964 4936 irritaverant
1989 4899 2106 4938 eam

515 4958 570 5011 in
591 4959 1034 5017 adinventionibus
1061 4965 1193 5032 suis,
1215 4975 1264 5019 et
1283 4967 1632 5039 multiplicata
1651 4953 1734 5026 est.
1753 4975 1808 5026 in
1827 4976 1902 5028 eis
1925 4977 2099 5029 ruina.

513 5047 584 5102 Et
621 5052 764 5104 stetit
783 5051 1012 5108 Phinees
1037 5063 1088 5108 et
1115 5058 1356 5126 placavit,
1395 5069 1444 5114 et
1467 5065 1686 5117 cessauit
1705 5068 1992 5136 wassatio.
2031 5066 2102 5122 Et

511 5148 800 5211 reputatum
831 5150 910 5197 est
935 5146 982 5198 ei
1011 5146 1082 5198 ad
1101 5147 1378 5216 justitiam,
1415 5153 1472 5205 in
1507 5157 1841 5224 generatione
1867 5167 1916 5212 et
1944 5175 2096 5230 gene-

509 5233 782 5299 rationem,
823 5251 986 5308 risque
1013 5239 1070 5291 in
1097 5242 1478 5310 sempiternam.
1525 5243 1592 5299 Et
1619 5249 1956 5305 irritaverant
1981 5269 2095 5308 eum

507 5323 577 5378 ad
603 5341 792 5396 aquam
827 5329 1273 5399 contradictionis,
1319 5345 1368 5389 et
1391 5347 1602 5391 vexatus
1629 5348 1704 5394 est
1733 5340 1936 5412 Moyses
1965 5363 2089 5415 pro-

505 5422 618 5483 pter
633 5433 740 5482 eos,
761 5421 882 5491 quia
901 5424 1334 5480 emaeerbaverunt
1353 5431 1590 5499 spiritum
1613 5431 1741 5502 ejus.
1765 5432 1829 5485 Et
1853 5435 2092 5490 distinxit

503 5505 560 5556 in
579 5506 732 5562 labiis
751 5513 878 5578 suis,
901 5529 1004 5569 non
1027 5516 1444 5587 disperdiderunt
1463 5533 1639 5591 gentes
1662 5541 1790 5594 quas
1819 5525 1952 5580 dixit
1985 5527 2090 5583 Do-

504 5594 672 5649 minus
701 5597 840 5655 Deus
863 5603 986 5658 illis.
1021 5605 1089 5660 Et
1109 5611 1375 5664 commirti
1403 5621 1522 5664 sunt
1553 5615 1688 5667 inter
1708 5627 1901 5686 gentes,
1934 5629 1982 5672 et
2011 5621 2089 5674 di-

506 5679 737 5738 dicerunt
765 5705 920 5758 opera
949 5711 1140 5762 eorum,
1163 5707 1212 5750 et
1246 5703 1528 5756 seruierunt
1555 5679 1876 5774 sculptilibas
1895 5725 2086 5778 eorum,

2245 615 2366 653 suos
2392 609 2442 654 et
2469 601 2611 671 ﬁlias
2637 619 2758 657 suas
2780 603 3067 661 dtemoniis.
3101 605 3172 660 Et
3201 609 3498 678 eﬁ'uderunt
3538 619 3831 688 sanguinem

2243 693 2588 758 innocentem,
2608 696 2912 766 sanguinem
2931 697 3156 768 ﬁliorum
3179 717 3388 755 suorum
3410 713 3459 757 et
3479 705 3710 775 ﬁliarum
3731 727 3832 764 sua.

2243 797 2377 848 rain,
2405 801 2534 856 quas
2561 789 2980 858 sacriﬁcaverunt
3006 793 3330 864 scalptilibas
3359 795 3634 854 Chanaan.
3661 799 3730 854 Et
3755 805 3829 858 in-

2245 875 2382 946 fecta
2420 885 2496 928 est
2535 885 2674 931 terra
2713 879 2770 932 in'
2809 881 3143 951 sanguinibas
3171 891 3220 937 et
3266 887 3626 942 contaminata
3667 901 3739 946 est
3781 895 3829 948 in

2241 963 2480 1034 operibus
2533 983 2725 1033 eorum,
2771 979 2822 1022 et
2862 972 3106 1042 fornicati
3140 983 3262 1028 sunt
3297 977 3352 1030 in
3392 977 3828 1040 adinventionibus

2241 1057 2368 1110 suis.
2402 1055 2470 1108 Et
2497 1058 2662 1112 iratus
2693 1071 2769 1114 est
2804 1061 2978 1132 furore
3009 1061 3263 1120 Dominus
3293 1065 3348 1120 in
3388 1069 3637 1140 populum
3672 1089 3824 1140 ειυηη,

2239 1157 2290 1201 et
2309 1147 2636 1204 abominatus
2655 1153 2732 1206 est
2751 1153 3105 1209 hwreditatem
3135 1169 3302 1211 suam.
3335 1155 3408 1212 Et
3437 1161 3656 1216 tradidit
3687 1182 3764 1220 eos
3783 1167 3826 1218 in

2239 1245 2424 1294 manus
2462 1241 2706 1312 gentium,
2738 1253 2788 1296 et
2827 1243 3077 1300 dominati
3113 1255 3237 1301 sunt
3271 1265 3450 1304 eorum
3491 1255 3578 1322 qui
3617 1253 3825 1310 oderunt

2237 1347 2344 1386 eos.
2379 1331 2448 1386 Et
2486 1335 2860 1391 tribalaverunt
2896 1355 2985 1393 eos
3025 1340 3224 1395 inimici
3265 1359 3460 1412 eorum,
3505 1357 3556 1400 et
3582 1347 3824 1404 humiliati

2237 1432 2356 1477 sunt
2375 1425 2466 1479 sub
2493 1426 2732 1482 manibus
2753 1445 2947 1494 eorum,
2980 1447 3116 1502 saepe
3135 1431 3372 1488 liberavit
3391 1451 3495 1490 eos.
3525 1435 3640 1509 Ipsi
3672 1451 3820 1496 autem

2237 1511 2676 1574 exacerbaverant
2713 1523 2830 1576 eum
2857 1523 2911 1576 in
2952 1525 3168 1580 consilio
3197 1543 3309 1594 suo,
3352 1537 3402 1582 et
3430 1529 3694 1588 humiliati
3720 1543 3820 1589 sunt

2233 1609 2290 1662 in
2319 1611 2676 1681 iniquitatibus
2703 1615 2828 1668 suis.
2855 1613 2926 1668 Et
2953 1615 3082 1670 vidit
3103 1627 3216 1671 cant
3248 1617 3645 1688 tribularentur,
3680 1633 3723 1678 et
3741 1643 3817 1678 an-

2237 1703 2360 1756 divi't
2391 1706 2681 1759 orationem
2717 1721 2912 1762 eorum.
2957 1705 3026 1762 Et
3055 1727 3248 1766 memor
3275 1713 3376 1784 fuit
3405 1719 3706 1770 testamenti
3731 1721 3814 1784 sui,

2234 1803 2284 1848 et
2312 1795 2549 1865 paenituit
2587 1813 2701 1850 eum
2729 1801 3013 1854 secundum
3049 1803 3435 1859 multitudinem
3469 1809 3816 1866 misericordia

2234 1901 2361 1941 suat.
2381 1885 2451 1940 Et
2472 1887 2614 1942 dedit
2633 1907 2719 1944 eos
2747 1891 2802 1945 in
2824 1893 3210 1950 misericordias
3234 1897 3288 1950 in
3310 1911 3586 1971 conspectu
3609 1907 3812 1959 omnium

2235 1981 2320 2060 gui
2351 1991 2592 2051 ceperant
2616 1997 2722 2038 eos.
2750 1983 2934 2040 Salvos
2966 1990 3051 2059 fac
3080 2005 3194 2057 nos,
3228 1989 3449 2047 Domine
3473 1993 3614 2050 Deus
3639 2009 3810 2064 noster,

2233 2050 2283 2123 et
2310 2050 2564 2143 congrega
2593 2089 2687 2129 nos
2718 2076 2780 2129 de
2813 2050 3130 2136 nationibus.
3161 2081 3228 2136 Ut
3254 2086 3604 2156 conﬁteamur
3639 2094 3810 2146 nomini

2233 2172 2414 2216 sancto
2436 2171 2541 2228 tuo,
2562 2175 2614 2219 et
2634 2167 2913 2238 gloriemur
2930 2173 2986 2225 in
3010 2171 3164 2228 laude
3187 2183 3293 2229 tua.
3317 2175 3632 2236 Benedictus
3653 2175 3809 2238 Domi-

2235 2271 2332 2309 nus
2365 2255 2498 2312 Deus
2526 2257 2696 2314 Israel
2725 2277 2756 2314 a
2779 2263 2972 2320 steculo
2994 2273 3046 2319 et
3071 2283 3230 2340 usque
3253 2269 3306 2324 in
3327 2273 3597 2341 steculam,
3623 2285 3668 2332 et
3693 2278 3806 2334 dicet

2234 2347 2400 2402 omnis
2427 2349 2686 2419 populus:
2719 2347 2866 2416 Fiat,
2902 2353 3015 2424 ﬁat.

2807 2503 3250 2550 οοκκεκτωιιυι.

2307 2594 2531 2652 Alleluia
2561 2601 2790 2670 primum
2823 2606 2933 2674 egit
2963 2615 3020 2662 ut
3049 2609 3393 2681 baptizentur
3413 2617 3706 2676 credentes.
3733 2619 3804 2676 ΑΙ-

2235 2683 2394 2740 lolnia
2435 2691 2730 2748 secundum
2769 2697 2880 2764 agit
2920 2705 2979 2752 nt
3021 2703 3440 2762 reconcilientur
3481 2713 3804 2778 pmnitentes.

2233 2775 2310 2832 lbi
2325 2781 2562 2850 suscepit
2571 2783 2782 2852 plebem
2797 2801 2948 2842 suam
2963 2790 3014 2845 in
3027 2793 3405 2866 exsultatione,
3420 2775 3688 2860 etelectos
3701 2821 3806 2866 suos

2233 2867 2288 2922 in
2321 2867 2522 2926 lmtitia.
2563 2873 2660 2931 Hic
2685 2879 3007 2946 pmnitentes
3036 2885 3273 2954 exaudit,
3307 2897 3362 2944 et
3389 2889 3480 2946 dat
3510 2907 3606 2950 eos
3646 2897 3696 2951 in
3721 2899 3806 2952 mi-

2233 2959 2582 3019 sericordiam
2611 2967 2666 3020 in
2695 2981 2989 3040 conspectu
3021 2977 3282 3042 omnium,
3307 2981 3401 3050 qui
3429 2997 3527 3039 eos
3552 2997 3805 3058 ceperant.

2233 3047 2388 3104 Beati
2421 3063 2548 3108 sunt
2573 3069 2722 3124 ergo,
2755 3061 2846 3127 qui
2877 3063 3186 3120 custodiunt
3203 3047 3489 3138 justitiam.
3528 3047 3640 3134 Non
3682 3082 3807 3141 enim

2233 3143 2302 3198 ad
2327 3145 2434 3200 hoc
2461 3150 2683 3205 veniunt
2707 3171 2718 3205 :
2749 3161 2809 3208 ut
2841 3171 2870 3210 a
2899 3159 3012 3214 suis
3033 3161 3277 3219 hostibus
3304 3169 3606 3238 capiantur.
3639 3169 3700 3228 lii
3728 3191 3806 3230 an-

2233 3241 2342 3288 tem
2385 3238 2479 3305 qui
2513 3241 2658 3310 capti
2697 3253 2821 3299 sunt
2851 3247 3086 3304 clamant
3114 3251 3180 3307 ad
3209 3255 3612 3317 misericordem
3642 3263 3808 3319 dicem

2233 3333 2314 3385 tes
2339 3346 2351 3381 :
2377 3327 2722 3390 Peccavimus
2739 3353 2862 3394 cum
2883 3341 3126 3409 patribus
3143 3349 3359 3416 nostris,
3379 3351 3574 3421 injuste
3595 3355 3807 3425 egimus,

2231 3420 2568 3489 iniquitatem
2610 3423 2854 3484 fecimus.
2895 3431 3006 3488 Nec
3045 3435 3177 3494 illud
3218 3453 3342 3494 cum
3384 3443 3560 3516 aliqua
3595 3420 3808 3504 contra;

2230 3512 2402 3567 versis
2423 3517 2680 3585 respicias
2702 3521 2845 3588 volo,
2871 3523 3016 3594 quod
3037 3525 3168 3594 dixi,
3197 3545 3386 3588 omnes
3408 3512 3496 3605 qui
3517 3552 3615 3590 non
3641 3545 3806 3594 custo-

2227 3603 2380 3660 diunt
2403 3603 2670 3675 justitiam
2697 3612 2984 3683 capiuntur
3007 3619 3074 3674 ab
3103 3619 3343 3678 hostibus
3369 3603 3492 3680 suis.
3515 3625 3630 3682 Illos
3657 3629 3799 3687 enim

2225 3699 2394 3768 magis
2423 3699 2606 3758 hostes
2625 3706 2834 3775 respice
2863 3709 2954 3779 qui
2987 3726 3108 3767 cum
3131 3729 3250 3771 esse
3275 3731 3368 3788 pro
3395 3725 3540 3774 certo
3571 3735 3792 3775 noscan-

2224 3797 2329 3857 tur,
2363 3807 2461 3861 pro
2490 3799 2641 3850 certo
2669 3793 2840 3852 videri
2869 3815 2975 3856 non
3001 3813 3246 3872 possunt.
3272 3805 3340 3862 Et
3367 3793 3484 3863 etim
3513 3809 3629 3866 illos
3658 3825 3804 3884 aspe.

2223 3889 2312 3936 ctu
2341 3885 2538 3940 mentis
2567 3889 2881 3956 attenderis,
2914 3892 3060 3948 illum
3083 3896 3204 3966 plus
3229 3898 3436 3955 videbis
3467 3915 3496 3956 a
3523 3902 3628 3957 suis
3647 3903 3808 3958 hosti~

2219 3974 2322 4030 bus
2346 3977 2628 4046 possideri,
2661 3983 2752 4049 qui
2781 3991 2904 4052 post
2931 3996 3214 4056 peccatum
3242 3993 3496 4059 exsultat,
3535 3995 3680 4050 nullo
3711 3994 3806 4052 lla-

2219 4067 2362 4134 gello
2404 4083 2709 4138 percussus.
2755 4073 2954 4131 Verum
2993 4081 3119 4148 quia
3159 4097 3316 4138 verus
3349 4083 3689 4142 Christianus
3727 4089 3810 4146 ille

2220 4165 2320 4224 est,
2363 4161 2454 4229 qui
2491 4177 2590 4231 pro
2631 4165 2742 4220 suis
2769 4169 3009 4235 quotidie
3047 4175 3284 4242 peccatis
3315 4185 3529 4244 exorat,
3559 4179 3810 4252 suscipiat

2217 4251 2458 4319 regulam
2483 4256 2832 4324 pmnitentiae,
2871 4269 2896 4298 ι
2926 4263 3164 4320 excluso.
3199 4265 3347 4322 Nova
3387 4270 3461 4324 ita
3494 4288 3604 4326 non
3635 4251 3808 4330 cente-

2217 4339 2411 4395 simum
2425 4343 2672 4412 quintum
2690 4349 2951 4417 psalmum
2973 4357 3268 4413 centesimo
3285 4367 3484 4428 quarto
3505 4365 3626 4436 subj
3635 4374 3802 4436 ungat,

2217 4445 2326 4484 non
2367 4441 2580 4489 recuset
2627 4435 2844 4494 ﬂentem
2887 4441 2938 4496 in
2981 4447 3188 4514 quinto,
3221 4463 3383 4520 quem
3413 4453 3468 4508 in
3500 4435 3692 4526 quarto
3717 4435 3801 4512 lat-

2215 4531 2419 4580 tantem
2454 4529 2681 4599 accepit.
2716 4531 2783 4585 Et
2807 4534 2946 4590 sicut
2975 4537 3063 4594 illc
3092 4543 3329 4597 cantavit
3357 4545 3601 4616 alleluia,
3633 4557 3686 4606 et
3709 4551 3805 4606 iste

2215 4617 2428 4672 alleluia
2463 4619 2736 4677 decantet.
2768 4623 2846 4680 lbi
2872 4625 3022 4684 dives
3050 4629 3221 4688 factus
3251 4633 3302 4688 in
3334 4647 3570 4705 argento
3603 4651 3658 4698 et
3685 4659 3812 4698 auro

2214 4707 2486 4773 egreditur
2520 4711 2777 4780 gaudens,
2808 4715 2894 4772 hic
2933 4721 3211 4779 mendicus
3253 4723 3479 4784 allectus
3523 4733 3813 4788 revertitur

2209 4797 2448 4867 plorans.
2477 4797 2544 4854 Et
2581 4802 2654 4858 ibi
2691 4803 2904 4862 alleluia
2936 4819 3210 4868 cantatum
3250 4825 3350 4882 est,
3389 4827 3444 4872 et
3473 4819 3572 4877 hic
3604 4823 3814 4880 alleluia

2209 4897 2476 4944 cantatur.
2503 4891 2578 4948 lbi
2599 4897 2918 4966 conﬁtemini
2937 4899 3136 4958 dictum
3160 4913 3260 4974 est,
3285 4917 3334 4961 et
3359 4909 3611 4968 invocate
3635 4934 3816 4972 nomen

2205 4982 2337 5051 ejus,
2379 4981 2467 5038 hic
2505 4983 2836 5043 conﬁtemini
2877 4991 3071 5048 dicitur
3109 4999 3364 5064 quoniam
3407 4999 3616 5060 bonus.
3651 5007 3820 5062 Dicito

2204 5081 2425 5140 peccata
2449 5083 2642 5144 vestra,
2676 5079 2818 5135 unde
2839 5085 3202 5144 exacerbastis
3233 5089 3547 5151 Dominum.
3589 5097 3823 5155 Dictm'it

2203 5166 2348 5222 enim
2377 5183 2540 5238 super
2568 5185 2664 5226 vos
2691 5175 3034 5244 sententiam,
3068 5189 3127 5234 ut
3154 5179 3372 5252 dejiciat
3401 5202 3501 5241 vos
3543 5191 3605 5245 in
3638 5193 3822 5264 nstin.

2199 5259 2375 5326 nibus,
2419 5271 2474 5318 et
2510 5263 2783 5335 dispergat
2818 5285 2916 5324 vos
2965 5271 3017 5325 in
3069 5275 3397 5344 regionibus.
3451 5261 3822 5340 Conﬁtemini

2196 5350 2359 5416 bono,
2408 5351 2736 5412 conﬁtemini
2763 5359 2964 5416 volenti
2995 5379 3237 5433 parcere.
3270 5369 3340 5424 At
3381 5371 3454 5426 illi
3493 5393 3506 5426 :
3547 5371 3824 5436 Peccavi-

2195 5457 2334 5506 mus,
2361 5444 2625 5515 inquiunt,
2645 5465 2764 5506 cum
2786 5455 3027 5524 patribus
3053 5461 3272 5516 nostris.
3293 5461 3668 5526 Peccavimus
3697 5488 3824 5527 cum

2197 5535 2454 5604 patribus,
2489 5549 2595 5594 non
2623 5545 2689 5597 dc
2717 5551 2962 5616 tempore
2990 5551 3186 5620 posuit.
3219 5551 3350 5608 Cum
3383 5559 3648 5625 patribus
3675 5565 3824 5618 enim

2195 5635 2322 5682 tunc
2348 5643 2704 5698 peccaverunt
2731 5641 2945 5707 quando
2977 5643 3324 5702 irritaverunt
3352 5653 3739 5714 ascendentes
3769 5657 3828 5718 in

2197 5716 2434 5774 Rubrum
2465 5739 2632 5792 mare,
2665 5729 2881 5796 quando
2913 5737 3124 5804 operuit
3152 5753 3286 5808 aqua
3321 5741 3668 5803 tribulantes
3699 5765 3822 5804 eos.

577 5827 603 5856 ιι
625 5817 924 5890 Legendum
957 5831 1203 5898 arbitror,
1236 5838 1441 5892 excluso
1483 5839 1721 5910 Novato;
1755 5861 1878 5900 nam
1909 5848 1952 5904 is
1975 5865 2082 5906 non
2105 5829 2410 5924 recipiebat
2439 5862 2781 5928 pmnitentes.
