4088 6346
228 397 336 455 ωδ

1181 394 1650 454 COMMENTARII
1684 398 1754 454 IN
1793 396 2122 455 PSALMOS.
2164 398 2353 456 PSAL.
2394 402 2506 458 CV.

3394 402 3499 466 486

224 506 592 589 Posteaquam
630 516 968 574 crediderunt
1002 518 1170 573 verbo
1207 517 1324 582 Dei,
1366 527 1423 573 et
1459 525 1811 574 cantaverunt
1836 518 1891 584 Α
1914 525 2226 591 martyrum,
2255 519 2348 589 qui
2366 534 2476 575 non
2503 521 2817 588 timuerunt,
2848 521 2986 579 sicut
3012 518 3262 592 Phinees,
3286 527 3497 595 sangui-

228 614 445 669 laudem
472 612 608 683 ejus,
637 612 818 668 statim
843 612 995 667 obliti
1016 619 1141 667 sunt
1167 627 1391 684 operum
1419 612 1551 682 ejus.
1582 610 1651 665 Et
1681 628 1813 668 con-

228 706 515 776 cupierunt
541 703 1030 775 concupiscentiam
1059 704 1112 757 in
1141 702 1376 770 deserto,
1407 703 1542 759 ollas
1570 702 1807 775 IEgypﬁ,

227 803 284 852 et
306 795 651 850 irritaverunt
676 793 729 847 in
758 792 1019 857 siccitate,
1046 800 1101 848 et
1137 793 1263 848 data
1284 801 1368 849 est
1393 794 1474 849 eis
1500 793 1691 865 petitio
1716 808 1811 849 eo-

226 898 373 952 rum,
399 892 455 941 et
481 884 605 940 data
634 890 717 939 est
744 885 997 940 saturitas
1024 885 1077 940 in
1106 884 1338 940 animam
1365 899 1573 940 eorum.
1603 882 1811 940 Saturi-

224 985 396 1033 tatem
424 984 608 1033 secuta
639 983 723 1032 est
756 976 991 1041 luxuria,
1022 984 1078 1032 et
1105 976 1344 1032 irritatus
1381 982 1466 1032 est
1492 975 1751 1031 Dominus
1777 990 1809 1031 a

222 1068 475 1142 superbis
502 1068 731 1136 Dathan,
773 1067 933 1134 Core,
975 1075 1032 1125 et
1069 1068 1290 1125 Abiron.
1320 1066 1385 1124 Et
1421 1069 1533 1124 sive
1561 1084 1660 1140 pro
1689 1068 1810 1137 igne

222 1165 427 1231 alieno,
457 1164 571 1221 sive
598 1180 698 1235 pro
726 1164 973 1236 superbia
1010 1173 1199 1220 contra
1226 1164 1444 1238 Moysen
1476 1181 1592 1232 usa,
1622 1172 1807 1236 aperta

222 1264 309 1312 est
338 1262 501 1321 terra,
544 1262 599 1311 et
630 1255 913 1325 deglntivit
939 1271 1034 1310 eos
1062 1256 1322 1311 viventes.
1354 1252 1590 1327 Populus
1627 1264 1807 1312 autem

219 1346 503 1414 liberatus,
527 1346 809 1423 immemor
829 1346 1133 1403 liberatoris
1151 1346 1254 1413 sui,
1277 1356 1608 1403 memoratur
1621 1362 1809 1418 super-

219 1440 473 1497 stitiones
494 1437 729 1512 Egypti.
747 1439 950 1509 Quibus
970 1454 1178 1495 memor
1198 1454 1387 1494 aurum
1405 1454 1559 1493 suum
1578 1439 1633 1494 in
1655 1438 1809 1493 vituli

218 1528 626 1588 similitudinem
656 1528 845 1597 fundit,
876 1531 1065 1587 adorat
1091 1544 1256 1603 opera
1283 1546 1539 1586 manuum
1565 1545 1802 1585 suarum.

218 1622 433 1678 Oblitus
473 1630 555 1678 est
590 1623 732 1678 enim
774 1621 866 1692 qui
913 1622 1162 1678 liberavit
1199 1636 1343 1690 eum,
1384 1638 1483 1693 pro
1517 1636 1628 1692 quo
1664 1620 1809 1677 facto

217 1713 354 1768 dum
382 1712 545 1768 Vellet
561 1711 820 1771 Dominus
845 1710 1155 1783 disperdere
1182 1728 1297 1778 eos,
1318 1714 1467 1768 stetit
1496 1710 1707 1785 Moyses
1727 1710 1808 1767 di-

217 1817 352 1858 cens
376 1820 389 1855 :
424 1800 661 1867 Domine,
691 1802 803 1857 dele
825 1819 905 1858 me
927 1802 988 1856 de
1008 1802 1140 1857 libro
1164 1806 1271 1869 tuo,
1302 1805 1346 1857 si
1373 1804 1488 1857 istis
1509 1819 1612 1858 non
1633 1803 1806 1873 parcis

1913 625 2037 665 nem
2052 609 2295 665 fundere.
2315 608 2386 665 Ut
2396 610 2479 665 his
2498 612 2776 667 orantibus
2787 619 2961 668 cesset
2977 628 3007 668 a
3028 614 3183 670 nobis
3200 618 3494 686 quassatio,

1913 708 1971 754 ut
1991 700 2094 756 hoc
2120 699 2264 771 quod
2302 701 2598 767 evadimus,
2627 704 2752 772 quia
2781 711 2962 759 nostra
2985 704 3192 775 justitia
3223 707 3363 762 nulla
3392 714 3495 773 est,

1912 792 2125 847 illorum
2167 801 2446 864 reputetur
2476 792 2714 863 justitize,
2746 810 2777 849 a
2805 798 3154 867 generatione
3192 807 3247 853 et
3273 812 3497 870 genera-

1913 885 2061 940 tione
2086 885 2139 940 in
2160 893 2441 941 aeternum.
2469 883 2620 941 Nunc
2642 885 2930 942 videndum
2952 895 3035 942 est
3059 889 3291 959 qualiter
3317 898 3373 946 et
3397 904 3497 945 nos

1912 974 2051 1030 sicut
2078 974 2155 1030 illi
2186 975 2456 1031 irritamns
2481 974 2767 1032 Dominum
2795 974 2863 1031 ad
2895 986 3087 1051 aquam
3113 978 3496 1036 contradictio-

1912 1067 2015 1134 nis,
2036 1067 2114 1124 ita
2143 1075 2204 1123 ut
2228 1076 2456 1125 vexetur
2474 1066 2687 1140 Moyses
2712 1080 2933 1144 propter
2959 1085 3059 1127 nos
3085 1072 3175 1143 qui
3202 1072 3494 1129 exacerba-

1909 1176 2030 1216 mns
2054 1160 2300 1231 spiritum
2322 1159 2458 1229 ejus.
2485 1156 2589 1225 ita,
2622 1165 2681 1215 ut
2706 1158 2837 1227 dixi,
2869 1159 3038 1232 liquet
3065 1162 3301 1233 psalmus
3318 1163 3410 1220 hic
3439 1165 3493 1220 in

1906 1251 2153 1317 historia,
2186 1260 2246 1307 ut
2272 1253 2487 1324 penitus
2513 1260 2569 1309 et
2596 1254 2873 1326 expositor
2901 1255 3234 1313 necessarius
3263 1273 3370 1312 non
3402 1257 3492 1313 sit.

1908 1338 2014 1396 Sed
2060 1341 2187 1412 quia
2215 1355 2246 1397 a
2288 1341 2470 1397 littera
2496 1342 2722 1412 ingressi
2751 1357 2935 1399 sumus
2963 1342 3099 1399 infra
3122 1344 3379 1412 litteram,
3411 1347 3491 1401 vi-

1908 1434 2129 1491 deamus
2169 1434 2443 1505 quomodo
2472 1436 2710 1492 irritetur
2735 1436 2993 1493 Dominus
3026 1436 3095 1492 ad
3130 1452 3324 1510 aquam
3363 1454 3505 1519 cons

1908 1525 2261 1582 tradictionis.
2304 1523 2437 1583 Post
2482 1529 2747 1600 baptisma
2777 1545 2940 1584 unum
2989 1544 3128 1601 aqua
3173 1530 3331 1586 nobis
3359 1546 3489 1587 con-

1907 1618 2245 1674 tradictionis
2269 1620 2526 1686 exoritur,
2553 1620 2934 1676 contradicitur
2954 1622 3107 1677 nobis
3134 1638 3271 1694 aqua
3291 1623 3492 1695 baptis-

1909 1708 2071 1765 matis
2103 1729 2114 1763 :
2152 1709 2294 1765 Unus
2323 1710 2465 1766 enim
2508 1710 2662 1778 Deus,
2694 1729 2798 1766 una
2835 1711 2984 1783 ﬁdes,
3037 1729 3194 1768 unum
3239 1710 3492 1788 baptisma

1909 1798 2072 1872 (Eph.
2103 1801 2198 1873 iv).
2232 1800 2308 1857 lbi
2336 1817 2595 1857 vexamus
2619 1800 2860 1874 Moysen.
2894 1800 3103 1875 Moyses
3131 1803 3216 1859 lex
3248 1805 3341 1862 Dei
3372 1814 3486 1873 est;

219 1890 419 1964 (Exod.
455 1893 642 1964 xxxn).
675 1890 907 1948 Putasne
937 1901 1015 1957 tu,
1037 1908 1072 1948 o
1097 1891 1327 1965 Moyses,
1351 1892 1474 1964 plus
1500 1892 1809 1948 misericors
1834 1892 1885 1957 Β
1911 1890 2167 1946 vexamus
2187 1889 2361 1960 legem
2381 1890 2525 1961 ejus,
2540 1900 2946 1948 contemnentes
2966 1903 3232 1965 prmeepta
3251 1894 3382 1964 ejus.
3404 1894 3493 1953 ln‘

215 1992 279 2039 es
308 1999 469 2054 quam
504 1984 592 2039 ille
620 1984 710 2054 qui
736 1984 1137 2055 blasphematus
1164 1998 1359 2038 manna
1380 1983 1531 2055 pluit,
1556 1983 1648 2052 qui
1675 1998 1807 2037 con-

216 2083 457 2147 temptas
483 2074 550 2131 de
583 2082 725 2131 terra
753 2075 1002 2146 producit
1029 2090 1213 2145 aquas.
1251 2072 1368 2129 Non
1414 2083 1470 2129 tu
1497 2075 1618 2145 plus
1641 2075 1805 2130 mise-

215 2167 410 2233 ricors,
433 2166 529 2223 sed
552 2167 720 2222 voluit
741 2166 999 2221 Dominus
1019 2163 1269 2221 allectum
1291 2172 1440 2219 tuum
1461 2165 1684 2220 ducibus
1704 2180 1807 2235 po-

214 2259 330 2329 puli
370 2257 606 2322 recitari,
638 2264 696 2311 ut
734 2257 814 2312 sic
852 2264 1013 2325 agant
1050 2255 1193 2310 circa
1237 2263 1545 2325 peccantes,
1590 2255 1726 2311 sicut
1755 2263 1809 2312 te

214 2344 415 2408 fecisse
443 2355 795 2420 cognoscunt,
826 2364 935 2403 non
964 2349 1073 2403 cito
1100 2346 1373 2413 damnent,
1405 2347 1500 2403 sed
1538 2346 1808 2404 volentem

212 2441 509 2497 Dominum
556 2438 914 2496 condemnare
949 2440 1061 2494 suis
1107 2439 1356 2511 precibus
1394 2438 1629 2496 ﬂectant.
1670 2439 1806 2496 Audi

211 2534 352 2604 quid
379 2540 565 2589 cantas
597 2552 609 2586 :
642 2533 802 2600 Dixit,
829 2532 1016 2603 inquit,
1043 2540 1101 2588 ut
1126 2531 1457 2604 disperderet
1476 2546 1589 2599 eos,
1621 2533 1666 2587 si
1695 2549 1802 2589 non

215 2624 438 2697 Moyses
464 2624 698 2697 stetisset
725 2624 779 2678 in
799 2622 1165 2680 confractione
1191 2631 1247 2678 et
1273 2622 1535 2679 seditione
1559 2638 1663 2693 qua
1686 2639 1802 2678 mo-

218 2696 343 2770 neri
376 2696 628 2786 coeperat,
659 2721 714 2769 et
741 2714 825 2784 agi
854 2713 1080 2786 populus
1111 2732 1123 2766 :
1155 2712 1332 2778 Stetit,
1366 2713 1556 2784 inquit,
1580 2714 1634 2769 in
1665 2731 1796 2770 con-

214 2812 413 2874 spectu
451 2804 582 2874 ejus,
616 2813 675 2859 ut
709 2812 976 2859 averteret
1018 2804 1151 2859 iram
1181 2801 1316 2874 ejus,
1360 2820 1427 2859 ne
1465 2803 1800 2875 disperderet

213 2908 336 2949 eos.
353 2893 471 2949 Jam
498 2895 543 2950 si
573 2895 906 2965 placet,quia
937 2895 1125 2965 longus
1153 2903 1236 2951 est
1262 2895 1520 2967 psalmus,
1555 2904 1797 2953 transea-

212 3000 340 3041 mus
360 2984 425 3041 ad
444 3001 658 3042 causam
680 2995 914 3043 nostram
935 2988 1001 3042 ab
1023 2987 1243 3043 historia
1264 2986 1585 3043 Iudaeorum.
1608 2986 1799 3044 Omnia

212 3076 364 3131 enim
394 3077 548 3133 nobis
568 3079 669 3133 ista
688 3086 812 3149 post
829 3077 1169 3150 baptismatis
1196 3079 1656 3135 consecrationem
1676 3093 1802 3134 eve-

211 3169 393 3224 niunt.
423 3166 756 3239 lngredimur
783 3167 927 3225 enim
945 3187 1043 3241 per
1061 3166 1386 3241 baptismum
1407 3179 1605 3227 terram
1634 3168 1801 3228 liuen-

1909 1998 2073 2054 super
2099 1983 2263 2039 etiam
2303 1985 2690 2041 exacerbunns
2727 1985 2976 2057 spiritum
3005 1983 3123 2053 ejus
3148 1994 3408 2053 sanctum,
3440 1987 3493 2043 in

1908 2089 2018 2144 quo
2056 2075 2249 2145 signati
2290 2092 2474 2134 sumus
2517 2077 2571 2132 in
2599 2076 2685 2133 die
2713 2076 3119 2149 redemptionis.
3158 2076 3271 2132 Hoc
3314 2086 3493 2135 autem

1907 2162 2151 2231 facimus,
2178 2167 2394 2236 quando
2423 2182 2532 2222 non
2561 2166 2920 2237 disperdimus
2962 2176 3151 2236 gentes
3188 2182 3321 2238 quas
3358 2169 3495 2224 dixit

1907 2252 2186 2323 Dominus,
2216 2257 2431 2328 quando
2478 2258 2746 2314 nutrimus
2782 2258 2929 2326 vitia,
2978 2267 3219 2315 amantes
3262 2275 3324 2315 ea
3371 2276 3493 2332 quzc

1908 2344 2023 2400 odit
2050 2345 2308 2403 Dominus
2336 2349 2749 2405 commiscemur
2776 2350 2915 2405 inter
2941 2359 3148 2421 gentes,
3180 2351 3372 2406 similia
3399 2350 3493 2408 aut

1906 2440 2091 2513 pejora
2123 2441 2395 2509 facientes,
2426 2457 2589 2513 quam
2633 2451 2822 2513 gentes
2862 2459 2981 2516 qua:
3010 2442 3259 2514 ignorant
3297 2442 3486 2502 Deum.

1906 2530 2179 2591 Servimus
2200 2534 2532 2606 sculptilibus
2552 2550 2761 2602 eorum,
2777 2530 2948 2592 Deum
2965 2535 3227 2592 habentes
3245 2549 3487 2593 ventrem

1904 2628 1959 2677 et
1986 2622 2210 2694 gloriam
2250 2625 2303 2679 in
2344 2633 2603 2681 stercore.
2634 2622 2772 2681 Hinc
2812 2625 3048 2682 nascitur
3077 2626 3232 2682 nobis
3259 2626 3484 2683 scanda-

1903 2713 2033 2781 lum,
2057 2714 2109 2770 id
2129 2724 2231 2782 est,
2254 2715 2437 2772 libido.
2463 2710 2614 2772 Tunc
2642 2716 2979 2793 immolamus
3008 2714 3149 2772 lilios
3183 2726 3396 2773 nostros
3431 2724 3487 2774 et

1903 2802 2038 2861 filias
2067 2814 2280 2862 nostras
2308 2805 2605 2870 daemoniis,
2631 2805 2685 2860 id
2703 2814 2803 2871 est,
2829 2821 3018 2862 sensus
3041 2812 3277 2876 nostros,
3298 2808 3388 2878 qui
3417 2822 3487 2865 ex

1910 2897 2065 2952 nobis
2093 2899 2247 2970 quasi
2294 2898 2385 2953 lilii
2427 2905 2736 2953 nascuntur.
2783 2896 2853 2953 Et
2880 2898 3232 2968 cogitationes
3277 2905 3488 2957 nostras

1901 2988 2177 3043 daemoniis
2206 2987 2481 3043 tradimus.
2511 2984 2844 3045 Edundimus
2878 2989 3188 3059 sanguinem
3218 2990 3481 3046 innocen~

1903 3086 2032 3145 tem,
2078 3078 2129 3134 id
2158 3087 2260 3147 est,
2294 3080 2603 3150 sanguinem
2651 3080 2949 3137 animarum
2991 3081 3331 3154 simplicium,
3363 3098 3483 3155 qua:

1904 3179 2090 3228 nostro
2117 3172 2366 3245 exemplo
2393 3170 2728 3245 delinquunt.
2749 3172 3070 3245 Sanguinem
3092 3174 3274 3247 Inique
3295 3190 3481 3231 eorum

212 3267 328 3314 tem
354 3258 439 3315 lac
465 3268 520 3315 et
549 3261 675 3316 mel.
707 3259 775 3315 Et
793 3268 919 3332 post
946 3262 1060 3317 bzec
1087 3276 1186 3332 pro
1207 3260 1375 3317 nihilo
1400 3262 1663 3319 habemus
1690 3270 1798 3320 ter-
1820 3254 1868 3331 Ο
1900 3262 2260 3322 sacriﬁcamus
2299 3266 2631 3338 sculptilibus
2666 3264 2853 3323 Cbam.
2886 3267 3053 3323 Cbam
3095 3267 3281 3323 irrisor
3314 3269 3484 3339 patris

211 3364 335 3405 ram
360 3350 788 3419 desiderabilem,
820 3353 1034 3423 quando
1062 3352 1351 3425 polluimus
1381 3362 1578 3410 terram
1607 3371 1798 3428 corpo-

150 3516 153 3521 λ
211 3444 293 3499 ris
319 3444 505 3499 nostri.
545 3442 664 3499 Non
693 3446 837 3501 enim
874 3461 1000 3502 vere
1029 3445 1297 3503 credimus
1324 3450 1502 3505 verbis
1530 3448 1645 3517 Dei,
1684 3466 1799 3522 per-

213 3545 439 3609 petuum
468 3537 769 3595 incendium
796 3548 821 3578 ἰ
850 3540 1297 3596 comminantibus
1324 3543 1638 3615 propinquis
1662 3551 1798 3599 tem-

213 3630 490 3702 poralibus
517 3629 689 3687 factis.
708 3626 773 3686 Et
802 3633 925 3701 quia
954 3631 1066 3688 Deo
1090 3650 1198 3688 non
1235 3634 1523 3699 credimus,
1556 3652 1794 3690 murmu-

215 3739 399 3779 ramus
428 3725 481 3779 in
503 3724 859 3781 tabernaculis
886 3726 1144 3781 mentium
1173 3734 1498 3794 nostrarum,
1530 3727 1656 3798 quia
1688 3744 1797 3783 non

215 3812 589 3868 exandivimus
607 3822 794 3871 vocem
814 3813 1044 3869 Domini.
1070 3814 1185 3881 Qua
1207 3816 1381 3871 fronte
1400 3815 1628 3871 dicimus
1641 3814 1754 3871 Deo
1781 3835 1792 3871 :

217 3901 428 3958 Exaudi
469 3919 660 3959 vocem
700 3912 957 3971 nostram,
987 3906 1078 3974 qui
1122 3922 1230 3960 non
1268 3907 1582 3963 exaudimus
1609 3924 1799 3964 vocem

220 3992 455 4047 Domini.
513 3992 735 4063 Insuper
782 3994 943 4049 etiam
1006 4010 1387 4051 consecramur
1440 3997 1796 4067 Beelphegor,

219 4082 398 4137 ventri
437 4090 493 4137 et
536 4080 1087 4151 libidini‘servientes,
1134 4094 1227 4140 aut
1266 4087 1384 4142 illos
1423 4088 1665 4152 colimus,
1710 4089 1798 4159 qui

217 4173 406 4228 colunt
433 4180 652 4228 ventres
699 4182 930 4241 nostros,
968 4182 1060 4231 aut
1099 4174 1219 4232 illos
1245 4192 1469 4247 quorum
1502 4165 1739 4249 persona
1769 4197 1800 4236 a

215 4261 420 4318 mundo
447 4262 754 4331 suscipitur.
787 4262 932 4332 Quos
960 4278 1081 4322 cum
1122 4267 1371 4333 sciamus,
1415 4278 1508 4324 aut
1534 4274 1717 4340 t‘urpes
1746 4272 1799 4326 in

212 4356 389 4420 factis,
422 4364 516 4411 aut
559 4355 781 4427 injustas
809 4358 863 4413 in
887 4357 1109 4429 judicio,
1147 4366 1327 4415 tamen
1356 4361 1480 4432 quia
1515 4369 1798 4433 potentum

212 4447 467 4505 amicitiis
496 4450 833 4521 copulantur,
865 4454 958 4507 aut
998 4450 1098 4523 ipsi
1138 4461 1387 4525 potentes
1426 4463 1570 4522 sunt,
1612 4456 1712 4511 bos
1742 4457 1797 4511 in

210 4539 523 4597 sacerdotio
552 4546 949 4609 consecramus,
981 4541 1081 4599 bos
1109 4540 1298 4613 dignos
1317 4545 1609 4601 clamamus
1635 4553 1689 4601 et
1702 4546 1794 4616 ju-

1898 3364 1998 3412 est.
2029 3356 2070 3411 li
2099 3372 2228 3428 ergo
2256 3358 2348 3428 qui
2377 3357 2598 3413 irrident
2626 3357 2797 3427 legem
2826 3357 2922 3413 Dei
2952 3358 3123 3413 nostri
3157 3358 3239 3413 his
3266 3374 3362 3413 eos
3396 3375 3482 3413 sa-

1898 3447 2198 3505 criﬁcamus
2247 3450 2338 3520 qui
2387 3458 2575 3504 nostro
2620 3448 2867 3519 exemplo
2911 3447 3244 3517 delinquunt.
3295 3444 3484 3503 Jacent

1898 3541 2042 3596 enim
2092 3549 2217 3595 ante
2265 3556 2362 3595 ora
2410 3555 2618 3603 eorum,
2667 3538 2734 3593 de
2763 3538 2891 3608 ipsis
2917 3537 3229 3608 loquuntur,
3260 3535 3327 3593 de
3356 3538 3483 3609 ipsis

1897 3634 2056 3698 risus,
2088 3631 2155 3686 de
2186 3632 2313 3700 ipsis
2338 3630 2512 3700 jocus,
2544 3629 2610 3685 de
2640 3630 2772 3700 ipsis
2799 3629 3085 3700 opprobria
3116 3630 3362 3686 universa
3390 3646 3480 3685 re.

1897 3724 2133 3795 periunt.
2160 3720 2255 3776 llle
2276 3723 2566 3777 monachus
2586 3722 2690 3777 hoc
2710 3721 2836 3790 egit,
2870 3720 2958 3776 ille
2982 3720 3208 3776 clericus
3239 3720 3362 3785 hoc,
3391 3721 3480 3777 illa

1898 3813 2321 3869 sanctimonialis
2344 3813 2483 3877 hoc;
2514 3814 2589 3868 sic
2618 3810 2932 3867 interﬁcitur
2951 3820 3093 3866 terra
3117 3810 3479 3879 sanguinibus,

1900 3904 1954 3959 id
1983 3912 2083 3969 est,
2116 3913 2343 3959 terrena:
2394 3911 2601 3958 mentes
2643 3895 3035 3957 interﬁciuntur
3061 3902 3164 3955 hoc
3200 3900 3407 3964 ordine,
3436 3902 3481 3956 si

1902 3996 1991 4051 ille
2020 3997 2109 4067 qui
2139 4004 2355 4049 sanctus
2387 4002 2605 4051 vocatus
2633 4002 2687 4047 et
2709 4009 2920 4047 nonnus
2939 3990 2968 4030 ν’
2998 3993 3076 4047 sic
3101 3990 3194 4046 ait.
3224 3988 3338 4060 Ego
3362 3993 3483 4061 quis

1904 4094 1994 4141 aut
2017 4092 2215 4156 quotus
2234 4102 2348 4141 sum
2372 4094 2429 4139 ut
2450 4100 2555 4141 non
2585 4099 2757 4154 agam,
2790 4082 2868 4138 sic
2887 4078 3119 4140 inﬁcitur
3137 4082 3268 4137 vitio
3297 4089 3482 4137 nostro

1903 4187 2046 4234 terra
2089 4177 2454 4247 sanguinibus,
2487 4183 2540 4231 et
2578 4176 2973 4232 contaminatur
3014 4176 3067 4229 in
3105 4174 3355 4245 operibus
3383 4191 3480 4230 no-

1901 4269 2044 4324 stris.
2078 4266 2211 4334 Quia
2255 4265 2579 4322 fornicamur
2608 4267 2661 4321 in
2690 4262 3151 4321 observationibus
3180 4264 3395 4329 nostris,
3427 4264 3478 4320 id

1900 4367 2001 4425 est,
2050 4359 2101 4413 in
2131 4358 2407 4428 proposito
2435 4364 2621 4412 sancto
2646 4355 2827 4428 positi,
2860 4362 2951 4409 aut
2978 4354 3162 4419 corde,
3196 4364 3289 4409 aut
3315 4370 3480 4424 opere

1898 4451 2243 4507 ioruicamur.
2274 4448 2399 4505 Ideo
2439 4448 2683 4503 irascitur
2711 4447 2967 4503 Dominus
3013 4461 3176 4517 super
3220 4446 3476 4518 p0pulum

1897 4558 2073 4605 suum,
2102 4544 2157 4598 et
2178 4540 2515 4596 abominatus
2536 4546 2619 4595 est
2642 4538 3009 4595 hacreditatem
3032 4551 3205 4591 suam.
3228 4532 3354 4591 ideo
3375 4542 3480 4590 tra-

210 4640 350 4696 stos,
374 4649 471 4704 per
497 4638 635 4704 Quos
659 4632 1043 4691 manducamus
1081 4643 1414 4692 mortuorum
1443 4636 1721 4695 sacrificia.
1753 4638 1795 4694 li
1823 4626 1872 4689 1)
1896 4633 2029 4690 didit
2055 4649 2153 4689 nos
2181 4630 2235 4688 in
2264 4644 2427 4687 manu
2456 4630 2810 4695 inimicorum,
2848 4635 2903 4683 et
2932 4626 3275 4683 dominantur
3309 4626 3483 4680 nostri

118 4756 124 4775 -.
209 4724 360 4780 extim
381 4724 473 4795 qui
502 4718 733 4779 offerunt
767 4725 879 4780 sive
907 4728 1179 4797 pecunias,
1210 4728 1321 4784 sive
1348 4744 1573 4785 munera
1611 4728 1795 4787 Eccle-

121 4874 127 4899 ε
208 4813 332 4877 siis,
355 4819 410 4868 et
436 4813 634 4869 mortui
662 4820 787 4870 sunt
805 4815 858 4870 in
880 4816 1117 4887 peccatis
1143 4816 1272 4884 suis,
1302 4827 1590 4890 propterea
1610 4821 1797 4890 utique

125 4912 136 4990 ξ
210 4900 470 4970 oﬁ‘erunt,
511 4910 570 4959 ut
606 4906 803 4960 nostris
838 4906 1087 4978 precibus
1122 4907 1443 4964 reviviscant
1474 4927 1486 4961 :
1521 4922 1621 4964 nos
1660 4925 1793 4967 vero

130 4992 135 4997 ’
208 4992 402 5065 pejora
426 4995 631 5051 scelera
652 4997 1070 5062 committentes,
1103 4997 1193 5053 illa
1220 5011 1340 5068 qua:
1371 4998 1603 5055 offerunt
1630 5002 1796 5056 sacri-

126 5104 139 5163 }
210 5081 340 5139 licia
362 5086 556 5139 mortui
585 5085 935 5152 comedimus,
966 5086 1041 5141 illi
1070 5093 1248 5142 autem
1275 5087 1328 5141 in
1358 5102 1453 5143 sua
1473 5096 1649 5145 morte
1672 5105 1796 5161 per-

120 5166 134 5211 έ
208 5173 434 5241 durant,
467 5175 591 5245 quia
625 5185 812 5233 nostro
837 5184 944 5233 non
971 5176 1368 5233 revocabuntur
1394 5178 1642 5250 exemplo
1674 5195 1690 5234 :
1721 5179 1799 5236 sic

208 5266 278 5320 iit
321 5274 380 5320 ut
424 5265 696 5322 irritetnus
730 5264 1016 5323 Dominum
1062 5268 1115 5323 in
1160 5266 1243 5323 bis
1270 5267 1457 5324 studiis
1495 5269 1711 5335 nostris,
1744 5276 1800 5325 et

207 5354 601 5426 multiplicatur
619 5371 779 5427 super
799 5370 899 5413 nos
918 5357 1091 5412 ruina.
1112 5354 1349 5414 Pereunt
1370 5359 1549 5425 urbes,
1568 5366 1799 5430 pereunt

210 5449 529 5520 provinciae,
571 5450 697 5520 quia
724 5457 954 5520 pereunt
980 5449 1296 5521 disciplinae.
1319 5449 1575 5524 Superest
1609 5462 1667 5508 ut
1694 5462 1799 5510 stet

212 5537 471 5605 Phinees,
514 5547 569 5596 et
604 5546 792 5595 exoret
835 5552 935 5609 pro
981 5540 1154 5608 nobis,
1194 5540 1246 5597 id
1286 5551 1385 5607 est,
1427 5551 1534 5599 stet
1570 5546 1797 5614 populus

294 5742 320 5772 ι
348 5732 439 5790 Sic
468 5733 766 5806 legendum
812 5747 1007 5789 censeo
1040 5751 1051 5785 :
1085 5731 1433 5788 Commimmti
1473 5752 1564 5805 pro
1604 5734 1792 5806 iniquis

215 5802 587 5868 temporalibus
623 5805 797 5863 factis.

1897 4724 1989 4796 qui
2017 4725 2249 4780 oderunt
2276 4738 2391 4779 nos.
2424 4719 2492 4776 Et
2533 4720 2794 4777 tribulant
2824 4732 2922 4774 nos
2963 4717 3160 4773 inimici
3204 4717 3394 4780 nostri,
3425 4723 3481 4771 et

1895 4816 2180 4871 humiliant
2204 4828 2302 4868 nos
2330 4812 2427 4867 sub
2461 4810 2687 4882 pedibus
2716 4809 2856 4874 suis;
2889 4818 3027 4878 saepe
3058 4805 3288 4863 diximus
3314 4802 3481 4861 :Par-

1895 4921 1977 4972 ce,
2007 4905 2253 4968 Domine,
2276 4912 2331 4958 et
2358 4916 2500 4972 saepe
2528 4899 2775 4956 liberavit
2799 4913 2916 4953 nos.
2941 4896 3051 4953 Nos
3072 4905 3251 4953 autem
3282 4897 3475 4954 iterum

1896 4994 2103 5051 liberati
2124 4994 2421 5047 exarsimus
2449 4991 2502 5044 in
2532 4987 2944 5058 cogitationibus
2966 4988 3185 5044 nostris.
3210 4982 3352 5043 Nihil
3376 4998 3477 5043 no-

1902 5084 1984 5139 bis
2012 5089 2273 5154 superest,
2299 5081 2396 5136 nisi
2418 5088 2476 5135 ut
2494 5080 2562 5135 de
2591 5079 2693 5135 isto
2712 5090 2939 5149 corpore
2967 5088 3241 5134 exeamus.
3265 5076 3322 5134 Si
3343 5092 3476 5134 con-

1902 5173 2215 5243 tempsimus
2234 5186 2351 5243 qua!
2370 5170 2512 5242 passi
2527 5182 2728 5236 sumus,
2742 5182 2861 5239 quae
2880 5169 3085 5240 passuri
3100 5178 3283 5224 sumus
3293 5170 3477 5221 conte-

1900 5266 2149 5322 mnimus.
2180 5258 2257 5320 ibi
2285 5265 2425 5319 enim
2446 5263 2625 5335 passio
2645 5261 2805 5319 tinem
2836 5276 2942 5317 non
2969 5261 3150 5322 habet,
3175 5257 3286 5326 jam
3307 5270 3374 5312 ex
3396 5256 3476 5309 in-

1898 5368 2051 5428 tegro
2076 5356 2448 5428 pmniteamus.
2488 5353 2624 5423 Quia
2673 5353 2812 5408 sicut
2854 5348 3258 5433 contemnentes
3286 5343 3474 5433 Deum,

1901 5452 2066 5506 Deum
2097 5448 2249 5503 nobis
2276 5446 2497 5503 fecimus
2523 5432 2993 5503 contemnentem;
3017 5438 3091 5491 ita
3110 5435 3236 5488 dum
3256 5432 3476 5517 paenite.

1898 5554 2019 5599 mur
2042 5554 2109 5596 ex
2130 5540 2330 5600 animo,
2355 5530 2521 5593 Deum
2552 5533 2707 5590 nobis
2728 5529 2948 5586 fecimus
2966 5523 3336 5597 poenitentem.
3369 5520 3477 5582 Nos

1974 5734 2001 5772 δ
2041 5734 2153 5788 line
2196 5726 2357 5787 vei-im
2398 5725 2669 5797 Egyptio,
2699 5724 2751 5776 ni
2791 5718 2963 5786 fallor,
2994 5735 3119 5775 usus
3165 5727 3246 5778 est
3285 5718 3493 5780 Βία-οξ

1908 5816 2116 5861 unus.
