4088 6346
117 459 120 462 Α
207 413 311 470 489

1136 413 1608 474 COMMENTARII
1647 413 1712 468 IN
1751 410 2083 468 PSALMOS.
2128 409 2316 465 I'SAL.
2361 407 2516 464 CVII.

3377 421 3482 479 490

206 539 357 604 ptum
377 537 461 586 est
487 530 613 603 quia
633 531 779 587 illam
807 531 1039 587 animam
1068 533 1290 603 respicit
1308 531 1469 598 Deus,
1494 547 1613 603 qua:
1640 531 1792 587 sedet
1818 534 1871 594 Α
1898 538 2001 592 tur,
2031 537 2086 583 et
2106 528 2369 599 plorasset
2390 531 2742 596 amarissime,
2759 549 2866 590 non
2887 535 3059 594 dehis
3079 544 3486 603 necessitatibus

206 627 261 681 in
292 625 530 681 tenebris
557 633 612 681 et
636 625 688 680 in
715 625 942 681 vinculis
971 640 1070 697 pro
1107 640 1174 680 eo
1204 625 1350 696 quod
1391 623 1796 682 exacerbaverit

205 720 524 786 Dominum,
574 726 630 774 et
665 719 947 775 consilium
974 719 1232 775 Altissimi
1261 719 1544 790 spreverit.
1566 718 1667 785 Qui
1694 717 1795 772 hu-

207 813 418 869 miliant
443 811 495 867 in
525 812 710 868 labore
738 821 793 868 et
807 811 1030 882 jejuniis
1057 828 1150 868 cor
1178 827 1353 868 suum.
1386 811 1521 879 Quia
1551 824 1680 880 ergo
1700 825 1796 867 cor

207 903 500 961 contritum
539 919 603 959 ac
641 904 976 960 humiliatum
1016 904 1160 959 Deus
1214 919 1320 959 non
1367 901 1646 973 despiciet,
1670 901 1798 957 audi

207 996 338 1067 quid
357 996 637 1066 sequitur:
667 993 1071 1060 Clamaverunt,
1098 995 1292 1066 inquit,
1324 1011 1432 1050 non
1457 1009 1576 1050 cum
1605 992 1796 1064 epula-

208 1096 416 1153 rentur,
464 1086 560 1143 sed
588 1102 710 1143 cum
739 1087 1144 1142 tribularentur.
1194 1086 1299 1157 Ipsi
1328 1086 1473 1142 enim
1493 1084 1594 1141 sibi
1624 1084 1798 1154 impo-

208 1187 347 1236 nunt
395 1179 757 1235 tribulationis
788 1178 994 1250 jugum,
1046 1195 1113 1235 ne
1161 1178 1300 1236 forte
1346 1180 1474 1234 dum
1527 1177 1798 1249 prmterita

207 1273 353 1328 facta
375 1272 444 1326 ad
469 1271 853 1341 indulgentiam
882 1271 1165 1342 pervenire
1198 1270 1491 1342 postulant,
1526 1269 1802 1325 incurrant

205 1364 513 1438 pnesentia.
542 1362 717 1419 Laetus
745 1364 888 1419 enim
917 1365 1125 1420 animus
1151 1361 1306 1419 facile
1326 1362 1533 1434 lapsum
1555 1360 1799 1425 incurrit,

205 1455 358 1528 quod
388 1454 527 1510 tristi
555 1463 611 1510 et
629 1453 830 1510 afﬂicto
855 1455 1073 1512 dimcile
1097 1454 1295 1511 evenit.
1321 1452 1646 1509 Humilietur
1672 1464 1802 1521 ergo

208 1551 266 1606 in
298 1549 500 1615 labore,
527 1545 733 1618 jejunio
761 1563 857 1603 cor
901 1555 1165 1612 nostrum,
1209 1561 1318 1602 non
1365 1560 1489 1602 eum
1530 1543 1806 1599 laetiﬁcent

206 1643 359 1705 vina,
408 1650 465 1697 et
509 1639 855 1697 ostendentes
902 1639 1267 1696 inﬁmitatem
1307 1647 1548 1695 nostram
1593 1635 1805 1692 medico

209 1733 442 1798 anlesti,
470 1732 763 1789 clamemus
787 1732 855 1788 ad
880 1747 1024 1788 eum.
1057 1731 1176 1803 Ipse
1203 1731 1347 1787 enim
1375 1729 1572 1786 educet
1600 1743 1700 1784 nos
1737 1728 1806 1784 de

209 1825 455 1881 tenebris
499 1832 554 1880 et
581 1825 650 1881 de
695 1826 880 1881 umbra
901 1825 1111 1881 mortis.
1144 1823 1213 1879 Et
1234 1823 1450 1879 vincula
1479 1830 1664 1877 nostra
1694 1820 1804 1877 dis-
1849 1871 1852 1874 .

1899 625 2190 689 evasisset;
2214 623 2361 678 llevit
2381 638 2510 692 ergo
2533 633 2588 680 et
2608 627 2794 682 statuit
2815 629 2864 684 ei
2886 632 3175 700 procellam
3201 635 3254 690 in
3277 654 3482 695 auram.

1901 715 2040 772 Audi
2070 715 2336 772 dicentem
2364 715 2650 772 Dominum
2678 737 2690 772 :
2731 719 2903 787 Petre,
2955 724 3049 791 ait,
3079 730 3204 798 petit
3258 730 3488 788 Satanas

1901 817 1957 863 ut
1984 811 2191 864 ventilet
2220 827 2308 865 vos
2327 811 2459 864 sicut
2481 811 2708 866 triticum
2734 814 2788 868 in
2812 831 2974 882 area;
3004 836 3097 891 ego
3126 832 3296 878 autem
3324 827 3489 881 inter-
3516 884 3527 894 ,

1903 903 2034 956 cessi
2072 919 2167 972 pro
2196 911 2246 957 te
2293 901 2445 972 (Luc.
2475 906 2628 973 xxn),
2661 906 2814 974 quasi
2853 909 2945 979 qui
2991 910 3152 976 dicat,
3184 914 3357 972 Statui
3397 920 3492 976 tibi

1904 993 2196 1064 procellam
2224 994 2277 1049 in
2307 1010 2458 1060 aura,
2491 1003 2547 1050 et
2574 994 2675 1051 feci
2706 1005 2764 1051 ut
2782 997 2976 1055 sileant
2997 1016 3028 1056 a
3051 1010 3105 1058 te
3133 1002 3327 1063 ﬂuctus
3355 1009 3491 1080 ejus.

1904 1086 2140 1144 Lanatus
2160 1096 2243 1144 est
2263 1086 2472 1156 Petrus,
2496 1089 2623 1158 quia
2651 1090 2933 1159 siluerunt,
2965 1101 3019 1150 et
3047 1095 3268 1154 deduxit
3295 1116 3419 1157 eum
3441 1104 3495 1160 in

1903 1190 2121 1253 portum
2148 1181 2440 1238 voluntatis
2467 1198 2596 1249 sum,
2640 1184 2693 1239 in
2733 1183 2974 1242 Ecclesia
3016 1189 3134 1246 sine
3175 1192 3360 1250 dubio.
3397 1195 3497 1254 Ubi

1903 1275 2148 1331 exaltent
2175 1291 2299 1343 eum
2349 1275 2402 1330 in
2432 1273 2670 1331 Ecclesia
2709 1279 2929 1349 populi?
2950 1278 3018 1335 Et
3044 1281 3100 1338 in
3129 1285 3385 1342 cathedra
3413 1303 3500 1345 se-

1908 1365 2119 1421 niorum
2149 1365 2369 1420 laudant
2397 1381 2542 1430 eum,
2569 1367 2694 1438 quia
2725 1370 2904 1440 posuit
2929 1372 3148 1429 ﬂumina
3178 1375 3231 1430 in
3259 1377 3493 1446 deserto,

1909 1457 1962 1513 id
1982 1467 2084 1522 est,
2117 1457 2170 1512 in
2191 1457 2408 1514 deserto
2428 1459 2587 1530 hujus
2605 1462 2784 1516 steculi
2803 1466 3202 1534 perambulans,
3219 1485 3497 1543 quousque

1911 1548 2217 1619 perveniret
2245 1549 2313 1603 ad
2343 1549 2600 1616 Romam,
2648 1553 2959 1622 przedicavit
3004 1556 3328 1628 baptismum
3375 1563 3504 1622 Jesu

1909 1639 2130 1708 Christi,
2161 1641 2213 1696 in
2241 1658 2351 1712 quo
2372 1644 2622 1698 universa
2651 1642 2867 1702 ﬂumina
2916 1649 3300 1710 benedicuntur
3332 1673 3498 1728 usque

1913 1735 2073 1791 hodie
2101 1752 2130 1789 a
2162 1734 2341 1791 Petro.
2375 1735 2495 1807 Ipse
2542 1738 2723 1806 posuit
2751 1739 2926 1795 exitus
2954 1757 3210 1809 aquarum
3244 1746 3294 1800 in
3337 1750 3499 1818 sitim,

1914 1826 1988 1881 ita
2019 1836 2078 1881 ut
2115 1828 2206 1897 qui
2227 1823 2429 1883 exierit
2450 1828 2594 1885 foras
2614 1830 2682 1885 ab
2711 1830 2952 1887 Ecclesia
2984 1832 3150 1900 Petri,
3175 1837 3261 1892 siti
3296 1851 3500 1909 pereat.

210 1923 451 1987 rumpet,
500 1917 573 1971 ita
613 1924 673 1972 ut
699 1916 1053 1972 conliteamur
1079 1916 1130 1972 ei
1149 1915 1278 1986 quia
1306 1913 1623 1970 contriverit
1649 1912 1807 1969 nobis
1835 1922 1886 1986 Β
1912 1915 2098 1973 Posuit
2123 1927 2322 1974 terram
2337 1918 2664 1976 fructiferam
2689 1922 2740 1976 in
2757 1924 3102 1992 salsuginem.
3119 1925 3268 1983 Sicut
3295 1932 3505 2001 salsugs

212 2016 403 2079 portas
420 2022 607 2064 :ereas.
629 2005 804 2064 Porta:
815 2022 970 2063 serae
989 2015 1117 2063 sunt
1142 2005 1562 2063 consuetudines
1581 2004 1810 2068 vitioste,

212 2121 338 2176 qu:e
390 2105 469 2161 sic
515 2103 771 2160 claudunt
799 2119 916 2169 nos,
951 2111 1010 2158 ut
1048 2101 1438 2173 propemodum
1466 2101 1632 2157 etiam
1668 2099 1813 2154 arbi-

216 2197 384 2251 trium
431 2203 632 2251 nostra:
679 2195 944 2250 libertatis
974 2193 1270 2248 includant.
1303 2191 1546 2261 Namque
1568 2191 1661 2259 qui
1689 2205 1820 2244 con-

213 2289 495 2345 suevimus
522 2287 672 2342 verbi
701 2302 862 2342 causa
905 2285 1112 2355 jurare,
1166 2283 1352 2353 jurare
1391 2283 1502 2352 jam
1548 2281 1816 2345 nolumus,

214 2381 318 2438 sed
347 2379 501 2450 quasi
521 2387 679 2451 porta
699 2378 881 2434 clausa
904 2377 1066 2446 hujus
1102 2374 1525 2439 consuetudinis,
1550 2373 1819 2428 volentem

216 2471 408 2542 egredi
430 2486 541 2526 non
568 2469 714 2525 sinit.
739 2467 832 2525 Sic
858 2468 1004 2522 enim
1027 2463 1086 2521 ﬁt
1107 2474 1164 2520 ut
1191 2466 1356 2521 etiam
1399 2480 1507 2520 non
1539 2463 1725 2519 volens
1752 2478 1820 2518 ex

217 2580 323 2620 ore
349 2579 471 2618 meo
499 2561 772 2633 proferam
808 2560 1194 2631 juramentum.
1243 2559 1333 2614 Sic
1361 2567 1416 2612 et
1443 2557 1510 2612 de
1556 2555 1820 2611 universis

219 2655 379 2709 vitiis
405 2653 608 2709 dictum
637 2662 787 2724 puta.
819 2651 954 2720 Quia
976 2652 1029 2707 in
1053 2651 1180 2722 ipsis
1208 2651 1368 2716 vitiis,
1401 2648 1547 2705 velut
1568 2648 1622 2702 in
1649 2647 1820 2718 portis

220 2746 388 2802 areis
430 2746 792 2817 impingimus,
839 2745 1103 2814 fugientes
1147 2753 1201 2800 et
1229 2743 1472 2799 volentes
1497 2741 1680 2811 egredi
1708 2755 1818 2796 non

219 2842 492 2898 valemus.
524 2841 593 2895 At
621 2841 711 2896 ubi
741 2840 1059 2896 tribulantes
1103 2837 1517 2894 clamaverimus
1553 2835 1620 2890 ad
1663 2833 1821 2890 Chri-

215 2942 386 3000 stum,
419 2933 716 3003 confringet
743 2942 928 3006 portas
946 2948 1134 2998 :ereas,
1166 2939 1222 2988 et
1245 2938 1424 2988 vectes
1443 2929 1650 2986 ferreos
1671 2943 1821 2984 com-

223 3027 456 3082 minuet.
491 3025 685 3082 Vectes
712 3027 858 3082 enim
897 3025 1058 3081 ferrei
1097 3023 1355 3080 immundi
1410 3023 1632 3093 spiritus
1677 3029 1819 3086 sunt,

216 3117 320 3189 qui
370 3123 553 3188 portas
581 3118 738 3174 nobis
779 3117 954 3188 impia:
981 3115 1391 3172 consuetudinis
1417 3113 1694 3170 claudunt.
1726 3109 1826 3166 Hic

216 3211 268 3264 si
301 3224 421 3265 sese
465 3208 780 3264 subduxerit
823 3207 1104 3274 Dominus,
1140 3208 1362 3262 libertas
1389 3205 1504 3276 ipsa
1533 3204 1703 3260 nostri
1732 3220 1824 3258 ar-

1920 2021 2120 2066 terram
2175 2028 2204 2064 a
2250 2011 2424 2066 fructu
2473 2022 2713 2077 revocat,
2761 2016 2830 2069 ita
2863 2015 3038 2072 littera
3066 2020 3249 2075 mundi
3278 2037 3308 2075 a
3337 2023 3509 2081 fructu

1918 2103 2149 2173 spiritali
2179 2111 2398 2157 revocat
2427 2113 2652 2160 mentes.
2679 2105 2784 2161 Sed
2818 2123 2914 2177 per
2935 2107 3150 2165 Petrum
3173 2112 3224 2167 in
3247 2113 3513 2183 salsugine

1922 2196 2224 2250 litterarum
2242 2196 2472 2266 positam
2496 2196 2742 2264 Romam,
2771 2198 2896 2254 fecit
2911 2215 3030 2255 eam
3052 2201 3278 2259 fructum
3301 2204 3512 2263 allerre.

1926 2285 2080 2341 Unde
2095 2294 2275 2341 autem
2309 2288 2422 2358 ipsa
2447 2297 2592 2343 terra
2623 2290 2946 2359 salsuginem
2969 2293 3193 2350 haberet
3215 2300 3512 2368 expressit:

1924 2379 1970 2432 A
1999 2379 2223 2444 malitia,
2274 2381 2465 2450 inquit,
2498 2382 2787 2455 hominum,
2808 2384 3224 2442 inhabitantium
3255 2390 3307 2444 in
3337 2406 3421 2445 ea.
3449 2391 3516 2447 Et

1923 2471 2122 2541 adjecit
2156 2491 2167 2526 :
2202 2472 2404 2539 Posuit,
2429 2475 2621 2544 inquit,
2650 2475 2922 2532 desertum
2952 2480 3020 2534 ab
3047 2482 3220 2551 aquis,
3247 2499 3366 2553 qua:
3388 2501 3516 2556 pec-

1923 2572 2045 2619 cata
2098 2565 2295 2621 lavant.
2351 2564 2537 2622 Posuit
2584 2567 2637 2623 in
2687 2577 2880 2640 stagno
2931 2585 3211 2642 aquarum,
3242 2575 3519 2634 abundant

1923 2671 2076 2725 aqua:
2122 2657 2479 2727 baptismatis,
2522 2669 2817 2731 martyrum
2859 2664 3190 2733 ptenilentize
3219 2668 3519 2741 eleemosy-

1923 2763 2113 2804 narum
2137 2750 2414 2805 abundant
2434 2751 2487 2805 in
2517 2751 2734 2807 deserto
2759 2753 2884 2817 isto,
2905 2755 3052 2823 quod
3081 2765 3208 2810 ante
3234 2757 3376 2813 Petri
3419 2760 3521 2815 ad-

1921 2850 2143 2897 ventum
2164 2842 2365 2896 siccqu
2389 2828 2487 2896 fuit
2507 2851 2562 2896 et
2582 2841 2811 2909 aridum,
2837 2844 2940 2901 hoc
2966 2861 3106 2903 nunc
3126 2849 3395 2904 excultum
3417 2861 3519 2917 est,

1925 2948 2047 2988 cum
2076 2932 2498 2987 constitueretur
2539 2932 2592 2986 in
2633 2948 2700 2988 eo
2755 2934 2946 2989 civitas
2985 2934 3258 3000 Ecclesire,
3314 2941 3365 2994 in
3414 2957 3521 3011 qua

1926 3024 2168 3094 quotidie
2188 3025 2522 3079 seminantur
2550 3025 2682 3094 agri,
2715 3034 2771 3080 et
2792 3025 3107 3096 plantantur
3133 3030 3318 3098 vinea,
3350 3042 3407 3087 ut
3430 3033 3522 3089 liat

1927 3114 2133 3172 fructus
2163 3114 2476 3180 nativitatis,
2509 3131 2648 3184 quos
2677 3116 2952 3174 benedixit
2999 3118 3159 3187 Deus,
3192 3132 3247 3178 et
3294 3105 3428 3180 fecit.
3465 3136 3523 3181 ut

1927 3209 2370 3281 multiplicemur.
2405 3207 2511 3264 Sed
2550 3218 2674 3280 post
2705 3210 2817 3266 hzec
2844 3215 3148 3283 persecutio
3178 3214 3317 3272 facta
3339 3226 3441 3283 est,
3465 3229 3523 3274 et

218 3300 397 3356 hitrii-
419 3299 711 3355 evanescit.
769 3298 874 3354 Sed
903 3314 1011 3353 non
1052 3313 1112 3353 se
1139 3296 1387 3352 subducit
1414 3294 1690 3360 Dominus,
1719 3295 1818 3350 nisi
1844 3305 1892 3369 ο
1924 3301 2082 3371 pauci
2114 3298 2239 3356 facti
2268 3309 2409 3354 sunt.
2462 3297 2619 3354 Multi
2661 3302 2797 3355 enim
2843 3304 3027 3370 vocati,
3052 3307 3204 3374 pauci
3236 3324 3352 3361 vero
3373 3308 3522 3362 electi

219 3395 282 3450 in
307 3393 500 3464 spiritu
547 3391 825 3447 tribulanti
852 3401 894 3462 ,ι
924 3406 1047 3446 cum
1076 3389 1325 3461 lacrymis
1352 3397 1625 3444 exoretur.
1650 3387 1826 3444 Mittet

217 3484 373 3539 enim
416 3482 638 3538 verbum
685 3497 841 3537 suum
897 3482 1039 3537 sicut
1082 3481 1225 3536 misit
1270 3488 1395 3536 ante
1424 3479 1616 3536 Filium
1643 3496 1818 3536 suum.

222 3575 394 3631 Mittit
415 3591 536 3631 eum
566 3582 624 3631 et
644 3583 802 3630 sanat
822 3591 940 3642 nos,
967 3585 1022 3632 et
1049 3574 1187 3631 sicut
1209 3574 1435 3630 redemit
1456 3590 1554 3630 nos
1572 3575 1640 3630 de
1660 3590 1824 3629 manu

222 3668 453 3735 inimici,
487 3669 557 3722 ita
591 3683 732 3725 nunc
775 3668 936 3739 eripit
977 3684 1076 3723 nos
1097 3668 1164 3724 de
1194 3667 1412 3723 interitu
1442 3675 1650 3722 nostro.
1681 3666 1825 3722 Con-

226 3759 487 3815 Iiteantur
515 3775 645 3830 ergo
674 3759 906 3815 Domino
934 3759 1212 3830 pluraliter
1265 3757 1649 3814 misericordiae
1686 3757 1823 3826 ejus,

220 3858 288 3905 et
316 3851 582 3907 mirabilia
610 3847 728 3920 ejus
753 3849 844 3904 lilii
869 3850 1170 3914 hominum,
1204 3859 1262 3904 ut
1291 3847 1598 3904 sacriﬁcent
1624 3846 1828 3903 sacriﬁ-

219 3941 376 3996 cium
389 3941 578 3996 landis.
595 3940 721 3996 Ideo
737 3940 1056 3995 annuntient
1067 3955 1233 4010 opera
1249 3939 1366 4008 ejus
1378 3939 1430 3992 in
1446 3939 1826 4002 exsultatione,

221 4038 293 4086 et
309 4047 414 4085 non
433 4032 484 4084 in
504 4030 849 4085 tribulatione
873 4048 886 4083 :
910 4029 968 4094 Ii,
990 4011 1180 4098 inquit,
1208 4029 1302 4098 qui
1321 4028 1655 4083 descendunt
1684 4044 1832 4082 mare

228 4124 296 4179 in
325 4123 566 4176 navibus.
587 4121 733 4176 Mare
748 4121 1079 4177 descendunt
1095 4122 1146 4175 in
1160 4121 1405 4184 navibus,
1437 4119 1529 4190 qui
1551 4120 1835 4176 inconver-

227 4217 655 4274 sationesancta
686 4216 739 4271 in
757 4216 861 4270 isto
878 4214 1079 4270 mundo
1105 4214 1323 4284 degunt.
1342 4213 1445 4284 Ipsi
1475 4214 1616 4268 enim
1634 4211 1836 4268 faciunt

227 4309 615 4381 operationem
630 4309 683 4362 in
699 4307 853 4376 aquis
863 4307 1063 4373 multis,
1084 4307 1134 4362 id
1150 4315 1248 4371 est,
1267 4316 1322 4361 et
1337 4307 1502 4362 verbo
1516 4315 1571 4360 et
1584 4305 1833 4376 exemplo

227 4416 357 4467 suo,
389 4415 579 4456 eorum
606 4399 699 4470 qni
727 4414 823 4455 eos
843 4406 942 4454 aut
955 4399 1197 4466 audiunt,
1222 4409 1314 4456 aut
1335 4400 1614 4455 imitantur
1640 4415 1833 4470 opera-

231 4495 464 4557 tionem,
497 4492 550 4547 in
574 4493 729 4562 aquis
756 4493 939 4547 multis
968 4491 1144 4548 facere
1163 4492 1488 4548 referuntur.
1521 4493 1623 4564 Ipsi
1651 4491 1833 4548 vident

230 4600 408 4656 opera
463 4583 678 4639 Domini
729 4583 999 4653 quotidie,
1051 4583 1122 4639 ad
1165 4584 1268 4640 hoc
1306 4593 1500 4640 vacant
1528 4592 1587 4638 ut
1617 4583 1832 4639 videant

1930 3393 2108 3464 (Matt.
2144 3395 2257 3464 xx).
2291 3392 2453 3448 Pauci
2481 3408 2612 3448 vero
2641 3393 2710 3447 ad
2736 3395 2978 3466 martyrii
2999 3396 3231 3464 palmam
3258 3381 3524 3466 attingere

1926 3492 2259 3542 meruerunt.
2293 3481 2520 3552 Quando
2549 3483 2714 3538 effusa
2760 3493 2842 3540 est
2881 3486 3158 3541 contentio
3179 3503 3342 3558 super
3369 3489 3519 3558 prin-

1929 3578 2076 3647 cipes
2095 3575 2298 3632 mundi.
2326 3575 2479 3630 Tunc
2506 3573 2836 3630 seduxerunt
2855 3593 2952 3632 eos
2979 3577 3030 3632 in
3057 3578 3219 3643 invio,
3253 3589 3309 3634 et
3338 3596 3442 3636 non
3468 3584 3521 3638 in

1929 3669 2037 3733 via,
2071 3668 2125 3723 id
2149 3675 2252 3734 est,
2279 3666 2333 3722 in
2362 3666 2519 3722 idolis
2546 3672 2603 3722 et
2632 3682 2738 3723 non
2786 3669 2840 3722 in
2883 3667 3117 3736 Christo,
3165 3672 3257 3742 qui
3287 3672 3372 3728 via
3416 3683 3518 3728 est.

1931 3758 2038 3815 Sed
2067 3758 2340 3829 adjuvavit
2361 3757 2623 3814 Dominus
2651 3775 2942 3829 pauperetur
2963 3760 3031 3814 de
3078 3761 3443 3826 mendicitate,
3470 3773 3536 3838 et.

1933 3850 2192 3921 respexit,
2225 3849 2351 3919 quia
2401 3849 2730 3904 tentationes
2757 3848 2897 3904 ferre
2943 3851 3172 3920 populus
3212 3851 3438 3908 credens
3475 3855 3525 3909 ei

1933 3943 2156 3998 omnino
2179 3956 2284 3996 non
2315 3949 2548 4011 poterat.
2584 3940 2867 4009 Adjuvavit
2905 3955 3029 3995 eum
3058 3942 3126 3997 de
3163 3943 3527 4000 mendacitate

1937 4032 2152 4098 virium,
2184 4040 2240 4087 et
2277 4032 2457 4102 posuit
2499 4030 2636 4086 sicut
2683 4043 2813 4086 oves
2860 4029 3087 4088 familias
3128 4033 3181 4087 in
3222 4034 3527 4091 universam

1935 4125 2130 4180 faciem
2180 4133 2355 4190 terrae,
2386 4131 2629 4179 statuens
2657 4123 2736 4179 eis
2763 4129 3008 4194 paStores
3037 4133 3092 4194 et
3119 4142 3367 4197 pascuas,
3407 4143 3528 4198 qua:

1939 4213 2180 4270 videntes
2209 4215 2342 4270 recti
2365 4213 2706 4269 laetabuntur.
2738 4213 2855 4270 Non
2903 4216 3035 4271 recti
3066 4233 3196 4272 vero
3223 4233 3526 4276 murmura-

1935 4306 2089 4370 bunt,
2120 4309 2215 4360 sed
2243 4304 2496 4374 iniquitas
2516 4305 2692 4361 omnis
2711 4305 2968 4362 adversus
2995 4305 3290 4365 Ecclesiam
3331 4308 3445 4377 Dei,
3471 4321 3528 4368 et

1936 4396 2192 4453 adversus
2219 4411 2348 4452 oves
2373 4403 2430 4452 et
2451 4404 2696 4467 pastores
2709 4395 2822 4466 jam
2845 4398 3113 4454 obstruxit
3139 4415 3201 4455 os
3220 4416 3394 4456 suum.
3423 4401 3524 4470 Qui

1935 4490 2150 4561 sapiens
2194 4499 2277 4546 est
2319 4489 2570 4560 intelligit
2597 4490 2727 4558 htec,
2771 4499 2828 4546 et
2865 4507 2986 4548 cum
3014 4493 3361 4561 intellexerit,
3394 4496 3527 4553 nihil

1937 4581 2080 4638 aliud
2101 4582 2366 4652 intelligit,
2388 4581 2490 4637 nisi
2513 4581 2938 4638 misericordiam
2964 4581 3198 4651 Domini,
3225 4585 3316 4656 qui
3339 4595 3529 4656 regnat

231 4691 407 4748 opera
453 4674 686 4740 Domini,
729 4690 848 4746 qua:
876 4675 977 4730 iste
1005 4675 1237 4731 mundus
1256 4677 1334 4732 sic
1352 4675 1481 4732 dum
1508 4674 1702 4730 fruitur
1720 4691 1829 4731 non
1857 4673 1913 4735 D
1936 4675 1990 4731 in
2019 4674 2210 4730 saecula
2240 4673 2580 4730 steculorum.
2614 4673 2805 4728 Amen.

232 4767 409 4822 videt.
442 4764 483 4820 Ii
511 4775 692 4821 autem
714 4781 821 4821 non
847 4765 1022 4822 solum
1051 4781 1216 4837 opera
1245 4766 1458 4822 Domini
1505 4766 1707 4833 vident,
1736 4767 1830 4822 sed

233 4860 514 4918 mirabilia
566 4860 684 4930 ejus
711 4860 764 4915 in
791 4859 1056 4932 profundo
1083 4859 1448 4917 considerant.
1482 4859 1681 4916 Verum
1708 4861 1834 4930 quia

231 4952 424 5011 nullus
441 4950 618 5021 justus
645 4951 763 5006 sine
792 4951 1091 5007 tentatione
1113 4952 1339 5015 transiit,
1365 4950 1492 5006 audi
1519 4951 1649 5020 quid
1667 4950 1735 5006 de
1757 4952 1838 5007 eis

230 5044 496 5100 dicatur:
554 5041 879 5108 Ascendunt,
929 5043 1121 5113 inquit,
1172 5059 1341 5113 usque
1389 5043 1459 5098 ad
1487 5043 1672 5099 etelos.
1699 5043 1839 5110 Quid

233 5145 348 5202 est,
373 5135 708 5192 ascendunt?
728 5136 884 5192 Disce
913 5137 968 5192 in
997 5135 1180 5201 Petro,
1212 5132 1445 5206 utquod
1473 5136 1524 5190 in
1548 5136 1665 5206 ipso
1687 5136 1837 5192 inve-

232 5228 415 5297 neris,
453 5228 506 5284 in
536 5229 783 5285 omnibus
809 5244 1018 5286 cernas.
1059 5229 1311 5286 Ascendit
1348 5227 1538 5284 Petrus
1566 5243 1736 5298 usque
1773 5226 1842 5283 ad

232 5321 442 5386 celos,
471 5320 656 5377 dicens
678 5320 905 5377 Domino
938 5339 952 5376 :
983 5321 1163 5378 Etiam
1203 5323 1248 5376 si
1273 5321 1555 5394 oportuerit
1575 5339 1657 5377 me
1677 5328 1842 5376 tecum

235 5413 406 5479 mori,
439 5429 543 5470 non
567 5420 616 5466 te
643 5411 841 5486 negabo
871 5412 1050 5485 (Matt.
1075 5412 1244 5485 xxvi).
1278 5413 1563 5471 Descendit
1583 5429 1753 5485 usque
1773 5413 1841 5470 ad

238 5505 499 5578 abyssos,
530 5519 652 5560 cum
678 5511 856 5574 negat.
883 5503 1014 5560 Post
1038 5505 1155 5562 lucc
1181 5507 1256 5562 ita
1285 5507 1526 5562 turbatus
1547 5513 1630 5562 est
1657 5514 1712 5561 et
1731 5523 1842 5562 mo-

240 5607 341 5654 tus
383 5596 523 5653 sicut
559 5596 757 5652 ebrius.
790 5594 857 5649 Et
883 5596 1060 5650 omnis
1106 5597 1368 5667 sapientia
1394 5597 1511 5666 ejus
1540 5599 1611 5652 ita
1653 5598 1839 5666 deglu—

236 5690 351 5749 tita
378 5695 465 5744 est
493 5695 568 5756 ut,
593 5689 693 5746 nisi
716 5689 1002 5746 clamasset
1030 5688 1096 5745 ad
1117 5688 1400 5745 Dominum
1420 5706 1542 5750 cum
1564 5690 1843 5747 tribulare-

329 5875 357 5904 ⁸
389 5864 677 5922 Tribulanti
705 5865 900 5920 dicitur
927 5864 1111 5920 Gnece
1138 5882 1234 5935 pro
1267 5882 1331 5921 eo
1365 5867 1454 5934 qui
1483 5865 1780 5921 tribulatur.

623 5961 895 6022 Ρλτιοι..
935 5958 1093 6022 LIII.

2485 4763 2802 4820 PSALMUS
2839 4765 2992 4820 CVII.

1949 4926 1952 4928 _
2307 4857 2586 4912 Canticum
2617 4856 2807 4925 psalmi
2838 4857 2937 4926 ipsi
2969 4855 3154 4910 David.

2012 4951 2265 5006 Paratum
2307 4966 2396 5004 cor
2447 4966 2634 5014 meum,
2667 4949 2827 5013 Deus,
2876 4959 3114 5021 paratum
3153 4967 3242 5007 cor
3261 4970 3448 5022 meum,
3477 4965 3530 5010 et

1942 5043 2159 5098 cantabo
2207 5053 2256 5097 et
2283 5043 2504 5113 psallam
2543 5043 2597 5095 in
2619 5041 2786 5114 gloria
2810 5059 2942 5097 mea.
2968 5041 3204 5117 Exsurge
3230 5046 3530 5117 psalterium

1945 5145 1996 5190 ct
2022 5135 2244 5202 cithara,
2274 5151 2545 5206 exsurgam
2575 5134 2818 5190 diluculo.
2852 5134 3146 5208 Conﬁtebor
3175 5137 3266 5192 tibi
3293 5155 3346 5191 in
3375 5153 3532 5207 popu-

1945 5229 2029 5294 lis,
2054 5227 2292 5292 Domine,
2323 5238 2372 5281 et
2391 5228 2612 5299 psallam
2632 5228 2722 5284 tibi
2751 5231 2803 5284 in
2825 5231 3138 5286 nationibus.
3173 5229 3308 5296 Quia
3339 5245 3532 5300 magna

1943 5329 2020 5398 est
2049 5337 2201 5392 super
2219 5320 2371 5375 calas
2399 5321 2751 5376 misericordia
2789 5331 2896 5388 tua,
2918 5332 2965 5375 et
2993 5338 3150 5392 usque
3176 5320 3246 5373 ad
3267 5320 3423 5372 nubes
3444 5334 3530 5373 ve-

1947 5414 2076 5468 ritas
2100 5422 2208 5466 tua.
2237 5410 2487 5468 Exaltare
2506 5431 2659 5484 super
2678 5415 2850 5477 caelos,
2873 5412 3033 5476 Deus,
3064 5420 3112 5464 et
3151 5426 3304 5484 super
3328 5423 3533 5464 omnem

1949 5517 2138 5562 terram
2168 5507 2336 5577 gloria
2365 5515 2486 5571 tua;
2537 5507 2816 5561 liberentur
2861 5503 3032 5556 dilecti
3062 5502 3155 5554 tui.
3208 5499 3422 5556 Salvum
3446 5502 3532 5574 [ac

1950 5600 2158 5653 dextera
2181 5607 2284 5663 tua,
2309 5608 2356 5652 et
2383 5598 2573 5652 exaudi
2612 5613 2722 5660 me;
2755 5594 2893 5647 Deus
2923 5591 3120 5645 locutus
3148 5600 3226 5645 est
3261 5593 3315 5645 in
3352 5602 3531 5649 sancta

1947 5709 2057 5750 suo.
2091 5691 2378 5747 Exsullabo
2400 5702 2448 5745 et
2479 5687 2703 5744 dividam
2734 5681 3040 5746 Sichimam,
3071 5689 3120 5737 et
3149 5685 3431 5742 convallem
3452 5695 3532 5744 ια.

3062 5950 3134 6008 16
