  <div class='ocr_page' id='page_1' title='image "/cluster/home/n/w/nwhite01/storage/ocr_20150623/53/hvd.32044015471576/251.png"; bbox 0 0 4088 6346; ppageno 0'>
   <div class='ocr_carea' id='block_1_1' title="bbox 645 387 750 450">
    <p class='ocr_par' dir='ltr' id='par_1_1' title="bbox 645 387 750 450">
     <span class='ocr_line' id='line_1_1' title="bbox 645 387 750 450; baseline 0 -5"><span class='ocrx_word' id='word_1_1' title='bbox 645 387 750 450; x_wconf 64' lang='grc'><strong><em>491</em></strong></span> 
     </span>
    </p>
   </div>
   <div class='ocr_carea' id='block_1_2' title="bbox 1980 361 2579 427">
    <p class='ocr_par' dir='ltr' id='par_1_2' title="bbox 1980 361 2579 427">
     <span class='ocr_line' id='line_1_2' title="bbox 1980 361 2579 427; baseline -0.003 -4"><span class='ocrx_word' id='word_1_2' title='bbox 1980 361 2240 423; x_wconf 68' lang='grc' dir='ltr'><strong><em>ΑΒΝΟΒΠ</em></strong></span> <span class='ocrx_word' id='word_1_3' title='bbox 2275 361 2579 427; x_wconf 66' lang='grc' dir='ltr'>ωωυωδ</span> 
     </span>
    </p>
   </div>
   <div class='ocr_carea' id='block_1_3' title="bbox 651 469 3903 566">
    <p class='ocr_par' dir='ltr' id='par_1_3' title="bbox 651 469 3903 566">
     <span class='ocr_line' id='line_1_3' title="bbox 651 469 3903 566; baseline -0.007 -16"><span class='ocrx_word' id='word_1_4' title='bbox 651 501 1042 566; x_wconf 55' lang='lat' dir='ltr'><strong><em>“mmmam</em></strong></span> <span class='ocrx_word' id='word_1_5' title='bbox 1080 493 1336 554; x_wconf 74' lang='lat' dir='ltr'><strong><em>disnetiar.</em></strong></span> <span class='ocrx_word' id='word_1_6' title='bbox 1371 487 1518 545; x_wconf 78' lang='lat' dir='ltr'><strong><em>Meus</em></strong></span> <span class='ocrx_word' id='word_1_7' title='bbox 1545 493 1622 542; x_wconf 84' lang='lat' dir='ltr'><strong><em>est</em></strong></span> <span class='ocrx_word' id='word_1_8' title='bbox 1662 469 1887 550; x_wconf 74' lang='lat' dir='ltr'><strong><em>Gataad,</em></strong></span> <span class='ocrx_word' id='word_1_9' title='bbox 1918 490 1966 536; x_wconf 91' lang='lat' dir='ltr'><strong><em>et</em></strong></span> <span class='ocrx_word' id='word_1_10' title='bbox 1986 497 2126 536; x_wconf 84' lang='lat' dir='ltr'><strong><em>meus</em></strong></span> <span class='ocrx_word' id='word_1_11' title='bbox 2154 487 2228 537; x_wconf 88' lang='lat' dir='ltr'><strong><em>est</em></strong></span> <span class='ocrx_word' id='word_1_12' title='bbox 2253 483 2304 550; x_wconf 71' lang='grc' dir='ltr'>Α</span> <span class='ocrx_word' id='word_1_13' title='bbox 2329 480 2496 536; x_wconf 82' lang='lat' dir='ltr'><strong><em>valles</em></strong></span> <span class='ocrx_word' id='word_1_14' title='bbox 2515 479 2982 538; x_wconf 76' lang='lat' dir='ltr'><strong><em>tabernaculorum</em></strong></span> <span class='ocrx_word' id='word_1_15' title='bbox 3019 478 3139 548; x_wconf 84' lang='lat' dir='ltr'><strong><em>ejus</em></strong></span> <span class='ocrx_word' id='word_1_16' title='bbox 3160 477 3352 534; x_wconf 85' lang='lat' dir='ltr'><strong><em>metiar</em></strong></span> <span class='ocrx_word' id='word_1_17' title='bbox 3378 476 3433 533; x_wconf 85' lang='lat' dir='ltr'><strong><em>in</em></strong></span> <span class='ocrx_word' id='word_1_18' title='bbox 3459 484 3574 537; x_wconf 83' lang='lat' dir='ltr'><strong><em>tres</em></strong></span> <span class='ocrx_word' id='word_1_19' title='bbox 3595 483 3806 552; x_wconf 74' lang='lat' dir='ltr'><strong><em>partes,</em></strong></span> <span class='ocrx_word' id='word_1_20' title='bbox 3834 479 3903 538; x_wconf 67' lang='lat' dir='ltr'><strong><em>ita</em></strong></span> 
     </span>
    </p>
   </div>
   <div class='ocr_carea' id='block_1_4' title="bbox 651 570 2230 656">
    <p class='ocr_par' dir='ltr' id='par_1_4' title="bbox 651 570 2230 656">
     <span class='ocr_line' id='line_1_4' title="bbox 651 570 2230 656; baseline -0.017 -4"><span class='ocrx_word' id='word_1_21' title='bbox 651 585 948 656; x_wconf 69' lang='lat' dir='ltr'><strong><em>Hancsses,</em></strong></span> <span class='ocrx_word' id='word_1_22' title='bbox 969 595 1019 642; x_wconf 85' lang='lat' dir='ltr'><strong><em>et</em></strong></span> <span class='ocrx_word' id='word_1_23' title='bbox 1041 582 1294 656; x_wconf 78' lang='lat' dir='ltr'><strong><em>Ephraim</em></strong></span> <span class='ocrx_word' id='word_1_24' title='bbox 1311 579 1565 651; x_wconf 74' lang='lat' dir='ltr'><strong><em>susceptio</em></strong></span> <span class='ocrx_word' id='word_1_25' title='bbox 1589 575 1772 647; x_wconf 89' lang='lat' dir='ltr'><strong><em>capitis</em></strong></span> <span class='ocrx_word' id='word_1_26' title='bbox 1807 573 1928 628; x_wconf 87' lang='lat' dir='ltr'><strong><em>mei.</em></strong></span> <span class='ocrx_word' id='word_1_27' title='bbox 1970 570 2108 636; x_wconf 77' lang='lat' dir='ltr'><strong><em>Juda</em></strong></span> <span class='ocrx_word' id='word_1_28' title='bbox 2137 587 2230 626; x_wconf 74' lang='lat' dir='ltr'><strong><em>rex</em></strong></span> 
     </span>
    </p>
   </div>
   <div class='ocr_carea' id='block_1_5' title="bbox 651 663 2234 749">
    <p class='ocr_par' dir='ltr' id='par_1_5' title="bbox 651 663 2234 749">
     <span class='ocr_line' id='line_1_5' title="bbox 651 663 2234 749; baseline -0.016 -4"><span class='ocrx_word' id='word_1_29' title='bbox 651 702 816 749; x_wconf 77' lang='lat' dir='ltr'><strong><em>meus,</em></strong></span> <span class='ocrx_word' id='word_1_30' title='bbox 835 677 992 740; x_wconf 68' lang='lat' dir='ltr'><strong><em>Moab</em></strong></span> <span class='ocrx_word' id='word_1_31' title='bbox 1005 675 1137 734; x_wconf 72' lang='lat' dir='ltr'><strong><em>tabes</em></strong></span> <span class='ocrx_word' id='word_1_32' title='bbox 1157 672 1266 747; x_wconf 87' lang='lat' dir='ltr'><strong><em>spei</em></strong></span> <span class='ocrx_word' id='word_1_33' title='bbox 1285 688 1429 732; x_wconf 65' lang='lat' dir='ltr'><strong><em>mea.</em></strong></span> <span class='ocrx_word' id='word_1_34' title='bbox 1448 669 1513 725; x_wconf 85' lang='lat' dir='ltr'><strong><em>In</em></strong></span> <span class='ocrx_word' id='word_1_35' title='bbox 1537 667 1822 726; x_wconf 66' lang='lat' dir='ltr'><strong><em>[dammam</em></strong></span> <span class='ocrx_word' id='word_1_36' title='bbox 1843 663 2114 720; x_wconf 73' lang='lat' dir='ltr'><strong><em>extendam</em></strong></span> <span class='ocrx_word' id='word_1_37' title='bbox 2130 663 2234 720; x_wconf 80' lang='lat' dir='ltr'><strong><em>cal-</em></strong></span> 
     </span>
    </p>
   </div>
   <div class='ocr_carea' id='block_1_6' title="bbox 649 757 2224 835">
    <p class='ocr_par' dir='ltr' id='par_1_6' title="bbox 649 757 2224 835">
     <span class='ocr_line' id='line_1_6' title="bbox 649 757 2224 835; baseline -0.019 1"><span class='ocrx_word' id='word_1_38' title='bbox 649 781 967 835; x_wconf 75' lang='lat' dir='ltr'><strong><em>ceamentum</em></strong></span> <span class='ocrx_word' id='word_1_39' title='bbox 1009 783 1197 834; x_wconf 86' lang='lat' dir='ltr'><strong><em>meum,</em></strong></span> <span class='ocrx_word' id='word_1_40' title='bbox 1238 759 1366 819; x_wconf 81' lang='lat' dir='ltr'><strong><em>mihi</em></strong></span> <span class='ocrx_word' id='word_1_41' title='bbox 1404 761 1710 833; x_wconf 69' lang='lat' dir='ltr'><strong><em>alienigenae</em></strong></span> <span class='ocrx_word' id='word_1_42' title='bbox 1743 757 1901 812; x_wconf 84' lang='lat' dir='ltr'><strong><em>amici</em></strong></span> <span class='ocrx_word' id='word_1_43' title='bbox 1930 757 2056 827; x_wconf 74' lang='lat' dir='ltr'><strong><em>facti</em></strong></span> <span class='ocrx_word' id='word_1_44' title='bbox 2087 761 2224 809; x_wconf 89' lang='lat' dir='ltr'><strong><em>sunt.</em></strong></span> 
     </span>
    </p>
   </div>
   <div class='ocr_carea' id='block_1_7' title="bbox 587 846 2230 936">
    <p class='ocr_par' dir='ltr' id='par_1_7' title="bbox 587 846 2230 936">
     <span class='ocr_line' id='line_1_7' title="bbox 587 846 2230 936; baseline -0.016 -13"><span class='ocrx_word' id='word_1_45' title='bbox 587 883 592 890; x_wconf 86' lang='grc'>·</span> <span class='ocrx_word' id='word_1_46' title='bbox 800 862 1012 919; x_wconf 76' lang='lat' dir='ltr'><strong><em>deducet</em></strong></span> <span class='ocrx_word' id='word_1_47' title='bbox 1039 873 1118 915; x_wconf 83' lang='lat' dir='ltr'><strong><em>me</em></strong></span> <span class='ocrx_word' id='word_1_48' title='bbox 1135 856 1191 912; x_wconf 85' lang='lat' dir='ltr'><strong><em>in</em></strong></span> <span class='ocrx_word' id='word_1_49' title='bbox 1218 855 1473 910; x_wconf 78' lang='lat' dir='ltr'><strong><em>civitatem</em></strong></span> <span class='ocrx_word' id='word_1_50' title='bbox 1498 853 1764 914; x_wconf 77' lang='lat' dir='ltr'><strong><em>munitam,</em></strong></span> <span class='ocrx_word' id='word_1_51' title='bbox 1788 849 1900 921; x_wconf 89' lang='lat' dir='ltr'><strong><em>quis</em></strong></span> <span class='ocrx_word' id='word_1_52' title='bbox 1922 846 2131 900; x_wconf 80' lang='lat' dir='ltr'><strong><em>deducet</em></strong></span> <span class='ocrx_word' id='word_1_53' title='bbox 2151 861 2230 898; x_wconf 88' lang='lat' dir='ltr'><strong><em>me</em></strong></span> 
     </span>
    </p>
   </div>
   <div class='ocr_carea' id='block_1_8' title="bbox 653 941 2227 1036">
    <p class='ocr_par' dir='ltr' id='par_1_8' title="bbox 653 941 2227 1036">
     <span class='ocr_line' id='line_1_8' title="bbox 653 941 2227 1036; baseline -0.014 -18"><span class='ocrx_word' id='word_1_54' title='bbox 653 977 812 1036; x_wconf 82' lang='lat' dir='ltr'><strong><em>usque</em></strong></span> <span class='ocrx_word' id='word_1_55' title='bbox 853 960 908 1015; x_wconf 90' lang='lat' dir='ltr'><strong><em>in</em></strong></span> <span class='ocrx_word' id='word_1_56' title='bbox 930 955 1234 1012; x_wconf 68' lang='lat' dir='ltr'><strong><em>ldumazam.</em></strong></span> <span class='ocrx_word' id='word_1_57' title='bbox 1264 947 1452 1004; x_wconf 82' lang='lat' dir='ltr'><strong><em>Nonne</em></strong></span> <span class='ocrx_word' id='word_1_58' title='bbox 1481 955 1554 1012; x_wconf 85' lang='lat' dir='ltr'><strong><em>tu,</em></strong></span> <span class='ocrx_word' id='word_1_59' title='bbox 1573 943 1728 1011; x_wconf 83' lang='lat' dir='ltr'><strong><em>Deus,</em></strong></span> <span class='ocrx_word' id='word_1_60' title='bbox 1753 945 1840 1016; x_wconf 86' lang='lat' dir='ltr'><strong><em>qui</em></strong></span> <span class='ocrx_word' id='word_1_61' title='bbox 1861 941 2090 1014; x_wconf 84' lang='lat' dir='ltr'><strong><em>repuliin</em></strong></span> <span class='ocrx_word' id='word_1_62' title='bbox 2111 957 2227 1005; x_wconf 82' lang='lat' dir='ltr'><strong><em>nos,</em></strong></span> 
     </span>
    </p>
   </div>
   <div class='ocr_carea' id='block_1_9' title="bbox 649 1029 2232 1109">
    <p class='ocr_par' dir='ltr' id='par_1_9' title="bbox 649 1029 2232 1109">
     <span class='ocr_line' id='line_1_9' title="bbox 649 1029 2232 1109; baseline -0.015 -1"><span class='ocrx_word' id='word_1_63' title='bbox 649 1029 824 1109; x_wconf 80' lang='lat' dir='ltr'><strong><em>etnon</em></strong></span> <span class='ocrx_word' id='word_1_64' title='bbox 844 1048 1004 1105; x_wconf 71' lang='lat' dir='ltr'><strong><em>exibis</em></strong></span> <span class='ocrx_word' id='word_1_65' title='bbox 1035 1043 1170 1102; x_wconf 87' lang='lat' dir='ltr'><strong><em>Deus</em></strong></span> <span class='ocrx_word' id='word_1_66' title='bbox 1199 1044 1251 1097; x_wconf 86' lang='lat' dir='ltr'><strong><em>in</em></strong></span> <span class='ocrx_word' id='word_1_67' title='bbox 1274 1036 1535 1096; x_wconf 70' lang='lat' dir='ltr'><strong><em>virtutibus</em></strong></span> <span class='ocrx_word' id='word_1_68' title='bbox 1558 1035 1783 1091; x_wconf 77' lang='lat' dir='ltr'><strong><em>nostris?</em></strong></span> <span class='ocrx_word' id='word_1_69' title='bbox 1809 1033 1891 1090; x_wconf 89' lang='lat' dir='ltr'><strong><em>Da</em></strong></span> <span class='ocrx_word' id='word_1_70' title='bbox 1914 1031 2057 1088; x_wconf 87' lang='lat' dir='ltr'><strong><em>nobis</em></strong></span> <span class='ocrx_word' id='word_1_71' title='bbox 2079 1029 2232 1085; x_wconf 69' lang='lat' dir='ltr'><strong><em>auxi-</em></strong></span> 
     </span>
    </p>
   </div>
   <div class='ocr_carea' id='block_1_10' title="bbox 649 1117 2226 1206">
    <p class='ocr_par' dir='ltr' id='par_1_10' title="bbox 649 1117 2226 1206">
     <span class='ocr_line' id='line_1_10' title="bbox 649 1117 2226 1206; baseline -0.017 -5"><span class='ocrx_word' id='word_1_72' title='bbox 649 1145 776 1202; x_wconf 80' lang='lat' dir='ltr'><strong><em>lium</em></strong></span> <span class='ocrx_word' id='word_1_73' title='bbox 797 1142 860 1197; x_wconf 86' lang='lat' dir='ltr'><strong><em>de</em></strong></span> <span class='ocrx_word' id='word_1_74' title='bbox 880 1135 1226 1197; x_wconf 74' lang='lat' dir='ltr'><strong><em>tribulatione,</em></strong></span> <span class='ocrx_word' id='word_1_75' title='bbox 1257 1131 1374 1206; x_wconf 92' lang='lat' dir='ltr'><strong><em>quia</em></strong></span> <span class='ocrx_word' id='word_1_76' title='bbox 1399 1147 1530 1184; x_wconf 83' lang='lat' dir='ltr'><strong><em>vana</em></strong></span> <span class='ocrx_word' id='word_1_77' title='bbox 1559 1127 1700 1182; x_wconf 84' lang='lat' dir='ltr'><strong><em>salus</em></strong></span> <span class='ocrx_word' id='word_1_78' title='bbox 1731 1125 1972 1180; x_wconf 77' lang='lat' dir='ltr'><strong><em>hominis.</em></strong></span> <span class='ocrx_word' id='word_1_79' title='bbox 2017 1121 2082 1176; x_wconf 85' lang='lat' dir='ltr'><strong><em>In</em></strong></span> <span class='ocrx_word' id='word_1_80' title='bbox 2119 1117 2226 1175; x_wconf 92' lang='lat' dir='ltr'><strong><em>Deo</em></strong></span> 
     </span>
    </p>
   </div>
   <div class='ocr_carea' id='block_1_11' title="bbox 649 1214 2228 1311">
    <p class='ocr_par' dir='ltr' id='par_1_11' title="bbox 649 1214 2228 1311">
     <span class='ocr_line' id='line_1_11' title="bbox 649 1214 2228 1311; baseline -0.015 -21"><span class='ocrx_word' id='word_1_81' title='bbox 649 1236 896 1311; x_wconf 72' lang='lat' dir='ltr'><strong><em>faciemus</em></strong></span> <span class='ocrx_word' id='word_1_82' title='bbox 925 1231 1178 1292; x_wconf 83' lang='lat' dir='ltr'><strong><em>virtutem,</em></strong></span> <span class='ocrx_word' id='word_1_83' title='bbox 1208 1235 1257 1280; x_wconf 87' lang='lat' dir='ltr'><strong><em>et</em></strong></span> <span class='ocrx_word' id='word_1_84' title='bbox 1286 1221 1395 1296; x_wconf 89' lang='lat' dir='ltr'><strong><em>ipse</em></strong></span> <span class='ocrx_word' id='word_1_85' title='bbox 1421 1220 1490 1275; x_wconf 87' lang='lat' dir='ltr'><strong><em>ad</em></strong></span> <span class='ocrx_word' id='word_1_86' title='bbox 1517 1219 1731 1274; x_wconf 78' lang='lat' dir='ltr'><strong><em>nihilum</em></strong></span> <span class='ocrx_word' id='word_1_87' title='bbox 1757 1215 1971 1270; x_wconf 83' lang='lat' dir='ltr'><strong><em>deducet</em></strong></span> <span class='ocrx_word' id='word_1_88' title='bbox 1992 1214 2228 1268; x_wconf 84' lang='lat' dir='ltr'><strong><em>inimicos</em></strong></span> 
     </span>
    </p>
   </div>
   <div class='ocr_carea' id='block_1_12' title="bbox 649 1336 873 1385">
    <p class='ocr_par' dir='ltr' id='par_1_12' title="bbox 649 1336 873 1385">
     <span class='ocr_line' id='line_1_12' title="bbox 649 1336 873 1385; baseline -0.013 -2"><span class='ocrx_word' id='word_1_89' title='bbox 649 1336 873 1385; x_wconf 89' lang='lat' dir='ltr'><strong><em>nostros.</em></strong></span> 
     </span>
    </p>
   </div>
   <div class='ocr_carea' id='block_1_13' title="bbox 1217 1399 1648 1444">
    <p class='ocr_par' dir='ltr' id='par_1_13' title="bbox 1217 1399 1648 1444">
     <span class='ocr_line' id='line_1_13' title="bbox 1217 1399 1648 1444; baseline -0.012 0"><span class='ocrx_word' id='word_1_90' title='bbox 1217 1399 1463 1444; x_wconf 65' lang='lat' dir='ltr'><strong><em>eorum</em></strong></span> <span class='ocrx_word' id='word_1_91' title='bbox 1470 1399 1627 1441; x_wconf 73' lang='grc' dir='ltr'><strong><em>Αιιιυιι</em></strong></span> <span class='ocrx_word' id='word_1_92' title='bbox 1635 1425 1648 1439; x_wconf 90' lang='grc'><strong>.</strong></span> 
     </span>
    </p>
   </div>
   <div class='ocr_carea' id='block_1_14' title="bbox 725 1493 2226 1574">
    <p class='ocr_par' dir='ltr' id='par_1_14' title="bbox 725 1493 2226 1574">
     <span class='ocr_line' id='line_1_14' title="bbox 725 1493 2226 1574; baseline -0.013 -8"><span class='ocrx_word' id='word_1_93' title='bbox 725 1507 971 1566; x_wconf 78' lang='lat' dir='ltr'><strong><em>Psalmus</em></strong></span> <span class='ocrx_word' id='word_1_94' title='bbox 1007 1503 1329 1562; x_wconf 82' lang='lat' dir='ltr'><strong><em>centesimus</em></strong></span> <span class='ocrx_word' id='word_1_95' title='bbox 1365 1501 1621 1574; x_wconf 89' lang='lat' dir='ltr'><strong><em>septimus</em></strong></span> <span class='ocrx_word' id='word_1_96' title='bbox 1649 1515 1714 1553; x_wconf 87' lang='lat' dir='ltr'><strong><em>ex</em></strong></span> <span class='ocrx_word' id='word_1_97' title='bbox 1743 1496 1969 1552; x_wconf 85' lang='lat' dir='ltr'><strong><em>duorum</em></strong></span> <span class='ocrx_word' id='word_1_98' title='bbox 1994 1493 2226 1566; x_wconf 87' lang='lat' dir='ltr'><strong><em>psalmo-</em></strong></span> 
     </span>
    </p>
   </div>
   <div class='ocr_carea' id='block_1_15' title="bbox 651 1583 2225 1668">
    <p class='ocr_par' dir='ltr' id='par_1_15' title="bbox 651 1583 2225 1668">
     <span class='ocr_line' id='line_1_15' title="bbox 651 1583 2225 1668; baseline -0.011 -11"><span class='ocrx_word' id='word_1_99' title='bbox 651 1608 772 1657; x_wconf 82' lang='lat' dir='ltr'><strong><em>rum</em></strong></span> <span class='ocrx_word' id='word_1_100' title='bbox 795 1599 988 1655; x_wconf 80' lang='lat' dir='ltr'><strong><em>ﬁnibus</em></strong></span> <span class='ocrx_word' id='word_1_101' title='bbox 1000 1597 1263 1668; x_wconf 78' lang='lat' dir='ltr'><strong><em>probatur</em></strong></span> <span class='ocrx_word' id='word_1_102' title='bbox 1281 1609 1398 1649; x_wconf 89' lang='lat' dir='ltr'><strong><em>esse</em></strong></span> <span class='ocrx_word' id='word_1_103' title='bbox 1419 1598 1775 1653; x_wconf 87' lang='lat' dir='ltr'><strong><em>constructus,</em></strong></span> <span class='ocrx_word' id='word_1_104' title='bbox 1799 1604 1865 1642; x_wconf 82' lang='lat' dir='ltr'><strong><em>ex</em></strong></span> <span class='ocrx_word' id='word_1_105' title='bbox 1895 1595 2046 1658; x_wconf 89' lang='lat' dir='ltr'><strong><em>parte</em></strong></span> <span class='ocrx_word' id='word_1_106' title='bbox 2065 1583 2225 1655; x_wconf 87' lang='lat' dir='ltr'><strong><em>quin-</em></strong></span> 
     </span>
    </p>
   </div>
   <div class='ocr_carea' id='block_1_16' title="bbox 652 1674 2224 1764">
    <p class='ocr_par' dir='ltr' id='par_1_16' title="bbox 652 1674 2224 1764">
     <span class='ocr_line' id='line_1_16' title="bbox 652 1674 2224 1764; baseline -0.013 -14"><span class='ocrx_word' id='word_1_107' title='bbox 652 1690 944 1764; x_wconf 84' lang='lat' dir='ltr'><strong><em>quagesimi</em></strong></span> <span class='ocrx_word' id='word_1_108' title='bbox 975 1688 1116 1744; x_wconf 78' lang='lat' dir='ltr'><strong><em>sexti</em></strong></span> <span class='ocrx_word' id='word_1_109' title='bbox 1143 1695 1198 1744; x_wconf 90' lang='lat' dir='ltr'><strong><em>et</em></strong></span> <span class='ocrx_word' id='word_1_110' title='bbox 1217 1682 1641 1758; x_wconf 82' lang='lat' dir='ltr'><strong><em>quinquagesimi</em></strong></span> <span class='ocrx_word' id='word_1_111' title='bbox 1673 1680 1818 1736; x_wconf 91' lang='lat' dir='ltr'><strong><em>noni.</em></strong></span> <span class='ocrx_word' id='word_1_112' title='bbox 1845 1678 2015 1746; x_wconf 80' lang='lat' dir='ltr'><strong><em>Quam</em></strong></span> <span class='ocrx_word' id='word_1_113' title='bbox 2044 1674 2224 1732; x_wconf 88' lang='lat' dir='ltr'><strong><em>consi-</em></strong></span> 
     </span>
    </p>
   </div>
   <div class='ocr_carea' id='block_1_17' title="bbox 651 1764 2220 1846">
    <p class='ocr_par' dir='ltr' id='par_1_17' title="bbox 651 1764 2220 1846">
     <span class='ocr_line' id='line_1_17' title="bbox 651 1764 2220 1846; baseline -0.014 -7"><span class='ocrx_word' id='word_1_114' title='bbox 651 1783 1003 1846; x_wconf 88' lang='lat' dir='ltr'><strong><em>derationem,</em></strong></span> <span class='ocrx_word' id='word_1_115' title='bbox 1044 1779 1091 1834; x_wconf 87' lang='lat' dir='ltr'><strong><em>si</em></strong></span> <span class='ocrx_word' id='word_1_116' title='bbox 1121 1776 1417 1845; x_wconf 71' lang='lat' dir='ltr'><strong><em>diligenter</em></strong></span> <span class='ocrx_word' id='word_1_117' title='bbox 1463 1788 1652 1831; x_wconf 89' lang='lat' dir='ltr'><strong><em>sensus</em></strong></span> <span class='ocrx_word' id='word_1_118' title='bbox 1680 1767 1932 1842; x_wconf 79' lang='lat' dir='ltr'><strong><em>spiritalis</em></strong></span> <span class='ocrx_word' id='word_1_119' title='bbox 1961 1764 2220 1826; x_wconf 86' lang='lat' dir='ltr'><strong><em>attendat,</em></strong></span> 
     </span>
    </p>
   </div>
   <div class='ocr_carea' id='block_1_18' title="bbox 2329 571 3905 644">
    <p class='ocr_par' dir='ltr' id='par_1_18' title="bbox 2329 571 3905 644">
     <span class='ocr_line' id='line_1_18' title="bbox 2329 571 3905 644; baseline -0.001 -14"><span class='ocrx_word' id='word_1_120' title='bbox 2329 582 2390 634; x_wconf 76' lang='lat' dir='ltr'><strong><em>ut</em></strong></span> <span class='ocrx_word' id='word_1_121' title='bbox 2421 575 2563 644; x_wconf 84' lang='lat' dir='ltr'><strong><em>ipsas</em></strong></span> <span class='ocrx_word' id='word_1_122' title='bbox 2591 581 2699 628; x_wconf 90' lang='lat' dir='ltr'><strong><em>tres</em></strong></span> <span class='ocrx_word' id='word_1_123' title='bbox 2725 579 2904 642; x_wconf 83' lang='lat' dir='ltr'><strong><em>partes</em></strong></span> <span class='ocrx_word' id='word_1_124' title='bbox 2931 571 2984 626; x_wconf 91' lang='lat' dir='ltr'><strong><em>in</em></strong></span> <span class='ocrx_word' id='word_1_125' title='bbox 3014 586 3120 626; x_wconf 89' lang='lat' dir='ltr'><strong><em>uno</em></strong></span> <span class='ocrx_word' id='word_1_126' title='bbox 3148 584 3313 642; x_wconf 84' lang='lat' dir='ltr'><strong><em>regno</em></strong></span> <span class='ocrx_word' id='word_1_127' title='bbox 3358 571 3702 642; x_wconf 78' lang='lat' dir='ltr'><strong><em>coniungam,</em></strong></span> <span class='ocrx_word' id='word_1_128' title='bbox 3731 579 3792 626; x_wconf 87' lang='lat' dir='ltr'><strong><em>et</em></strong></span> <span class='ocrx_word' id='word_1_129' title='bbox 3841 573 3905 630; x_wconf 89' lang='lat' dir='ltr'><strong><em>sit</em></strong></span> 
     </span>
    </p>
   </div>
   <div class='ocr_carea' id='block_1_19' title="bbox 2332 663 3904 736">
    <p class='ocr_par' dir='ltr' id='par_1_19' title="bbox 2332 663 3904 736">
     <span class='ocr_line' id='line_1_19' title="bbox 2332 663 3904 736; baseline -0.001 -10"><span class='ocrx_word' id='word_1_130' title='bbox 2332 666 2562 726; x_wconf 77' lang='lat' dir='ltr'><strong><em>Trinitas</em></strong></span> <span class='ocrx_word' id='word_1_131' title='bbox 2581 666 2678 722; x_wconf 88' lang='lat' dir='ltr'><strong><em>Dei</em></strong></span> <span class='ocrx_word' id='word_1_132' title='bbox 2703 667 2760 722; x_wconf 89' lang='lat' dir='ltr'><strong><em>in</em></strong></span> <span class='ocrx_word' id='word_1_133' title='bbox 2801 665 3038 724; x_wconf 81' lang='lat' dir='ltr'><strong><em>trinitate</em></strong></span> <span class='ocrx_word' id='word_1_134' title='bbox 3074 665 3255 736; x_wconf 82' lang='lat' dir='ltr'><strong><em>populi</em></strong></span> <span class='ocrx_word' id='word_1_135' title='bbox 3295 663 3662 732; x_wconf 62' lang='lat' dir='ltr'><strong><em>Hebraeorum,</em></strong></span> <span class='ocrx_word' id='word_1_136' title='bbox 3692 663 3904 724; x_wconf 59' lang='lat' dir='ltr'><strong><em>Gram-</em></strong></span> 
     </span>
    </p>
   </div>
   <div class='ocr_carea' id='block_1_20' title="bbox 2327 759 3904 822">
    <p class='ocr_par' dir='ltr' id='par_1_20' title="bbox 2327 759 3904 822">
     <span class='ocr_line' id='line_1_20' title="bbox 2327 759 3904 822; baseline 0.001 -2"><span class='ocrx_word' id='word_1_137' title='bbox 2327 778 2451 820; x_wconf 86' lang='lat' dir='ltr'><strong><em>rnm</em></strong></span> <span class='ocrx_word' id='word_1_138' title='bbox 2490 770 2546 820; x_wconf 90' lang='lat' dir='ltr'><strong><em>et</em></strong></span> <span class='ocrx_word' id='word_1_139' title='bbox 2591 761 2921 819; x_wconf 82' lang='lat' dir='ltr'><strong><em>Latinorum.</em></strong></span> <span class='ocrx_word' id='word_1_140' title='bbox 2977 759 3058 816; x_wconf 83' lang='lat' dir='ltr'><strong><em>Ex</em></strong></span> <span class='ocrx_word' id='word_1_141' title='bbox 3099 761 3183 816; x_wconf 82' lang='lat' dir='ltr'><strong><em>bis</em></strong></span> <span class='ocrx_word' id='word_1_142' title='bbox 3219 762 3389 818; x_wconf 82' lang='lat' dir='ltr'><strong><em>tribus</em></strong></span> <span class='ocrx_word' id='word_1_143' title='bbox 3433 769 3592 818; x_wconf 84' lang='lat' dir='ltr'><strong><em>eatur</em></strong></span> <span class='ocrx_word' id='word_1_144' title='bbox 3619 762 3674 818; x_wconf 89' lang='lat' dir='ltr'><strong><em>in</em></strong></span> <span class='ocrx_word' id='word_1_145' title='bbox 3701 765 3904 822; x_wconf 73' lang='lat' dir='ltr'><strong><em>cumis</em></strong></span> 
     </span>
    </p>
   </div>
   <div class='ocr_carea' id='block_1_21' title="bbox 2325 852 3902 930">
    <p class='ocr_par' dir='ltr' id='par_1_21' title="bbox 2325 852 3902 930">
     <span class='ocr_line' id='line_1_21' title="bbox 2325 852 3902 930; baseline 0.003 -23"><span class='ocrx_word' id='word_1_146' title='bbox 2325 853 2571 930; x_wconf 61' lang='lat' dir='ltr'><strong><em>partibus</em></strong></span> <span class='ocrx_word' id='word_1_147' title='bbox 2608 853 2809 920; x_wconf 85' lang='lat' dir='ltr'><strong><em>mundi,</em></strong></span> <span class='ocrx_word' id='word_1_148' title='bbox 2860 861 2917 907; x_wconf 90' lang='lat' dir='ltr'><strong><em>ut</em></strong></span> <span class='ocrx_word' id='word_1_149' title='bbox 2937 854 3103 909; x_wconf 79' lang='lat' dir='ltr'><strong><em>nostri</em></strong></span> <span class='ocrx_word' id='word_1_150' title='bbox 3133 853 3240 908; x_wconf 89' lang='lat' dir='ltr'><strong><em>sint</em></strong></span> <span class='ocrx_word' id='word_1_151' title='bbox 3265 868 3454 910; x_wconf 79' lang='lat' dir='ltr'><strong><em>omnes</em></strong></span> <span class='ocrx_word' id='word_1_152' title='bbox 3479 868 3578 924; x_wconf 83' lang='lat' dir='ltr'><strong><em>per</em></strong></span> <span class='ocrx_word' id='word_1_153' title='bbox 3607 852 3788 921; x_wconf 76' lang='lat' dir='ltr'><strong><em>ﬁderit,</em></strong></span> <span class='ocrx_word' id='word_1_154' title='bbox 3818 857 3902 924; x_wconf 81' lang='lat' dir='ltr'><strong><em>qui</em></strong></span> 
     </span>
    </p>
   </div>
   <div class='ocr_carea' id='block_1_22' title="bbox 2327 942 3901 1015">
    <p class='ocr_par' dir='ltr' id='par_1_22' title="bbox 2327 942 3901 1015">
     <span class='ocr_line' id='line_1_22' title="bbox 2327 942 3901 1015; baseline -0.001 -13"><span class='ocrx_word' id='word_1_155' title='bbox 2327 943 2446 1014; x_wconf 78' lang='lat' dir='ltr'><strong><em>sine</em></strong></span> <span class='ocrx_word' id='word_1_156' title='bbox 2491 943 2596 1001; x_wconf 77' lang='lat' dir='ltr'><strong><em>ﬁde</em></strong></span> <span class='ocrx_word' id='word_1_157' title='bbox 2617 943 2788 1000; x_wconf 84' lang='lat' dir='ltr'><strong><em>nostri</em></strong></span> <span class='ocrx_word' id='word_1_158' title='bbox 2815 958 2934 999; x_wconf 78' lang='lat' dir='ltr'><strong><em>esse</em></strong></span> <span class='ocrx_word' id='word_1_159' title='bbox 2961 945 3068 999; x_wconf 85' lang='lat' dir='ltr'><strong><em>non</em></strong></span> <span class='ocrx_word' id='word_1_160' title='bbox 3095 951 3337 1014; x_wconf 89' lang='lat' dir='ltr'><strong><em>possunt.</em></strong></span> <span class='ocrx_word' id='word_1_161' title='bbox 3368 942 3488 1000; x_wconf 85' lang='lat' dir='ltr'><strong><em>Sint</em></strong></span> <span class='ocrx_word' id='word_1_162' title='bbox 3515 945 3683 1000; x_wconf 82' lang='lat' dir='ltr'><strong><em>nostri</em></strong></span> <span class='ocrx_word' id='word_1_163' title='bbox 3703 943 3901 1015; x_wconf 77' lang='lat' dir='ltr'><strong><em>Galsad</em></strong></span> 
     </span>
    </p>
   </div>
   <div class='ocr_carea' id='block_1_23' title="bbox 2329 1033 3901 1107">
    <p class='ocr_par' dir='ltr' id='par_1_23' title="bbox 2329 1033 3901 1107">
     <span class='ocr_line' id='line_1_23' title="bbox 2329 1033 3901 1107; baseline 0.001 -17"><span class='ocrx_word' id='word_1_164' title='bbox 2329 1041 2385 1090; x_wconf 86' lang='lat' dir='ltr'><strong><em>et</em></strong></span> <span class='ocrx_word' id='word_1_165' title='bbox 2407 1033 2652 1092; x_wconf 65' lang='lat' dir='ltr'><strong><em>ﬂuitasse</em></strong></span> <span class='ocrx_word' id='word_1_166' title='bbox 2678 1035 2733 1090; x_wconf 90' lang='lat' dir='ltr'><strong><em>in</em></strong></span> <span class='ocrx_word' id='word_1_167' title='bbox 2758 1033 3024 1104; x_wconf 82' lang='lat' dir='ltr'><strong><em>gentibus,</em></strong></span> <span class='ocrx_word' id='word_1_168' title='bbox 3058 1041 3114 1090; x_wconf 87' lang='lat' dir='ltr'><strong><em>et</em></strong></span> <span class='ocrx_word' id='word_1_169' title='bbox 3142 1033 3375 1105; x_wconf 81' lang='lat' dir='ltr'><strong><em>Ephrem</em></strong></span> <span class='ocrx_word' id='word_1_170' title='bbox 3412 1034 3673 1092; x_wconf 73' lang='lat' dir='ltr'><strong><em>fortitudo</em></strong></span> <span class='ocrx_word' id='word_1_171' title='bbox 3717 1036 3901 1107; x_wconf 76' lang='lat' dir='ltr'><strong><em>capitis</em></strong></span> 
     </span>
    </p>
   </div>
   <div class='ocr_carea' id='block_1_24' title="bbox 2327 1125 3898 1184">
    <p class='ocr_par' dir='ltr' id='par_1_24' title="bbox 2327 1125 3898 1184">
     <span class='ocr_line' id='line_1_24' title="bbox 2327 1125 3898 1184; baseline 0 -2"><span class='ocrx_word' id='word_1_172' title='bbox 2327 1126 2498 1184; x_wconf 84' lang='lat' dir='ltr'><strong><em>nostri</em></strong></span> <span class='ocrx_word' id='word_1_173' title='bbox 2527 1127 2579 1184; x_wconf 89' lang='lat' dir='ltr'><strong><em>in</em></strong></span> <span class='ocrx_word' id='word_1_174' title='bbox 2608 1126 3086 1183; x_wconf 84' lang='lat' dir='ltr'><strong><em>benedictionibus.</em></strong></span> <span class='ocrx_word' id='word_1_175' title='bbox 3112 1126 3192 1181; x_wconf 85' lang='lat' dir='ltr'><strong><em>Sit</em></strong></span> <span class='ocrx_word' id='word_1_176' title='bbox 3217 1125 3352 1182; x_wconf 81' lang='lat' dir='ltr'><strong><em>Juda</em></strong></span> <span class='ocrx_word' id='word_1_177' title='bbox 3374 1143 3469 1182; x_wconf 82' lang='lat' dir='ltr'><strong><em>rex</em></strong></span> <span class='ocrx_word' id='word_1_178' title='bbox 3495 1143 3648 1184; x_wconf 86' lang='lat' dir='ltr'><strong><em>meus</em></strong></span> <span class='ocrx_word' id='word_1_179' title='bbox 3667 1128 3722 1181; x_wconf 90' lang='lat' dir='ltr'><strong><em>in</em></strong></span> <span class='ocrx_word' id='word_1_180' title='bbox 3749 1127 3898 1182; x_wconf 83' lang='lat' dir='ltr'><strong><em>Chri-</em></strong></span> 
     </span>
    </p>
   </div>
   <div class='ocr_carea' id='block_1_25' title="bbox 2325 1217 3898 1293">
    <p class='ocr_par' dir='ltr' id='par_1_25' title="bbox 2325 1217 3898 1293">
     <span class='ocr_line' id='line_1_25' title="bbox 2325 1217 3898 1293; baseline 0 -17"><span class='ocrx_word' id='word_1_181' title='bbox 2325 1228 2434 1285; x_wconf 87' lang='lat' dir='ltr'><strong><em>sto,</em></strong></span> <span class='ocrx_word' id='word_1_182' title='bbox 2463 1219 2533 1278; x_wconf 86' lang='lat' dir='ltr'><strong><em>sit</em></strong></span> <span class='ocrx_word' id='word_1_183' title='bbox 2560 1217 2719 1276; x_wconf 68' lang='lat' dir='ltr'><strong><em>Moab</em></strong></span> <span class='ocrx_word' id='word_1_184' title='bbox 2746 1220 2854 1276; x_wconf 86' lang='lat' dir='ltr'><strong><em>olla</em></strong></span> <span class='ocrx_word' id='word_1_185' title='bbox 2883 1220 2998 1292; x_wconf 88' lang='lat' dir='ltr'><strong><em>spei</em></strong></span> <span class='ocrx_word' id='word_1_186' title='bbox 3025 1235 3178 1276; x_wconf 69' lang='lat' dir='ltr'><strong><em>mese.</em></strong></span> <span class='ocrx_word' id='word_1_187' title='bbox 3208 1218 3366 1275; x_wconf 77' lang='lat' dir='ltr'><strong><em>Moab</em></strong></span> <span class='ocrx_word' id='word_1_188' title='bbox 3395 1220 3500 1275; x_wconf 84' lang='lat' dir='ltr'><strong><em>tilia</em></strong></span> <span class='ocrx_word' id='word_1_189' title='bbox 3518 1220 3689 1288; x_wconf 73' lang='lat' dir='ltr'><strong><em>Loth,</em></strong></span> <span class='ocrx_word' id='word_1_190' title='bbox 3711 1238 3781 1276; x_wconf 82' lang='lat' dir='ltr'><strong><em>ex</em></strong></span> <span class='ocrx_word' id='word_1_191' title='bbox 3804 1239 3898 1293; x_wconf 89' lang='lat' dir='ltr'><strong><em>quo</em></strong></span> 
     </span>
    </p>
   </div>
   <div class='ocr_carea' id='block_1_26' title="bbox 2329 1312 3894 1385">
    <p class='ocr_par' dir='ltr' id='par_1_26' title="bbox 2329 1312 3894 1385">
     <span class='ocr_line' id='line_1_26' title="bbox 2329 1312 3894 1385; baseline 0.001 -18"><span class='ocrx_word' id='word_1_192' title='bbox 2329 1312 2573 1370; x_wconf 79' lang='lat' dir='ltr'><strong><em>Moabitae</em></strong></span> <span class='ocrx_word' id='word_1_193' title='bbox 2600 1321 2723 1370; x_wconf 88' lang='lat' dir='ltr'><strong><em>sunt</em></strong></span> <span class='ocrx_word' id='word_1_194' title='bbox 2747 1321 2957 1384; x_wconf 62' lang='lat' dir='ltr'><strong><em>gemes,</em></strong></span> <span class='ocrx_word' id='word_1_195' title='bbox 2982 1328 3102 1382; x_wconf 57' lang='lat' dir='ltr'><strong><em>quae</em></strong></span> <span class='ocrx_word' id='word_1_196' title='bbox 3129 1314 3332 1381; x_wconf 77' lang='lat' dir='ltr'><strong><em>angelis</em></strong></span> <span class='ocrx_word' id='word_1_197' title='bbox 3350 1313 3572 1370; x_wconf 85' lang='lat' dir='ltr'><strong><em>ducibus</em></strong></span> <span class='ocrx_word' id='word_1_198' title='bbox 3598 1316 3773 1370; x_wconf 81' lang='lat' dir='ltr'><strong><em>evasit</em></strong></span> <span class='ocrx_word' id='word_1_199' title='bbox 3795 1316 3894 1385; x_wconf 75' lang='lat' dir='ltr'><strong><em>pitt-</em></strong></span> 
     </span>
    </p>
   </div>
   <div class='ocr_carea' id='block_1_27' title="bbox 2327 1404 3892 1477">
    <p class='ocr_par' dir='ltr' id='par_1_27' title="bbox 2327 1404 3892 1477">
     <span class='ocr_line' id='line_1_27' title="bbox 2327 1404 3892 1477; baseline 0.003 -18"><span class='ocrx_word' id='word_1_200' title='bbox 2327 1404 2443 1460; x_wconf 86' lang='lat' dir='ltr'><strong><em>vias</em></strong></span> <span class='ocrx_word' id='word_1_201' title='bbox 2462 1404 2644 1474; x_wconf 79' lang='lat' dir='ltr'><strong><em>igneas</em></strong></span> <span class='ocrx_word' id='word_1_202' title='bbox 2669 1404 2736 1464; x_wconf 89' lang='lat' dir='ltr'><strong><em>de</em></strong></span> <span class='ocrx_word' id='word_1_203' title='bbox 2758 1405 2901 1461; x_wconf 65' lang='lat' dir='ltr'><strong><em>cado</em></strong></span> <span class='ocrx_word' id='word_1_204' title='bbox 2935 1405 3230 1474; x_wconf 76' lang='lat' dir='ltr'><strong><em>venientes,</em></strong></span> <span class='ocrx_word' id='word_1_205' title='bbox 3263 1421 3361 1475; x_wconf 86' lang='lat' dir='ltr'><strong><em>pro</em></strong></span> <span class='ocrx_word' id='word_1_206' title='bbox 3405 1420 3510 1475; x_wconf 87' lang='lat' dir='ltr'><strong><em>qua</em></strong></span> <span class='ocrx_word' id='word_1_207' title='bbox 3535 1414 3692 1477; x_wconf 82' lang='lat' dir='ltr'><strong><em>rogat</em></strong></span> <span class='ocrx_word' id='word_1_208' title='bbox 3721 1415 3780 1461; x_wconf 89' lang='lat' dir='ltr'><strong><em>ut</em></strong></span> <span class='ocrx_word' id='word_1_209' title='bbox 3801 1423 3892 1464; x_wconf 84' lang='lat' dir='ltr'><strong><em>non</em></strong></span> 
     </span>
    </p>
   </div>
   <div class='ocr_carea' id='block_1_28' title="bbox 2325 1495 3888 1568">
    <p class='ocr_par' dir='ltr' id='par_1_28' title="bbox 2325 1495 3888 1568">
     <span class='ocr_line' id='line_1_28' title="bbox 2325 1495 3888 1568; baseline 0.003 -18"><span class='ocrx_word' id='word_1_210' title='bbox 2325 1495 2517 1554; x_wconf 75' lang='lat' dir='ltr'><strong><em>ardeat</em></strong></span> <span class='ocrx_word' id='word_1_211' title='bbox 2559 1497 2618 1556; x_wconf 77' lang='lat' dir='ltr'><strong><em>in</em></strong></span> <span class='ocrx_word' id='word_1_212' title='bbox 2657 1495 2975 1554; x_wconf 82' lang='lat' dir='ltr'><strong><em>Sodomitiis</em></strong></span> <span class='ocrx_word' id='word_1_213' title='bbox 2999 1495 3248 1563; x_wconf 74' lang='lat' dir='ltr'><strong><em>ﬂammis,</em></strong></span> <span class='ocrx_word' id='word_1_214' title='bbox 3269 1497 3365 1553; x_wconf 81' lang='lat' dir='ltr'><strong><em>sed</em></strong></span> <span class='ocrx_word' id='word_1_215' title='bbox 3391 1497 3448 1554; x_wconf 76' lang='lat' dir='ltr'><strong><em>in</em></strong></span> <span class='ocrx_word' id='word_1_216' title='bbox 3474 1496 3678 1568; x_wconf 78' lang='lat' dir='ltr'><strong><em>Spiritu</em></strong></span> <span class='ocrx_word' id='word_1_217' title='bbox 3704 1497 3888 1556; x_wconf 74' lang='lat' dir='ltr'><strong><em>ferveat</em></strong></span> 
     </span>
    </p>
   </div>
   <div class='ocr_carea' id='block_1_29' title="bbox 2326 1587 3888 1660">
    <p class='ocr_par' dir='ltr' id='par_1_29' title="bbox 2326 1587 3888 1660">
     <span class='ocr_line' id='line_1_29' title="bbox 2326 1587 3888 1660; baseline 0.002 -18"><span class='ocrx_word' id='word_1_218' title='bbox 2326 1593 2532 1654; x_wconf 86' lang='lat' dir='ltr'><strong><em>sancto,</em></strong></span> <span class='ocrx_word' id='word_1_219' title='bbox 2564 1596 2767 1648; x_wconf 82' lang='lat' dir='ltr'><strong><em>etcum</em></strong></span> <span class='ocrx_word' id='word_1_220' title='bbox 2819 1587 2940 1644; x_wconf 87' lang='lat' dir='ltr'><strong><em>tiliis</em></strong></span> <span class='ocrx_word' id='word_1_221' title='bbox 2965 1587 3096 1654; x_wconf 81' lang='lat' dir='ltr'><strong><em>suis,</em></strong></span> <span class='ocrx_word' id='word_1_222' title='bbox 3125 1587 3181 1644; x_wconf 87' lang='lat' dir='ltr'><strong><em>id</em></strong></span> <span class='ocrx_word' id='word_1_223' title='bbox 3207 1596 3308 1656; x_wconf 90' lang='lat' dir='ltr'><strong><em>est,</em></strong></span> <span class='ocrx_word' id='word_1_224' title='bbox 3337 1589 3592 1658; x_wconf 80' lang='lat' dir='ltr'><strong><em>gentibus</em></strong></span> <span class='ocrx_word' id='word_1_225' title='bbox 3615 1604 3736 1659; x_wconf 73' lang='lat' dir='ltr'><strong><em>quae</em></strong></span> <span class='ocrx_word' id='word_1_226' title='bbox 3757 1591 3888 1660; x_wconf 63' lang='lat' dir='ltr'><strong><em>igneo</em></strong></span> 
     </span>
    </p>
   </div>
   <div class='ocr_carea' id='block_1_30' title="bbox 2325 1678 3883 1754">
    <p class='ocr_par' dir='ltr' id='par_1_30' title="bbox 2325 1678 3883 1754">
     <span class='ocr_line' id='line_1_30' title="bbox 2325 1678 3883 1754; baseline 0.003 -23"><span class='ocrx_word' id='word_1_227' title='bbox 2325 1685 2450 1732; x_wconf 87' lang='lat' dir='ltr'><strong><em>rant</em></strong></span> <span class='ocrx_word' id='word_1_228' title='bbox 2477 1678 2664 1742; x_wconf 85' lang='lat' dir='ltr'><strong><em>Deum,</em></strong></span> <span class='ocrx_word' id='word_1_229' title='bbox 2707 1679 2778 1735; x_wconf 89' lang='lat' dir='ltr'><strong><em>sit</em></strong></span> <span class='ocrx_word' id='word_1_230' title='bbox 2823 1679 2928 1740; x_wconf 77' lang='lat' dir='ltr'><strong><em>olla</em></strong></span> <span class='ocrx_word' id='word_1_231' title='bbox 2958 1679 3073 1748; x_wconf 78' lang='lat' dir='ltr'><strong><em>spei</em></strong></span> <span class='ocrx_word' id='word_1_232' title='bbox 3095 1694 3228 1734; x_wconf 75' lang='lat' dir='ltr'><strong><em>mea:</em></strong></span> <span class='ocrx_word' id='word_1_233' title='bbox 3254 1697 3266 1732; x_wconf 90' lang='lat'>:</span> <span class='ocrx_word' id='word_1_234' title='bbox 3290 1679 3348 1736; x_wconf 85' lang='lat' dir='ltr'><strong><em>In</em></strong></span> <span class='ocrx_word' id='word_1_235' title='bbox 3377 1679 3684 1747; x_wconf 74' lang='lat' dir='ltr'><strong><em>Idumam,</em></strong></span> <span class='ocrx_word' id='word_1_236' title='bbox 3714 1681 3883 1754; x_wconf 86' lang='lat' dir='ltr'><strong><em>inquit,</em></strong></span> 
     </span>
    </p>
   </div>
   <div class='ocr_carea' id='block_1_31' title="bbox 2327 1768 3883 1840">
    <p class='ocr_par' dir='ltr' id='par_1_31' title="bbox 2327 1768 3883 1840">
     <span class='ocr_line' id='line_1_31' title="bbox 2327 1768 3883 1840; baseline 0.004 -18"><span class='ocrx_word' id='word_1_237' title='bbox 2327 1768 2380 1824; x_wconf 89' lang='lat' dir='ltr'><strong><em>id</em></strong></span> <span class='ocrx_word' id='word_1_238' title='bbox 2403 1778 2508 1835; x_wconf 78' lang='lat' dir='ltr'><strong><em>est,</em></strong></span> <span class='ocrx_word' id='word_1_239' title='bbox 2540 1771 2593 1824; x_wconf 92' lang='lat' dir='ltr'><strong><em>in</em></strong></span> <span class='ocrx_word' id='word_1_240' title='bbox 2621 1770 3004 1828; x_wconf 78' lang='lat' dir='ltr'><strong><em>habitationem</em></strong></span> <span class='ocrx_word' id='word_1_241' title='bbox 3031 1771 3290 1840; x_wconf 80' lang='lat' dir='ltr'><strong><em>gentium.</em></strong></span> <span class='ocrx_word' id='word_1_242' title='bbox 3336 1771 3412 1826; x_wconf 70' lang='lat' dir='ltr'><strong><em>nn</em></strong></span> <span class='ocrx_word' id='word_1_243' title='bbox 3463 1771 3751 1828; x_wconf 82' lang='lat' dir='ltr'><strong><em>extendam</em></strong></span> <span class='ocrx_word' id='word_1_244' title='bbox 3791 1774 3883 1829; x_wconf 81' lang='lat' dir='ltr'><strong><em>cal-</em></strong></span> 
     </span>
    </p>
   </div>
   <div class='ocr_carea' id='block_1_32' title="bbox 650 1846 3880 1938">
    <p class='ocr_par' dir='ltr' id='par_1_32' title="bbox 650 1846 3880 1938">
     <span class='ocr_line' id='line_1_32' title="bbox 650 1846 3880 1938; baseline -0.016 -7"><span class='ocrx_word' id='word_1_245' title='bbox 650 1874 796 1931; x_wconf 85' lang='lat' dir='ltr'><strong><em>videt</em></strong></span> <span class='ocrx_word' id='word_1_246' title='bbox 822 1871 952 1928; x_wconf 85' lang='lat' dir='ltr'><strong><em>satis</em></strong></span> <span class='ocrx_word' id='word_1_247' title='bbox 972 1869 1332 1927; x_wconf 85' lang='lat' dir='ltr'><strong><em>necessarium</em></strong></span> <span class='ocrx_word' id='word_1_248' title='bbox 1360 1865 1472 1921; x_wconf 92' lang='lat' dir='ltr'><strong><em>Deo</em></strong></span> <span class='ocrx_word' id='word_1_249' title='bbox 1501 1880 1595 1918; x_wconf 88' lang='lat' dir='ltr'><strong><em>cor</em></strong></span> <span class='ocrx_word' id='word_1_250' title='bbox 1617 1878 1798 1927; x_wconf 90' lang='lat' dir='ltr'><strong><em>suum;</em></strong></span> <span class='ocrx_word' id='word_1_251' title='bbox 1830 1867 1884 1914; x_wconf 91' lang='lat' dir='ltr'><strong><em>et</em></strong></span> <span class='ocrx_word' id='word_1_252' title='bbox 1905 1873 2091 1913; x_wconf 89' lang='lat' dir='ltr'><strong><em>omnes</em></strong></span> <span class='ocrx_word' id='word_1_253' title='bbox 2131 1863 2224 1910; x_wconf 72' lang='grc' dir='ltr'><strong><em>σε·</em></strong></span> <span class='ocrx_word' id='word_1_254' title='bbox 2256 1846 2302 1914; x_wconf 79' lang='grc' dir='ltr'><strong><em>Β</em></strong></span> <span class='ocrx_word' id='word_1_255' title='bbox 2331 1872 2669 1920; x_wconf 50' lang='lat' dir='ltr'><strong><em>mammam</em></strong></span> <span class='ocrx_word' id='word_1_256' title='bbox 2709 1880 2922 1930; x_wconf 58' lang='lat' dir='ltr'><strong><em>meum,</em></strong></span> <span class='ocrx_word' id='word_1_257' title='bbox 2953 1880 3057 1922; x_wconf 63' lang='lat' dir='ltr'><strong>non</strong></span> <span class='ocrx_word' id='word_1_258' title='bbox 3099 1864 3224 1920; x_wconf 61' lang='lat' dir='ltr'><strong><em>inde</em></strong></span> <span class='ocrx_word' id='word_1_259' title='bbox 3269 1864 3478 1936; x_wconf 47' lang='lat' dir='ltr'><strong><em>“siam</em></strong></span> <span class='ocrx_word' id='word_1_260' title='bbox 3514 1866 3757 1938; x_wconf 57' lang='lat' dir='ltr'><strong><em>discipuli</em></strong></span> <span class='ocrx_word' id='word_1_261' title='bbox 3797 1867 3880 1921; x_wconf 57' lang='lat' dir='ltr'><strong><em>mei</em></strong></span> 
     </span>
    </p>
   </div>
   <div class='ocr_carea' id='block_1_33' title="bbox 647 1944 2254 2027">
    <p class='ocr_par' dir='ltr' id='par_1_33' title="bbox 647 1944 2254 2027">
     <span class='ocr_line' id='line_1_33' title="bbox 647 1944 2254 2027; baseline -0.014 -6"><span class='ocrx_word' id='word_1_262' title='bbox 647 1965 891 2022; x_wconf 87' lang='lat' dir='ltr'><strong><em>casiones</em></strong></span> <span class='ocrx_word' id='word_1_263' title='bbox 918 1959 1102 2016; x_wconf 89' lang='lat' dir='ltr'><strong><em>mundi</em></strong></span> <span class='ocrx_word' id='word_1_264' title='bbox 1125 1958 1190 2013; x_wconf 85' lang='lat' dir='ltr'><strong><em>ab</em></strong></span> <span class='ocrx_word' id='word_1_265' title='bbox 1218 1973 1285 2014; x_wconf 92' lang='lat' dir='ltr'><strong><em>eo</em></strong></span> <span class='ocrx_word' id='word_1_266' title='bbox 1310 1971 1584 2027; x_wconf 88' lang='lat' dir='ltr'><strong><em>separans,</em></strong></span> <span class='ocrx_word' id='word_1_267' title='bbox 1615 1960 1862 2026; x_wconf 88' lang='lat' dir='ltr'><strong><em>paratum</em></strong></span> <span class='ocrx_word' id='word_1_268' title='bbox 1889 1950 2001 2004; x_wconf 86' lang='lat' dir='ltr'><strong><em>Deo</em></strong></span> <span class='ocrx_word' id='word_1_269' title='bbox 2029 1944 2254 2001; x_wconf 76' lang='lat' dir='ltr'><strong><em>alludet‘</em></strong></span> 
     </span>
    </p>
   </div>
   <div class='ocr_carea' id='block_1_34' title="bbox 651 2037 2225 2126">
    <p class='ocr_par' dir='ltr' id='par_1_34' title="bbox 651 2037 2225 2126">
     <span class='ocr_line' id='line_1_34' title="bbox 651 2037 2225 2126; baseline -0.012 -15"><span class='ocrx_word' id='word_1_270' title='bbox 651 2056 704 2111; x_wconf 87' lang='lat' dir='ltr'><strong><em>in</em></strong></span> <span class='ocrx_word' id='word_1_271' title='bbox 732 2054 941 2126; x_wconf 79' lang='lat' dir='ltr'><strong><em>psalmo</em></strong></span> <span class='ocrx_word' id='word_1_272' title='bbox 969 2058 1025 2108; x_wconf 88' lang='lat' dir='ltr'><strong><em>et</em></strong></span> <span class='ocrx_word' id='word_1_273' title='bbox 1053 2053 1109 2107; x_wconf 89' lang='lat' dir='ltr'><strong><em>in</em></strong></span> <span class='ocrx_word' id='word_1_274' title='bbox 1129 2051 1294 2107; x_wconf 82' lang='lat' dir='ltr'><strong><em>verbo</em></strong></span> <span class='ocrx_word' id='word_1_275' title='bbox 1320 2046 1676 2118; x_wconf 81' lang='lat' dir='ltr'><strong><em>congeminat.</em></strong></span> <span class='ocrx_word' id='word_1_276' title='bbox 1710 2043 1848 2112; x_wconf 89' lang='lat' dir='ltr'><strong><em>Quid</em></strong></span> <span class='ocrx_word' id='word_1_277' title='bbox 1877 2049 1958 2096; x_wconf 87' lang='lat' dir='ltr'><strong><em>est</em></strong></span> <span class='ocrx_word' id='word_1_278' title='bbox 1980 2041 2120 2096; x_wconf 88' lang='lat' dir='ltr'><strong><em>enim</em></strong></span> <span class='ocrx_word' id='word_1_279' title='bbox 2141 2037 2225 2094; x_wconf 89' lang='lat' dir='ltr'><strong><em>di-</em></strong></span> 
     </span>
    </p>
   </div>
   <div class='ocr_carea' id='block_1_35' title="bbox 647 2133 2222 2215">
    <p class='ocr_par' dir='ltr' id='par_1_35' title="bbox 647 2133 2222 2215">
     <span class='ocr_line' id='line_1_35' title="bbox 647 2133 2222 2215; baseline -0.013 -10"><span class='ocrx_word' id='word_1_280' title='bbox 647 2163 790 2215; x_wconf 88' lang='lat' dir='ltr'><strong><em>cere,</em></strong></span> <span class='ocrx_word' id='word_1_281' title='bbox 825 2147 938 2203; x_wconf 91' lang='lat' dir='ltr'><strong><em>Deo</em></strong></span> <span class='ocrx_word' id='word_1_282' title='bbox 965 2144 1217 2200; x_wconf 84' lang='lat' dir='ltr'><strong><em>Paratum</em></strong></span> <span class='ocrx_word' id='word_1_283' title='bbox 1242 2147 1351 2213; x_wconf 65' lang='lat' dir='ltr'><strong><em>jcor</em></strong></span> <span class='ocrx_word' id='word_1_284' title='bbox 1377 2155 1572 2206; x_wconf 87' lang='lat' dir='ltr'><strong><em>meum,</em></strong></span> <span class='ocrx_word' id='word_1_285' title='bbox 1598 2137 1699 2193; x_wconf 88' lang='lat' dir='ltr'><strong><em>nisi</em></strong></span> <span class='ocrx_word' id='word_1_286' title='bbox 1725 2138 1846 2202; x_wconf 89' lang='lat' dir='ltr'><strong><em>hoc,</em></strong></span> <span class='ocrx_word' id='word_1_287' title='bbox 1879 2143 1937 2190; x_wconf 91' lang='lat' dir='ltr'><strong><em>ut</em></strong></span> <span class='ocrx_word' id='word_1_288' title='bbox 1966 2133 2108 2189; x_wconf 88' lang='lat' dir='ltr'><strong><em>dicat</em></strong></span> <span class='ocrx_word' id='word_1_289' title='bbox 2133 2133 2183 2187; x_wconf 88' lang='lat' dir='ltr'><strong><em>ei</em></strong></span> <span class='ocrx_word' id='word_1_290' title='bbox 2209 2150 2222 2185; x_wconf 89' lang='lat'><strong>:</strong></span> 
     </span>
    </p>
   </div>
   <div class='ocr_carea' id='block_1_36' title="bbox 647 2224 2226 2307">
    <p class='ocr_par' dir='ltr' id='par_1_36' title="bbox 647 2224 2226 2307">
     <span class='ocr_line' id='line_1_36' title="bbox 647 2224 2226 2307; baseline -0.012 -11"><span class='ocrx_word' id='word_1_291' title='bbox 647 2239 801 2305; x_wconf 82' lang='lat' dir='ltr'><strong><em>Veni,</em></strong></span> <span class='ocrx_word' id='word_1_292' title='bbox 852 2236 1100 2302; x_wconf 89' lang='lat' dir='ltr'><strong><em>Domine,</em></strong></span> <span class='ocrx_word' id='word_1_293' title='bbox 1149 2241 1397 2307; x_wconf 88' lang='lat' dir='ltr'><strong><em>paratum</em></strong></span> <span class='ocrx_word' id='word_1_294' title='bbox 1439 2246 1534 2286; x_wconf 89' lang='lat' dir='ltr'><strong><em>cor</em></strong></span> <span class='ocrx_word' id='word_1_295' title='bbox 1580 2244 1777 2292; x_wconf 91' lang='lat' dir='ltr'><strong><em>meum,</em></strong></span> <span class='ocrx_word' id='word_1_296' title='bbox 1828 2235 1883 2282; x_wconf 90' lang='lat' dir='ltr'><strong><em>et</em></strong></span> <span class='ocrx_word' id='word_1_297' title='bbox 1912 2227 1964 2280; x_wconf 91' lang='lat' dir='ltr'><strong><em>in</em></strong></span> <span class='ocrx_word' id='word_1_298' title='bbox 1991 2241 2102 2280; x_wconf 89' lang='lat' dir='ltr'><strong><em>rem</em></strong></span> <span class='ocrx_word' id='word_1_299' title='bbox 2132 2224 2226 2278; x_wconf 90' lang='lat' dir='ltr'><strong><em>tibi</em></strong></span> 
     </span>
    </p>
   </div>
   <div class='ocr_carea' id='block_1_37' title="bbox 647 2315 2226 2404">
    <p class='ocr_par' dir='ltr' id='par_1_37' title="bbox 647 2315 2226 2404">
     <span class='ocr_line' id='line_1_37' title="bbox 647 2315 2226 2404; baseline -0.011 -17"><span class='ocrx_word' id='word_1_300' title='bbox 647 2336 1001 2404; x_wconf 63' lang='lat' dir='ltr'><strong><em>praeparatam</em></strong></span> <span class='ocrx_word' id='word_1_301' title='bbox 1026 2316 1324 2396; x_wconf 81' lang='lat' dir='ltr'><strong><em>ingredere,</em></strong></span> <span class='ocrx_word' id='word_1_302' title='bbox 1347 2330 1408 2378; x_wconf 91' lang='lat' dir='ltr'><strong><em>ut</em></strong></span> <span class='ocrx_word' id='word_1_303' title='bbox 1426 2331 1636 2378; x_wconf 89' lang='lat' dir='ltr'><strong><em>cantem</em></strong></span> <span class='ocrx_word' id='word_1_304' title='bbox 1657 2329 1711 2375; x_wconf 90' lang='lat' dir='ltr'><strong><em>et</em></strong></span> <span class='ocrx_word' id='word_1_305' title='bbox 1734 2319 1953 2390; x_wconf 86' lang='lat' dir='ltr'><strong><em>psallam</em></strong></span> <span class='ocrx_word' id='word_1_306' title='bbox 1981 2317 2032 2372; x_wconf 91' lang='lat' dir='ltr'><strong><em>in</em></strong></span> <span class='ocrx_word' id='word_1_307' title='bbox 2057 2315 2226 2387; x_wconf 82' lang='lat' dir='ltr'><strong><em>gloria</em></strong></span> 
     </span>
    </p>
   </div>
   <div class='ocr_carea' id='block_1_38' title="bbox 645 2407 2222 2486">
    <p class='ocr_par' dir='ltr' id='par_1_38' title="bbox 645 2407 2222 2486">
     <span class='ocr_line' id='line_1_38' title="bbox 645 2407 2222 2486; baseline -0.01 -11"><span class='ocrx_word' id='word_1_308' title='bbox 645 2436 785 2475; x_wconf 89' lang='lat' dir='ltr'><strong><em>mea.</em></strong></span> <span class='ocrx_word' id='word_1_309' title='bbox 811 2419 982 2486; x_wconf 87' lang='lat' dir='ltr'><strong><em>Quam</em></strong></span> <span class='ocrx_word' id='word_1_310' title='bbox 1009 2427 1186 2472; x_wconf 88' lang='lat' dir='ltr'><strong><em>autem</em></strong></span> <span class='ocrx_word' id='word_1_311' title='bbox 1207 2429 1357 2470; x_wconf 88' lang='lat' dir='ltr'><strong><em>suam</em></strong></span> <span class='ocrx_word' id='word_1_312' title='bbox 1379 2413 1600 2483; x_wconf 83' lang='lat' dir='ltr'><strong><em>gloriam</em></strong></span> <span class='ocrx_word' id='word_1_313' title='bbox 1616 2418 1938 2466; x_wconf 83' lang='lat' dir='ltr'><strong><em>memoraret</em></strong></span> <span class='ocrx_word' id='word_1_314' title='bbox 1953 2407 2188 2476; x_wconf 79' lang='lat' dir='ltr'><strong><em>adjunxit</em></strong></span> <span class='ocrx_word' id='word_1_315' title='bbox 2211 2425 2222 2459; x_wconf 91' lang='lat'><strong><em>:</em></strong></span> 
     </span>
    </p>
   </div>
   <div class='ocr_carea' id='block_1_39' title="bbox 649 2502 2228 2581">
    <p class='ocr_par' dir='ltr' id='par_1_39' title="bbox 649 2502 2228 2581">
     <span class='ocr_line' id='line_1_39' title="bbox 649 2502 2228 2581; baseline -0.008 -15"><span class='ocrx_word' id='word_1_316' title='bbox 649 2511 910 2581; x_wconf 77' lang='lat' dir='ltr'><strong><em>Exsurge,</em></strong></span> <span class='ocrx_word' id='word_1_317' title='bbox 942 2511 1037 2574; x_wconf 83' lang='lat' dir='ltr'><strong><em>ait,</em></strong></span> <span class='ocrx_word' id='word_1_318' title='bbox 1067 2509 1238 2578; x_wconf 83' lang='lat' dir='ltr'><strong><em>gloria</em></strong></span> <span class='ocrx_word' id='word_1_319' title='bbox 1261 2521 1380 2560; x_wconf 91' lang='lat' dir='ltr'><strong><em>mea</em></strong></span> <span class='ocrx_word' id='word_1_320' title='bbox 1412 2507 1463 2560; x_wconf 90' lang='lat' dir='ltr'><strong><em>in</em></strong></span> <span class='ocrx_word' id='word_1_321' title='bbox 1487 2503 1742 2576; x_wconf 88' lang='lat' dir='ltr'><strong><em>psalterio</em></strong></span> <span class='ocrx_word' id='word_1_322' title='bbox 1765 2510 1818 2557; x_wconf 89' lang='lat' dir='ltr'><strong><em>et</em></strong></span> <span class='ocrx_word' id='word_1_323' title='bbox 1841 2502 1892 2556; x_wconf 92' lang='lat' dir='ltr'><strong><em>in</em></strong></span> <span class='ocrx_word' id='word_1_324' title='bbox 1920 2502 2143 2561; x_wconf 85' lang='lat' dir='ltr'><strong><em>cithara.</em></strong></span> <span class='ocrx_word' id='word_1_325' title='bbox 2170 2508 2228 2554; x_wconf 91' lang='lat' dir='ltr'><strong><em>ut</em></strong></span> 
     </span>
    </p>
   </div>
   <div class='ocr_carea' id='block_1_40' title="bbox 651 2592 2228 2673">
    <p class='ocr_par' dir='ltr' id='par_1_40' title="bbox 651 2592 2228 2673">
     <span class='ocr_line' id='line_1_40' title="bbox 651 2592 2228 2673; baseline -0.008 -16"><span class='ocrx_word' id='word_1_326' title='bbox 651 2603 704 2657; x_wconf 84' lang='lat' dir='ltr'><strong><em>&#39;m</em></strong></span> <span class='ocrx_word' id='word_1_327' title='bbox 755 2602 924 2673; x_wconf 89' lang='lat' dir='ltr'><strong><em>ipsam</em></strong></span> <span class='ocrx_word' id='word_1_328' title='bbox 980 2600 1204 2670; x_wconf 73' lang='lat' dir='ltr'><strong><em>gloriam</em></strong></span> <span class='ocrx_word' id='word_1_329' title='bbox 1250 2609 1531 2673; x_wconf 84' lang='lat' dir='ltr'><strong><em>exsurgam</em></strong></span> <span class='ocrx_word' id='word_1_330' title='bbox 1576 2593 1827 2659; x_wconf 88' lang='lat' dir='ltr'><strong><em>diluculo,</em></strong></span> <span class='ocrx_word' id='word_1_331' title='bbox 1857 2607 1983 2648; x_wconf 82' lang='lat' dir='ltr'><strong><em>mox</em></strong></span> <span class='ocrx_word' id='word_1_332' title='bbox 2013 2600 2070 2647; x_wconf 92' lang='lat' dir='ltr'><strong><em>ut</em></strong></span> <span class='ocrx_word' id='word_1_333' title='bbox 2098 2592 2228 2646; x_wconf 90' lang='lat' dir='ltr'><strong><em>mihi</em></strong></span> 
     </span>
    </p>
   </div>
   <div class='ocr_carea' id='block_1_41' title="bbox 649 2669 2228 2760">
    <p class='ocr_par' dir='ltr' id='par_1_41' title="bbox 649 2669 2228 2760">
     <span class='ocr_line' id='line_1_41' title="bbox 649 2669 2228 2760; baseline -0.008 -11"><span class='ocrx_word' id='word_1_334' title='bbox 649 2694 903 2750; x_wconf 76' lang='lat' dir='ltr'><strong><em>auxilium</em></strong></span> <span class='ocrx_word' id='word_1_335' title='bbox 951 2701 1102 2748; x_wconf 90' lang='lat' dir='ltr'><strong><em>tuum</em></strong></span> <span class='ocrx_word' id='word_1_336' title='bbox 1156 2669 1476 2760; x_wconf 66' lang='lat' dir='ltr'><strong><em>tulgesceris,</em></strong></span> <span class='ocrx_word' id='word_1_337' title='bbox 1519 2687 1767 2742; x_wconf 89' lang='lat' dir='ltr'><strong><em>tenebras</em></strong></span> <span class='ocrx_word' id='word_1_338' title='bbox 1813 2700 1844 2742; x_wconf 91' lang='lat' dir='ltr'><strong><em>a</em></strong></span> <span class='ocrx_word' id='word_1_339' title='bbox 1873 2700 1958 2739; x_wconf 86' lang='lat' dir='ltr'><strong><em>me</em></strong></span> <span class='ocrx_word' id='word_1_340' title='bbox 1984 2698 2228 2738; x_wconf 91' lang='lat' dir='ltr'><strong><em>meorum</em></strong></span> 
     </span>
    </p>
   </div>
   <div class='ocr_carea' id='block_1_42' title="bbox 646 2775 2224 2856">
    <p class='ocr_par' dir='ltr' id='par_1_42' title="bbox 646 2775 2224 2856">
     <span class='ocr_line' id='line_1_42' title="bbox 646 2775 2224 2856; baseline -0.008 -15"><span class='ocrx_word' id='word_1_341' title='bbox 646 2785 933 2841; x_wconf 81' lang='lat' dir='ltr'><strong><em>exclusth</em></strong></span> <span class='ocrx_word' id='word_1_342' title='bbox 957 2789 1322 2856; x_wconf 86' lang='lat' dir='ltr'><strong><em>peccatorum,</em></strong></span> <span class='ocrx_word' id='word_1_343' title='bbox 1346 2788 1475 2836; x_wconf 86' lang='lat' dir='ltr'><strong><em>tunc</em></strong></span> <span class='ocrx_word' id='word_1_344' title='bbox 1499 2787 1554 2835; x_wconf 91' lang='lat' dir='ltr'><strong><em>et</em></strong></span> <span class='ocrx_word' id='word_1_345' title='bbox 1582 2779 1635 2834; x_wconf 91' lang='lat' dir='ltr'><strong><em>in</em></strong></span> <span class='ocrx_word' id='word_1_346' title='bbox 1663 2776 1878 2850; x_wconf 80' lang='lat' dir='ltr'><strong><em>populis</em></strong></span> <span class='ocrx_word' id='word_1_347' title='bbox 1906 2775 2224 2840; x_wconf 82' lang='lat' dir='ltr'><strong><em>cnnﬂtebor,</em></strong></span> 
     </span>
    </p>
   </div>
   <div class='ocr_carea' id='block_1_43' title="bbox 644 2866 2229 2942">
    <p class='ocr_par' dir='ltr' id='par_1_43' title="bbox 644 2866 2229 2942">
     <span class='ocr_line' id='line_1_43' title="bbox 644 2866 2229 2942; baseline -0.008 -12"><span class='ocrx_word' id='word_1_348' title='bbox 644 2882 701 2931; x_wconf 86' lang='lat' dir='ltr'><strong><em>et</em></strong></span> <span class='ocrx_word' id='word_1_349' title='bbox 727 2875 902 2930; x_wconf 88' lang='lat' dir='ltr'><strong><em>dicam</em></strong></span> <span class='ocrx_word' id='word_1_350' title='bbox 934 2892 946 2928; x_wconf 93' lang='lat'>:</span> <span class='ocrx_word' id='word_1_351' title='bbox 995 2873 1130 2942; x_wconf 82' lang='lat' dir='ltr'><strong><em>Quia</em></strong></span> <span class='ocrx_word' id='word_1_352' title='bbox 1160 2887 1267 2928; x_wconf 90' lang='lat' dir='ltr'><strong><em>non</em></strong></span> <span class='ocrx_word' id='word_1_353' title='bbox 1296 2884 1414 2927; x_wconf 89' lang='lat' dir='ltr'><strong><em>sum</em></strong></span> <span class='ocrx_word' id='word_1_354' title='bbox 1451 2869 1642 2940; x_wconf 84' lang='lat' dir='ltr'><strong><em>dignus</em></strong></span> <span class='ocrx_word' id='word_1_355' title='bbox 1669 2866 1848 2923; x_wconf 86' lang='lat' dir='ltr'><strong><em>vocari</em></strong></span> <span class='ocrx_word' id='word_1_356' title='bbox 1875 2880 2060 2921; x_wconf 89' lang='lat' dir='ltr'><strong><em>servus</em></strong></span> <span class='ocrx_word' id='word_1_357' title='bbox 2107 2874 2229 2918; x_wconf 90' lang='lat' dir='ltr'><strong><em>tuus</em></strong></span> 
     </span>
    </p>
   </div>
   <div class='ocr_carea' id='block_1_44' title="bbox 646 2955 2228 3037">
    <p class='ocr_par' dir='ltr' id='par_1_44' title="bbox 646 2955 2228 3037">
     <span class='ocr_line' id='line_1_44' title="bbox 646 2955 2228 3037; baseline -0.009 -14"><span class='ocrx_word' id='word_1_358' title='bbox 646 2981 744 3037; x_wconf 88' lang='lat' dir='ltr'><strong><em>pro</em></strong></span> <span class='ocrx_word' id='word_1_359' title='bbox 771 2965 1008 3035; x_wconf 88' lang='lat' dir='ltr'><strong><em>peccatis</em></strong></span> <span class='ocrx_word' id='word_1_360' title='bbox 1034 2964 1186 3030; x_wconf 90' lang='lat' dir='ltr'><strong><em>meis,</em></strong></span> <span class='ocrx_word' id='word_1_361' title='bbox 1218 2977 1324 3018; x_wconf 91' lang='lat' dir='ltr'><strong><em>non</em></strong></span> <span class='ocrx_word' id='word_1_362' title='bbox 1347 2977 1432 3016; x_wconf 92' lang='lat' dir='ltr'><strong><em>me</em></strong></span> <span class='ocrx_word' id='word_1_363' title='bbox 1448 2961 1665 3032; x_wconf 76' lang='lat' dir='ltr'><strong><em>iactabo</em></strong></span> <span class='ocrx_word' id='word_1_364' title='bbox 1687 2959 1740 3014; x_wconf 90' lang='lat' dir='ltr'><strong><em>in</em></strong></span> <span class='ocrx_word' id='word_1_365' title='bbox 1763 2956 2032 3028; x_wconf 87' lang='lat' dir='ltr'><strong><em>superbia,</em></strong></span> <span class='ocrx_word' id='word_1_366' title='bbox 2065 2955 2228 3010; x_wconf 85' lang='lat' dir='ltr'><strong><em>etiam</em></strong></span> 
     </span>
    </p>
   </div>
   <div class='ocr_carea' id='block_1_45' title="bbox 647 3050 2222 3125">
    <p class='ocr_par' dir='ltr' id='par_1_45' title="bbox 647 3050 2222 3125">
     <span class='ocr_line' id='line_1_45' title="bbox 647 3050 2222 3125; baseline -0.008 -13"><span class='ocrx_word' id='word_1_367' title='bbox 647 3071 769 3112; x_wconf 87' lang='lat' dir='ltr'><strong><em>cum</em></strong></span> <span class='ocrx_word' id='word_1_368' title='bbox 795 3071 881 3110; x_wconf 88' lang='lat' dir='ltr'><strong><em>me</em></strong></span> <span class='ocrx_word' id='word_1_369' title='bbox 901 3071 999 3125; x_wconf 90' lang='lat' dir='ltr'><strong><em>per</em></strong></span> <span class='ocrx_word' id='word_1_370' title='bbox 1021 3054 1401 3124; x_wconf 85' lang='lat' dir='ltr'><strong><em>indulgentiam</em></strong></span> <span class='ocrx_word' id='word_1_371' title='bbox 1430 3061 1574 3108; x_wconf 87' lang='lat' dir='ltr'><strong><em>tuam</em></strong></span> <span class='ocrx_word' id='word_1_372' title='bbox 1602 3050 1910 3106; x_wconf 85' lang='lat' dir='ltr'><strong><em>mandatum</em></strong></span> <span class='ocrx_word' id='word_1_373' title='bbox 1934 3061 2222 3116; x_wconf 89' lang='lat' dir='ltr'><strong><em>agnovero.</em></strong></span> 
     </span>
    </p>
   </div>
   <div class='ocr_carea' id='block_1_46' title="bbox 641 3139 2221 3217">
    <p class='ocr_par' dir='ltr' id='par_1_46' title="bbox 641 3139 2221 3217">
     <span class='ocr_line' id='line_1_46' title="bbox 641 3139 2221 3217; baseline -0.007 -13"><span class='ocrx_word' id='word_1_374' title='bbox 641 3148 798 3205; x_wconf 83' lang='lat' dir='ltr'><strong><em>Sicut</em></strong></span> <span class='ocrx_word' id='word_1_375' title='bbox 825 3147 920 3203; x_wconf 87' lang='lat' dir='ltr'><strong><em>ille</em></strong></span> <span class='ocrx_word' id='word_1_376' title='bbox 944 3148 1033 3217; x_wconf 88' lang='lat' dir='ltr'><strong><em>qui</em></strong></span> <span class='ocrx_word' id='word_1_377' title='bbox 1058 3147 1165 3202; x_wconf 75' lang='lat' dir='ltr'><strong><em>Vas</em></strong></span> <span class='ocrx_word' id='word_1_378' title='bbox 1187 3145 1464 3202; x_wconf 83' lang='lat' dir='ltr'><strong><em>electionis</em></strong></span> <span class='ocrx_word' id='word_1_379' title='bbox 1490 3145 1662 3198; x_wconf 77' lang='lat' dir='ltr'><strong><em>factus</em></strong></span> <span class='ocrx_word' id='word_1_380' title='bbox 1685 3142 1951 3199; x_wconf 84' lang='lat' dir='ltr'><strong><em>clamabat</em></strong></span> <span class='ocrx_word' id='word_1_381' title='bbox 1995 3139 2177 3195; x_wconf 86' lang='lat' dir='ltr'><strong><em>dicens</em></strong></span> <span class='ocrx_word' id='word_1_382' title='bbox 2209 3157 2221 3192; x_wconf 92' lang='lat'><strong>:</strong></span> 
     </span>
    </p>
   </div>
   <div class='ocr_carea' id='block_1_47' title="bbox 649 3227 2225 3310">
    <p class='ocr_par' dir='ltr' id='par_1_47' title="bbox 649 3227 2225 3310">
     <span class='ocr_line' id='line_1_47' title="bbox 649 3227 2225 3310; baseline -0.007 -16"><span class='ocrx_word' id='word_1_383' title='bbox 649 3239 772 3296; x_wconf 79' lang='lat' dir='ltr'><strong><em>Non</em></strong></span> <span class='ocrx_word' id='word_1_384' title='bbox 802 3257 913 3294; x_wconf 87' lang='lat' dir='ltr'><strong><em>sum</em></strong></span> <span class='ocrx_word' id='word_1_385' title='bbox 961 3239 1144 3310; x_wconf 87' lang='lat' dir='ltr'><strong><em>dignus</em></strong></span> <span class='ocrx_word' id='word_1_386' title='bbox 1186 3236 1356 3290; x_wconf 81' lang='lat' dir='ltr'><strong><em>uocari</em></strong></span> <span class='ocrx_word' id='word_1_387' title='bbox 1379 3233 1639 3304; x_wconf 78' lang='lat' dir='ltr'><strong><em>apostolus</em></strong></span> <span class='ocrx_word' id='word_1_388' title='bbox 1671 3231 1713 3302; x_wconf 90' lang='lat' dir='ltr'><strong>(I</strong></span> <span class='ocrx_word' id='word_1_389' title='bbox 1733 3229 1855 3285; x_wconf 89' lang='lat' dir='ltr'><strong><em>Cor.</em></strong></span> <span class='ocrx_word' id='word_1_390' title='bbox 1878 3229 1988 3298; x_wconf 81' lang='lat' dir='ltr'><strong><em>xv).</em></strong></span> <span class='ocrx_word' id='word_1_391' title='bbox 2021 3227 2089 3282; x_wconf 84' lang='lat' dir='ltr'><strong><em>Et</em></strong></span> <span class='ocrx_word' id='word_1_392' title='bbox 2113 3229 2225 3283; x_wconf 64' lang='lat' dir='ltr'><strong><em>hinc</em></strong></span> 
     </span>
    </p>
   </div>
   <div class='ocr_carea' id='block_1_48' title="bbox 647 3321 2225 3400">
    <p class='ocr_par' dir='ltr' id='par_1_48' title="bbox 647 3321 2225 3400">
     <span class='ocr_line' id='line_1_48' title="bbox 647 3321 2225 3400; baseline -0.008 -12"><span class='ocrx_word' id='word_1_393' title='bbox 647 3333 920 3388; x_wconf 78' lang='lat' dir='ltr'><strong><em>confessus</em></strong></span> <span class='ocrx_word' id='word_1_394' title='bbox 949 3331 1001 3386; x_wconf 89' lang='lat' dir='ltr'><strong><em>in</em></strong></span> <span class='ocrx_word' id='word_1_395' title='bbox 1031 3327 1244 3400; x_wconf 82' lang='lat' dir='ltr'><strong><em>populis</em></strong></span> <span class='ocrx_word' id='word_1_396' title='bbox 1269 3327 1520 3390; x_wconf 90' lang='lat' dir='ltr'><strong><em>Domino,</em></strong></span> <span class='ocrx_word' id='word_1_397' title='bbox 1554 3325 1715 3394; x_wconf 87' lang='lat' dir='ltr'><strong><em>coepit</em></strong></span> <span class='ocrx_word' id='word_1_398' title='bbox 1741 3323 2005 3393; x_wconf 87' lang='lat' dir='ltr'><strong><em>psalmum</em></strong></span> <span class='ocrx_word' id='word_1_399' title='bbox 2045 3321 2225 3377; x_wconf 83' lang='lat' dir='ltr'><strong><em>dicere</em></strong></span> 
     </span>
    </p>
   </div>
   <div class='ocr_carea' id='block_1_49' title="bbox 647 3413 2226 3492">
    <p class='ocr_par' dir='ltr' id='par_1_49' title="bbox 647 3413 2226 3492">
     <span class='ocr_line' id='line_1_49' title="bbox 647 3413 2226 3492; baseline -0.008 -14"><span class='ocrx_word' id='word_1_400' title='bbox 647 3425 786 3478; x_wconf 86' lang='lat' dir='ltr'><strong><em>inter</em></strong></span> <span class='ocrx_word' id='word_1_401' title='bbox 839 3430 1043 3492; x_wconf 87' lang='lat' dir='ltr'><strong><em>gentes.</em></strong></span> <span class='ocrx_word' id='word_1_402' title='bbox 1095 3420 1265 3488; x_wconf 81' lang='lat' dir='ltr'><strong><em>Quem</em></strong></span> <span class='ocrx_word' id='word_1_403' title='bbox 1314 3417 1575 3489; x_wconf 86' lang='lat' dir='ltr'><strong><em>psalmum</em></strong></span> <span class='ocrx_word' id='word_1_404' title='bbox 1628 3413 1823 3470; x_wconf 84' lang='lat' dir='ltr'><strong><em>Paulus</em></strong></span> <span class='ocrx_word' id='word_1_405' title='bbox 1863 3413 2056 3469; x_wconf 86' lang='lat' dir='ltr'><strong><em>cecinit</em></strong></span> <span class='ocrx_word' id='word_1_406' title='bbox 2081 3413 2226 3467; x_wconf 81' lang='lat' dir='ltr'><strong><em>inter</em></strong></span> 
     </span>
    </p>
   </div>
   <div class='ocr_carea' id='block_1_50' title="bbox 645 3503 2224 3582">
    <p class='ocr_par' dir='ltr' id='par_1_50' title="bbox 645 3503 2224 3582">
     <span class='ocr_line' id='line_1_50' title="bbox 645 3503 2224 3582; baseline -0.006 -14"><span class='ocrx_word' id='word_1_407' title='bbox 645 3515 870 3582; x_wconf 81' lang='lat' dir='ltr'><strong><em>gentes?</em></strong></span> <span class='ocrx_word' id='word_1_408' title='bbox 899 3513 1051 3568; x_wconf 78' lang='lat' dir='ltr'><strong><em>Hunc</em></strong></span> <span class='ocrx_word' id='word_1_409' title='bbox 1069 3504 1192 3566; x_wconf 79' lang='lat' dir='ltr'><strong><em>&#39;sine</em></strong></span> <span class='ocrx_word' id='word_1_410' title='bbox 1220 3508 1402 3575; x_wconf 89' lang='lat' dir='ltr'><strong><em>dubio,</em></strong></span> <span class='ocrx_word' id='word_1_411' title='bbox 1429 3507 1563 3575; x_wconf 84' lang='lat' dir='ltr'><strong><em>Quia</em></strong></span> <span class='ocrx_word' id='word_1_412' title='bbox 1585 3503 1924 3574; x_wconf 72' lang='lat' dir='ltr'><strong><em>magniﬁcam</em></strong></span> <span class='ocrx_word' id='word_1_413' title='bbox 1955 3513 2035 3560; x_wconf 90' lang='lat' dir='ltr'><strong><em>est</em></strong></span> <span class='ocrx_word' id='word_1_414' title='bbox 2056 3517 2224 3573; x_wconf 86' lang='lat' dir='ltr'><strong><em>usque</em></strong></span> 
     </span>
    </p>
   </div>
   <div class='ocr_carea' id='block_1_51' title="bbox 641 3593 2223 3668">
    <p class='ocr_par' dir='ltr' id='par_1_51' title="bbox 641 3593 2223 3668">
     <span class='ocr_line' id='line_1_51' title="bbox 641 3593 2223 3668; baseline -0.007 -12"><span class='ocrx_word' id='word_1_415' title='bbox 641 3602 711 3656; x_wconf 85' lang='lat' dir='ltr'><strong><em>ad</em></strong></span> <span class='ocrx_word' id='word_1_416' title='bbox 740 3603 903 3656; x_wconf 66' lang='lat' dir='ltr'><strong><em>melos</em></strong></span> <span class='ocrx_word' id='word_1_417' title='bbox 931 3599 1290 3656; x_wconf 85' lang='lat' dir='ltr'><strong><em>misericordia</em></strong></span> <span class='ocrx_word' id='word_1_418' title='bbox 1319 3597 1454 3668; x_wconf 85' lang='lat' dir='ltr'><strong><em>ejus.</em></strong></span> <span class='ocrx_word' id='word_1_419' title='bbox 1479 3596 1583 3663; x_wconf 88' lang='lat' dir='ltr'><strong><em>Qui</em></strong></span> <span class='ocrx_word' id='word_1_420' title='bbox 1602 3595 1738 3650; x_wconf 74' lang='lat' dir='ltr'><strong><em>venit</em></strong></span> <span class='ocrx_word' id='word_1_421' title='bbox 1749 3597 1806 3649; x_wconf 87' lang='lat' dir='ltr'><strong><em>in</em></strong></span> <span class='ocrx_word' id='word_1_422' title='bbox 1821 3595 1956 3648; x_wconf 84' lang='lat' dir='ltr'><strong><em>hunc</em></strong></span> <span class='ocrx_word' id='word_1_423' title='bbox 1973 3593 2223 3648; x_wconf 76' lang='lat' dir='ltr'><strong><em>mundum</em></strong></span> 
     </span>
    </p>
   </div>
   <div class='ocr_carea' id='block_1_52' title="bbox 643 3686 2222 3763">
    <p class='ocr_par' dir='ltr' id='par_1_52' title="bbox 643 3686 2222 3763">
     <span class='ocr_line' id='line_1_52' title="bbox 643 3686 2222 3763; baseline -0.006 -17"><span class='ocrx_word' id='word_1_424' title='bbox 643 3699 936 3763; x_wconf 79' lang='lat' dir='ltr'><strong><em>peccatores</em></strong></span> <span class='ocrx_word' id='word_1_425' title='bbox 963 3691 1131 3746; x_wconf 84' lang='lat' dir='ltr'><strong><em>salvos</em></strong></span> <span class='ocrx_word' id='word_1_426' title='bbox 1161 3692 1350 3760; x_wconf 74' lang='lat' dir='ltr'><strong><em>facere,</em></strong></span> <span class='ocrx_word' id='word_1_427' title='bbox 1381 3703 1592 3760; x_wconf 85' lang='lat' dir='ltr'><strong><em>quorum</em></strong></span> <span class='ocrx_word' id='word_1_428' title='bbox 1619 3687 1833 3758; x_wconf 80' lang='lat' dir='ltr'><strong><em>primus,</em></strong></span> <span class='ocrx_word' id='word_1_429' title='bbox 1865 3686 1957 3751; x_wconf 84' lang='lat' dir='ltr'><strong><em>ait,</em></strong></span> <span class='ocrx_word' id='word_1_430' title='bbox 1986 3701 2078 3756; x_wconf 88' lang='lat' dir='ltr'><strong><em>ego</em></strong></span> <span class='ocrx_word' id='word_1_431' title='bbox 2109 3699 2222 3737; x_wconf 85' lang='lat' dir='ltr'><strong><em>sum</em></strong></span> 
     </span>
    </p>
   </div>
   <div class='ocr_carea' id='block_1_53' title="bbox 641 3775 2222 3855">
    <p class='ocr_par' dir='ltr' id='par_1_53' title="bbox 641 3775 2222 3855">
     <span class='ocr_line' id='line_1_53' title="bbox 641 3775 2222 3855; baseline -0.005 -17"><span class='ocrx_word' id='word_1_432' title='bbox 641 3784 689 3852; x_wconf 83' lang='grc' dir='ltr'><strong><em>(Ι</em></strong></span> <span class='ocrx_word' id='word_1_433' title='bbox 721 3783 857 3839; x_wconf 79' lang='lat' dir='ltr'><strong><em>Tim.</em></strong></span> <span class='ocrx_word' id='word_1_434' title='bbox 888 3782 949 3855; x_wconf 86' lang='lat' dir='ltr'><strong><em>r).</em></strong></span> <span class='ocrx_word' id='word_1_435' title='bbox 980 3779 1049 3838; x_wconf 83' lang='lat' dir='ltr'><strong><em>Et</em></strong></span> <span class='ocrx_word' id='word_1_436' title='bbox 1077 3781 1190 3837; x_wconf 75' lang='lat' dir='ltr'><strong><em>hmo</em></strong></span> <span class='ocrx_word' id='word_1_437' title='bbox 1215 3780 1415 3836; x_wconf 83' lang='lat' dir='ltr'><strong><em>veritas</em></strong></span> <span class='ocrx_word' id='word_1_438' title='bbox 1443 3778 1577 3848; x_wconf 83' lang='lat' dir='ltr'><strong><em>ejus,</em></strong></span> <span class='ocrx_word' id='word_1_439' title='bbox 1606 3791 1777 3851; x_wconf 88' lang='lat' dir='ltr'><strong><em>usque</em></strong></span> <span class='ocrx_word' id='word_1_440' title='bbox 1804 3775 1871 3833; x_wconf 87' lang='lat' dir='ltr'><strong><em>ad</em></strong></span> <span class='ocrx_word' id='word_1_441' title='bbox 1907 3778 2079 3832; x_wconf 84' lang='lat' dir='ltr'><strong><em>nubes</em></strong></span> <span class='ocrx_word' id='word_1_442' title='bbox 2098 3790 2222 3846; x_wconf 92' lang='lat' dir='ltr'><strong><em>per-</em></strong></span> 
     </span>
    </p>
   </div>
   <div class='ocr_carea' id='block_1_54' title="bbox 641 3868 2221 3945">
    <p class='ocr_par' dir='ltr' id='par_1_54' title="bbox 641 3868 2221 3945">
     <span class='ocr_line' id='line_1_54' title="bbox 641 3868 2221 3945; baseline -0.005 -14"><span class='ocrx_word' id='word_1_443' title='bbox 641 3877 810 3945; x_wconf 80' lang='lat' dir='ltr'><strong><em>venit,</em></strong></span> <span class='ocrx_word' id='word_1_444' title='bbox 842 3877 893 3933; x_wconf 90' lang='lat' dir='ltr'><strong><em>id</em></strong></span> <span class='ocrx_word' id='word_1_445' title='bbox 917 3884 1020 3943; x_wconf 87' lang='lat' dir='ltr'><strong><em>est,</em></strong></span> <span class='ocrx_word' id='word_1_446' title='bbox 1042 3889 1211 3945; x_wconf 87' lang='lat' dir='ltr'><strong><em>usque</em></strong></span> <span class='ocrx_word' id='word_1_447' title='bbox 1232 3873 1299 3930; x_wconf 84' lang='lat' dir='ltr'><strong><em>ad</em></strong></span> <span class='ocrx_word' id='word_1_448' title='bbox 1327 3873 1602 3945; x_wconf 88' lang='lat' dir='ltr'><strong><em>apostolos</em></strong></span> <span class='ocrx_word' id='word_1_449' title='bbox 1626 3871 1870 3943; x_wconf 84' lang='lat' dir='ltr'><strong><em>pervenit</em></strong></span> <span class='ocrx_word' id='word_1_450' title='bbox 1888 3871 2106 3940; x_wconf 78' lang='lat' dir='ltr'><strong><em>veritas,</em></strong></span> <span class='ocrx_word' id='word_1_451' title='bbox 2129 3868 2221 3938; x_wconf 88' lang='lat' dir='ltr'><strong><em>qui</em></strong></span> 
     </span>
    </p>
   </div>
   <div class='ocr_carea' id='block_1_55' title="bbox 645 3960 2220 4038">
    <p class='ocr_par' dir='ltr' id='par_1_55' title="bbox 645 3960 2220 4038">
     <span class='ocr_line' id='line_1_55' title="bbox 645 3960 2220 4038; baseline -0.008 -12"><span class='ocrx_word' id='word_1_452' title='bbox 645 3968 1016 4026; x_wconf 85' lang='lat' dir='ltr'><strong><em>estChristus.</em></strong></span> <span class='ocrx_word' id='word_1_453' title='bbox 1048 3966 1164 4024; x_wconf 69' lang='lat' dir='ltr'><strong><em>iam</em></strong></span> <span class='ocrx_word' id='word_1_454' title='bbox 1192 3965 1468 4038; x_wconf 65' lang='lat' dir='ltr'><strong><em>propheta:</em></strong></span> <span class='ocrx_word' id='word_1_455' title='bbox 1505 3965 1688 4028; x_wconf 79' lang='lat' dir='ltr'><strong><em>silent,</em></strong></span> <span class='ocrx_word' id='word_1_456' title='bbox 1730 3962 1831 4018; x_wconf 79' lang='lat' dir='ltr'><strong><em>soli</em></strong></span> <span class='ocrx_word' id='word_1_457' title='bbox 1868 3961 2096 4033; x_wconf 88' lang='lat' dir='ltr'><strong><em>apostoli</em></strong></span> <span class='ocrx_word' id='word_1_458' title='bbox 2136 3960 2220 4014; x_wconf 90' lang='lat' dir='ltr'><strong><em>lo-</em></strong></span> 
     </span>
    </p>
   </div>
   <div class='ocr_carea' id='block_1_56' title="bbox 647 4054 2219 4133">
    <p class='ocr_par' dir='ltr' id='par_1_56' title="bbox 647 4054 2219 4133">
     <span class='ocr_line' id='line_1_56' title="bbox 647 4054 2219 4133; baseline -0.007 -15"><span class='ocrx_word' id='word_1_459' title='bbox 647 4070 904 4133; x_wconf 87' lang='lat' dir='ltr'><strong><em>quuntur,</em></strong></span> <span class='ocrx_word' id='word_1_460' title='bbox 943 4070 1001 4117; x_wconf 89' lang='lat' dir='ltr'><strong><em>et</em></strong></span> <span class='ocrx_word' id='word_1_461' title='bbox 1029 4060 1396 4131; x_wconf 88' lang='lat' dir='ltr'><strong><em>apostolorum</em></strong></span> <span class='ocrx_word' id='word_1_462' title='bbox 1424 4055 1689 4127; x_wconf 87' lang='lat' dir='ltr'><strong><em>discipuli.</em></strong></span> <span class='ocrx_word' id='word_1_463' title='bbox 1719 4054 1859 4123; x_wconf 85' lang='lat' dir='ltr'><strong><em>Quid</em></strong></span> <span class='ocrx_word' id='word_1_464' title='bbox 1888 4054 2219 4123; x_wconf 84' lang='lat' dir='ltr'><strong><em>loquuntur?</em></strong></span> 
     </span>
    </p>
   </div>
   <div class='ocr_carea' id='block_1_57' title="bbox 645 4146 2220 4221">
    <p class='ocr_par' dir='ltr' id='par_1_57' title="bbox 645 4146 2220 4221">
     <span class='ocr_line' id='line_1_57' title="bbox 645 4146 2220 4221; baseline -0.005 -13"><span class='ocrx_word' id='word_1_465' title='bbox 645 4154 781 4221; x_wconf 83' lang='lat' dir='ltr'><strong><em>Quia</em></strong></span> <span class='ocrx_word' id='word_1_466' title='bbox 818 4154 1086 4208; x_wconf 80' lang='lat' dir='ltr'><strong><em>exaltatus</em></strong></span> <span class='ocrx_word' id='word_1_467' title='bbox 1120 4159 1203 4207; x_wconf 90' lang='lat' dir='ltr'><strong><em>est</em></strong></span> <span class='ocrx_word' id='word_1_468' title='bbox 1237 4161 1398 4221; x_wconf 79' lang='lat' dir='ltr'><strong><em>super</em></strong></span> <span class='ocrx_word' id='word_1_469' title='bbox 1439 4150 1604 4205; x_wconf 79' lang='lat' dir='ltr'><strong><em>ctelos</em></strong></span> <span class='ocrx_word' id='word_1_470' title='bbox 1645 4149 1786 4203; x_wconf 84' lang='lat' dir='ltr'><strong><em>Deus</em></strong></span> <span class='ocrx_word' id='word_1_471' title='bbox 1826 4146 1922 4202; x_wconf 87' lang='lat' dir='ltr'><strong><em>Dei</em></strong></span> <span class='ocrx_word' id='word_1_472' title='bbox 1951 4147 2133 4211; x_wconf 79' lang='lat' dir='ltr'><strong><em>Filius,</em></strong></span> <span class='ocrx_word' id='word_1_473' title='bbox 2164 4153 2220 4201; x_wconf 86' lang='lat' dir='ltr'><strong><em>et</em></strong></span> 
     </span>
    </p>
   </div>
   <div class='ocr_carea' id='block_1_58' title="bbox 641 4239 2219 4309">
    <p class='ocr_par' dir='ltr' id='par_1_58' title="bbox 641 4239 2219 4309">
     <span class='ocr_line' id='line_1_58' title="bbox 641 4239 2219 4309; baseline -0.003 -12"><span class='ocrx_word' id='word_1_474' title='bbox 641 4241 834 4297; x_wconf 80' lang='lat' dir='ltr'><strong><em>sedens</em></strong></span> <span class='ocrx_word' id='word_1_475' title='bbox 881 4242 948 4296; x_wconf 89' lang='lat' dir='ltr'><strong><em>ad</em></strong></span> <span class='ocrx_word' id='word_1_476' title='bbox 984 4240 1260 4296; x_wconf 81' lang='lat' dir='ltr'><strong><em>dexteram</em></strong></span> <span class='ocrx_word' id='word_1_477' title='bbox 1310 4239 1516 4304; x_wconf 79' lang='lat' dir='ltr'><strong><em>Patris,</em></strong></span> <span class='ocrx_word' id='word_1_478' title='bbox 1547 4253 1709 4309; x_wconf 88' lang='lat' dir='ltr'><strong><em>super</em></strong></span> <span class='ocrx_word' id='word_1_479' title='bbox 1753 4253 1968 4292; x_wconf 91' lang='lat' dir='ltr'><strong><em>omnem</em></strong></span> <span class='ocrx_word' id='word_1_480' title='bbox 2020 4247 2219 4292; x_wconf 87' lang='lat' dir='ltr'><strong><em>terram</em></strong></span> 
     </span>
    </p>
   </div>
   <div class='ocr_carea' id='block_1_59' title="bbox 557 4329 2218 4404">
    <p class='ocr_par' dir='ltr' id='par_1_59' title="bbox 557 4329 2218 4404">
     <span class='ocr_line' id='line_1_59' title="bbox 557 4329 2218 4404; baseline -0.005 -13"><span class='ocrx_word' id='word_1_481' title='bbox 557 4389 566 4401; x_wconf 79' lang='grc'><em>,</em></span> <span class='ocrx_word' id='word_1_482' title='bbox 641 4334 760 4404; x_wconf 83' lang='lat' dir='ltr'><strong><em>ejus</em></strong></span> <span class='ocrx_word' id='word_1_483' title='bbox 785 4333 953 4402; x_wconf 86' lang='lat' dir='ltr'><strong><em>gloria</em></strong></span> <span class='ocrx_word' id='word_1_484' title='bbox 992 4331 1332 4403; x_wconf 66' lang='lat' dir='ltr'><strong><em>praedicatur,</em></strong></span> <span class='ocrx_word' id='word_1_485' title='bbox 1384 4341 1442 4385; x_wconf 86' lang='lat' dir='ltr'><strong><em>ut</em></strong></span> <span class='ocrx_word' id='word_1_486' title='bbox 1487 4331 1782 4386; x_wconf 80' lang='lat' dir='ltr'><strong><em>liberentur</em></strong></span> <span class='ocrx_word' id='word_1_487' title='bbox 1821 4329 1873 4383; x_wconf 92' lang='lat' dir='ltr'><strong><em>in</em></strong></span> <span class='ocrx_word' id='word_1_488' title='bbox 1924 4337 2040 4383; x_wconf 86' lang='lat' dir='ltr'><strong><em>toto</em></strong></span> <span class='ocrx_word' id='word_1_489' title='bbox 2086 4330 2218 4383; x_wconf 88' lang='lat' dir='ltr'><strong><em>orbe</em></strong></span> 
     </span>
    </p>
   </div>
   <div class='ocr_carea' id='block_1_60' title="bbox 640 4421 2217 4495">
    <p class='ocr_par' dir='ltr' id='par_1_60' title="bbox 640 4421 2217 4495">
     <span class='ocr_line' id='line_1_60' title="bbox 640 4421 2217 4495; baseline -0.003 -14"><span class='ocrx_word' id='word_1_490' title='bbox 640 4435 928 4491; x_wconf 86' lang='lat' dir='ltr'><strong><em>terrarum,</em></strong></span> <span class='ocrx_word' id='word_1_491' title='bbox 960 4424 1052 4495; x_wconf 89' lang='lat' dir='ltr'><strong><em>qui</em></strong></span> <span class='ocrx_word' id='word_1_492' title='bbox 1077 4429 1204 4479; x_wconf 87' lang='lat' dir='ltr'><strong><em>sunt</em></strong></span> <span class='ocrx_word' id='word_1_493' title='bbox 1231 4422 1410 4478; x_wconf 76' lang='lat' dir='ltr'><strong><em>dilecti</em></strong></span> <span class='ocrx_word' id='word_1_494' title='bbox 1441 4422 1575 4492; x_wconf 84' lang='lat' dir='ltr'><strong><em>ejus,</em></strong></span> <span class='ocrx_word' id='word_1_495' title='bbox 1601 4423 1656 4477; x_wconf 91' lang='lat' dir='ltr'><strong><em>in</em></strong></span> <span class='ocrx_word' id='word_1_496' title='bbox 1680 4421 1875 4492; x_wconf 88' lang='lat' dir='ltr'><strong><em>quibus</em></strong></span> <span class='ocrx_word' id='word_1_497' title='bbox 1902 4421 2096 4476; x_wconf 86' lang='lat' dir='ltr'><strong><em>clamat</em></strong></span> <span class='ocrx_word' id='word_1_498' title='bbox 2117 4421 2217 4476; x_wconf 80' lang='lat' dir='ltr'><strong><em>Ee-</em></strong></span> 
     </span>
    </p>
   </div>
   <div class='ocr_carea' id='block_1_61' title="bbox 629 4511 2209 4572">
    <p class='ocr_par' dir='ltr' id='par_1_61' title="bbox 629 4511 2209 4572">
     <span class='ocr_line' id='line_1_61' title="bbox 629 4511 2209 4572; baseline -0.002 0"><span class='ocrx_word' id='word_1_499' title='bbox 629 4515 801 4572; x_wconf 76' lang='lat' dir='ltr'><strong><em>clesia</em></strong></span> <span class='ocrx_word' id='word_1_500' title='bbox 826 4533 840 4570; x_wconf 89' lang='lat'>:</span> <span class='ocrx_word' id='word_1_501' title='bbox 869 4511 1086 4572; x_wconf 78' lang='lat' dir='ltr'><strong><em>Salvum</em></strong></span> <span class='ocrx_word' id='word_1_502' title='bbox 1134 4529 1220 4570; x_wconf 89' lang='lat' dir='ltr'><strong><em>me</em></strong></span> <span class='ocrx_word' id='word_1_503' title='bbox 1255 4513 1340 4570; x_wconf 83' lang='lat' dir='ltr'><strong><em>fac</em></strong></span> <span class='ocrx_word' id='word_1_504' title='bbox 1373 4514 1595 4569; x_wconf 81' lang='lat' dir='ltr'><strong><em>dextera</em></strong></span> <span class='ocrx_word' id='word_1_505' title='bbox 1640 4522 1734 4569; x_wconf 85' lang='lat' dir='ltr'><strong><em>tua</em></strong></span> <span class='ocrx_word' id='word_1_506' title='bbox 1783 4521 1838 4569; x_wconf 82' lang='lat' dir='ltr'><strong><em>et</em></strong></span> <span class='ocrx_word' id='word_1_507' title='bbox 1885 4513 2077 4568; x_wconf 80' lang='lat' dir='ltr'><strong><em>exaudi</em></strong></span> <span class='ocrx_word' id='word_1_508' title='bbox 2106 4529 2209 4569; x_wconf 88' lang='lat' dir='ltr'><strong><em>me.</em></strong></span> 
     </span>
    </p>
   </div>
   <div class='ocr_carea' id='block_1_62' title="bbox 2327 1955 3878 2028">
    <p class='ocr_par' dir='ltr' id='par_1_62' title="bbox 2327 1955 3878 2028">
     <span class='ocr_line' id='line_1_62' title="bbox 2327 1955 3878 2028; baseline 0 -16"><span class='ocrx_word' id='word_1_509' title='bbox 2327 1957 2660 2012; x_wconf 80' lang='lat' dir='ltr'><strong><em>excutientes</em></strong></span> <span class='ocrx_word' id='word_1_510' title='bbox 2703 1956 2978 2028; x_wconf 75' lang='lat' dir='ltr'><strong><em>pulverem</em></strong></span> <span class='ocrx_word' id='word_1_511' title='bbox 3019 1956 3092 2014; x_wconf 88' lang='lat' dir='ltr'><strong><em>de</em></strong></span> <span class='ocrx_word' id='word_1_512' title='bbox 3117 1955 3343 2028; x_wconf 80' lang='lat' dir='ltr'><strong><em>pedibus</em></strong></span> <span class='ocrx_word' id='word_1_513' title='bbox 3369 1958 3498 2024; x_wconf 85' lang='lat' dir='ltr'><strong><em>suis,</em></strong></span> <span class='ocrx_word' id='word_1_514' title='bbox 3529 1957 3627 2014; x_wconf 87' lang='lat' dir='ltr'><strong><em>sed</em></strong></span> <span class='ocrx_word' id='word_1_515' title='bbox 3677 1959 3750 2014; x_wconf 88' lang='lat' dir='ltr'><strong><em>ibi</em></strong></span> <span class='ocrx_word' id='word_1_516' title='bbox 3775 1967 3878 2013; x_wconf 77' lang='lat' dir='ltr'><strong><em>eam</em></strong></span> 
     </span>
    </p>
   </div>
   <div class='ocr_carea' id='block_1_63' title="bbox 2327 2045 3875 2114">
    <p class='ocr_par' dir='ltr' id='par_1_63' title="bbox 2327 2045 3875 2114">
     <span class='ocr_line' id='line_1_63' title="bbox 2327 2045 3875 2114; baseline -0.001 -12"><span class='ocrx_word' id='word_1_517' title='bbox 2327 2045 2676 2102; x_wconf 77' lang='lat' dir='ltr'><strong><em>extendentes</em></strong></span> <span class='ocrx_word' id='word_1_518' title='bbox 2722 2047 3140 2110; x_wconf 78' lang='lat' dir='ltr'><strong><em>calceamentum</em></strong></span> <span class='ocrx_word' id='word_1_519' title='bbox 3168 2063 3343 2114; x_wconf 90' lang='lat' dir='ltr'><strong><em>suum,</em></strong></span> <span class='ocrx_word' id='word_1_520' title='bbox 3381 2056 3442 2108; x_wconf 86' lang='lat' dir='ltr'><strong><em>ut</em></strong></span> <span class='ocrx_word' id='word_1_521' title='bbox 3458 2048 3668 2105; x_wconf 83' lang='lat' dir='ltr'><strong><em>dicatur</em></strong></span> <span class='ocrx_word' id='word_1_522' title='bbox 3691 2048 3756 2105; x_wconf 90' lang='lat' dir='ltr'><strong><em>de</em></strong></span> <span class='ocrx_word' id='word_1_523' title='bbox 3781 2049 3875 2103; x_wconf 85' lang='lat' dir='ltr'><strong><em>eis:</em></strong></span> 
     </span>
    </p>
   </div>
   <div class='ocr_carea' id='block_1_64' title="bbox 2331 2135 3874 2212">
    <p class='ocr_par' dir='ltr' id='par_1_64' title="bbox 2331 2135 3874 2212">
     <span class='ocr_line' id='line_1_64' title="bbox 2331 2135 3874 2212; baseline 0.004 -25"><span class='ocrx_word' id='word_1_524' title='bbox 2331 2137 2496 2204; x_wconf 81' lang='lat' dir='ltr'><strong><em>Quam</em></strong></span> <span class='ocrx_word' id='word_1_525' title='bbox 2518 2135 2732 2206; x_wconf 81' lang='lat' dir='ltr'><strong><em>speciosi</em></strong></span> <span class='ocrx_word' id='word_1_526' title='bbox 2759 2139 2911 2208; x_wconf 81' lang='lat' dir='ltr'><strong><em>pedes</em></strong></span> <span class='ocrx_word' id='word_1_527' title='bbox 2939 2139 3398 2212; x_wconf 64' lang='lat' dir='ltr'><strong><em>euangelizandum</em></strong></span> <span class='ocrx_word' id='word_1_528' title='bbox 3417 2156 3616 2211; x_wconf 74' lang='lat' dir='ltr'><strong><em>pacem,</em></strong></span> <span class='ocrx_word' id='word_1_529' title='bbox 3645 2140 3874 2212; x_wconf 76' lang='lat' dir='ltr'><strong><em>erangcti-</em></strong></span> 
     </span>
    </p>
   </div>
   <div class='ocr_carea' id='block_1_65' title="bbox 2329 2229 3870 2301">
    <p class='ocr_par' dir='ltr' id='par_1_65' title="bbox 2329 2229 3870 2301">
     <span class='ocr_line' id='line_1_65' title="bbox 2329 2229 3870 2301; baseline 0.005 -19"><span class='ocrx_word' id='word_1_530' title='bbox 2329 2230 2558 2282; x_wconf 81' lang='lat' dir='ltr'><strong><em>zantium</em></strong></span> <span class='ocrx_word' id='word_1_531' title='bbox 2586 2229 2720 2284; x_wconf 82' lang='lat' dir='ltr'><strong><em>bona</em></strong></span> <span class='ocrx_word' id='word_1_532' title='bbox 2751 2229 2926 2290; x_wconf 87' lang='lat' dir='ltr'><strong><em>(Rom.</em></strong></span> <span class='ocrx_word' id='word_1_533' title='bbox 2956 2232 3050 2301; x_wconf 87' lang='lat' dir='ltr'><strong><em>x)?</em></strong></span> <span class='ocrx_word' id='word_1_534' title='bbox 3075 2230 3204 2288; x_wconf 69' lang='lat' dir='ltr'><strong><em>Hanc</em></strong></span> <span class='ocrx_word' id='word_1_535' title='bbox 3257 2239 3438 2290; x_wconf 85' lang='lat' dir='ltr'><strong><em>autem</em></strong></span> <span class='ocrx_word' id='word_1_536' title='bbox 3481 2240 3538 2288; x_wconf 87' lang='lat' dir='ltr'><strong><em>et</em></strong></span> <span class='ocrx_word' id='word_1_537' title='bbox 3581 2233 3733 2290; x_wconf 75' lang='lat' dir='ltr'><strong><em>nobis</em></strong></span> <span class='ocrx_word' id='word_1_538' title='bbox 3772 2249 3870 2289; x_wconf 78' lang='lat' dir='ltr'><strong><em>cve-</em></strong></span> 
     </span>
    </p>
   </div>
   <div class='ocr_carea' id='block_1_66' title="bbox 2326 2320 3867 2392">
    <p class='ocr_par' dir='ltr' id='par_1_66' title="bbox 2326 2320 3867 2392">
     <span class='ocr_line' id='line_1_66' title="bbox 2326 2320 3867 2392; baseline 0.005 -18"><span class='ocrx_word' id='word_1_539' title='bbox 2326 2320 2494 2387; x_wconf 90' lang='lat' dir='ltr'><strong><em>nient,</em></strong></span> <span class='ocrx_word' id='word_1_540' title='bbox 2527 2329 2584 2375; x_wconf 90' lang='lat' dir='ltr'><strong><em>ut</em></strong></span> <span class='ocrx_word' id='word_1_541' title='bbox 2604 2320 2892 2377; x_wconf 82' lang='lat' dir='ltr'><strong><em>evadamus</em></strong></span> <span class='ocrx_word' id='word_1_542' title='bbox 2937 2322 3144 2378; x_wconf 90' lang='lat' dir='ltr'><strong><em>calores</em></strong></span> <span class='ocrx_word' id='word_1_543' title='bbox 3177 2322 3559 2392; x_wconf 88' lang='lat' dir='ltr'><strong><em>Sodomitieos,</em></strong></span> <span class='ocrx_word' id='word_1_544' title='bbox 3591 2334 3646 2380; x_wconf 87' lang='lat' dir='ltr'><strong><em>et</em></strong></span> <span class='ocrx_word' id='word_1_545' title='bbox 3667 2324 3867 2381; x_wconf 81' lang='lat' dir='ltr'><strong><em>ﬂammis</em></strong></span> 
     </span>
    </p>
   </div>
   <div class='ocr_carea' id='block_1_67' title="bbox 2328 2410 3863 2489">
    <p class='ocr_par' dir='ltr' id='par_1_67' title="bbox 2328 2410 3863 2489">
     <span class='ocr_line' id='line_1_67' title="bbox 2328 2410 3863 2489; baseline 0.003 -23"><span class='ocrx_word' id='word_1_546' title='bbox 2328 2411 2499 2467; x_wconf 90' lang='lat' dir='ltr'><strong><em>sancti</em></strong></span> <span class='ocrx_word' id='word_1_547' title='bbox 2527 2410 2758 2482; x_wconf 88' lang='lat' dir='ltr'><strong><em>Spiritus</em></strong></span> <span class='ocrx_word' id='word_1_548' title='bbox 2803 2412 3179 2481; x_wconf 85' lang='lat' dir='ltr'><strong><em>accendamur,</em></strong></span> <span class='ocrx_word' id='word_1_549' title='bbox 3209 2415 3255 2478; x_wconf 84' lang='lat' dir='ltr'><strong><em>si</em></strong></span> <span class='ocrx_word' id='word_1_550' title='bbox 3300 2415 3616 2489; x_wconf 81' lang='lat' dir='ltr'><strong><em>Aliophyios</em></strong></span> <span class='ocrx_word' id='word_1_551' title='bbox 3645 2429 3863 2471; x_wconf 80' lang='lat' dir='ltr'><strong><em>conemur</em></strong></span> 
     </span>
    </p>
   </div>
   <div class='ocr_carea' id='block_1_68' title="bbox 2328 2504 3864 2577">
    <p class='ocr_par' dir='ltr' id='par_1_68' title="bbox 2328 2504 3864 2577">
     <span class='ocr_line' id='line_1_68' title="bbox 2328 2504 3864 2577; baseline 0.003 -18"><span class='ocrx_word' id='word_1_552' title='bbox 2328 2504 2592 2571; x_wconf 88' lang='lat' dir='ltr'><strong><em>evincere,</em></strong></span> <span class='ocrx_word' id='word_1_553' title='bbox 2624 2513 2680 2561; x_wconf 85' lang='lat' dir='ltr'><strong><em>et</em></strong></span> <span class='ocrx_word' id='word_1_554' title='bbox 2707 2521 2802 2561; x_wconf 91' lang='lat' dir='ltr'><strong><em>eos</em></strong></span> <span class='ocrx_word' id='word_1_555' title='bbox 2833 2507 3252 2577; x_wconf 85' lang='lat' dir='ltr'><strong><em>quotiescunque</em></strong></span> <span class='ocrx_word' id='word_1_556' title='bbox 3279 2516 3469 2566; x_wconf 89' lang='lat' dir='ltr'><strong><em>contra</em></strong></span> <span class='ocrx_word' id='word_1_557' title='bbox 3487 2525 3592 2566; x_wconf 86' lang='lat' dir='ltr'><strong><em>nos</em></strong></span> <span class='ocrx_word' id='word_1_558' title='bbox 3610 2525 3742 2564; x_wconf 82' lang='lat' dir='ltr'><strong><em>arma</em></strong></span> <span class='ocrx_word' id='word_1_559' title='bbox 3761 2524 3864 2564; x_wconf 82' lang='lat' dir='ltr'><strong><em>eor-</em></strong></span> 
     </span>
    </p>
   </div>
   <div class='ocr_carea' id='block_1_69' title="bbox 2327 2594 3865 2670">
    <p class='ocr_par' dir='ltr' id='par_1_69' title="bbox 2327 2594 3865 2670">
     <span class='ocr_line' id='line_1_69' title="bbox 2327 2594 3865 2670; baseline 0.004 -21"><span class='ocrx_word' id='word_1_560' title='bbox 2327 2594 2546 2665; x_wconf 85' lang='lat' dir='ltr'><strong><em>ripiunt,</em></strong></span> <span class='ocrx_word' id='word_1_561' title='bbox 2570 2595 2622 2650; x_wconf 90' lang='lat' dir='ltr'><strong><em>id</em></strong></span> <span class='ocrx_word' id='word_1_562' title='bbox 2650 2604 2750 2661; x_wconf 87' lang='lat' dir='ltr'><strong><em>est,</em></strong></span> <span class='ocrx_word' id='word_1_563' title='bbox 2775 2596 3077 2653; x_wconf 86' lang='lat' dir='ltr'><strong><em>immundos</em></strong></span> <span class='ocrx_word' id='word_1_564' title='bbox 3100 2598 3318 2668; x_wconf 88' lang='lat' dir='ltr'><strong><em>spiritus</em></strong></span> <span class='ocrx_word' id='word_1_565' title='bbox 3337 2599 3624 2670; x_wconf 83' lang='lat' dir='ltr'><strong><em>subjugare</em></strong></span> <span class='ocrx_word' id='word_1_566' title='bbox 3648 2600 3865 2664; x_wconf 77' lang='lat' dir='ltr'><strong><em>nitamur.</em></strong></span> 
     </span>
    </p>
   </div>
   <div class='ocr_carea' id='block_1_70' title="bbox 2329 2686 3847 2761">
    <p class='ocr_par' dir='ltr' id='par_1_70' title="bbox 2329 2686 3847 2761">
     <span class='ocr_line' id='line_1_70' title="bbox 2329 2686 3847 2761; baseline 0.005 -24"><span class='ocrx_word' id='word_1_567' title='bbox 2329 2695 2388 2740; x_wconf 90' lang='lat' dir='ltr'><strong><em>ut</em></strong></span> <span class='ocrx_word' id='word_1_568' title='bbox 2414 2686 2604 2742; x_wconf 89' lang='lat' dir='ltr'><strong><em>merito</em></strong></span> <span class='ocrx_word' id='word_1_569' title='bbox 2631 2687 2885 2752; x_wconf 81' lang='lat' dir='ltr'><strong><em>dicamus,</em></strong></span> <span class='ocrx_word' id='word_1_570' title='bbox 2928 2687 3054 2742; x_wconf 87' lang='lat' dir='ltr'><strong><em>Mihi</em></strong></span> <span class='ocrx_word' id='word_1_571' title='bbox 3084 2687 3349 2761; x_wconf 82' lang='lat' dir='ltr'><strong><em>Allophyli</em></strong></span> <span class='ocrx_word' id='word_1_572' title='bbox 3377 2690 3576 2748; x_wconf 88' lang='lat' dir='ltr'><strong><em>subditi</em></strong></span> <span class='ocrx_word' id='word_1_573' title='bbox 3597 2700 3712 2746; x_wconf 88' lang='lat' dir='ltr'><strong><em>sunt</em></strong></span> <span class='ocrx_word' id='word_1_574' title='bbox 3734 2709 3745 2742; x_wconf 90' lang='lat'><strong>:</strong></span> <span class='ocrx_word' id='word_1_575' title='bbox 3771 2690 3847 2759; x_wconf 86' lang='lat' dir='ltr'><strong><em>qui</em></strong></span> 
     </span>
    </p>
   </div>
   <div class='ocr_carea' id='block_1_71' title="bbox 2327 2777 3862 2849">
    <p class='ocr_par' dir='ltr' id='par_1_71' title="bbox 2327 2777 3862 2849">
     <span class='ocr_line' id='line_1_71' title="bbox 2327 2777 3862 2849; baseline 0 -15"><span class='ocrx_word' id='word_1_576' title='bbox 2327 2778 2430 2836; x_wconf 84' lang='lat' dir='ltr'><strong><em>bus</em></strong></span> <span class='ocrx_word' id='word_1_577' title='bbox 2451 2777 2694 2845; x_wconf 89' lang='lat' dir='ltr'><strong><em>subditis,</em></strong></span> <span class='ocrx_word' id='word_1_578' title='bbox 2727 2779 2847 2849; x_wconf 87' lang='lat' dir='ltr'><strong><em>quis</em></strong></span> <span class='ocrx_word' id='word_1_579' title='bbox 2874 2777 3099 2834; x_wconf 87' lang='lat' dir='ltr'><strong><em>deducet</em></strong></span> <span class='ocrx_word' id='word_1_580' title='bbox 3126 2796 3224 2834; x_wconf 93' lang='lat' dir='ltr'><strong><em>nos</em></strong></span> <span class='ocrx_word' id='word_1_581' title='bbox 3253 2781 3307 2834; x_wconf 88' lang='lat' dir='ltr'><strong><em>in</em></strong></span> <span class='ocrx_word' id='word_1_582' title='bbox 3328 2780 3601 2837; x_wconf 86' lang='lat' dir='ltr'><strong><em>civitatem</em></strong></span> <span class='ocrx_word' id='word_1_583' title='bbox 3623 2782 3862 2844; x_wconf 82' lang='lat' dir='ltr'><strong><em>munitam,</em></strong></span> 
     </span>
    </p>
   </div>
   <div class='ocr_carea' id='block_1_72' title="bbox 2329 2867 3862 2940">
    <p class='ocr_par' dir='ltr' id='par_1_72' title="bbox 2329 2867 3862 2940">
     <span class='ocr_line' id='line_1_72' title="bbox 2329 2867 3862 2940; baseline 0.001 -16"><span class='ocrx_word' id='word_1_584' title='bbox 2329 2867 2430 2924; x_wconf 89' lang='lat' dir='ltr'><strong><em>nisi</em></strong></span> <span class='ocrx_word' id='word_1_585' title='bbox 2454 2868 2618 2925; x_wconf 76' lang='lat' dir='ltr'><strong><em>Filius</em></strong></span> <span class='ocrx_word' id='word_1_586' title='bbox 2646 2868 2780 2925; x_wconf 85' lang='lat' dir='ltr'><strong><em>Dei?</em></strong></span> <span class='ocrx_word' id='word_1_587' title='bbox 2819 2870 2925 2925; x_wconf 88' lang='lat' dir='ltr'><strong><em>Aut</em></strong></span> <span class='ocrx_word' id='word_1_588' title='bbox 2953 2872 3072 2940; x_wconf 89' lang='lat' dir='ltr'><strong><em>quis</em></strong></span> <span class='ocrx_word' id='word_1_589' title='bbox 3116 2871 3342 2929; x_wconf 84' lang='lat' dir='ltr'><strong><em>deducet</em></strong></span> <span class='ocrx_word' id='word_1_590' title='bbox 3389 2888 3487 2928; x_wconf 89' lang='lat' dir='ltr'><strong><em>nos</em></strong></span> <span class='ocrx_word' id='word_1_591' title='bbox 3517 2874 3570 2928; x_wconf 90' lang='lat' dir='ltr'><strong><em>in</em></strong></span> <span class='ocrx_word' id='word_1_592' title='bbox 3595 2867 3862 2936; x_wconf 72' lang='lat' dir='ltr'><strong><em>Idumam,</em></strong></span> 
     </span>
    </p>
   </div>
   <div class='ocr_carea' id='block_1_73' title="bbox 2329 2961 3862 3035">
    <p class='ocr_par' dir='ltr' id='par_1_73' title="bbox 2329 2961 3862 3035">
     <span class='ocr_line' id='line_1_73' title="bbox 2329 2961 3862 3035; baseline 0.001 -19"><span class='ocrx_word' id='word_1_593' title='bbox 2329 2961 2431 3016; x_wconf 87' lang='lat' dir='ltr'><strong><em>nisi</em></strong></span> <span class='ocrx_word' id='word_1_594' title='bbox 2483 2961 2737 3018; x_wconf 87' lang='lat' dir='ltr'><strong><em>Dominus</em></strong></span> <span class='ocrx_word' id='word_1_595' title='bbox 2783 2961 2937 3019; x_wconf 85' lang='lat' dir='ltr'><strong><em>Jesus</em></strong></span> <span class='ocrx_word' id='word_1_596' title='bbox 2964 2962 3240 3019; x_wconf 81' lang='lat' dir='ltr'><strong><em>Christus?</em></strong></span> <span class='ocrx_word' id='word_1_597' title='bbox 3281 2963 3398 3035; x_wconf 89' lang='lat' dir='ltr'><strong><em>Ipse</em></strong></span> <span class='ocrx_word' id='word_1_598' title='bbox 3441 2965 3583 3020; x_wconf 86' lang='lat' dir='ltr'><strong><em>enim</em></strong></span> <span class='ocrx_word' id='word_1_599' title='bbox 3629 2965 3716 3019; x_wconf 89' lang='lat' dir='ltr'><strong><em>dat</em></strong></span> <span class='ocrx_word' id='word_1_600' title='bbox 3740 2965 3862 3019; x_wconf 81' lang='lat' dir='ltr'><strong><em>nobis</em></strong></span> 
     </span>
    </p>
   </div>
   <div class='ocr_carea' id='block_1_74' title="bbox 2329 3053 3862 3112">
    <p class='ocr_par' dir='ltr' id='par_1_74' title="bbox 2329 3053 3862 3112">
     <span class='ocr_line' id='line_1_74' title="bbox 2329 3053 3862 3112; baseline -0.001 -4"><span class='ocrx_word' id='word_1_601' title='bbox 2329 3055 2604 3110; x_wconf 79' lang='lat' dir='ltr'><strong><em>auxilium.</em></strong></span> <span class='ocrx_word' id='word_1_602' title='bbox 2641 3053 2791 3110; x_wconf 89' lang='lat' dir='ltr'><strong><em>Unde</em></strong></span> <span class='ocrx_word' id='word_1_603' title='bbox 2820 3055 2972 3111; x_wconf 89' lang='lat' dir='ltr'><strong><em>nobis</em></strong></span> <span class='ocrx_word' id='word_1_604' title='bbox 2999 3053 3091 3108; x_wconf 89' lang='lat' dir='ltr'><strong><em>dat</em></strong></span> <span class='ocrx_word' id='word_1_605' title='bbox 3119 3054 3414 3109; x_wconf 80' lang='lat' dir='ltr'><strong><em>auxilium?</em></strong></span> <span class='ocrx_word' id='word_1_606' title='bbox 3451 3054 3519 3112; x_wconf 90' lang='lat' dir='ltr'><strong><em>de</em></strong></span> <span class='ocrx_word' id='word_1_607' title='bbox 3547 3055 3862 3110; x_wconf 83' lang='lat' dir='ltr'><strong><em>exsultatione</em></strong></span> 
     </span>
    </p>
   </div>
   <div class='ocr_carea' id='block_1_75' title="bbox 2331 3142 3862 3214">
    <p class='ocr_par' dir='ltr' id='par_1_75' title="bbox 2331 3142 3862 3214">
     <span class='ocr_line' id='line_1_75' title="bbox 2331 3142 3862 3214; baseline 0.001 -16"><span class='ocrx_word' id='word_1_608' title='bbox 2331 3160 2397 3198; x_wconf 87' lang='lat' dir='ltr'><strong><em>an</em></strong></span> <span class='ocrx_word' id='word_1_609' title='bbox 2420 3143 2486 3200; x_wconf 90' lang='lat' dir='ltr'><strong><em>de</em></strong></span> <span class='ocrx_word' id='word_1_610' title='bbox 2509 3143 2888 3200; x_wconf 87' lang='lat' dir='ltr'><strong><em>tribulatione?</em></strong></span> <span class='ocrx_word' id='word_1_611' title='bbox 2908 3142 2987 3200; x_wconf 91' lang='lat' dir='ltr'><strong><em>De</em></strong></span> <span class='ocrx_word' id='word_1_612' title='bbox 3007 3143 3370 3208; x_wconf 87' lang='lat' dir='ltr'><strong><em>tribulatione,</em></strong></span> <span class='ocrx_word' id='word_1_613' title='bbox 3403 3145 3592 3214; x_wconf 89' lang='lat' dir='ltr'><strong><em>inquit,</em></strong></span> <span class='ocrx_word' id='word_1_614' title='bbox 3632 3145 3768 3214; x_wconf 83' lang='lat' dir='ltr'><strong><em>quasi</em></strong></span> <span class='ocrx_word' id='word_1_615' title='bbox 3789 3142 3862 3213; x_wconf 87' lang='lat' dir='ltr'><strong><em>qui</em></strong></span> 
     </span>
    </p>
   </div>
   <div class='ocr_carea' id='block_1_76' title="bbox 2249 3210 3861 3306">
    <p class='ocr_par' dir='ltr' id='par_1_76' title="bbox 2249 3210 3861 3306">
     <span class='ocr_line' id='line_1_76' title="bbox 2249 3210 3861 3306; baseline -0.002 -17"><span class='ocrx_word' id='word_1_616' title='bbox 2249 3210 2297 3275; x_wconf 61' lang='grc' dir='ltr'><strong><em>(ἶ</em></strong></span> <span class='ocrx_word' id='word_1_617' title='bbox 2329 3233 2471 3289; x_wconf 88' lang='lat' dir='ltr'><strong><em>dicat</em></strong></span> <span class='ocrx_word' id='word_1_618' title='bbox 2501 3253 2512 3286; x_wconf 91' lang='lat'>:</span> <span class='ocrx_word' id='word_1_619' title='bbox 2547 3233 2662 3289; x_wconf 84' lang='lat' dir='ltr'><strong><em>Non</em></strong></span> <span class='ocrx_word' id='word_1_620' title='bbox 2689 3244 2928 3290; x_wconf 87' lang='lat' dir='ltr'><strong><em>meretur</em></strong></span> <span class='ocrx_word' id='word_1_621' title='bbox 2969 3235 3221 3289; x_wconf 78' lang='lat' dir='ltr'><strong><em>auxilium</em></strong></span> <span class='ocrx_word' id='word_1_622' title='bbox 3262 3210 3519 3306; x_wconf 72' lang='lat' dir='ltr'><strong><em>conSequi</em></strong></span> <span class='ocrx_word' id='word_1_623' title='bbox 3570 3210 3662 3306; x_wconf 83' lang='lat' dir='ltr'><strong><em>qui</em></strong></span> <span class='ocrx_word' id='word_1_624' title='bbox 3691 3251 3743 3289; x_wconf 90' lang='lat' dir='ltr'><strong><em>se</em></strong></span> <span class='ocrx_word' id='word_1_625' title='bbox 3783 3210 3861 3286; x_wconf 54' lang='lat' dir='ltr'><strong><em>tri.</em></strong></span> 
     </span>
    </p>
   </div>
   <div class='ocr_carea' id='block_1_77' title="bbox 2327 3323 3861 3394">
    <p class='ocr_par' dir='ltr' id='par_1_77' title="bbox 2327 3323 3861 3394">
     <span class='ocr_line' id='line_1_77' title="bbox 2327 3323 3861 3394; baseline -0.001 -15"><span class='ocrx_word' id='word_1_626' title='bbox 2327 3325 2598 3380; x_wconf 84' lang='lat' dir='ltr'><strong><em>bulantem</em></strong></span> <span class='ocrx_word' id='word_1_627' title='bbox 2641 3341 2748 3381; x_wconf 91' lang='lat' dir='ltr'><strong><em>non</em></strong></span> <span class='ocrx_word' id='word_1_628' title='bbox 2798 3325 3015 3381; x_wconf 86' lang='lat' dir='ltr'><strong><em>exhibet</em></strong></span> <span class='ocrx_word' id='word_1_629' title='bbox 3065 3325 3308 3393; x_wconf 68' lang='lat' dir='ltr'><strong><em>Christo,”</em></strong></span> <span class='ocrx_word' id='word_1_630' title='bbox 3352 3333 3406 3382; x_wconf 91' lang='lat' dir='ltr'><strong><em>et</em></strong></span> <span class='ocrx_word' id='word_1_631' title='bbox 3451 3327 3722 3382; x_wconf 87' lang='lat' dir='ltr'><strong><em>crediderit</em></strong></span> <span class='ocrx_word' id='word_1_632' title='bbox 3758 3323 3861 3394; x_wconf 86' lang='lat' dir='ltr'><strong><em>quia</em></strong></span> 
     </span>
    </p>
   </div>
   <div class='ocr_carea' id='block_1_78' title="bbox 2328 3417 3861 3476">
    <p class='ocr_par' dir='ltr' id='par_1_78' title="bbox 2328 3417 3861 3476">
     <span class='ocr_line' id='line_1_78' title="bbox 2328 3417 3861 3476; baseline -0.002 -5"><span class='ocrx_word' id='word_1_633' title='bbox 2328 3425 2460 3472; x_wconf 86' lang='lat' dir='ltr'><strong><em>vana</em></strong></span> <span class='ocrx_word' id='word_1_634' title='bbox 2489 3418 2630 3473; x_wconf 87' lang='lat' dir='ltr'><strong><em>salus</em></strong></span> <span class='ocrx_word' id='word_1_635' title='bbox 2657 3425 2740 3474; x_wconf 87' lang='lat' dir='ltr'><strong><em>est</em></strong></span> <span class='ocrx_word' id='word_1_636' title='bbox 2767 3418 2823 3474; x_wconf 89' lang='lat' dir='ltr'><strong><em>in</em></strong></span> <span class='ocrx_word' id='word_1_637' title='bbox 2859 3418 3098 3475; x_wconf 87' lang='lat' dir='ltr'><strong><em>homine.</em></strong></span> <span class='ocrx_word' id='word_1_638' title='bbox 3129 3418 3186 3474; x_wconf 91' lang='lat' dir='ltr'><strong><em>In</em></strong></span> <span class='ocrx_word' id='word_1_639' title='bbox 3214 3419 3326 3476; x_wconf 91' lang='lat' dir='ltr'><strong><em>Deo</em></strong></span> <span class='ocrx_word' id='word_1_640' title='bbox 3365 3419 3506 3475; x_wconf 72' lang='lat' dir='ltr'><strong><em>enim</em></strong></span> <span class='ocrx_word' id='word_1_641' title='bbox 3541 3419 3746 3475; x_wconf 74' lang='lat' dir='ltr'><strong><em>faciuizus</em></strong></span> <span class='ocrx_word' id='word_1_642' title='bbox 3769 3417 3861 3470; x_wconf 64' lang='lat' dir='ltr'><strong><em>vir!</em></strong></span> 
     </span>
    </p>
   </div>
   <div class='ocr_carea' id='block_1_79' title="bbox 2326 3509 3862 3582">
    <p class='ocr_par' dir='ltr' id='par_1_79' title="bbox 2326 3509 3862 3582">
     <span class='ocr_line' id='line_1_79' title="bbox 2326 3509 3862 3582; baseline 0.001 -19"><span class='ocrx_word' id='word_1_643' title='bbox 2326 3517 2514 3563; x_wconf 90' lang='lat' dir='ltr'><strong><em>tutem.</em></strong></span> <span class='ocrx_word' id='word_1_644' title='bbox 2546 3510 2714 3577; x_wconf 89' lang='lat' dir='ltr'><strong><em>Quam</em></strong></span> <span class='ocrx_word' id='word_1_645' title='bbox 2760 3511 3052 3566; x_wconf 79' lang='lat' dir='ltr'><strong><em>virtutem?</em></strong></span> <span class='ocrx_word' id='word_1_646' title='bbox 3082 3510 3151 3565; x_wconf 90' lang='lat' dir='ltr'><strong><em>Ut</em></strong></span> <span class='ocrx_word' id='word_1_647' title='bbox 3179 3511 3308 3566; x_wconf 73' lang='lat' dir='ltr'><strong><em>vitia</em></strong></span> <span class='ocrx_word' id='word_1_648' title='bbox 3338 3511 3432 3582; x_wconf 83' lang='lat' dir='ltr'><strong><em>&#39;per</em></strong></span> <span class='ocrx_word' id='word_1_649' title='bbox 3457 3509 3862 3566; x_wconf 84' lang='lat' dir='ltr'><strong><em>consuetudinem</em></strong></span> 
     </span>
    </p>
   </div>
   <div class='ocr_carea' id='block_1_80' title="bbox 2322 3591 3862 3671">
    <p class='ocr_par' dir='ltr' id='par_1_80' title="bbox 2322 3591 3862 3671">
     <span class='ocr_line' id='line_1_80' title="bbox 2322 3591 3862 3671; baseline -0.001 -16"><span class='ocrx_word' id='word_1_650' title='bbox 2322 3601 2689 3671; x_wconf 81' lang='lat' dir='ltr'><strong><em>subjugentur,</em></strong></span> <span class='ocrx_word' id='word_1_651' title='bbox 2720 3611 2774 3658; x_wconf 90' lang='lat' dir='ltr'><strong><em>et</em></strong></span> <span class='ocrx_word' id='word_1_652' title='bbox 2800 3603 3026 3658; x_wconf 85' lang='lat' dir='ltr'><strong><em>virtutes</em></strong></span> <span class='ocrx_word' id='word_1_653' title='bbox 3072 3603 3236 3658; x_wconf 86' lang='lat' dir='ltr'><strong><em>animi</em></strong></span> <span class='ocrx_word' id='word_1_654' title='bbox 3281 3604 3629 3659; x_wconf 82' lang='lat' dir='ltr'><strong><em>sublimenwr.</em></strong></span> <span class='ocrx_word' id='word_1_655' title='bbox 3658 3591 3746 3655; x_wconf 84' lang='lat' dir='ltr'><strong><em>llis</em></strong></span> <span class='ocrx_word' id='word_1_656' title='bbox 3785 3603 3862 3654; x_wconf 87' lang='lat' dir='ltr'><strong><em>iu-</em></strong></span> 
     </span>
    </p>
   </div>
   <div class='ocr_carea' id='block_1_81' title="bbox 2322 3689 3858 3759">
    <p class='ocr_par' dir='ltr' id='par_1_81' title="bbox 2322 3689 3858 3759">
     <span class='ocr_line' id='line_1_81' title="bbox 2322 3689 3858 3759; baseline -0.003 -12"><span class='ocrx_word' id='word_1_657' title='bbox 2322 3692 2632 3747; x_wconf 83' lang='lat' dir='ltr'><strong><em>cnmbentes</em></strong></span> <span class='ocrx_word' id='word_1_658' title='bbox 2660 3691 2867 3759; x_wconf 88' lang='lat' dir='ltr'><strong><em>studiis,</em></strong></span> <span class='ocrx_word' id='word_1_659' title='bbox 2900 3690 2953 3747; x_wconf 89' lang='lat' dir='ltr'><strong><em>in</em></strong></span> <span class='ocrx_word' id='word_1_660' title='bbox 2973 3691 3085 3748; x_wconf 89' lang='lat' dir='ltr'><strong><em>Deo</em></strong></span> <span class='ocrx_word' id='word_1_661' title='bbox 3116 3692 3360 3748; x_wconf 77' lang='lat' dir='ltr'><strong><em>faciahms</em></strong></span> <span class='ocrx_word' id='word_1_662' title='bbox 3390 3692 3639 3752; x_wconf 55' lang='lat' dir='ltr'><strong><em>Virtutem,</em></strong></span> <span class='ocrx_word' id='word_1_663' title='bbox 3668 3698 3716 3744; x_wconf 89' lang='lat' dir='ltr'><strong><em>et</em></strong></span> <span class='ocrx_word' id='word_1_664' title='bbox 3743 3689 3858 3758; x_wconf 89' lang='lat' dir='ltr'><strong><em>ipso</em></strong></span> 
     </span>
    </p>
   </div>
   <div class='ocr_carea' id='block_1_82' title="bbox 2323 3780 3850 3856">
    <p class='ocr_par' dir='ltr' id='par_1_82' title="bbox 2323 3780 3850 3856">
     <span class='ocr_line' id='line_1_82' title="bbox 2323 3780 3850 3856; baseline -0.003 -17"><span class='ocrx_word' id='word_1_665' title='bbox 2323 3783 2390 3839; x_wconf 88' lang='lat' dir='ltr'><strong><em>ad</em></strong></span> <span class='ocrx_word' id='word_1_666' title='bbox 2418 3783 2640 3840; x_wconf 89' lang='lat' dir='ltr'><strong><em>nihilum</em></strong></span> <span class='ocrx_word' id='word_1_667' title='bbox 2671 3783 2877 3856; x_wconf 90' lang='lat' dir='ltr'><strong><em>rediget</em></strong></span> <span class='ocrx_word' id='word_1_668' title='bbox 2904 3784 3220 3840; x_wconf 89' lang='lat' dir='ltr'><strong><em>tribulantes</em></strong></span> <span class='ocrx_word' id='word_1_669' title='bbox 3246 3801 3360 3849; x_wconf 89' lang='lat' dir='ltr'><strong><em>nos,</em></strong></span> <span class='ocrx_word' id='word_1_670' title='bbox 3382 3783 3467 3854; x_wconf 68' lang='lat' dir='ltr'><strong><em>Qui</em></strong></span> <span class='ocrx_word' id='word_1_671' title='bbox 3494 3786 3664 3851; x_wconf 72' lang='lat' dir='ltr'><strong><em>regnat</em></strong></span> <span class='ocrx_word' id='word_1_672' title='bbox 3682 3780 3730 3834; x_wconf 86' lang='lat' dir='ltr'><strong><em>in</em></strong></span> <span class='ocrx_word' id='word_1_673' title='bbox 3753 3795 3850 3835; x_wconf 66' lang='lat' dir='ltr'><strong><em>sae-</em></strong></span> 
     </span>
    </p>
   </div>
   <div class='ocr_carea' id='block_1_83' title="bbox 2322 3875 3430 3932">
    <p class='ocr_par' dir='ltr' id='par_1_83' title="bbox 2322 3875 3430 3932">
     <span class='ocr_line' id='line_1_83' title="bbox 2322 3875 3430 3932; baseline 0 -1"><span class='ocrx_word' id='word_1_674' title='bbox 2322 3875 2438 3931; x_wconf 87' lang='lat' dir='ltr'><strong><em>cula</em></strong></span> <span class='ocrx_word' id='word_1_675' title='bbox 2459 3877 2796 3932; x_wconf 60' lang='lat' dir='ltr'><strong><em>seculorum.</em></strong></span> <span class='ocrx_word' id='word_1_676' title='bbox 2827 3875 3015 3931; x_wconf 82' lang='lat' dir='ltr'><strong><em>Amen.</em></strong></span> <span class='ocrx_word' id='word_1_677' title='bbox 3421 3895 3430 3900; x_wconf 74' lang='grc'><strong>’</strong></span> 
     </span>
    </p>
   </div>
   <div class='ocr_carea' id='block_1_84' title="bbox 2831 3963 3359 4022">
    <p class='ocr_par' dir='ltr' id='par_1_84' title="bbox 2831 3963 3359 4022">
     <span class='ocr_line' id='line_1_84' title="bbox 2831 3963 3359 4022; baseline 0.002 -3"><span class='ocrx_word' id='word_1_678' title='bbox 2831 3963 3148 4021; x_wconf 80' lang='lat' dir='ltr'><strong><em>PSALMUS</em></strong></span> <span class='ocrx_word' id='word_1_679' title='bbox 3183 3963 3359 4022; x_wconf 77' lang='lat' dir='ltr'><strong>CVIII.</strong></span> 
     </span>
    </p>
   </div>
   <div class='ocr_carea' id='block_1_85' title="bbox 2473 4056 3474 4136">
    <p class='ocr_par' dir='ltr' id='par_1_85' title="bbox 2473 4056 3474 4136">
     <span class='ocr_line' id='line_1_85' title="bbox 2473 4056 3474 4136; baseline 0 -25"><span class='ocrx_word' id='word_1_680' title='bbox 2473 4130 2481 4136; x_wconf 31' lang='grc' dir='ltr'><strong>Ι</strong></span> <span class='ocrx_word' id='word_1_681' title='bbox 2736 4057 2794 4112; x_wconf 91' lang='lat' dir='ltr'><strong><em>In</em></strong></span> <span class='ocrx_word' id='word_1_682' title='bbox 2825 4056 2983 4113; x_wconf 84' lang='lat' dir='ltr'><strong><em>linem</em></strong></span> <span class='ocrx_word' id='word_1_683' title='bbox 3021 4059 3256 4130; x_wconf 90' lang='lat' dir='ltr'><strong><em>psalmus</em></strong></span> <span class='ocrx_word' id='word_1_684' title='bbox 3293 4059 3474 4113; x_wconf 82' lang='lat' dir='ltr'><strong><em>David.</em></strong></span> 
     </span>
    </p>
   </div>
   <div class='ocr_carea' id='block_1_86' title="bbox 2392 4148 3854 4224">
    <p class='ocr_par' dir='ltr' id='par_1_86' title="bbox 2392 4148 3854 4224">
     <span class='ocr_line' id='line_1_86' title="bbox 2392 4148 3854 4224; baseline 0.001 -21"><span class='ocrx_word' id='word_1_685' title='bbox 2392 4148 2548 4214; x_wconf 89' lang='lat' dir='ltr'><strong><em>Deus,</em></strong></span> <span class='ocrx_word' id='word_1_686' title='bbox 2583 4150 2784 4204; x_wconf 86' lang='lat' dir='ltr'><strong><em>laudem</em></strong></span> <span class='ocrx_word' id='word_1_687' title='bbox 2812 4167 2976 4205; x_wconf 86' lang='lat' dir='ltr'><strong><em>meam</em></strong></span> <span class='ocrx_word' id='word_1_688' title='bbox 3020 4168 3084 4205; x_wconf 86' lang='lat' dir='ltr'><strong><em>ne</em></strong></span> <span class='ocrx_word' id='word_1_689' title='bbox 3109 4153 3346 4214; x_wconf 87' lang='lat' dir='ltr'><strong><em>tacueris,</em></strong></span> <span class='ocrx_word' id='word_1_690' title='bbox 3390 4154 3506 4224; x_wconf 85' lang='lat' dir='ltr'><strong><em>quia</em></strong></span> <span class='ocrx_word' id='word_1_691' title='bbox 3529 4171 3582 4207; x_wconf 88' lang='lat' dir='ltr'><strong><em>os</em></strong></span> <span class='ocrx_word' id='word_1_692' title='bbox 3612 4153 3854 4222; x_wconf 68' lang='lat' dir='ltr'><strong><em>peccatoris</em></strong></span> 
     </span>
    </p>
   </div>
   <div class='ocr_carea' id='block_1_87' title="bbox 2319 4240 3852 4312">
    <p class='ocr_par' dir='ltr' id='par_1_87' title="bbox 2319 4240 3852 4312">
     <span class='ocr_line' id='line_1_87' title="bbox 2319 4240 3852 4312; baseline 0 -19"><span class='ocrx_word' id='word_1_693' title='bbox 2319 4248 2366 4293; x_wconf 89' lang='lat' dir='ltr'><strong><em>et</em></strong></span> <span class='ocrx_word' id='word_1_694' title='bbox 2413 4257 2470 4293; x_wconf 93' lang='lat' dir='ltr'><strong><em>os</em></strong></span> <span class='ocrx_word' id='word_1_695' title='bbox 2509 4240 2673 4294; x_wconf 82' lang='lat' dir='ltr'><strong><em>dolosi</em></strong></span> <span class='ocrx_word' id='word_1_696' title='bbox 2713 4257 2864 4309; x_wconf 89' lang='lat' dir='ltr'><strong><em>super</em></strong></span> <span class='ocrx_word' id='word_1_697' title='bbox 2892 4258 2970 4296; x_wconf 88' lang='lat' dir='ltr'><strong><em>me</em></strong></span> <span class='ocrx_word' id='word_1_698' title='bbox 2989 4243 3219 4312; x_wconf 67' lang='lat' dir='ltr'><strong><em>apellum</em></strong></span> <span class='ocrx_word' id='word_1_699' title='bbox 3239 4253 3332 4296; x_wconf 84' lang='lat' dir='ltr'><strong><em>est.</em></strong></span> <span class='ocrx_word' id='word_1_700' title='bbox 3373 4241 3546 4299; x_wconf 75' lang='lat' dir='ltr'><strong><em>Locuti</em></strong></span> <span class='ocrx_word' id='word_1_701' title='bbox 3565 4252 3676 4297; x_wconf 87' lang='lat' dir='ltr'><strong><em>sunt</em></strong></span> <span class='ocrx_word' id='word_1_702' title='bbox 3698 4243 3852 4296; x_wconf 68' lang='lat' dir='ltr'><strong><em>adrer—</em></strong></span> 
     </span>
    </p>
   </div>
   <div class='ocr_carea' id='block_1_88' title="bbox 2320 4331 3854 4402">
    <p class='ocr_par' dir='ltr' id='par_1_88' title="bbox 2320 4331 3854 4402">
     <span class='ocr_line' id='line_1_88' title="bbox 2320 4331 3854 4402; baseline 0.001 -20"><span class='ocrx_word' id='word_1_703' title='bbox 2320 4347 2428 4384; x_wconf 86' lang='lat' dir='ltr'><strong><em>sum</em></strong></span> <span class='ocrx_word' id='word_1_704' title='bbox 2452 4347 2530 4383; x_wconf 87' lang='lat' dir='ltr'><strong><em>me</em></strong></span> <span class='ocrx_word' id='word_1_705' title='bbox 2553 4331 2729 4402; x_wconf 85' lang='lat' dir='ltr'><strong><em>lingua</em></strong></span> <span class='ocrx_word' id='word_1_706' title='bbox 2750 4331 2947 4398; x_wconf 84' lang='lat' dir='ltr'><strong><em>dolosa,</em></strong></span> <span class='ocrx_word' id='word_1_707' title='bbox 2982 4342 3029 4386; x_wconf 92' lang='lat' dir='ltr'><strong><em>et</em></strong></span> <span class='ocrx_word' id='word_1_708' title='bbox 3055 4334 3372 4398; x_wconf 82' lang='lat' dir='ltr'><strong><em>sermonibus</em></strong></span> <span class='ocrx_word' id='word_1_709' title='bbox 3412 4335 3516 4389; x_wconf 89' lang='lat' dir='ltr'><strong><em>odii</em></strong></span> <span class='ocrx_word' id='word_1_710' title='bbox 3547 4333 3854 4388; x_wconf 76' lang='lat' dir='ltr'><strong><em>circumdede-</em></strong></span> 
     </span>
    </p>
   </div>
   <div class='ocr_carea' id='block_1_89' title="bbox 2320 4424 3919 4497">
    <p class='ocr_par' dir='ltr' id='par_1_89' title="bbox 2320 4424 3919 4497">
     <span class='ocr_line' id='line_1_89' title="bbox 2320 4424 3919 4497; baseline 0.001 -21"><span class='ocrx_word' id='word_1_711' title='bbox 2320 4431 2437 4476; x_wconf 87' lang='lat' dir='ltr'><strong><em>runt</em></strong></span> <span class='ocrx_word' id='word_1_712' title='bbox 2463 4439 2560 4487; x_wconf 90' lang='lat' dir='ltr'><strong><em>me,</em></strong></span> <span class='ocrx_word' id='word_1_713' title='bbox 2584 4430 2632 4476; x_wconf 86' lang='lat' dir='ltr'><strong><em>ct</em></strong></span> <span class='ocrx_word' id='word_1_714' title='bbox 2651 4434 3072 4496; x_wconf 73' lang='lat' dir='ltr'><strong><em>expugnaverunt</em></strong></span> <span class='ocrx_word' id='word_1_715' title='bbox 3091 4441 3170 4480; x_wconf 87' lang='lat' dir='ltr'><strong><em>me</em></strong></span> <span class='ocrx_word' id='word_1_716' title='bbox 3187 4428 3372 4497; x_wconf 84' lang='lat' dir='ltr'><strong><em>gratis.</em></strong></span> <span class='ocrx_word' id='word_1_717' title='bbox 3407 4426 3512 4481; x_wconf 85' lang='lat' dir='ltr'><strong><em>Pro</em></strong></span> <span class='ocrx_word' id='word_1_718' title='bbox 3552 4445 3606 4481; x_wconf 87' lang='lat' dir='ltr'><strong><em>eo</em></strong></span> <span class='ocrx_word' id='word_1_719' title='bbox 3632 4435 3678 4478; x_wconf 88' lang='lat' dir='ltr'><strong><em>ut</em></strong></span> <span class='ocrx_word' id='word_1_720' title='bbox 3696 4443 3764 4477; x_wconf 80' lang='lat' dir='ltr'><strong><em>me</em></strong></span> <span class='ocrx_word' id='word_1_721' title='bbox 3784 4424 3855 4477; x_wconf 52' lang='lat' dir='ltr'><strong><em>dio</em></strong></span> <span class='ocrx_word' id='word_1_722' title='bbox 3918 4447 3919 4452; x_wconf 53' lang='grc' dir='ltr'><strong>η</strong></span> 
     </span>
    </p>
   </div>
   <div class='ocr_carea' id='block_1_90' title="bbox 2320 4513 3854 4588">
    <p class='ocr_par' dir='ltr' id='par_1_90' title="bbox 2320 4513 3854 4588">
     <span class='ocr_line' id='line_1_90' title="bbox 2320 4513 3854 4588; baseline -0.001 -22"><span class='ocrx_word' id='word_1_723' title='bbox 2320 4515 2538 4585; x_wconf 82' lang='lat' dir='ltr'><strong><em>ligerent</em></strong></span> <span class='ocrx_word' id='word_1_724' title='bbox 2566 4513 2902 4568; x_wconf 83' lang='lat' dir='ltr'><strong><em>detrahebant</em></strong></span> <span class='ocrx_word' id='word_1_725' title='bbox 2927 4516 3080 4581; x_wconf 79' lang='lat' dir='ltr'><strong><em>mihi,</em></strong></span> <span class='ocrx_word' id='word_1_726' title='bbox 3123 4534 3216 4588; x_wconf 87' lang='lat' dir='ltr'><strong><em>ego</em></strong></span> <span class='ocrx_word' id='word_1_727' title='bbox 3243 4525 3412 4570; x_wconf 80' lang='lat' dir='ltr'><strong><em>autem</em></strong></span> <span class='ocrx_word' id='word_1_728' title='bbox 3452 4515 3665 4571; x_wconf 75' lang='lat' dir='ltr'><strong><em>orabant.</em></strong></span> <span class='ocrx_word' id='word_1_729' title='bbox 3686 4513 3746 4566; x_wconf 78' lang='lat' dir='ltr'><strong><em>Et</em></strong></span> <span class='ocrx_word' id='word_1_730' title='bbox 3770 4531 3854 4584; x_wconf 80' lang='lat' dir='ltr'><strong><em>po-</em></strong></span> 
     </span>
    </p>
   </div>
   <div class='ocr_carea' id='block_1_91' title="bbox 639 4583 3857 4678">
    <p class='ocr_par' dir='ltr' id='par_1_91' title="bbox 639 4583 3857 4678">
     <span class='ocr_line' id='line_1_91' title="bbox 639 4583 3857 4678; baseline -0.002 -15"><span class='ocrx_word' id='word_1_731' title='bbox 639 4605 748 4663; x_wconf 69' lang='lat' dir='ltr'><strong><em>Niﬁ</em></strong></span> <span class='ocrx_word' id='word_1_732' title='bbox 775 4606 919 4663; x_wconf 86' lang='lat' dir='ltr'><strong><em>enim</em></strong></span> <span class='ocrx_word' id='word_1_733' title='bbox 938 4606 1159 4663; x_wconf 80' lang='lat' dir='ltr'><strong><em>dextera</em></strong></span> <span class='ocrx_word' id='word_1_734' title='bbox 1181 4605 1295 4676; x_wconf 87' lang='lat' dir='ltr'><strong><em>ejus</em></strong></span> <span class='ocrx_word' id='word_1_735' title='bbox 1318 4605 1546 4660; x_wconf 86' lang='lat' dir='ltr'><strong><em>traxerit</em></strong></span> <span class='ocrx_word' id='word_1_736' title='bbox 1566 4605 1632 4660; x_wconf 88' lang='lat' dir='ltr'><strong><em>ab</em></strong></span> <span class='ocrx_word' id='word_1_737' title='bbox 1657 4603 1842 4659; x_wconf 84' lang='lat' dir='ltr'><strong><em>inferis</em></strong></span> <span class='ocrx_word' id='word_1_738' title='bbox 1863 4604 2093 4658; x_wconf 87' lang='lat' dir='ltr'><strong><em>animam</em></strong></span> <span class='ocrx_word' id='word_1_739' title='bbox 2115 4621 2215 4661; x_wconf 86' lang='lat' dir='ltr'><strong><em>no-</em></strong></span> <span class='ocrx_word' id='word_1_740' title='bbox 2242 4583 2292 4643; x_wconf 74' lang='grc' dir='ltr'><strong>θ</strong></span> <span class='ocrx_word' id='word_1_741' title='bbox 2316 4583 2524 4657; x_wconf 83' lang='lat' dir='ltr'><strong><em>suerunt</em></strong></span> <span class='ocrx_word' id='word_1_742' title='bbox 2563 4603 2830 4659; x_wconf 79' lang='lat' dir='ltr'><strong><em>adversum</em></strong></span> <span class='ocrx_word' id='word_1_743' title='bbox 2872 4619 2954 4660; x_wconf 85' lang='lat' dir='ltr'><strong><em>me</em></strong></span> <span class='ocrx_word' id='word_1_744' title='bbox 2995 4606 3134 4660; x_wconf 87' lang='lat' dir='ltr'><strong><em>mata</em></strong></span> <span class='ocrx_word' id='word_1_745' title='bbox 3153 4583 3172 4588; x_wconf 39' lang='grc'><strong>⁷</strong></span> <span class='ocrx_word' id='word_1_746' title='bbox 3187 4625 3281 4678; x_wconf 84' lang='lat' dir='ltr'><strong><em>pro</em></strong></span> <span class='ocrx_word' id='word_1_747' title='bbox 3308 4606 3476 4672; x_wconf 87' lang='lat' dir='ltr'><strong><em>bonis,</em></strong></span> <span class='ocrx_word' id='word_1_748' title='bbox 3507 4608 3732 4662; x_wconf 81' lang='lat' dir='ltr'><strong><em>etodium</em></strong></span> <span class='ocrx_word' id='word_1_749' title='bbox 3773 4583 3857 4676; x_wconf 71' lang='lat' dir='ltr'><strong><em>pro</em></strong></span> 
     </span>
    </p>
   </div>
   <div class='ocr_carea' id='block_1_92' title="bbox 639 4694 2213 4766">
    <p class='ocr_par' dir='ltr' id='par_1_92' title="bbox 639 4694 2213 4766">
     <span class='ocr_line' id='line_1_92' title="bbox 639 4694 2213 4766; baseline 0.001 -14"><span class='ocrx_word' id='word_1_750' title='bbox 639 4704 822 4760; x_wconf 86' lang='lat' dir='ltr'><strong><em>stram,</em></strong></span> <span class='ocrx_word' id='word_1_751' title='bbox 855 4696 907 4751; x_wconf 90' lang='lat' dir='ltr'><strong><em>id</em></strong></span> <span class='ocrx_word' id='word_1_752' title='bbox 930 4704 1032 4760; x_wconf 90' lang='lat' dir='ltr'><strong><em>est,</em></strong></span> <span class='ocrx_word' id='word_1_753' title='bbox 1056 4696 1122 4752; x_wconf 90' lang='lat' dir='ltr'><strong><em>ab</em></strong></span> <span class='ocrx_word' id='word_1_754' title='bbox 1146 4694 1328 4751; x_wconf 84' lang='lat' dir='ltr'><strong><em>inferis</em></strong></span> <span class='ocrx_word' id='word_1_755' title='bbox 1347 4695 1778 4766; x_wconf 86' lang='lat' dir='ltr'><strong><em>cogitationibus,</em></strong></span> <span class='ocrx_word' id='word_1_756' title='bbox 1817 4707 1924 4749; x_wconf 88' lang='lat' dir='ltr'><strong><em>non</em></strong></span> <span class='ocrx_word' id='word_1_757' title='bbox 1956 4696 2213 4754; x_wconf 84' lang='lat' dir='ltr'><strong><em>solvimur</em></strong></span> 
     </span>
    </p>
   </div>
   <div class='ocr_carea' id='block_1_93' title="bbox 639 4784 2212 4857">
    <p class='ocr_par' dir='ltr' id='par_1_93' title="bbox 639 4784 2212 4857">
     <span class='ocr_line' id='line_1_93' title="bbox 639 4784 2212 4857; baseline 0.001 -15"><span class='ocrx_word' id='word_1_758' title='bbox 639 4803 668 4842; x_wconf 88' lang='lat' dir='ltr'><strong><em>a</em></strong></span> <span class='ocrx_word' id='word_1_759' title='bbox 697 4787 1142 4845; x_wconf 87' lang='lat' dir='ltr'><strong><em>descendentibus</em></strong></span> <span class='ocrx_word' id='word_1_760' title='bbox 1171 4788 1224 4842; x_wconf 87' lang='lat' dir='ltr'><strong><em>in</em></strong></span> <span class='ocrx_word' id='word_1_761' title='bbox 1252 4787 1447 4852; x_wconf 85' lang='lat' dir='ltr'><strong><em>lacum,</em></strong></span> <span class='ocrx_word' id='word_1_762' title='bbox 1477 4784 1530 4842; x_wconf 89' lang='lat' dir='ltr'><strong><em>id</em></strong></span> <span class='ocrx_word' id='word_1_763' title='bbox 1551 4794 1651 4852; x_wconf 89' lang='lat' dir='ltr'><strong><em>est,</em></strong></span> <span class='ocrx_word' id='word_1_764' title='bbox 1677 4803 1781 4841; x_wconf 89' lang='lat' dir='ltr'><strong><em>non</em></strong></span> <span class='ocrx_word' id='word_1_765' title='bbox 1811 4787 2084 4857; x_wconf 90' lang='lat' dir='ltr'><strong><em>eripimur,</em></strong></span> <span class='ocrx_word' id='word_1_766' title='bbox 2118 4789 2212 4844; x_wconf 92' lang='lat' dir='ltr'><strong><em>sed</em></strong></span> 
     </span>
    </p>
   </div>
   <div class='ocr_carea' id='block_1_94' title="bbox 640 4877 2211 4950">
    <p class='ocr_par' dir='ltr' id='par_1_94' title="bbox 640 4877 2211 4950">
     <span class='ocr_line' id='line_1_94' title="bbox 640 4877 2211 4950; baseline 0.002 -17"><span class='ocrx_word' id='word_1_767' title='bbox 640 4895 667 4933; x_wconf 87' lang='lat' dir='ltr'><strong><em>a</em></strong></span> <span class='ocrx_word' id='word_1_768' title='bbox 697 4877 1062 4935; x_wconf 82' lang='lat' dir='ltr'><strong><em>fornicationis</em></strong></span> <span class='ocrx_word' id='word_1_769' title='bbox 1089 4879 1281 4950; x_wconf 85' lang='lat' dir='ltr'><strong><em>laqueo</em></strong></span> <span class='ocrx_word' id='word_1_770' title='bbox 1306 4878 1643 4936; x_wconf 84' lang='lat' dir='ltr'><strong><em>innodamur.</em></strong></span> <span class='ocrx_word' id='word_1_771' title='bbox 1665 4878 1773 4934; x_wconf 88' lang='lat' dir='ltr'><strong><em>Sed</em></strong></span> <span class='ocrx_word' id='word_1_772' title='bbox 1803 4880 1940 4935; x_wconf 89' lang='lat' dir='ltr'><strong><em>sicut</em></strong></span> <span class='ocrx_word' id='word_1_773' title='bbox 1967 4895 2076 4935; x_wconf 90' lang='lat' dir='ltr'><strong><em>non</em></strong></span> <span class='ocrx_word' id='word_1_774' title='bbox 2102 4881 2211 4936; x_wconf 84' lang='lat' dir='ltr'><strong><em>eri-</em></strong></span> 
     </span>
    </p>
   </div>
   <div class='ocr_carea' id='block_1_95' title="bbox 627 4970 2210 5044">
    <p class='ocr_par' dir='ltr' id='par_1_95' title="bbox 627 4970 2210 5044">
     <span class='ocr_line' id='line_1_95' title="bbox 627 4970 2210 5044; baseline 0.004 -20"><span class='ocrx_word' id='word_1_775' title='bbox 627 4970 817 5040; x_wconf 75' lang='lat' dir='ltr'><strong><em>pinmr</em></strong></span> <span class='ocrx_word' id='word_1_776' title='bbox 857 4972 965 5028; x_wconf 83' lang='lat' dir='ltr'><strong><em>nisi</em></strong></span> <span class='ocrx_word' id='word_1_777' title='bbox 1015 4987 1114 5044; x_wconf 85' lang='lat' dir='ltr'><strong><em>per</em></strong></span> <span class='ocrx_word' id='word_1_778' title='bbox 1147 4973 1426 5029; x_wconf 80' lang='lat' dir='ltr'><strong><em>dexteram</em></strong></span> <span class='ocrx_word' id='word_1_779' title='bbox 1483 4973 1618 5044; x_wconf 85' lang='lat' dir='ltr'><strong><em>ejus,</em></strong></span> <span class='ocrx_word' id='word_1_780' title='bbox 1668 4975 1746 5030; x_wconf 90' lang='lat' dir='ltr'><strong><em>sic</em></strong></span> <span class='ocrx_word' id='word_1_781' title='bbox 1793 4989 1901 5029; x_wconf 91' lang='lat' dir='ltr'><strong><em>non</em></strong></span> <span class='ocrx_word' id='word_1_782' title='bbox 1926 4973 2086 5044; x_wconf 87' lang='lat' dir='ltr'><strong><em>eripit</em></strong></span> <span class='ocrx_word' id='word_1_783' title='bbox 2111 4989 2210 5030; x_wconf 85' lang='lat' dir='ltr'><strong><em>nos</em></strong></span> 
     </span>
    </p>
   </div>
   <div class='ocr_carea' id='block_1_96' title="bbox 623 5062 2212 5133">
    <p class='ocr_par' dir='ltr' id='par_1_96' title="bbox 623 5062 2212 5133">
     <span class='ocr_line' id='line_1_96' title="bbox 623 5062 2212 5133; baseline 0.004 -15"><span class='ocrx_word' id='word_1_784' title='bbox 623 5062 857 5118; x_wconf 64' lang='lat' dir='ltr'><strong><em>dextera</em></strong></span> <span class='ocrx_word' id='word_1_785' title='bbox 875 5063 1014 5133; x_wconf 82' lang='lat' dir='ltr'><strong><em>ejus,</em></strong></span> <span class='ocrx_word' id='word_1_786' title='bbox 1043 5064 1148 5118; x_wconf 88' lang='lat' dir='ltr'><strong><em>nisi</em></strong></span> <span class='ocrx_word' id='word_1_787' title='bbox 1173 5065 1414 5122; x_wconf 81' lang='lat' dir='ltr'><strong><em>dicamus</em></strong></span> <span class='ocrx_word' id='word_1_788' title='bbox 1433 5065 1712 5123; x_wconf 83' lang='lat' dir='ltr'><strong><em>credentes</em></strong></span> <span class='ocrx_word' id='word_1_789' title='bbox 1737 5083 1750 5118; x_wconf 92' lang='lat'><strong>:</strong></span> <span class='ocrx_word' id='word_1_790' title='bbox 1775 5065 1998 5122; x_wconf 84' lang='lat' dir='ltr'><strong><em>Salvum</em></strong></span> <span class='ocrx_word' id='word_1_791' title='bbox 2021 5081 2107 5122; x_wconf 91' lang='lat' dir='ltr'><strong><em>me</em></strong></span> <span class='ocrx_word' id='word_1_792' title='bbox 2128 5067 2212 5124; x_wconf 79' lang='lat' dir='ltr'><strong><em>fac</em></strong></span> 
     </span>
    </p>
   </div>
   <div class='ocr_carea' id='block_1_97' title="bbox 627 5153 2262 5227">
    <p class='ocr_par' dir='ltr' id='par_1_97' title="bbox 627 5153 2262 5227">
     <span class='ocr_line' id='line_1_97' title="bbox 627 5153 2262 5227; baseline 0.002 -17"><span class='ocrx_word' id='word_1_793' title='bbox 627 5153 856 5210; x_wconf 66' lang='lat' dir='ltr'><strong><em>dextera</em></strong></span> <span class='ocrx_word' id='word_1_794' title='bbox 876 5161 973 5210; x_wconf 77' lang='lat' dir='ltr'><strong><em>tua</em></strong></span> <span class='ocrx_word' id='word_1_795' title='bbox 1002 5162 1058 5210; x_wconf 89' lang='lat' dir='ltr'><strong><em>et</em></strong></span> <span class='ocrx_word' id='word_1_796' title='bbox 1079 5155 1274 5210; x_wconf 82' lang='lat' dir='ltr'><strong><em>exaudi</em></strong></span> <span class='ocrx_word' id='word_1_797' title='bbox 1304 5171 1408 5211; x_wconf 88' lang='lat' dir='ltr'><strong><em>me.</em></strong></span> <span class='ocrx_word' id='word_1_798' title='bbox 1439 5156 1518 5210; x_wconf 81' lang='lat' dir='ltr'><strong><em>Ad</em></strong></span> <span class='ocrx_word' id='word_1_799' title='bbox 1544 5157 1662 5213; x_wconf 76' lang='lat' dir='ltr'><strong><em>haec</em></strong></span> <span class='ocrx_word' id='word_1_800' title='bbox 1688 5155 1850 5224; x_wconf 80' lang='lat' dir='ltr'><strong><em>Deus,</em></strong></span> <span class='ocrx_word' id='word_1_801' title='bbox 1901 5157 2094 5227; x_wconf 87' lang='lat' dir='ltr'><strong><em>inquit,</em></strong></span> <span class='ocrx_word' id='word_1_802' title='bbox 2124 5158 2209 5213; x_wconf 81' lang='grc' dir='ltr'><strong><em>ιο·</em></strong></span> <span class='ocrx_word' id='word_1_803' title='bbox 2259 5156 2262 5158; x_wconf 60' lang='grc'>⁷</span> 
     </span>
    </p>
   </div>
   <div class='ocr_carea' id='block_1_98' title="bbox 601 5247 2208 5314">
    <p class='ocr_par' dir='ltr' id='par_1_98' title="bbox 601 5247 2208 5314">
     <span class='ocr_line' id='line_1_98' title="bbox 601 5247 2208 5314; baseline -0.001 -8"><span class='ocrx_word' id='word_1_804' title='bbox 601 5254 894 5306; x_wconf 73' lang='lat' dir='ltr'><strong><em>.etltusest</em></strong></span> <span class='ocrx_word' id='word_1_805' title='bbox 915 5247 970 5301; x_wconf 78' lang='lat' dir='ltr'><strong><em>in</em></strong></span> <span class='ocrx_word' id='word_1_806' title='bbox 999 5255 1189 5303; x_wconf 76' lang='lat' dir='ltr'><strong><em>sancto</em></strong></span> <span class='ocrx_word' id='word_1_807' title='bbox 1216 5263 1334 5312; x_wconf 91' lang='lat' dir='ltr'><strong><em>suo,</em></strong></span> <span class='ocrx_word' id='word_1_808' title='bbox 1365 5249 1418 5302; x_wconf 87' lang='lat' dir='ltr'><strong><em>id</em></strong></span> <span class='ocrx_word' id='word_1_809' title='bbox 1438 5256 1540 5314; x_wconf 84' lang='lat' dir='ltr'><strong><em>est,</em></strong></span> <span class='ocrx_word' id='word_1_810' title='bbox 1563 5247 1616 5303; x_wconf 87' lang='lat' dir='ltr'><strong><em>in</em></strong></span> <span class='ocrx_word' id='word_1_811' title='bbox 1648 5250 1878 5305; x_wconf 83' lang='lat' dir='ltr'><strong><em>Domino</em></strong></span> <span class='ocrx_word' id='word_1_812' title='bbox 1897 5248 2024 5305; x_wconf 72' lang='lat' dir='ltr'><strong><em>Iesu</em></strong></span> <span class='ocrx_word' id='word_1_813' title='bbox 2050 5248 2208 5304; x_wconf 86' lang='lat' dir='ltr'><strong><em>Chri-</em></strong></span> 
     </span>
    </p>
   </div>
   <div class='ocr_carea' id='block_1_99' title="bbox 625 5336 2208 5396">
    <p class='ocr_par' dir='ltr' id='par_1_99' title="bbox 625 5336 2208 5396">
     <span class='ocr_line' id='line_1_99' title="bbox 625 5336 2208 5396; baseline 0.001 -2"><span class='ocrx_word' id='word_1_814' title='bbox 625 5338 950 5394; x_wconf 69' lang='lat' dir='ltr'><strong><em>stolocutus</em></strong></span> <span class='ocrx_word' id='word_1_815' title='bbox 967 5336 1228 5393; x_wconf 71' lang='lat' dir='ltr'><strong><em>estDeus.</em></strong></span> <span class='ocrx_word' id='word_1_816' title='bbox 1242 5337 1529 5393; x_wconf 83' lang='lat' dir='ltr'><strong><em>Exsultabo</em></strong></span> <span class='ocrx_word' id='word_1_817' title='bbox 1549 5347 1604 5394; x_wconf 89' lang='lat' dir='ltr'><strong><em>et</em></strong></span> <span class='ocrx_word' id='word_1_818' title='bbox 1630 5339 1858 5395; x_wconf 81' lang='lat' dir='ltr'><strong><em>dividam</em></strong></span> <span class='ocrx_word' id='word_1_819' title='bbox 1893 5339 2208 5396; x_wconf 87' lang='lat' dir='ltr'><strong><em>Sichimam.</em></strong></span> 
     </span>
    </p>
   </div>
   <div class='ocr_carea' id='block_1_100' title="bbox 621 5429 2208 5503">
    <p class='ocr_par' dir='ltr' id='par_1_100' title="bbox 621 5429 2208 5503">
     <span class='ocr_line' id='line_1_100' title="bbox 621 5429 2208 5503; baseline 0.003 -19"><span class='ocrx_word' id='word_1_820' title='bbox 621 5429 830 5486; x_wconf 52' lang='lat' dir='ltr'><strong><em>Ciuitas</em></strong></span> <span class='ocrx_word' id='word_1_821' title='bbox 849 5437 932 5487; x_wconf 86' lang='lat' dir='ltr'><strong><em>est</em></strong></span> <span class='ocrx_word' id='word_1_822' title='bbox 947 5445 1110 5499; x_wconf 81' lang='lat' dir='ltr'><strong><em>quam</em></strong></span> <span class='ocrx_word' id='word_1_823' title='bbox 1132 5429 1339 5486; x_wconf 67' lang='lat' dir='ltr'><strong><em>Heln-rei</em></strong></span> <span class='ocrx_word' id='word_1_824' title='bbox 1357 5430 1771 5488; x_wconf 83' lang='lat' dir='ltr'><strong><em>humiliaverunt</em></strong></span> <span class='ocrx_word' id='word_1_825' title='bbox 1791 5433 1842 5488; x_wconf 90' lang='lat' dir='ltr'><strong><em>in</em></strong></span> <span class='ocrx_word' id='word_1_826' title='bbox 1864 5434 2061 5502; x_wconf 86' lang='lat' dir='ltr'><strong><em>gladio,</em></strong></span> <span class='ocrx_word' id='word_1_827' title='bbox 2083 5435 2208 5503; x_wconf 88' lang='lat' dir='ltr'><strong><em>quia</em></strong></span> 
     </span>
    </p>
   </div>
   <div class='ocr_carea' id='block_1_101' title="bbox 628 5515 2203 5594">
    <p class='ocr_par' dir='ltr' id='par_1_101' title="bbox 628 5515 2203 5594">
     <span class='ocr_line' id='line_1_101' title="bbox 628 5515 2203 5594; baseline 0.004 -19"><span class='ocrx_word' id='word_1_828' title='bbox 628 5515 788 5576; x_wconf 72' lang='lat' dir='ltr'><strong><em>soror</em></strong></span> <span class='ocrx_word' id='word_1_829' title='bbox 829 5538 1019 5579; x_wconf 81' lang='lat' dir='ltr'><strong><em>eorum</em></strong></span> <span class='ocrx_word' id='word_1_830' title='bbox 1077 5523 1150 5578; x_wconf 92' lang='lat' dir='ltr'><strong><em>ibi</em></strong></span> <span class='ocrx_word' id='word_1_831' title='bbox 1199 5531 1452 5594; x_wconf 87' lang='lat' dir='ltr'><strong><em>corrupta</em></strong></span> <span class='ocrx_word' id='word_1_832' title='bbox 1479 5523 1672 5579; x_wconf 80' lang='lat' dir='ltr'><strong><em>fuerat.</em></strong></span> <span class='ocrx_word' id='word_1_833' title='bbox 1730 5524 1879 5580; x_wconf 83' lang='lat' dir='ltr'><strong><em>Nunc</em></strong></span> <span class='ocrx_word' id='word_1_834' title='bbox 1921 5541 2051 5580; x_wconf 82' lang='lat' dir='ltr'><strong><em>vero</em></strong></span> <span class='ocrx_word' id='word_1_835' title='bbox 2079 5527 2203 5594; x_wconf 87' lang='lat' dir='ltr'><strong><em>quia</em></strong></span> 
     </span>
    </p>
   </div>
   <div class='ocr_carea' id='block_1_102' title="bbox 626 5615 2204 5686">
    <p class='ocr_par' dir='ltr' id='par_1_102' title="bbox 626 5615 2204 5686">
     <span class='ocr_line' id='line_1_102' title="bbox 626 5615 2204 5686; baseline 0.006 -24"><span class='ocrx_word' id='word_1_836' title='bbox 626 5626 784 5666; x_wconf 78' lang='lat' dir='ltr'><strong><em>mens</em></strong></span> <span class='ocrx_word' id='word_1_837' title='bbox 812 5629 994 5668; x_wconf 72' lang='lat' dir='ltr'><strong><em>eorum</em></strong></span> <span class='ocrx_word' id='word_1_838' title='bbox 1023 5623 1273 5686; x_wconf 85' lang='lat' dir='ltr'><strong><em>corrupta</em></strong></span> <span class='ocrx_word' id='word_1_839' title='bbox 1326 5624 1426 5680; x_wconf 85' lang='lat' dir='ltr'><strong><em>est,</em></strong></span> <span class='ocrx_word' id='word_1_840' title='bbox 1458 5615 1512 5670; x_wconf 88' lang='lat' dir='ltr'><strong><em>in</em></strong></span> <span class='ocrx_word' id='word_1_841' title='bbox 1540 5622 1727 5684; x_wconf 80' lang='lat' dir='ltr'><strong><em>gentes</em></strong></span> <span class='ocrx_word' id='word_1_842' title='bbox 1774 5616 1917 5670; x_wconf 86' lang='lat' dir='ltr'><strong><em>misit</em></strong></span> <span class='ocrx_word' id='word_1_843' title='bbox 1943 5615 2083 5671; x_wconf 85' lang='lat' dir='ltr'><strong><em>Deus</em></strong></span> <span class='ocrx_word' id='word_1_844' title='bbox 2115 5616 2204 5671; x_wconf 81' lang='lat' dir='ltr'><strong><em>Fi-</em></strong></span> 
     </span>
    </p>
   </div>
   <div class='ocr_carea' id='block_1_103' title="bbox 628 5701 2203 5778">
    <p class='ocr_par' dir='ltr' id='par_1_103' title="bbox 628 5701 2203 5778">
     <span class='ocr_line' id='line_1_103' title="bbox 628 5701 2203 5778; baseline 0.006 -24"><span class='ocrx_word' id='word_1_845' title='bbox 628 5701 760 5755; x_wconf 76' lang='lat' dir='ltr'><strong><em>lium</em></strong></span> <span class='ocrx_word' id='word_1_846' title='bbox 807 5719 982 5770; x_wconf 74' lang='lat' dir='ltr'><strong><em>suurn,</em></strong></span> <span class='ocrx_word' id='word_1_847' title='bbox 1029 5708 1118 5774; x_wconf 86' lang='lat' dir='ltr'><strong><em>qui</em></strong></span> <span class='ocrx_word' id='word_1_848' title='bbox 1145 5707 1285 5762; x_wconf 75' lang='lat' dir='ltr'><strong><em>hanc</em></strong></span> <span class='ocrx_word' id='word_1_849' title='bbox 1305 5709 1489 5762; x_wconf 86' lang='lat' dir='ltr'><strong><em>urbem</em></strong></span> <span class='ocrx_word' id='word_1_850' title='bbox 1507 5707 1745 5775; x_wconf 82' lang='lat' dir='ltr'><strong><em>gentium</em></strong></span> <span class='ocrx_word' id='word_1_851' title='bbox 1773 5706 1926 5760; x_wconf 81' lang='lat' dir='ltr'><strong><em>tollat</em></strong></span> <span class='ocrx_word' id='word_1_852' title='bbox 1953 5707 2020 5762; x_wconf 91' lang='lat' dir='ltr'><strong><em>de</em></strong></span> <span class='ocrx_word' id='word_1_853' title='bbox 2046 5717 2203 5778; x_wconf 52' lang='lat' dir='ltr'><strong><em>pote-</em></strong></span> 
     </span>
    </p>
   </div>
   <div class='ocr_carea' id='block_1_104' title="bbox 637 5793 2199 5863">
    <p class='ocr_par' dir='ltr' id='par_1_104' title="bbox 637 5793 2199 5863">
     <span class='ocr_line' id='line_1_104' title="bbox 637 5793 2199 5863; baseline 0.008 -21"><span class='ocrx_word' id='word_1_854' title='bbox 637 5800 771 5845; x_wconf 75' lang='lat' dir='ltr'><strong><em>state</em></strong></span> <span class='ocrx_word' id='word_1_855' title='bbox 796 5793 1151 5850; x_wconf 70' lang='lat' dir='ltr'><strong><em>lleln&#39;morum.</em></strong></span> <span class='ocrx_word' id='word_1_856' title='bbox 1189 5797 1251 5851; x_wconf 76' lang='lat' dir='ltr'><strong><em>Et</em></strong></span> <span class='ocrx_word' id='word_1_857' title='bbox 1280 5798 1508 5853; x_wconf 84' lang='lat' dir='ltr'><strong><em>dividam</em></strong></span> <span class='ocrx_word' id='word_1_858' title='bbox 1539 5815 1654 5852; x_wconf 79' lang='lat' dir='ltr'><strong><em>eam</em></strong></span> <span class='ocrx_word' id='word_1_859' title='bbox 1687 5800 1958 5863; x_wconf 81' lang='lat' dir='ltr'><strong><em>apostolis,</em></strong></span> <span class='ocrx_word' id='word_1_860' title='bbox 1993 5807 2044 5852; x_wconf 85' lang='lat' dir='ltr'><strong><em>et</em></strong></span> <span class='ocrx_word' id='word_1_861' title='bbox 2068 5817 2199 5854; x_wconf 77' lang='lat' dir='ltr'><strong><em>Cotl-</em></strong></span> 
     </span>
    </p>
   </div>
   <div class='ocr_carea' id='block_1_105' title="bbox 2317 4694 3858 4773">
    <p class='ocr_par' dir='ltr' id='par_1_105' title="bbox 2317 4694 3858 4773">
     <span class='ocr_line' id='line_1_105' title="bbox 2317 4694 3858 4773; baseline 0.002 -25"><span class='ocrx_word' id='word_1_862' title='bbox 2317 4695 2584 4750; x_wconf 81' lang='lat' dir='ltr'><strong><em>dilectione</em></strong></span> <span class='ocrx_word' id='word_1_863' title='bbox 2603 4711 2734 4750; x_wconf 86' lang='lat' dir='ltr'><strong><em>mea.</em></strong></span> <span class='ocrx_word' id='word_1_864' title='bbox 2758 4694 3021 4752; x_wconf 86' lang='lat' dir='ltr'><strong><em>Constitue</em></strong></span> <span class='ocrx_word' id='word_1_865' title='bbox 3039 4715 3191 4769; x_wconf 87' lang='lat' dir='ltr'><strong><em>super</em></strong></span> <span class='ocrx_word' id='word_1_866' title='bbox 3210 4717 3323 4754; x_wconf 88' lang='lat' dir='ltr'><strong><em>eum</em></strong></span> <span class='ocrx_word' id='word_1_867' title='bbox 3341 4713 3652 4773; x_wconf 84' lang='lat' dir='ltr'><strong><em>peccatorem</em></strong></span> <span class='ocrx_word' id='word_1_868' title='bbox 3687 4711 3731 4754; x_wconf 87' lang='lat' dir='ltr'><strong><em>et</em></strong></span> <span class='ocrx_word' id='word_1_869' title='bbox 3757 4700 3858 4752; x_wconf 87' lang='lat' dir='ltr'><strong><em>dia-</em></strong></span> 
     </span>
    </p>
   </div>
   <div class='ocr_carea' id='block_1_106' title="bbox 2315 4786 3861 4861">
    <p class='ocr_par' dir='ltr' id='par_1_106' title="bbox 2315 4786 3861 4861">
     <span class='ocr_line' id='line_1_106' title="bbox 2315 4786 3861 4861; baseline 0.002 -20"><span class='ocrx_word' id='word_1_870' title='bbox 2315 4786 2460 4841; x_wconf 85' lang='lat' dir='ltr'><strong><em>bolus</em></strong></span> <span class='ocrx_word' id='word_1_871' title='bbox 2485 4794 2583 4841; x_wconf 85' lang='lat' dir='ltr'><strong><em>stet</em></strong></span> <span class='ocrx_word' id='word_1_872' title='bbox 2603 4802 2636 4840; x_wconf 90' lang='lat' dir='ltr'><strong><em>a</em></strong></span> <span class='ocrx_word' id='word_1_873' title='bbox 2656 4787 2853 4842; x_wconf 76' lang='lat' dir='ltr'><strong><em>dextris</em></strong></span> <span class='ocrx_word' id='word_1_874' title='bbox 2875 4790 3005 4860; x_wconf 82' lang='lat' dir='ltr'><strong><em>ejus.</em></strong></span> <span class='ocrx_word' id='word_1_875' title='bbox 3031 4787 3154 4844; x_wconf 85' lang='lat' dir='ltr'><strong><em>Cum</em></strong></span> <span class='ocrx_word' id='word_1_876' title='bbox 3174 4791 3444 4861; x_wconf 86' lang='lat' dir='ltr'><strong><em>judicatur</em></strong></span> <span class='ocrx_word' id='word_1_877' title='bbox 3471 4803 3615 4846; x_wconf 72' lang='lat' dir='ltr'><strong><em>exeat</em></strong></span> <span class='ocrx_word' id='word_1_878' title='bbox 3646 4791 3861 4847; x_wconf 74' lang='lat' dir='ltr'><strong><em>condan-</em></strong></span> 
     </span>
    </p>
   </div>
   <div class='ocr_carea' id='block_1_107' title="bbox 2315 4879 3861 4952">
    <p class='ocr_par' dir='ltr' id='par_1_107' title="bbox 2315 4879 3861 4952">
     <span class='ocr_line' id='line_1_107' title="bbox 2315 4879 3861 4952; baseline 0 -20"><span class='ocrx_word' id='word_1_879' title='bbox 2315 4888 2490 4945; x_wconf 85' lang='lat' dir='ltr'><strong><em>natus,</em></strong></span> <span class='ocrx_word' id='word_1_880' title='bbox 2517 4888 2567 4933; x_wconf 86' lang='lat' dir='ltr'><strong><em>et</em></strong></span> <span class='ocrx_word' id='word_1_881' title='bbox 2594 4879 2760 4934; x_wconf 84' lang='lat' dir='ltr'><strong><em>oratio</em></strong></span> <span class='ocrx_word' id='word_1_882' title='bbox 2779 4879 2894 4951; x_wconf 82' lang='lat' dir='ltr'><strong><em>ejus</em></strong></span> <span class='ocrx_word' id='word_1_883' title='bbox 2907 4880 3004 4950; x_wconf 77' lang='lat' dir='ltr'><strong><em>ﬁat</em></strong></span> <span class='ocrx_word' id='word_1_884' title='bbox 3022 4881 3075 4936; x_wconf 91' lang='lat' dir='ltr'><strong><em>in</em></strong></span> <span class='ocrx_word' id='word_1_885' title='bbox 3104 4891 3385 4952; x_wconf 83' lang='lat' dir='ltr'><strong><em>peccatum.</em></strong></span> <span class='ocrx_word' id='word_1_886' title='bbox 3431 4883 3590 4938; x_wconf 82' lang='lat' dir='ltr'><strong><em>Fiant</em></strong></span> <span class='ocrx_word' id='word_1_887' title='bbox 3628 4885 3731 4937; x_wconf 81' lang='lat' dir='ltr'><strong><em>dies</em></strong></span> <span class='ocrx_word' id='word_1_888' title='bbox 3768 4883 3861 4952; x_wconf 80' lang='lat' dir='ltr'><strong><em>ejus</em></strong></span> 
     </span>
    </p>
   </div>
   <div class='ocr_carea' id='block_1_108' title="bbox 2313 4971 3862 5044">
    <p class='ocr_par' dir='ltr' id='par_1_108' title="bbox 2313 4971 3862 5044">
     <span class='ocr_line' id='line_1_108' title="bbox 2313 4971 3862 5044; baseline -0.001 -20"><span class='ocrx_word' id='word_1_889' title='bbox 2313 4971 2483 5043; x_wconf 85' lang='lat' dir='ltr'><strong><em>pauci,</em></strong></span> <span class='ocrx_word' id='word_1_890' title='bbox 2506 4977 2556 5024; x_wconf 85' lang='lat' dir='ltr'><strong><em>et</em></strong></span> <span class='ocrx_word' id='word_1_891' title='bbox 2575 4971 2923 5042; x_wconf 77' lang='lat' dir='ltr'><strong><em>episcupatum</em></strong></span> <span class='ocrx_word' id='word_1_892' title='bbox 2941 4972 3054 5043; x_wconf 87' lang='lat' dir='ltr'><strong><em>ejus</em></strong></span> <span class='ocrx_word' id='word_1_893' title='bbox 3065 4972 3284 5044; x_wconf 83' lang='lat' dir='ltr'><strong><em>accipiat</em></strong></span> <span class='ocrx_word' id='word_1_894' title='bbox 3305 4975 3456 5027; x_wconf 83' lang='lat' dir='ltr'><strong><em>alter.</em></strong></span> <span class='ocrx_word' id='word_1_895' title='bbox 3483 4972 3639 5027; x_wconf 77' lang='lat' dir='ltr'><strong><em>Firmt</em></strong></span> <span class='ocrx_word' id='word_1_896' title='bbox 3658 4973 3750 5044; x_wconf 82' lang='lat' dir='ltr'><strong><em>ﬁlii</em></strong></span> <span class='ocrx_word' id='word_1_897' title='bbox 3767 4972 3862 5042; x_wconf 69' lang='lat' dir='ltr'><strong><em>ejus</em></strong></span> 
     </span>
    </p>
   </div>
   <div class='ocr_carea' id='block_1_109' title="bbox 2312 5060 3865 5135">
    <p class='ocr_par' dir='ltr' id='par_1_109' title="bbox 2312 5060 3865 5135">
     <span class='ocr_line' id='line_1_109' title="bbox 2312 5060 3865 5135; baseline -0.003 -18"><span class='ocrx_word' id='word_1_898' title='bbox 2312 5060 2555 5133; x_wconf 67' lang='lat' dir='ltr'><strong><em>orphani,</em></strong></span> <span class='ocrx_word' id='word_1_899' title='bbox 2587 5069 2792 5116; x_wconf 72' lang='lat' dir='ltr'><strong><em>etuxor</em></strong></span> <span class='ocrx_word' id='word_1_900' title='bbox 2816 5061 2926 5132; x_wconf 80' lang='lat' dir='ltr'><strong><em>ejus</em></strong></span> <span class='ocrx_word' id='word_1_901' title='bbox 2973 5062 3143 5116; x_wconf 83' lang='lat' dir='ltr'><strong><em>vidua.</em></strong></span> <span class='ocrx_word' id='word_1_902' title='bbox 3194 5060 3454 5118; x_wconf 83' lang='lat' dir='ltr'><strong><em>Nutantes</em></strong></span> <span class='ocrx_word' id='word_1_903' title='bbox 3509 5068 3865 5135; x_wconf 75' lang='lat' dir='ltr'><strong><em>transferantur</em></strong></span> 
     </span>
    </p>
   </div>
   <div class='ocr_carea' id='block_1_110' title="bbox 2307 5151 3862 5224">
    <p class='ocr_par' dir='ltr' id='par_1_110' title="bbox 2307 5151 3862 5224">
     <span class='ocr_line' id='line_1_110' title="bbox 2307 5151 3862 5224; baseline -0.003 -16"><span class='ocrx_word' id='word_1_904' title='bbox 2307 5153 2406 5224; x_wconf 76' lang='lat' dir='ltr'><strong><em>ﬁlii</em></strong></span> <span class='ocrx_word' id='word_1_905' title='bbox 2420 5153 2530 5224; x_wconf 79' lang='lat' dir='ltr'><strong><em>ejus</em></strong></span> <span class='ocrx_word' id='word_1_906' title='bbox 2551 5161 2600 5206; x_wconf 85' lang='lat' dir='ltr'><strong><em>et</em></strong></span> <span class='ocrx_word' id='word_1_907' title='bbox 2617 5151 2924 5218; x_wconf 84' lang='lat' dir='ltr'><strong><em>mendioent,</em></strong></span> <span class='ocrx_word' id='word_1_908' title='bbox 2950 5151 3226 5223; x_wconf 82' lang='lat' dir='ltr'><strong><em>ejiciantur</em></strong></span> <span class='ocrx_word' id='word_1_909' title='bbox 3249 5153 3313 5206; x_wconf 87' lang='lat' dir='ltr'><strong><em>de</em></strong></span> <span class='ocrx_word' id='word_1_910' title='bbox 3333 5153 3730 5208; x_wconf 81' lang='lat' dir='ltr'><strong><em>habitationibus</em></strong></span> <span class='ocrx_word' id='word_1_911' title='bbox 3750 5154 3862 5207; x_wconf 75' lang='lat' dir='ltr'><strong><em>suis.</em></strong></span> 
     </span>
    </p>
   </div>
   <div class='ocr_carea' id='block_1_111' title="bbox 2312 5240 3866 5314">
    <p class='ocr_par' dir='ltr' id='par_1_111' title="bbox 2312 5240 3866 5314">
     <span class='ocr_line' id='line_1_111' title="bbox 2312 5240 3866 5314; baseline -0.003 -15"><span class='ocrx_word' id='word_1_912' title='bbox 2312 5243 2582 5299; x_wconf 68' lang='lat' dir='ltr'><strong><em>Scrutatur</em></strong></span> <span class='ocrx_word' id='word_1_913' title='bbox 2602 5243 2866 5314; x_wconf 67' lang='lat' dir='ltr'><strong><em>fenerator</em></strong></span> <span class='ocrx_word' id='word_1_914' title='bbox 2893 5255 3095 5296; x_wconf 86' lang='lat' dir='ltr'><strong><em>omnem</em></strong></span> <span class='ocrx_word' id='word_1_915' title='bbox 3122 5240 3462 5296; x_wconf 68' lang='lat' dir='ltr'><strong><em>salutantium</em></strong></span> <span class='ocrx_word' id='word_1_916' title='bbox 3507 5244 3638 5314; x_wconf 82' lang='lat' dir='ltr'><strong><em>ejus,</em></strong></span> <span class='ocrx_word' id='word_1_917' title='bbox 3677 5261 3724 5296; x_wconf 75' lang='lat' dir='ltr'><strong><em>et</em></strong></span> <span class='ocrx_word' id='word_1_918' title='bbox 3753 5241 3866 5296; x_wconf 77' lang='lat' dir='ltr'><strong><em>diri-</em></strong></span> 
     </span>
    </p>
   </div>
   <div class='ocr_carea' id='block_1_112' title="bbox 2308 5332 3868 5408">
    <p class='ocr_par' dir='ltr' id='par_1_112' title="bbox 2308 5332 3868 5408">
     <span class='ocr_line' id='line_1_112' title="bbox 2308 5332 3868 5408; baseline -0.004 -19"><span class='ocrx_word' id='word_1_919' title='bbox 2308 5336 2453 5407; x_wconf 86' lang='lat' dir='ltr'><strong><em>piant</em></strong></span> <span class='ocrx_word' id='word_1_920' title='bbox 2497 5334 2654 5389; x_wconf 80' lang='lat' dir='ltr'><strong><em>alieni</em></strong></span> <span class='ocrx_word' id='word_1_921' title='bbox 2681 5332 2882 5391; x_wconf 81' lang='lat' dir='ltr'><strong><em>labores</em></strong></span> <span class='ocrx_word' id='word_1_922' title='bbox 3080 5332 3203 5389; x_wconf 73' lang='lat' dir='ltr'><strong><em>Non</em></strong></span> <span class='ocrx_word' id='word_1_923' title='bbox 3232 5335 3300 5388; x_wconf 87' lang='lat' dir='ltr'><strong><em>sit</em></strong></span> <span class='ocrx_word' id='word_1_924' title='bbox 3323 5334 3402 5388; x_wconf 77' lang='lat' dir='ltr'><strong><em>illi</em></strong></span> <span class='ocrx_word' id='word_1_925' title='bbox 3443 5335 3668 5408; x_wconf 85' lang='lat' dir='ltr'><strong><em>adjutor.</em></strong></span> <span class='ocrx_word' id='word_1_926' title='bbox 3697 5350 3786 5387; x_wconf 82' lang='lat' dir='ltr'><strong><em>nec</em></strong></span> <span class='ocrx_word' id='word_1_927' title='bbox 3809 5332 3868 5388; x_wconf 72' lang='lat' dir='ltr'><strong><em>sit</em></strong></span> 
     </span>
    </p>
   </div>
   <div class='ocr_carea' id='block_1_113' title="bbox 2307 5424 3869 5499">
    <p class='ocr_par' dir='ltr' id='par_1_113' title="bbox 2307 5424 3869 5499">
     <span class='ocr_line' id='line_1_113' title="bbox 2307 5424 3869 5499; baseline -0.001 -18"><span class='ocrx_word' id='word_1_928' title='bbox 2307 5428 2392 5499; x_wconf 83' lang='lat' dir='ltr'><strong><em>qui</em></strong></span> <span class='ocrx_word' id='word_1_929' title='bbox 2427 5428 2732 5482; x_wconf 79' lang='lat' dir='ltr'><strong><em>misereatur</em></strong></span> <span class='ocrx_word' id='word_1_930' title='bbox 2757 5426 2966 5499; x_wconf 78' lang='lat' dir='ltr'><strong><em>pupittis</em></strong></span> <span class='ocrx_word' id='word_1_931' title='bbox 2993 5427 3125 5498; x_wconf 82' lang='lat' dir='ltr'><strong><em>ejus.</em></strong></span> <span class='ocrx_word' id='word_1_932' title='bbox 3156 5424 3318 5480; x_wconf 75' lang='lat' dir='ltr'><strong><em>Fiant</em></strong></span> <span class='ocrx_word' id='word_1_933' title='bbox 3356 5428 3469 5480; x_wconf 81' lang='lat' dir='ltr'><strong><em>nati</em></strong></span> <span class='ocrx_word' id='word_1_934' title='bbox 3496 5428 3606 5499; x_wconf 82' lang='lat' dir='ltr'><strong><em>ejus</em></strong></span> <span class='ocrx_word' id='word_1_935' title='bbox 3631 5433 3682 5482; x_wconf 78' lang='lat' dir='ltr'><strong><em>in</em></strong></span> <span class='ocrx_word' id='word_1_936' title='bbox 3703 5425 3869 5479; x_wconf 52' lang='lat' dir='ltr'><strong><em>interi.</em></strong></span> 
     </span>
    </p>
   </div>
   <div class='ocr_carea' id='block_1_114' title="bbox 2307 5517 3870 5590">
    <p class='ocr_par' dir='ltr' id='par_1_114' title="bbox 2307 5517 3870 5590">
     <span class='ocr_line' id='line_1_114' title="bbox 2307 5517 3870 5590; baseline -0.001 -20"><span class='ocrx_word' id='word_1_937' title='bbox 2307 5525 2434 5585; x_wconf 87' lang='lat' dir='ltr'><strong><em>tum,</em></strong></span> <span class='ocrx_word' id='word_1_938' title='bbox 2457 5519 2518 5572; x_wconf 79' lang='lat' dir='ltr'><strong><em>in</em></strong></span> <span class='ocrx_word' id='word_1_939' title='bbox 2545 5519 2872 5590; x_wconf 76' lang='lat' dir='ltr'><strong><em>generatione</em></strong></span> <span class='ocrx_word' id='word_1_940' title='bbox 2895 5535 3003 5572; x_wconf 80' lang='lat' dir='ltr'><strong><em>una</em></strong></span> <span class='ocrx_word' id='word_1_941' title='bbox 3050 5517 3281 5572; x_wconf 87' lang='lat' dir='ltr'><strong><em>deleatur</em></strong></span> <span class='ocrx_word' id='word_1_942' title='bbox 3308 5533 3490 5572; x_wconf 80' lang='lat' dir='ltr'><strong><em>nomen</em></strong></span> <span class='ocrx_word' id='word_1_943' title='bbox 3519 5520 3648 5590; x_wconf 83' lang='lat' dir='ltr'><strong><em>ejus.</em></strong></span> <span class='ocrx_word' id='word_1_944' title='bbox 3682 5517 3745 5571; x_wconf 86' lang='lat' dir='ltr'><strong><em>In</em></strong></span> <span class='ocrx_word' id='word_1_945' title='bbox 3775 5533 3870 5569; x_wconf 75' lang='lat' dir='ltr'><strong><em>me-</em></strong></span> 
     </span>
    </p>
   </div>
   <div class='ocr_carea' id='block_1_115' title="bbox 2304 5610 3872 5685">
    <p class='ocr_par' dir='ltr' id='par_1_115' title="bbox 2304 5610 3872 5685">
     <span class='ocr_line' id='line_1_115' title="bbox 2304 5610 3872 5685; baseline -0.002 -19"><span class='ocrx_word' id='word_1_946' title='bbox 2304 5613 2520 5666; x_wconf 81' lang='lat' dir='ltr'><strong><em>muriam</em></strong></span> <span class='ocrx_word' id='word_1_947' title='bbox 2540 5613 2716 5666; x_wconf 78' lang='lat' dir='ltr'><strong><em>redeat</em></strong></span> <span class='ocrx_word' id='word_1_948' title='bbox 2733 5613 2978 5685; x_wconf 81' lang='lat' dir='ltr'><strong><em>iniquitas</em></strong></span> <span class='ocrx_word' id='word_1_949' title='bbox 3005 5620 3210 5682; x_wconf 85' lang='lat' dir='ltr'><strong><em>patrum</em></strong></span> <span class='ocrx_word' id='word_1_950' title='bbox 3231 5612 3342 5683; x_wconf 86' lang='lat' dir='ltr'><strong><em>ejus</em></strong></span> <span class='ocrx_word' id='word_1_951' title='bbox 3367 5612 3421 5664; x_wconf 85' lang='lat' dir='ltr'><strong><em>in</em></strong></span> <span class='ocrx_word' id='word_1_952' title='bbox 3459 5620 3728 5683; x_wconf 81' lang='lat' dir='ltr'><strong><em>conspectu</em></strong></span> <span class='ocrx_word' id='word_1_953' title='bbox 3770 5610 3872 5664; x_wconf 79' lang='lat' dir='ltr'><strong><em>Do-</em></strong></span> 
     </span>
    </p>
   </div>
   <div class='ocr_carea' id='block_1_116' title="bbox 2302 5703 3871 5777">
    <p class='ocr_par' dir='ltr' id='par_1_116' title="bbox 2302 5703 3871 5777">
     <span class='ocr_line' id='line_1_116' title="bbox 2302 5703 3871 5777; baseline -0.003 -18"><span class='ocrx_word' id='word_1_954' title='bbox 2302 5705 2449 5770; x_wconf 84' lang='lat' dir='ltr'><strong><em>mini,</em></strong></span> <span class='ocrx_word' id='word_1_955' title='bbox 2498 5714 2545 5758; x_wconf 78' lang='lat' dir='ltr'><strong><em>et</em></strong></span> <span class='ocrx_word' id='word_1_956' title='bbox 2591 5713 2854 5776; x_wconf 86' lang='lat' dir='ltr'><strong><em>peccatum</em></strong></span> <span class='ocrx_word' id='word_1_957' title='bbox 2900 5706 3080 5760; x_wconf 85' lang='lat' dir='ltr'><strong><em>matris</em></strong></span> <span class='ocrx_word' id='word_1_958' title='bbox 3125 5705 3238 5777; x_wconf 80' lang='lat' dir='ltr'><strong><em>ejus</em></strong></span> <span class='ocrx_word' id='word_1_959' title='bbox 3275 5720 3378 5762; x_wconf 87' lang='lat' dir='ltr'><strong><em>non</em></strong></span> <span class='ocrx_word' id='word_1_960' title='bbox 3425 5705 3670 5760; x_wconf 83' lang='lat' dir='ltr'><strong><em>deleatur.</em></strong></span> <span class='ocrx_word' id='word_1_961' title='bbox 3719 5703 3768 5756; x_wconf 75' lang='lat' dir='ltr'><em>F</em></span> <span class='ocrx_word' id='word_1_962' title='bbox 3769 5705 3871 5757; x_wconf 85' lang='lat' dir='ltr'><strong><em>iant</em></strong></span> 
     </span>
    </p>
   </div>
   <div class='ocr_carea' id='block_1_117' title="bbox 2303 5795 3870 5863">
    <p class='ocr_par' dir='ltr' id='par_1_117' title="bbox 2303 5795 3870 5863">
     <span class='ocr_line' id='line_1_117' title="bbox 2303 5795 3870 5863; baseline -0.003 -15"><span class='ocrx_word' id='word_1_963' title='bbox 2303 5807 2480 5852; x_wconf 86' lang='lat' dir='ltr'><strong><em>contra</em></strong></span> <span class='ocrx_word' id='word_1_964' title='bbox 2504 5797 2781 5852; x_wconf 87' lang='lat' dir='ltr'><strong><em>Dominum</em></strong></span> <span class='ocrx_word' id='word_1_965' title='bbox 2809 5815 3024 5863; x_wconf 78' lang='lat' dir='ltr'><strong><em>semper,</em></strong></span> <span class='ocrx_word' id='word_1_966' title='bbox 3056 5806 3101 5850; x_wconf 75' lang='lat' dir='ltr'><strong><em>et</em></strong></span> <span class='ocrx_word' id='word_1_967' title='bbox 3131 5796 3462 5862; x_wconf 74' lang='lat' dir='ltr'><strong><em>dispereatde</em></strong></span> <span class='ocrx_word' id='word_1_968' title='bbox 3481 5806 3618 5851; x_wconf 80' lang='lat' dir='ltr'><strong><em>terra</em></strong></span> <span class='ocrx_word' id='word_1_969' title='bbox 3634 5795 3870 5850; x_wconf 81' lang='lat' dir='ltr'><strong><em>memoria</em></strong></span> 
     </span>
    </p>
   </div>
  </div>
