4088 6346
259 426 364 485 493

1191 434 1662 492 COMMENTARII
1699 433 1767 491 IN
1802 433 2132 493 mannos.
2174 435 2366 496 PSAL.
2408 415 2600 500 cvm.

3416 445 3521 503 495

256 542 452 613 earum,
485 566 579 623 pro
602 569 659 607 eo
688 555 824 626 quod
851 571 955 609 non
978 563 1054 610 est
1084 555 1386 610 recordatus
1418 558 1587 627 facere
1630 556 1834 611 νηίδα-ἰ·-
1865 554 1916 616 Α
1942 540 2458 626 camuseosqtiittos
2474 556 2658 628 iniquo
2672 558 3215 632 odioperscquuutur.
3229 560 3524 620 Hervan-

256 642 511 729 cordiam.
539 644 605 697 Et
631 658 920 717 persecutus
965 656 1043 703 est
1070 649 1326 703 hominem
1355 652 1558 721 inopem
1596 658 1647 704 et
1689 665 1840 705 men-

254 734 448 799 dicum,
473 746 521 790 et
550 751 901 809 compunctum
924 740 1075 796 corde
1089 743 1418 813 mortiﬁcare.
1439 741 1508 797 Et
1528 742 1711 797 dilexit
1730 758 1841 798 nta-

252 826 598 899 ledictioncm,
633 839 680 882 et
708 832 867 886 veniet
897 833 978 896 ei;
1018 842 1069 887 et
1108 832 1271 888 noluit
1320 832 1750 900 benedictionem,
1792 844 1842 889 et
1868 819 1892 836 ’

252 906 581 989 ειοησαὺὶιιιν
623 919 687 973 ab
738 920 815 977 eo.
851 923 917 977 Et
941 922 1108 979 induit
1135 924 1550 981 maledictionem
1586 928 1719 981 sicut
1748 943 1837 981 ve-

1943 643 2147 715 gelicus
2156 646 2412 715 magister
2426 647 2647 704 omnino
2658 648 2952 720 prohibuit,
2971 652 3111 709 unde
3131 652 3200 708 ad
3220 652 3515 725 principem

1944 736 2163 791 malitia:
2186 738 2507 793 currendum
2518 745 2601 797 est
2615 740 2816 797 annuo.
2828 740 2897 797 Et
2914 746 3338 817 quotiescunque
3348 748 3518 804 male-

1942 825 2206 882 dictiones
2224 828 2543 895 cantaveris,
2560 829 2662 901 ipsi
2674 844 2765 886 eas
2788 847 2947 903 quem
2965 833 3240 890 maledixit
3262 835 3522 894 Dominus

1941 915 2272 974 decantabis.
2312 916 2432 990 ipse
2458 919 2603 976 enim
2630 920 2783 992 ponit
2818 920 3100 980 adversum
3130 939 3229 980 nos
3256 927 3397 982 mala
3421 943 3519 999 pro

251 1002 574 1077 siih‘tentui‘n,
609 1023 657 1091 et
686 1010 897 1071 intrarit
944 1006 1075 1072 sicut
1102 1035 1237 1091 aqua
1281 1019 1336 1073 in
1363 1021 1612 1073 interiora
1639 1018 1750 1091 ejus
1790 1027 1842 1074 et
1926 1009 2131 1074 Ὶὶοηῖεν
2180 1010 2294 1067 δίνο
2340 1009 2466 1067 dum
2492 1013 2634 1069 bona
2679 1026 2986 1085 operantur,
3014 1017 3140 1086 quia
3185 1018 3327 1073 mala
3367 1020 3522 1076 nobis

251 1103 393 1154 sicut
429 1102 595 1157 oleum
624 1090 675 1158 in
717 1106 912 1162 ossibus
947 1108 1076 1178 ejus.
1104 1102 1229 1162 Fiat
1257 1111 1304 1164 ei
1327 1110 1460 1165 sicut
1488 1090 1839 1166 vestimentum

249 1184 375 1279 quo;
396 1188 647 1275 operitur,
692 1202 743 1247 et
795 1194 927 1250 sicut
971 1214 1101 1253 zona
1128 1214 1227 1271 qua
1255 1200 1458 1272 semper
1483 1202 1835 1277 prtccingitur.

250 1280 312 1335 11
316 1268 377 1337 σέ
401 1268 527 1354 opus
552 1278 731 1363 eorum
760 1289 846 1359 qui
877 1268 1153 1345 detrahunt
1172 1278 1300 1346 mihi
1322 1268 1461 1364 apud
1472 1268 1769 1357 Dominum,
1789 1304 1841 1348 et

249 1373 531 1445 loquuntur
550 1376 691 1431 mota
712 1379 952 1435 adversus
971 1383 1196 1436 animam
1219 1398 1401 1438 meam.
1421 1383 1487 1437 Et
1505 1392 1578 1451 tu,
1600 1385 1837 1450 Domine,

247 1468 563 1538 {ac’mecum
592 1456 798 1541 propter
824 1486 1009 1527 nomen
1040 1482 1201 1542 tuum,
1234 1476 1357 1548 quia
1382 1478 1555 1531 suavis
1584 1486 1661 1531 est
1680 1478 1838 1531 mise-

248 1550 479 1611 ricordia
530 1567 634 1611 tua.
686 1557 872 1615 Libera
919 1579 1018 1628 me,
1048 1566 1168 1636 quia
1214 1581 1402 1638 egenus
1425 1574 1475 1620 et
1501 1582 1699 1637 panper
1726 1583 1839 1621 sum

247 1662 370 1718 ego,
396 1654 445 1699 et
468 1663 557 1702 cor
584 1665 754 1704 meum
775 1654 1132 1709 conturbatum
1152 1663 1230 1709 est
1250 1657 1388 1710 intra
1420 1672 1522 1712 me.
1556 1656 1700 1713 Sicut
1721 1674 1838 1712 um—

246 1737 349 1793 bra
378 1754 488 1794 cum
519 1740 745 1796 declinat
771 1742 971 1801 ablatus
999 1763 1131 1811 sum,
1162 1758 1212 1802 et
1251 1764 1497 1804 excussus
1549 1766 1657 1804 sam
1706 1752 1841 1806 sicut

246 1829 483 1885 locustis.
532 1829 712 1887 Genua
755 1852 868 1890 mea
894 1838 1165 1908 inﬁrmata
1194 1848 1311 1893 sunt
1341 1857 1373 1894 a
1388 1840 1611 1912 jejunio,
1643 1850 1691 1895 et
1716 1857 1836 1896 caro

1941 1118 2040 1174 per
2059 1118 2212 1158 suum
2223 1103 2424 1159 excitat
2449 1104 2639 1161 zelmn.
2654 1104 2780 1162 Sive
2794 1105 2917 1162 dum
2942 1106 3080 1163 idola
3111 1110 3361 1177 ostendit,
3380 1112 3519 1167 mala

1941 1208 2041 1266 pro
2066 1193 2222 1250 bonis
2249 1195 2501 1251 ostendit.
2526 1193 2651 1253 Sive
2691 1194 2818 1252 dum
2858 1199 3320 1270 concupiscentias
3344 1204 3522 1258 carnis

1940 1285 2245 1355 exagitant,
2278 1300 2401 1342 cum
2434 1286 2541 1342 sint
2560 1287 2701 1342 mala
2730 1288 2911 1344 omnia
2940 1303 3106 1359 opera
3134 1294 3519 1365 concupiscam

1938 1377 2060 1440 tite,
2093 1376 2181 1432 ille
2210 1376 2322 1448 ipsa
2358 1378 2500 1434 mala
2526 1393 2626 1450 pro
2653 1379 2810 1435 bonis
2832 1387 3106 1446 ostentat,
3135 1389 3188 1437 et
3216 1383 3396 1438 odium
3422 1400 3522 1454 pro

1939 1464 2226 1522 dilectione
2273 1466 2540 1535 immittit,
2582 1468 2657 1524 ita
2703 1478 2760 1524 ut
2800 1469 3045 1525 videatur
3069 1472 3221 1528 nobis
3249 1488 3431 1529 amare
3459 1488 3522 1528 ac

1940 1557 2161 1627 diligere
2184 1599 2199 1623 ,
2232 1572 2354 1615 cum
2384 1559 2452 1615 ad
2479 1568 2760 1632 peccatum
2790 1563 2973 1618 tribuit
3001 1563 3326 1621 facultatem.
3375 1564 3521 1621 Con-

1940 1649 2104 1704 stitue
2146 1648 2428 1705 adversum
2467 1664 2588 1706 eum
2632 1661 2990 1723 peccatorem.
3049 1654 3331 1721 Quomodo
3370 1665 3517 1712 stare

1938 1746 2121 1811 potest
2138 1739 2279 1805 hoc',
2301 1740 2586 1812 diligenter
2604 1743 2863 1799 ausculta.
2889 1744 3183 1800 Adversum
3212 1762 3297 1801 me
3316 1749 3518 1803 consti-

1941 1828 2044 1884 tuit
2091 1829 2411 1903 discipulum
2457 1846 2636 1888 meum
2659 1873 2674 1897 ,
2706 1833 2963 1889 adversus
3003 1849 3125 1889 eum
3170 1837 3525 1893 constituatur

247 1938 372 1978 mea
400 1924 677 1979 immutata
700 1936 779 1981 est
805 1938 1015 2000 propter
1043 1931 1229 1985 oleum.
1275 1931 1345 1986 Et
1373 1948 1465 2003 ego
1513 1935 1701 2004 [αι-ηις·
1727 1950 1839 1988 sum

1943 1919 2233 1991 discipulus
2260 1920 2394 1991 ejus.
2425 1919 2493 1976 Et
2518 1923 2589 1977 sit
2618 1933 2935 1993 persecutor
2960 1924 3181 1990 diaboli,
3212 1926 3303 1996 qui
3329 1941 3518 1997 perse-

247 2010 593 2086 opprobrium
618 2016 743 2084 illis,
787 2015 1025 2073 viderunt
1068 2034 1182 2085 me,
1227 2031 1275 2075 et
1329 2031 1592 2077 moverunt
1646 2023 1835 2095 capita.

249 2105 459 2176 Adjuva
486 2123 588 2172 me,
616 2107 839 2163 Domine
857 2109 994 2164 Deus
1017 2126 1179 2176 meus,
1203 2112 1397 2165 salvum
1420 2129 1500 2165 me
1532 2114 1616 2181 [ac
1637 2122 1843 2183 propter

249 2194 667 2253 misericordiam
697 2205 857 2253 tuam.
892 2198 958 2254 Et
987 2203 1148 2254 scient
1178 2203 1297 2273 quia
1326 2216 1508 2256 manus
1535 2202 1661 2268 hcce,
1688 2212 1737 2256 et
1765 2211 1839 2266 tn,

248 2284 497 2353 Domine,
531 2288 700 2360 fecisti
733 2305 869 2343 eam.
901 2289 1216 2344 Maledicent
1249 2292 1347 2356 illi,
1397 2299 1446 2346 et
1474 2300 1526 2346 tu
1557 2292 1842 2358 benedices,

251 2378 339 2449 qui
374 2380 649 2451 insurgunt
673 2380 728 2432 in
757 2394 839 2433 me
865 2380 1270 2452 confundantur,
1311 2398 1483 2437 servus
1529 2390 1700 2436 autem
1729 2391 1845 2436 tuus

253 2466 536 2522 imbitur.
572 2465 868 2522 [viduantur
895 2471 980 2541 qui
1026 2469 1307 2524 detrahant
1350 2471 1478 2525 mihi
1529 2472 1744 2541 pudore,
1792 2480 1844 2526 et

255 2558 565 2627 operiuntur
601 2558 735 2611 sicut
782 2558 1011 2629 diploide
1063 2562 1364 2631 confusione
1401 2578 1514 2615 sua.
1545 2559 1842 2632 Conﬁtebor

258 2645 487 2702 Domino
510 2649 663 2704 nimis
701 2652 759 2704 in
786 2666 876 2706 ore
902 2666 1034 2717 meo,
1066 2660 1117 2706 et
1146 2654 1201 2706 in
1228 2655 1400 2708 medie
1425 2654 1699 2709 multorum
1719 2655 1839 2708 lau-

257 2740 393 2795 dabo
418 2755 549 2794 una.
602 2738 705 2806 Qui
755 2742 923 2796 astitit
950 2760 985 2796 a
1036 2743 1236 2798 dextris
1273 2747 1533 2816 pauperis,
1557 2756 1614 2799 ut
1638 2746 1837 2801 solum

253 2832 502 2904 [metu
524 2831 943 2905 peraequata»
968 2836 1197 2891 animm
1220 2850 1409 2890 unum.

828 2938 1264 2979 οοιεεατηιυι.

327 3009 580 3067 Venimus
597 3012 666 3067 ad
693 3012 957 3083 psalmum
987 3016 1344 3071 centesimum
1370 3023 1644 3081 octavum,
1675 3030 1839 3085 quem

253 3100 529 3172 apostolus
556 3100 747 3158 Petrus
774 3103 1166 3175 interpretatur
1190 3105 1246 3159 in
1284 3104 1476 3162 ludam
1506 3105 1834 3162 lseariotem.

254 3190 425 3263 Hujus
471 3209 570 3249 nos
594 3192 901 3264 pedissequi
925 3196 1069 3250 viam
1094 3210 1257 3273 quam
1278 3197 1394 3266 ipse
1414 3196 1626 3266 aperuit
1648 3197 1838 3253 ambo-

1948 2018 2104 2065 cutor
2149 2012 2429 2066 exstiterat
2465 2010 2686 2078 Christi,
2715 2020 2772 2068 et
2806 2021 2915 2068 stet
2960 2013 3205 2071 diabolus
3249 2029 3280 2069 a
3321 2014 3527 2071 dextris

1947 2098 2063 2167 ejus
2091 2098 2157 2153 ad
2179 2099 2561 2156 confutandum
2590 2110 2647 2156 et
2669 2101 2738 2157 ad
2774 2104 3217 2159 convincendum.
3242 2103 3401 2161 Stetit
3420 2105 3529 2161 dia-

1946 2190 2104 2245 bolus
2131 2206 2162 2245 a
2191 2191 2392 2247 dextris
2420 2190 2611 2259 Pauli,
2639 2194 2712 2248 ita
2757 2202 2817 2250 ut
2847 2194 3095 2265 judicans
3148 2212 3271 2252 eum
3308 2195 3525 2265 Paulus,

1947 2282 2149 2339 faceret
2177 2299 2298 2339 eum
2321 2301 2350 2339 a
2380 2300 2443 2341 se
2476 2287 2625 2342 exire
2649 2287 3066 2343 condemnatum
3086 2327 3102 2355 ,
3132 2296 3187 2345 et
3208 2297 3378 2345 totam
3403 2306 3530 2347 ora-

1948 2375 2151 2430 tionem
2176 2384 2230 2429 et
2259 2376 2541 2432 consilium
2566 2377 2683 2448 ejus
2710 2386 2973 2435 statueret
3002 2380 3382 2455 inpeccatum.
3408 2381 3530 2453 Ipse

1946 2465 2074 2521 fecit
2100 2467 2215 2521 dies
2240 2466 2356 2537 ejus
2382 2482 2603 2537 paucos.
2652 2466 2821 2525 Paulo
2866 2470 3010 2525 enim
3048 2472 3298 2541 gentibus
3336 2473 3531 2545 pradi-

1944 2566 2101 2613 cante
2125 2600 2138 2621 ,
2193 2574 2298 2613 non
2349 2559 2518 2615 multo
2557 2566 2803 2632 tempore
2827 2561 3057 2618 obtinuit
3084 2565 3443 2636 principatum
3469 2565 3527 2624 in

1943 2648 2173 2718 templis.
2207 2646 2335 2704 Post
2376 2650 2489 2705 haec
2516 2652 2747 2707 cessavit
2789 2653 3041 2725 princeps
3067 2669 3188 2711 esse
3209 2672 3370 2729 super
3395 2671 3528 2727 gen-

1942 2748 2057 2805 tes,
2113 2750 2168 2796 et
2203 2742 2566 2811 magisterium
2598 2743 2715 2814 ejus
2754 2746 2965 2815 accepit
2993 2746 3083 2802 ille
3127 2749 3221 2817 qui
3266 2749 3525 2805 dicebat:

1941 2831 2057 2904 Ego
2077 2848 2188 2886 sum
2208 2834 2455 2905 magister
2480 2836 2726 2906 gentium,
2740 2836 2797 2888 in
2810 2834 2915 2905 ﬁde
2933 2845 2984 2890 et
3000 2839 3213 2892 veritate
3227 2838 3269 2909 (l
3292 2837 3423 2894 Tini.
3442 2841 3523 2912 η).

1942 2922 2036 2978 ille
2063 2924 2210 2978 enim
2255 2921 2434 2980 fuerat
2481 2925 2743 2993 magister
2770 2926 3009 2994 gentium
3052 2927 3106 2982 in
3133 2926 3446 2985 inﬁdelitate
3473 2936 3530 2989 et

1943 3013 2174 3069 fallacia.
2223 3012 2376 3070 Tunc
2402 3014 2441 3070 ii
2467 3014 2663 3085 quibus
2708 3016 2911 3073 dictum
2963 3017 3139 3075 fuerat
3175 3034 3205 3075 a
3245 3019 3473 3078 Domino
3499 3041 3535 3077 ιε·

1953 3101 2056 3158 Vos
2077 3103 2142 3159 de
2166 3113 2316 3177 patre
2339 3104 2549 3162 diabolo
2576 3107 2701 3161 estis
2726 3106 2746 3177 (
2758 3106 2917 3164 loan.
2948 3109 3083 3181 vin),
3105 3109 3317 3180 dejecto
3346 3113 3526 3169 incre-

1943 3192 2181 3251 dulitatis
2206 3209 2335 3265 rege
2360 3195 2487 3253 facti
2516 3206 2639 3252 sunt
2678 3198 2936 3269 orphani,
2975 3200 3112 3256 facta
3151 3210 3235 3257 est
3282 3210 3339 3259 et
3383 3218 3522 3260 uxor

254 3281 445 3341 Ictum.
477 3284 652 3341 Homo
678 3285 949 3357 perfectus
975 3287 1288 3343 interiorem
1332 3302 1487 3344 suum
1529 3289 1845 3360 alloquitur,
1863 3300 1919 3370 ς
1942 3286 2140 3343 diaboli
2158 3286 2335 3344 vidua.
2352 3287 2507 3345 Sicut
2542 3290 2685 3345 enim
2715 3292 2803 3345 uni
2824 3292 2941 3347 viro
2962 3292 3287 3363 desponsata
3312 3303 3397 3349 est
3422 3294 3526 3351 Ec-

255 3376 476 3433 dicens:
508 3377 669 3444 Deus,
710 3378 925 3435 laudem
962 3392 1139 3435 meam
1167 3394 1238 3436 ne
1282 3382 1535 3445 tacueris,
1564 3383 1718 3452 quasi
1744 3384 1841 3453 qui

255 3467 401 3524 dicat
431 3486 443 3521 :
476 3466 734 3524 Homines
760 3469 1181 3541 vituperationes
1205 3471 1368 3528 inme
1392 3473 1631 3531 excitant
1656 3473 1837 3541 falsas;

259 3568 318 3614 tu
364 3558 508 3615 Deus
558 3575 710 3617 locus
756 3561 971 3618 laudem
1024 3577 1205 3620 meam
1252 3566 1843 3623 oontscealeediad

258 3650 641 3707 conscientiam
672 3659 836 3720 tuam,
863 3669 898 3708 ο
926 3654 1092 3711 homo
1116 3653 1236 3722 Dei,
1284 3657 1378 3725 qui
1429 3656 1703 3712 Christum
1750 3672 1843 3713 se-

260 3743 461 3813 queris.
492 3742 559 3798 Et
582 3758 705 3800 cum
728 3760 792 3805 os
810 3748 1115 3816 peccatoris
1135 3755 1191 3802 et
1209 3748 1383 3803 dolosi
1412 3763 1577 3819 super
1602 3757 1658 3803 te
1681 3762 1843 3819 aper-

262 3844 376 3890 tam
422 3834 601 3899 fuerit,
632 3837 922 3906 gratulare,
971 3852 1195 3893 securus
1241 3846 1381 3894 esto.
1411 3839 1549 3906 Quia
1571 3855 1633 3894 os
1652 3854 1845 3910 pecca-

265 3927 400 3981 toris
424 3926 494 3981 ad
513 3928 958 3997 vituperationem
983 3918 1147 3984 'tuam
1166 3931 1407 3999 aperitur
1424 3931 1480 3985 in
1500 3939 1664 3997 terra,
1692 3940 1749 3987 et
1774 3931 1845 3987 ad

265 4016 480 4072 laudem
508 4024 654 4072 tuam
677 4033 741 4072 os
764 4017 864 4074 Dei
890 4020 1131 4089 aperitur
1155 4021 1213 4074 in
1230 4020 1388 4075 cmlo.
1414 4021 1726 4090 Loquantur
1749 4023 1847 4077 ad-

268 4119 483 4163 versum
529 4115 602 4172 te,
641 4108 776 4163 sicut
828 4107 1083 4165 Pbarismi
1133 4118 1321 4166 contra
1362 4111 1645 4167 Dominum
1669 4112 1845 4183 lingua

265 4196 472 4261 dolosa,
512 4204 571 4252 et
615 4198 957 4255 sermonibus
995 4198 1460 4256 odiicircmeant
1484 4208 1556 4267 te,
1602 4210 1655 4255 et
1676 4215 1848 4273 expu-

262 4297 430 4358 gnent
452 4296 510 4345 te
535 4290 722 4360 gratis.
752 4290 891 4347 Nota
916 4291 1009 4346 tibi
1030 4292 1199 4360 gratis
1219 4306 1327 4348 nea
1348 4293 1483 4348 vitio
1498 4302 1593 4349 tuo
1611 4296 1700 4362 sit,
1731 4309 1844 4351 non

261 4380 419 4451 culpa
448 4387 537 4436 tua
566 4381 655 4447 sit,
700 4381 794 4437 sed
839 4396 1030 4437 eorum
1083 4382 1422 4439 mendacium
1473 4385 1684 4441 veritati
1739 4395 1844 4442 tuae

259 4470 475 4527 serviat.
529 4470 709 4527 Servit
750 4472 895 4527 enim
924 4472 1259 4528 mendacium
1311 4475 1544 4541 veritati,
1577 4477 1622 4531 si
1644 4474 1841 4533 tamam

262 4577 372 4619 non
400 4562 593 4619 timeas
619 4562 915 4619 hominum.
948 4564 1089 4621 Nihil
1128 4566 1273 4621 enim
1318 4568 1429 4637 agit
1473 4568 1636 4625 falsus
1665 4570 1835 4636 testis,

1942 3380 2107 3436 etesia
2157 3395 2258 3452 per
2302 3379 2490 3447 iidem,
2519 3381 2598 3436 sic
2621 3395 2721 3453 per
2747 3381 3136 3448 infidelitatem,
3172 3399 3278 3437 non
3306 3400 3523 3455 sponsa,

1942 3471 2038 3527 sed
2062 3485 2203 3527 uxor
2229 3478 2314 3525 est
2333 3475 2579 3541 potestas
2606 3469 3020 3535 incredulitatis,
3050 3484 3171 3541 quae
3197 3472 3361 3526 dabat
3389 3488 3528 3542 pon-

1944 3559 2166 3617 tillcium
2193 3558 2506 3614 dominandi
2530 3557 2903 3616 sacerdotibus
2930 3559 3273 3629 templorum,
3297 3561 3411 3617 sive
3427 3560 3529 3636 Sy.

1944 3662 2194 3718 nagogze,
2236 3662 2334 3703 seu
2377 3647 2752 3704 hmreticorum
2799 3648 3063 3705 ecclesiis.
3109 3648 3234 3705 Haec
3287 3661 3530 3722 potestas

1943 3740 2158 3811 dejeeto
2181 3739 2398 3796 diabolo
2425 3737 2659 3795 efﬁcitur
2682 3739 2862 3804 vidua,
2894 3741 2972 3795 ita
3011 3750 3069 3795 ut
3096 3743 3440 3800 anathemate
3462 3745 3529 3797 li-

1943 3831 2007 3886 lii
2030 3832 2148 3900 ejus
2166 3829 2450 3901 ejiclantur
2474 3838 2534 3885 ut
2558 3830 2885 3886 mendieent.
2910 3829 3284 3887 Perserutatur
3312 3833 3525 3889 tenera-

1944 3934 2032 3979 sor
2055 3923 2314 3978 Dominus
2340 3931 2526 3978 noster
2551 3936 2766 3977 omnem
2812 3922 3168 3977 substantiam
3195 3924 3333 3993 ejus,
3357 3926 3526 3993 exigit

1948 4016 2017 4070 ab
2051 4027 2138 4079 es,
2163 4014 2217 4068 id
2240 4021 2343 4080 est,
2372 4014 2442 4068 ab
2466 4014 2584 4083 ipsa
2607 4022 2877 4084 potestate
2906 4028 3097 4069 usuras
3122 4016 3269 4072 verbi
3293 4016 3529 4088 pruden-

1948 4105 2057 4171 tior,
2087 4105 2279 4173 quibus
2307 4103 2397 4159 illa
2422 4103 2565 4160 male
2589 4118 2686 4159 usa
2713 4110 2813 4160 est.
2858 4105 3126 4175 Diripiunt
3152 4106 3312 4162 alieni
3339 4124 3531 4167 omnes

1948 4195 2163 4251 labores
2206 4193 2355 4265 ejus,
2387 4195 2743 4251 ostenduntur
2776 4196 2976 4267 injuste
3002 4196 3250 4254 decresse
3271 4240 3286 4267 ,
3332 4201 3550 4271 injuste.

1947 4287 2255 4358 scripsisse,
2280 4286 2477 4358 injuste
2502 4286 2808 4343 fabricasse.
2841 4286 2909 4343 Et
2935 4289 3038 4343 ista
3064 4292 3245 4346 omnia
3272 4292 3529 4365 diripiunt

1948 4380 2107 4437 alieni
2134 4396 2165 4436 a
2208 4381 2469 4437 societate
2511 4376 2752 4450 ejusdem
2799 4383 3111 4452 potestatis,
3143 4398 3262 4455 quae
3290 4395 3530 4457 potestas

1945 4472 2200 4530 deﬁciens
2238 4474 2293 4528 in
2340 4473 2457 4544 ipso
2504 4470 2720 4529 diabolo
2742 4510 2757 4538 ,
2788 4473 2958 4529 Deum
2987 4474 3285 4545 adjutorem
3313 4480 3530 4549 penitus

1945 4582 2054 4623 non
2082 4566 2264 4623 habet.
2294 4564 2406 4622 Nec
2431 4573 2517 4622 est
2540 4566 2633 4638 qui
2660 4566 2982 4624 misereatur
3020 4569 3246 4640 orphani
3275 4570 3392 4641 ejus
3426 4591 3439 4625 :
3472 4573 3528 4628 in

261 4658 366 4713 nisi
390 4657 652 4728 utipsam
676 4658 1050 4715 commaculet.
1074 4658 1132 4715 Si
1161 4660 1318 4715 times
1344 4660 1467 4728 hoc,
1500 4676 1685 4719 servus
1710 4663 1842 4720 ell‘e—
1867 4672 1923 4737 n
1944 4660 2290 4730 generatione
2337 4673 2441 4714 una
2458 4700 2473 4724 ,
2526 4657 2580 4713 id
2628 4665 2738 4726 est,
2765 4659 2819 4713 in
2845 4658 2965 4714 solo
2991 4660 3194 4730 populo
3218 4659 3526 4717 Christiano

257 4756 381 4806 ctus
421 4763 512 4816 es;
552 4749 601 4804 si
646 4764 754 4805 non
783 4750 971 4815 times,
1016 4751 1154 4806 liber
1193 4766 1271 4806 es.
1321 4751 1473 4808 Time
1499 4767 1629 4822 ergo
1662 4755 1840 4810 solum

257 4841 452 4906 Deum,
480 4847 539 4897 et
563 4840 633 4897 de
651 4840 794 4897 bona
816 4842 1144 4898 conscientia
1163 4858 1508 4913 prtesumens,
1540 4846 1737 4900 sentiat
1779 4860 1842 4902 se

238 4932 525 5005 propositi
571 4933 650 4988 toi
691 4931 835 4989 fama
881 4947 1000 4989 esse
1043 4933 1311 5000 ancillam,
1342 4941 1399 4990 et
1424 4948 1546 4990 eam
1575 4935 1842 5005 compelle

253 5022 463 5079 servire
490 5023 660 5092 magis
679 5037 840 5093 quam
868 5023 1135 5093 imperare
1162 5024 1366 5079 virtuti.
1399 5024 1533 5079 Nam
1553 5026 1597 5079 si
1620 5040 1742 5080 eam
1769 5026 1839 5080 ti-

254 5115 480 5182 mueris,
505 5114 612 5172 eris
636 5115 875 5171 omnium
902 5114 994 5184 qui
1021 5115 1328 5173 obtrectare
1353 5123 1605 5186 poterunt
1628 5130 1834 5179 servus.

255 5208 330 5264 Et
370 5208 586 5264 timebis
638 5222 824 5265 verum
862 5192 1077 5274 dicere,
1103 5222 1197 5263 .ue
1240 5207 1309 5264 de
1365 5216 1417 5263 te
1462 5206 1593 5264 falsa
1622 5209 1839 5264 contin-

254 5308 408 5370 gant.
435 5299 592 5356 Dices
617 5299 839 5356 forsitan
871 5318 885 5355 :
916 5299 987 5356 Et
1012 5299 1140 5371 quid
1181 5299 1373 5357 faciam
1416 5302 1462 5357 si
1511 5300 1843 5358 vulnerarint

256 5394 573 5464 opinionem
599 5394 806 5449 meam?
826 5392 943 5450 Hoc
966 5392 1052 5450 fac
1074 5394 1219 5464 quod
1241 5394 1342 5450 iste
1366 5393 1509 5460 fecit,
1541 5395 1691 5465 cujus
1718 5410 1840 5452 car-

259 5499 389 5540 men
416 5486 642 5555 exponis
673 5502 687 5538 :
718 5484 823 5540 Pro
850 5499 949 5550 eo,
981 5486 1187 5554 inquit,
1220 5494 1281 5541 ut
1322 5501 1409 5541 me
1436 5487 1720 5556 diligerent
1746 5488 1841 5543 de-

261 5578 550 5634 trahebant
603 5578 732 5632 mihi
754 5618 767 5645 ,
800 5591 902 5645 ego
924 5585 1104 5631 autem
1151 5578 1391 5632 orabam.
1449 5578 1694 5634 Ostendit
1741 5579 1837 5635 tibi

262 5668 395 5740 quid
422 5668 606 5723 facias.
635 5665 784 5721 Nunc
828 5666 904 5719 ‘ad
954 5666 1354 5721 tnaledietiones
1384 5668 1717 5733 accedentes,
1748 5683 1841 5723 ea-

264 5774 489 5816 veamus
516 5758 715 5812 exitum
746 5772 941 5821 rerum,
962 5769 1028 5807 nc
1057 5754 1122 5809 ad
1143 5756 1384 5810 homines
1408 5758 1505 5810 ista
1532 5757 1838 5825 dirigamus,

269 5860 324 5931 et
353 5858 600 5922 putemus
628 5850 779 5905 nobis
809 5850 943 5904 hanc
974 5847 1208 5917 regulam
1240 5846 1449 5911 datam,
1484 5861 1589 5903 ouo
1618 5847 1842 5905 maledi-

1042 6100 1126 6114 α*
1166 6106 1173 6111 -
1191 6099 1223 6107 *⁸

1943 4752 2153 4809 deletur
2171 4765 2368 4807 nomen
2398 4751 2532 4821 ejus.
2564 4749 2641 4805 lbi
2668 4752 2723 4805 in
2750 4751 3067 4806 memoriam
3092 4751 3233 4806 cedit
3273 4751 3527 4823 iniquitas

1943 4851 2156 4915 patrum
2184 4843 2317 4913 ejus.
2348 4841 2599 4910 Quotidie
2619 4841 2815 4910 legitur
2855 4842 2910 4897 in
2945 4839 3184 4898 Ecclesia
3212 4842 3265 4897 in
3291 4858 3523 4917 conspe‘

1943 4945 2035 4993 ctu
2052 4937 2187 4992 Dei:
2219 4944 2419 5007 quanta
2449 4934 2589 4989 mala
2626 4932 2868 4989 fecerunt
2908 4932 3151 5001 Christo,
3182 4941 3441 5008 apostolis
3467 4953 3525 4995 et

1943 5027 2286 5097 martyribus,
2318 5033 2373 5080 et
2402 5030 2679 5095 peccatum
2706 5024 2891 5080 matris
2929 5024 3043 5095 ejus
3071 5029 3279 5100 populi,
3312 5031 3416 5087 hoc
3445 5040 3528 5086 est

1944 5125 2225 5187 peccatum
2250 5115 2535 5187 potestatis
2563 5110 2678 5185 ejus
2704 5129 2810 5171 non
2854 5115 3093 5184 deletur,
3124 5119 3219 5175 sed
3249 5118 3307 5174 iit
3334 5103 3541 5174 contra.

1946 5208 2230 5264 Dominum
2283 5222 2515 5278 semper,
2560 5215 2616 5264 et
2657 5207 2951 5279 perdet-de
2997 5217 3140 5266 terra
3183 5210 3521 5264 memoriam.

1946 5298 2085 5356 Ecce
2130 5300 2290 5371 periit
2333 5298 2573 5371 potestas
2612 5309 3034 5372 persecutorum,
3063 5301 3188 5371 quia
3219 5299 3321 5370 ipsi
3341 5312 3521 5353 rerum

1946 5391 2155 5447 Domini
2181 5391 2321 5446 servi
2349 5400 2470 5447 sunt
2492 5390 2713 5449 Christi.
2736 5391 2900 5448 Periit
2945 5402 3074 5456 ergo
3106 5389 3173 5443 de
3201 5396 3344 5442 terra
3364 5386 3522 5458 pote-

1946 5489 2075 5537 stas.
2107 5481 2218 5547 illa,
2242 5497 2362 5553 qua:
2390 5497 2498 5539 non
2528 5491 2612 5539 est
2638 5480 2949 5543 recordata,
2994 5484 3054 5530 ut
3078 5477 3281 5531 taceret
3308 5476 3520 5532 miseri-

1944 5574 2200 5637 cordiam,
2250 5574 2346 5630 sed
2394 5580 2677 5645 persecuta
2706 5578 2788 5626 est
2826 5567 3117 5624 hominem.
3149 5565 3320 5639 Quem
3344 5569 3521 5626 homi-

1944 5670 2100 5723 nem?
2153 5666 2485 5737 Panperem,
2520 5664 2717 5734 inquit,
2771 5669 2823 5714 et
2875 5656 3196 5713 mendicum.
3251 5657 3524 5720 Christum
3622 5670 3633 5683 ‘

1947 5760 2145 5829 utique,
2179 5766 2233 5812 et
2262 5759 2313 5811 in
2343 5756 2592 5825 passione
2624 5761 2675 5808 et
2699 5754 2749 5806 in
2773 5765 2989 5806 suorum
3016 5752 3293 5825 martyrio.
3322 5753 3524 5810 Dilexit

1945 5850 2370 5905 meledictionem
2412 5846 2538 5903 Ada
2584 5859 2701 5914 qua:
2747 5860 2844 5917 per
2886 5842 3157 5919 Christum
3185 5845 3440 5914 aufertur.
3467 5855 3524 5902 st
