  <div class='ocr_page' id='page_1' title='image "/cluster/home/n/w/nwhite01/storage/ocr_20150623/53/hvd.32044015471576/253.png"; bbox 0 0 4088 6346; ppageno 0'>
   <div class='ocr_carea' id='block_1_1' title="bbox 514 397 2111 467">
    <p class='ocr_par' dir='ltr' id='par_1_1' title="bbox 514 397 2111 467">
     <span class='ocr_line' id='line_1_1' title="bbox 514 397 2111 467; baseline -0.003 -9"><span class='ocrx_word' id='word_1_1' title='bbox 514 404 622 458; x_wconf 65' lang='lat'><strong>£93</strong></span> <span class='ocrx_word' id='word_1_2' title='bbox 1843 397 2111 467; x_wconf 60' lang='lat' dir='ltr'><strong>ARWBII</strong></span> 
     </span>
    </p>
   </div>
   <div class='ocr_carea' id='block_1_2' title="bbox 2147 394 3780 456">
    <p class='ocr_par' dir='ltr' id='par_1_2' title="bbox 2147 394 3780 456">
     <span class='ocr_line' id='line_1_2' title="bbox 2147 394 3780 456; baseline -0.003 -2"><span class='ocrx_word' id='word_1_3' title='bbox 2147 397 2450 456; x_wconf 76' lang='lat' dir='ltr'><strong>JUNIORIS</strong></span> <span class='ocrx_word' id='word_1_4' title='bbox 3675 394 3780 450; x_wconf 62' lang='lat'><strong>‘96</strong></span> 
     </span>
    </p>
   </div>
   <div class='ocr_carea' id='block_1_3' title="bbox 513 509 3821 589">
    <p class='ocr_par' dir='ltr' id='par_1_3' title="bbox 513 509 3821 589">
     <span class='ocr_line' id='line_1_3' title="bbox 513 509 3821 589; baseline -0.003 -15"><span class='ocrx_word' id='word_1_5' title='bbox 513 517 697 574; x_wconf 90' lang='lat' dir='ltr'><strong>veniet</strong></span> <span class='ocrx_word' id='word_1_6' title='bbox 720 515 773 572; x_wconf 89' lang='lat' dir='ltr'><strong>ei</strong></span> <span class='ocrx_word' id='word_1_7' title='bbox 805 533 818 570; x_wconf 90' lang='lat'><strong>:</strong></span> <span class='ocrx_word' id='word_1_8' title='bbox 847 515 1018 573; x_wconf 90' lang='lat' dir='ltr'><strong>noluit</strong></span> <span class='ocrx_word' id='word_1_9' title='bbox 1040 514 1470 574; x_wconf 76' lang='lat' dir='ltr'><strong>benedictionem</strong></span> <span class='ocrx_word' id='word_1_10' title='bbox 1517 521 1638 585; x_wconf 73' lang='lat' dir='ltr'><strong>qua:</strong></span> <span class='ocrx_word' id='word_1_11' title='bbox 1681 528 1780 586; x_wconf 83' lang='lat' dir='ltr'><strong>per</strong></span> <span class='ocrx_word' id='word_1_12' title='bbox 1826 509 2096 568; x_wconf 87' lang='lat' dir='ltr'><strong>Christum</strong></span> <span class='ocrx_word' id='word_1_13' title='bbox 2125 523 2170 580; x_wconf 72' lang='grc' dir='ltr'><strong>Α</strong></span> <span class='ocrx_word' id='word_1_14' title='bbox 2199 515 2254 570; x_wconf 91' lang='lat' dir='ltr'><strong>in</strong></span> <span class='ocrx_word' id='word_1_15' title='bbox 2280 516 2364 571; x_wconf 89' lang='lat' dir='ltr'><strong>die</strong></span> <span class='ocrx_word' id='word_1_16' title='bbox 2385 517 2478 570; x_wconf 77' lang='lat' dir='ltr'><strong>ira:</strong></span> <span class='ocrx_word' id='word_1_17' title='bbox 2506 532 2612 571; x_wconf 74' lang='lat' dir='ltr'><strong>sua:</strong></span> <span class='ocrx_word' id='word_1_18' title='bbox 2631 532 2791 589; x_wconf 86' lang='lat' dir='ltr'><strong>reges.</strong></span> <span class='ocrx_word' id='word_1_19' title='bbox 2821 514 3083 572; x_wconf 83' lang='lat' dir='ltr'><strong>Judieabit</strong></span> <span class='ocrx_word' id='word_1_20' title='bbox 3118 516 3173 569; x_wconf 88' lang='lat' dir='ltr'><strong>in</strong></span> <span class='ocrx_word' id='word_1_21' title='bbox 3219 513 3513 570; x_wconf 71' lang='lat' dir='ltr'><strong>nationibus</strong></span> <span class='ocrx_word' id='word_1_22' title='bbox 3549 511 3779 584; x_wconf 74' lang='lat' dir='ltr'><strong>implebit</strong></span> <span class='ocrx_word' id='word_1_23' title='bbox 3818 583 3821 588; x_wconf 24' lang='grc' dir='ltr'><strong>η</strong></span> 
     </span>
    </p>
   </div>
   <div class='ocr_carea' id='block_1_4' title="bbox 517 602 2100 677">
    <p class='ocr_par' dir='ltr' id='par_1_4' title="bbox 517 602 2100 677">
     <span class='ocr_line' id='line_1_4' title="bbox 517 602 2100 677; baseline -0.003 -14"><span class='ocrx_word' id='word_1_24' title='bbox 517 608 756 674; x_wconf 76' lang='lat' dir='ltr'><strong>affertur,</strong></span> <span class='ocrx_word' id='word_1_25' title='bbox 773 615 830 664; x_wconf 89' lang='lat' dir='ltr'><strong>et</strong></span> <span class='ocrx_word' id='word_1_26' title='bbox 848 607 1032 677; x_wconf 89' lang='lat' dir='ltr'><strong>utique</strong></span> <span class='ocrx_word' id='word_1_27' title='bbox 1051 605 1388 676; x_wconf 89' lang='lat' dir='ltr'><strong>elongabitur</strong></span> <span class='ocrx_word' id='word_1_28' title='bbox 1415 605 1482 661; x_wconf 91' lang='lat' dir='ltr'><strong>ab</strong></span> <span class='ocrx_word' id='word_1_29' title='bbox 1509 621 1594 660; x_wconf 89' lang='lat' dir='ltr'><strong>eo.</strong></span> <span class='ocrx_word' id='word_1_30' title='bbox 1619 604 1756 660; x_wconf 83' lang='lat' dir='ltr'><strong>Nota</strong></span> <span class='ocrx_word' id='word_1_31' title='bbox 1782 619 1849 660; x_wconf 88' lang='lat' dir='ltr'><strong>ex</strong></span> <span class='ocrx_word' id='word_1_32' title='bbox 1879 602 2100 659; x_wconf 83' lang='lat' dir='ltr'><strong>arbitrio</strong></span> 
     </span>
    </p>
   </div>
   <div class='ocr_carea' id='block_1_5' title="bbox 517 692 2102 767">
    <p class='ocr_par' dir='ltr' id='par_1_5' title="bbox 517 692 2102 767">
     <span class='ocr_line' id='line_1_5' title="bbox 517 692 2102 767; baseline -0.005 -14"><span class='ocrx_word' id='word_1_33' title='bbox 517 697 760 754; x_wconf 85' lang='lat' dir='ltr'><strong>evenisse</strong></span> <span class='ocrx_word' id='word_1_34' title='bbox 789 703 847 752; x_wconf 89' lang='lat' dir='ltr'><strong>ut</strong></span> <span class='ocrx_word' id='word_1_35' title='bbox 874 696 1060 760; x_wconf 90' lang='lat' dir='ltr'><strong>nollet,</strong></span> <span class='ocrx_word' id='word_1_36' title='bbox 1083 704 1304 767; x_wconf 89' lang='lat' dir='ltr'><strong>propter</strong></span> <span class='ocrx_word' id='word_1_37' title='bbox 1322 694 1586 759; x_wconf 81' lang='lat' dir='ltr'><strong>haeresim,</strong></span> <span class='ocrx_word' id='word_1_38' title='bbox 1615 708 1734 764; x_wconf 83' lang='lat' dir='ltr'><strong>quae</strong></span> <span class='ocrx_word' id='word_1_39' title='bbox 1757 692 1888 748; x_wconf 90' lang='lat' dir='ltr'><strong>dicit</strong></span> <span class='ocrx_word' id='word_1_40' title='bbox 1933 692 2102 746; x_wconf 88' lang='lat' dir='ltr'><strong>Deum</strong></span> 
     </span>
    </p>
   </div>
   <div class='ocr_carea' id='block_1_6' title="bbox 517 781 2104 859">
    <p class='ocr_par' dir='ltr' id='par_1_6' title="bbox 517 781 2104 859">
     <span class='ocr_line' id='line_1_6' title="bbox 517 781 2104 859; baseline -0.004 -15"><span class='ocrx_word' id='word_1_41' title='bbox 517 789 655 852; x_wconf 88' lang='lat' dir='ltr'><strong>alios</strong></span> <span class='ocrx_word' id='word_1_42' title='bbox 681 787 1088 859; x_wconf 65' lang='lat' dir='ltr'><strong>prtedestinasse</strong></span> <span class='ocrx_word' id='word_1_43' title='bbox 1115 786 1184 842; x_wconf 89' lang='lat' dir='ltr'><strong>ad</strong></span> <span class='ocrx_word' id='word_1_44' title='bbox 1209 786 1658 850; x_wconf 90' lang='lat' dir='ltr'><strong>benedictionem,</strong></span> <span class='ocrx_word' id='word_1_45' title='bbox 1683 784 1819 839; x_wconf 90' lang='lat' dir='ltr'><strong>alios</strong></span> <span class='ocrx_word' id='word_1_46' title='bbox 1848 781 1916 838; x_wconf 89' lang='lat' dir='ltr'><strong>ad</strong></span> <span class='ocrx_word' id='word_1_47' title='bbox 1943 781 2104 838; x_wconf 88' lang='lat' dir='ltr'><strong>male-</strong></span> 
     </span>
    </p>
   </div>
   <div class='ocr_carea' id='block_1_7' title="bbox 515 875 2102 939">
    <p class='ocr_par' dir='ltr' id='par_1_7' title="bbox 515 875 2102 939">
     <span class='ocr_line' id='line_1_7' title="bbox 515 875 2102 939; baseline -0.006 -1"><span class='ocrx_word' id='word_1_48' title='bbox 515 883 828 939; x_wconf 88' lang='lat' dir='ltr'><strong>dictionem.</strong></span> <span class='ocrx_word' id='word_1_49' title='bbox 852 881 951 937; x_wconf 79' lang='lat' dir='ltr'><strong>ilic</strong></span> <span class='ocrx_word' id='word_1_50' title='bbox 970 881 1115 938; x_wconf 89' lang='lat' dir='ltr'><strong>enim</strong></span> <span class='ocrx_word' id='word_1_51' title='bbox 1139 895 1207 936; x_wconf 84' lang='lat' dir='ltr'><strong>ex</strong></span> <span class='ocrx_word' id='word_1_52' title='bbox 1235 879 1522 936; x_wconf 86' lang='lat' dir='ltr'><strong>dilectione</strong></span> <span class='ocrx_word' id='word_1_53' title='bbox 1549 893 1645 934; x_wconf 85' lang='lat' dir='ltr'><strong>sua</strong></span> <span class='ocrx_word' id='word_1_54' title='bbox 1673 875 2102 931; x_wconf 88' lang='lat' dir='ltr'><strong>maledictionem</strong></span> 
     </span>
    </p>
   </div>
   <div class='ocr_carea' id='block_1_8' title="bbox 518 958 2093 1044">
    <p class='ocr_par' dir='ltr' id='par_1_8' title="bbox 518 958 2093 1044">
     <span class='ocr_line' id='line_1_8' title="bbox 518 958 2093 1044; baseline -0.004 -16"><span class='ocrx_word' id='word_1_55' title='bbox 518 958 720 1029; x_wconf 83' lang='lat' dir='ltr'><strong>habere</strong></span> <span class='ocrx_word' id='word_1_56' title='bbox 746 973 1024 1044; x_wconf 85' lang='lat' dir='ltr'><strong>probatur,</strong></span> <span class='ocrx_word' id='word_1_57' title='bbox 1053 979 1110 1027; x_wconf 90' lang='lat' dir='ltr'><strong>et</strong></span> <span class='ocrx_word' id='word_1_58' title='bbox 1156 971 1298 1028; x_wconf 88' lang='lat' dir='ltr'><strong>nolle</strong></span> <span class='ocrx_word' id='word_1_59' title='bbox 1343 987 1498 1026; x_wconf 91' lang='lat' dir='ltr'><strong>suum</strong></span> <span class='ocrx_word' id='word_1_60' title='bbox 1546 967 1936 1025; x_wconf 85' lang='lat' dir='ltr'><strong>benedictionis</strong></span> <span class='ocrx_word' id='word_1_61' title='bbox 1963 981 2093 1037; x_wconf 77' lang='lat' dir='ltr'><strong>pra:-</strong></span> 
     </span>
    </p>
   </div>
   <div class='ocr_carea' id='block_1_9' title="bbox 517 1057 2103 1131">
    <p class='ocr_par' dir='ltr' id='par_1_9' title="bbox 517 1057 2103 1131">
     <span class='ocr_line' id='line_1_9' title="bbox 517 1057 2103 1131; baseline -0.005 -12"><span class='ocrx_word' id='word_1_62' title='bbox 517 1064 684 1119; x_wconf 89' lang='lat' dir='ltr'><strong>mium</strong></span> <span class='ocrx_word' id='word_1_63' title='bbox 708 1080 816 1118; x_wconf 93' lang='lat' dir='ltr'><strong>non</strong></span> <span class='ocrx_word' id='word_1_64' title='bbox 833 1063 1054 1118; x_wconf 85' lang='lat' dir='ltr'><strong>habere.</strong></span> <span class='ocrx_word' id='word_1_65' title='bbox 1080 1061 1232 1118; x_wconf 85' lang='lat' dir='ltr'><strong>Unde</strong></span> <span class='ocrx_word' id='word_1_66' title='bbox 1252 1070 1307 1118; x_wconf 91' lang='lat' dir='ltr'><strong>et</strong></span> <span class='ocrx_word' id='word_1_67' title='bbox 1326 1061 1522 1131; x_wconf 86' lang='lat' dir='ltr'><strong>adjecit</strong></span> <span class='ocrx_word' id='word_1_68' title='bbox 1540 1059 1684 1130; x_wconf 89' lang='lat' dir='ltr'><strong>quod</strong></span> <span class='ocrx_word' id='word_1_69' title='bbox 1705 1059 1818 1130; x_wconf 89' lang='lat' dir='ltr'><strong>ipse</strong></span> <span class='ocrx_word' id='word_1_70' title='bbox 1838 1073 1896 1114; x_wconf 91' lang='lat' dir='ltr'><strong>se</strong></span> <span class='ocrx_word' id='word_1_71' title='bbox 1918 1057 2103 1112; x_wconf 91' lang='lat' dir='ltr'><strong>indue-</strong></span> 
     </span>
    </p>
   </div>
   <div class='ocr_carea' id='block_1_10' title="bbox 517 1150 2105 1220">
    <p class='ocr_par' dir='ltr' id='par_1_10' title="bbox 517 1150 2105 1220">
     <span class='ocr_line' id='line_1_10' title="bbox 517 1150 2105 1220; baseline -0.004 -10"><span class='ocrx_word' id='word_1_72' title='bbox 517 1155 589 1210; x_wconf 89' lang='lat' dir='ltr'><strong>rit</strong></span> <span class='ocrx_word' id='word_1_73' title='bbox 617 1155 1072 1217; x_wconf 89' lang='lat' dir='ltr'><strong>maledictiouem,</strong></span> <span class='ocrx_word' id='word_1_74' title='bbox 1095 1153 1235 1209; x_wconf 88' lang='lat' dir='ltr'><strong>sicut</strong></span> <span class='ocrx_word' id='word_1_75' title='bbox 1260 1153 1659 1209; x_wconf 83' lang='lat' dir='ltr'><strong>vestimentum.</strong></span> <span class='ocrx_word' id='word_1_76' title='bbox 1683 1151 1832 1206; x_wconf 89' lang='lat' dir='ltr'><strong>Sicut</strong></span> <span class='ocrx_word' id='word_1_77' title='bbox 1851 1150 1992 1205; x_wconf 89' lang='lat' dir='ltr'><strong>enim</strong></span> <span class='ocrx_word' id='word_1_78' title='bbox 2013 1166 2105 1220; x_wconf 85' lang='lat' dir='ltr'><strong>per</strong></span> 
     </span>
    </p>
   </div>
   <div class='ocr_carea' id='block_1_11' title="bbox 519 1240 2103 1318">
    <p class='ocr_par' dir='ltr' id='par_1_11' title="bbox 519 1240 2103 1318">
     <span class='ocr_line' id='line_1_11' title="bbox 519 1240 2103 1318; baseline -0.005 -16"><span class='ocrx_word' id='word_1_79' title='bbox 519 1247 696 1318; x_wconf 84' lang='lat' dir='ltr'><strong>ﬁdem,</strong></span> <span class='ocrx_word' id='word_1_80' title='bbox 727 1247 922 1303; x_wconf 89' lang='lat' dir='ltr'><strong>dicitur</strong></span> <span class='ocrx_word' id='word_1_81' title='bbox 949 1247 1133 1312; x_wconf 90' lang='lat' dir='ltr'><strong>nobis,</strong></span> <span class='ocrx_word' id='word_1_82' title='bbox 1165 1243 1424 1299; x_wconf 76' lang='lat' dir='ltr'><strong>Christum</strong></span> <span class='ocrx_word' id='word_1_83' title='bbox 1444 1243 1686 1298; x_wconf 88' lang='lat' dir='ltr'><strong>induistis</strong></span> <span class='ocrx_word' id='word_1_84' title='bbox 1718 1240 1861 1315; x_wconf 86' lang='lat' dir='ltr'><strong>(Gal.</strong></span> <span class='ocrx_word' id='word_1_85' title='bbox 1885 1241 1998 1311; x_wconf 79' lang='lat' dir='ltr'><strong>lli);</strong></span> <span class='ocrx_word' id='word_1_86' title='bbox 2030 1241 2103 1295; x_wconf 90' lang='lat' dir='ltr'><strong>ita</strong></span> 
     </span>
    </p>
   </div>
   <div class='ocr_carea' id='block_1_12' title="bbox 518 1333 2102 1410">
    <p class='ocr_par' dir='ltr' id='par_1_12' title="bbox 518 1333 2102 1410">
     <span class='ocr_line' id='line_1_12' title="bbox 518 1333 2102 1410; baseline -0.004 -17"><span class='ocrx_word' id='word_1_87' title='bbox 518 1354 618 1410; x_wconf 88' lang='lat' dir='ltr'><strong>per</strong></span> <span class='ocrx_word' id='word_1_88' title='bbox 644 1337 1012 1393; x_wconf 88' lang='lat' dir='ltr'><strong>inﬁdelitatem</strong></span> <span class='ocrx_word' id='word_1_89' title='bbox 1035 1337 1206 1392; x_wconf 89' lang='lat' dir='ltr'><strong>induit</strong></span> <span class='ocrx_word' id='word_1_90' title='bbox 1232 1352 1291 1392; x_wconf 89' lang='lat' dir='ltr'><strong>se</strong></span> <span class='ocrx_word' id='word_1_91' title='bbox 1328 1336 1490 1392; x_wconf 90' lang='lat' dir='ltr'><strong>homo</strong></span> <span class='ocrx_word' id='word_1_92' title='bbox 1514 1334 1878 1399; x_wconf 87' lang='lat' dir='ltr'><strong>maledictum,</strong></span> <span class='ocrx_word' id='word_1_93' title='bbox 1912 1333 1966 1387; x_wconf 90' lang='lat' dir='ltr'><strong>id</strong></span> <span class='ocrx_word' id='word_1_94' title='bbox 1995 1341 2102 1398; x_wconf 89' lang='lat' dir='ltr'><strong>est,</strong></span> 
     </span>
    </p>
   </div>
   <div class='ocr_carea' id='block_1_13' title="bbox 518 1422 2101 1497">
    <p class='ocr_par' dir='ltr' id='par_1_13' title="bbox 518 1422 2101 1497">
     <span class='ocr_line' id='line_1_13' title="bbox 518 1422 2101 1497; baseline -0.004 -15"><span class='ocrx_word' id='word_1_95' title='bbox 518 1428 812 1495; x_wconf 87' lang='lat' dir='ltr'><strong>diabolum,</strong></span> <span class='ocrx_word' id='word_1_96' title='bbox 836 1428 928 1497; x_wconf 87' lang='lat' dir='ltr'><strong>qui</strong></span> <span class='ocrx_word' id='word_1_97' title='bbox 948 1428 1112 1482; x_wconf 84' lang='lat' dir='ltr'><strong>intrat</strong></span> <span class='ocrx_word' id='word_1_98' title='bbox 1131 1427 1270 1482; x_wconf 89' lang='lat' dir='ltr'><strong>sicut</strong></span> <span class='ocrx_word' id='word_1_99' title='bbox 1290 1441 1427 1496; x_wconf 88' lang='lat' dir='ltr'><strong>aqua</strong></span> <span class='ocrx_word' id='word_1_100' title='bbox 1448 1425 1648 1481; x_wconf 83' lang='lat' dir='ltr'><strong>Sanctis</strong></span> <span class='ocrx_word' id='word_1_101' title='bbox 1663 1424 1728 1479; x_wconf 89' lang='lat' dir='ltr'><strong>ad</strong></span> <span class='ocrx_word' id='word_1_102' title='bbox 1752 1422 2101 1488; x_wconf 88' lang='lat' dir='ltr'><strong>liberandum,</strong></span> 
     </span>
    </p>
   </div>
   <div class='ocr_carea' id='block_1_14' title="bbox 521 1513 2106 1574">
    <p class='ocr_par' dir='ltr' id='par_1_14' title="bbox 521 1513 2106 1574">
     <span class='ocr_line' id='line_1_14' title="bbox 521 1513 2106 1574; baseline -0.003 -1"><span class='ocrx_word' id='word_1_103' title='bbox 521 1519 596 1573; x_wconf 89' lang='lat' dir='ltr'><strong>ita</strong></span> <span class='ocrx_word' id='word_1_104' title='bbox 627 1519 741 1574; x_wconf 83' lang='lat' dir='ltr'><strong>istis</strong></span> <span class='ocrx_word' id='word_1_105' title='bbox 767 1519 834 1574; x_wconf 87' lang='lat' dir='ltr'><strong>ad</strong></span> <span class='ocrx_word' id='word_1_106' title='bbox 858 1519 1175 1574; x_wconf 85' lang='lat' dir='ltr'><strong>necandum.</strong></span> <span class='ocrx_word' id='word_1_107' title='bbox 1207 1517 1276 1572; x_wconf 89' lang='lat' dir='ltr'><strong>Et</strong></span> <span class='ocrx_word' id='word_1_108' title='bbox 1311 1518 1451 1573; x_wconf 88' lang='lat' dir='ltr'><strong>sicut</strong></span> <span class='ocrx_word' id='word_1_109' title='bbox 1477 1517 1657 1572; x_wconf 92' lang='lat' dir='ltr'><strong>oleum</strong></span> <span class='ocrx_word' id='word_1_110' title='bbox 1686 1515 1888 1571; x_wconf 83' lang='lat' dir='ltr'><strong>sanctis</strong></span> <span class='ocrx_word' id='word_1_111' title='bbox 1914 1513 1981 1568; x_wconf 87' lang='lat' dir='ltr'><strong>ad</strong></span> <span class='ocrx_word' id='word_1_112' title='bbox 2012 1529 2106 1569; x_wconf 85' lang='lat' dir='ltr'><strong>ex-</strong></span> 
     </span>
    </p>
   </div>
   <div class='ocr_carea' id='block_1_15' title="bbox 523 1606 2106 1680">
    <p class='ocr_par' dir='ltr' id='par_1_15' title="bbox 523 1606 2106 1680">
     <span class='ocr_line' id='line_1_15' title="bbox 523 1606 2106 1680; baseline -0.005 -14"><span class='ocrx_word' id='word_1_113' title='bbox 523 1610 877 1676; x_wconf 88' lang='lat' dir='ltr'><strong>hilarandum,</strong></span> <span class='ocrx_word' id='word_1_114' title='bbox 903 1610 973 1664; x_wconf 88' lang='lat' dir='ltr'><strong>ita</strong></span> <span class='ocrx_word' id='word_1_115' title='bbox 997 1609 1174 1680; x_wconf 88' lang='lat' dir='ltr'><strong>impiis</strong></span> <span class='ocrx_word' id='word_1_116' title='bbox 1198 1609 1264 1664; x_wconf 88' lang='lat' dir='ltr'><strong>ad</strong></span> <span class='ocrx_word' id='word_1_117' title='bbox 1295 1608 1673 1673; x_wconf 86' lang='lat' dir='ltr'><strong>tribulandum,</strong></span> <span class='ocrx_word' id='word_1_118' title='bbox 1699 1606 1862 1677; x_wconf 69' lang='lat' dir='ltr'><strong>ﬁttlue</strong></span> <span class='ocrx_word' id='word_1_119' title='bbox 1890 1606 1968 1662; x_wconf 89' lang='lat' dir='ltr'><strong>eis</strong></span> <span class='ocrx_word' id='word_1_120' title='bbox 1991 1606 2106 1676; x_wconf 88' lang='lat' dir='ltr'><strong>ipsa</strong></span> 
     </span>
    </p>
   </div>
   <div class='ocr_carea' id='block_1_16' title="bbox 521 1695 2105 1768">
    <p class='ocr_par' dir='ltr' id='par_1_16' title="bbox 521 1695 2105 1768">
     <span class='ocr_line' id='line_1_16' title="bbox 521 1695 2105 1768; baseline -0.006 -10"><span class='ocrx_word' id='word_1_121' title='bbox 521 1701 828 1758; x_wconf 87' lang='lat' dir='ltr'><strong>maledictio</strong></span> <span class='ocrx_word' id='word_1_122' title='bbox 850 1700 987 1756; x_wconf 88' lang='lat' dir='ltr'><strong>sicut</strong></span> <span class='ocrx_word' id='word_1_123' title='bbox 1015 1700 1390 1755; x_wconf 85' lang='lat' dir='ltr'><strong>vestimentum</strong></span> <span class='ocrx_word' id='word_1_124' title='bbox 1415 1714 1524 1768; x_wconf 89' lang='lat' dir='ltr'><strong>quo</strong></span> <span class='ocrx_word' id='word_1_125' title='bbox 1553 1697 1722 1752; x_wconf 91' lang='lat' dir='ltr'><strong>induti</strong></span> <span class='ocrx_word' id='word_1_126' title='bbox 1746 1705 1889 1762; x_wconf 90' lang='lat' dir='ltr'><strong>sunt,</strong></span> <span class='ocrx_word' id='word_1_127' title='bbox 1919 1705 1976 1750; x_wconf 91' lang='lat' dir='ltr'><strong>et</strong></span> <span class='ocrx_word' id='word_1_128' title='bbox 2000 1695 2105 1749; x_wconf 88' lang='lat' dir='ltr'><strong>sic-</strong></span> 
     </span>
    </p>
   </div>
   <div class='ocr_carea' id='block_1_17' title="bbox 522 1785 2106 1862">
    <p class='ocr_par' dir='ltr' id='par_1_17' title="bbox 522 1785 2106 1862">
     <span class='ocr_line' id='line_1_17' title="bbox 522 1785 2106 1862; baseline -0.005 -14"><span class='ocrx_word' id='word_1_129' title='bbox 522 1803 584 1848; x_wconf 93' lang='lat' dir='ltr'><strong>ut</strong></span> <span class='ocrx_word' id='word_1_130' title='bbox 616 1807 750 1849; x_wconf 84' lang='lat' dir='ltr'><strong>zona</strong></span> <span class='ocrx_word' id='word_1_131' title='bbox 777 1808 882 1861; x_wconf 89' lang='lat' dir='ltr'><strong>qua</strong></span> <span class='ocrx_word' id='word_1_132' title='bbox 918 1791 1328 1862; x_wconf 65' lang='lat' dir='ltr'><strong>praecinguntur.</strong></span> <span class='ocrx_word' id='word_1_133' title='bbox 1373 1789 1487 1845; x_wconf 89' lang='lat' dir='ltr'><strong>Hoc</strong></span> <span class='ocrx_word' id='word_1_134' title='bbox 1513 1805 1648 1860; x_wconf 81' lang='lat' dir='ltr'><strong>Opus</strong></span> <span class='ocrx_word' id='word_1_135' title='bbox 1673 1804 1858 1844; x_wconf 88' lang='lat' dir='ltr'><strong>eorum</strong></span> <span class='ocrx_word' id='word_1_136' title='bbox 1887 1787 1980 1856; x_wconf 86' lang='lat' dir='ltr'><strong>qui</strong></span> <span class='ocrx_word' id='word_1_137' title='bbox 2009 1785 2106 1840; x_wconf 88' lang='lat' dir='ltr'><strong>de-</strong></span> 
     </span>
    </p>
   </div>
   <div class='ocr_carea' id='block_1_18' title="bbox 522 1878 2108 1951">
    <p class='ocr_par' dir='ltr' id='par_1_18' title="bbox 522 1878 2108 1951">
     <span class='ocr_line' id='line_1_18' title="bbox 522 1878 2108 1951; baseline -0.003 -12"><span class='ocrx_word' id='word_1_138' title='bbox 522 1885 744 1940; x_wconf 90' lang='lat' dir='ltr'><strong>trahunt</strong></span> <span class='ocrx_word' id='word_1_139' title='bbox 768 1883 890 1938; x_wconf 89' lang='lat' dir='ltr'><strong>ﬁdei</strong></span> <span class='ocrx_word' id='word_1_140' title='bbox 927 1882 1238 1948; x_wconf 68' lang='lat' dir='ltr'><strong>catholicrc,</strong></span> <span class='ocrx_word' id='word_1_141' title='bbox 1270 1889 1326 1937; x_wconf 90' lang='lat' dir='ltr'><strong>et</strong></span> <span class='ocrx_word' id='word_1_142' title='bbox 1351 1881 1441 1951; x_wconf 87' lang='lat' dir='ltr'><strong>qui</strong></span> <span class='ocrx_word' id='word_1_143' title='bbox 1470 1887 1715 1950; x_wconf 82' lang='lat' dir='ltr'><strong>quaerunt</strong></span> <span class='ocrx_word' id='word_1_144' title='bbox 1743 1879 1882 1933; x_wconf 88' lang='lat' dir='ltr'><strong>mala</strong></span> <span class='ocrx_word' id='word_1_145' title='bbox 1909 1878 2108 1934; x_wconf 83' lang='lat' dir='ltr'><strong>sanctis</strong></span> 
     </span>
    </p>
   </div>
   <div class='ocr_carea' id='block_1_19' title="bbox 521 1968 2110 2042">
    <p class='ocr_par' dir='ltr' id='par_1_19' title="bbox 521 1968 2110 2042">
     <span class='ocr_line' id='line_1_19' title="bbox 521 1968 2110 2042; baseline -0.004 -11"><span class='ocrx_word' id='word_1_146' title='bbox 521 1983 578 2032; x_wconf 90' lang='lat' dir='ltr'><strong>et</strong></span> <span class='ocrx_word' id='word_1_147' title='bbox 627 1975 943 2031; x_wconf 84' lang='lat' dir='ltr'><strong>orthodoxis</strong></span> <span class='ocrx_word' id='word_1_148' title='bbox 979 1973 1408 2040; x_wconf 83' lang='lat' dir='ltr'><strong>deﬁnitionibus,</strong></span> <span class='ocrx_word' id='word_1_149' title='bbox 1458 1973 1652 2042; x_wconf 89' lang='lat' dir='ltr'><strong>quibus</strong></span> <span class='ocrx_word' id='word_1_150' title='bbox 1702 1971 1957 2026; x_wconf 89' lang='lat' dir='ltr'><strong>Dominus</strong></span> <span class='ocrx_word' id='word_1_151' title='bbox 1985 1968 2110 2024; x_wconf 81' lang='lat' dir='ltr'><strong>facit</strong></span> 
     </span>
    </p>
   </div>
   <div class='ocr_carea' id='block_1_20' title="bbox 521 2065 2108 2139">
    <p class='ocr_par' dir='ltr' id='par_1_20' title="bbox 521 2065 2108 2139">
     <span class='ocr_line' id='line_1_20' title="bbox 521 2065 2108 2139; baseline -0.004 -15"><span class='ocrx_word' id='word_1_152' title='bbox 521 2068 943 2126; x_wconf 87' lang='lat' dir='ltr'><strong>misericordiam</strong></span> <span class='ocrx_word' id='word_1_153' title='bbox 964 2076 1185 2139; x_wconf 90' lang='lat' dir='ltr'><strong>pr0pter</strong></span> <span class='ocrx_word' id='word_1_154' title='bbox 1207 2081 1401 2121; x_wconf 90' lang='lat' dir='ltr'><strong>nomen</strong></span> <span class='ocrx_word' id='word_1_155' title='bbox 1429 2081 1602 2121; x_wconf 90' lang='lat' dir='ltr'><strong>suum.</strong></span> <span class='ocrx_word' id='word_1_156' title='bbox 1631 2065 1763 2132; x_wconf 85' lang='lat' dir='ltr'><strong>Quia</strong></span> <span class='ocrx_word' id='word_1_157' title='bbox 1785 2065 1886 2120; x_wconf 86' lang='lat' dir='ltr'><strong>etsi</strong></span> <span class='ocrx_word' id='word_1_158' title='bbox 1914 2078 2108 2133; x_wconf 87' lang='lat' dir='ltr'><strong>pecca-</strong></span> 
     </span>
    </p>
   </div>
   <div class='ocr_carea' id='block_1_21' title="bbox 523 2152 2109 2233">
    <p class='ocr_par' dir='ltr' id='par_1_21' title="bbox 523 2152 2109 2233">
     <span class='ocr_line' id='line_1_21' title="bbox 523 2152 2109 2233; baseline -0.006 -18"><span class='ocrx_word' id='word_1_159' title='bbox 523 2169 612 2217; x_wconf 89' lang='lat' dir='ltr'><strong>tor</strong></span> <span class='ocrx_word' id='word_1_160' title='bbox 629 2163 725 2227; x_wconf 89' lang='lat' dir='ltr'><strong>sit,</strong></span> <span class='ocrx_word' id='word_1_161' title='bbox 757 2162 1063 2233; x_wconf 88' lang='lat' dir='ltr'><strong>quicunque</strong></span> <span class='ocrx_word' id='word_1_162' title='bbox 1093 2169 1271 2215; x_wconf 89' lang='lat' dir='ltr'><strong>tamen</strong></span> <span class='ocrx_word' id='word_1_163' title='bbox 1303 2167 1524 2230; x_wconf 88' lang='lat' dir='ltr'><strong>propter</strong></span> <span class='ocrx_word' id='word_1_164' title='bbox 1554 2158 1658 2213; x_wconf 90' lang='lat' dir='ltr'><strong>hoc</strong></span> <span class='ocrx_word' id='word_1_165' title='bbox 1684 2156 1830 2227; x_wconf 88' lang='lat' dir='ltr'><strong>quod</strong></span> <span class='ocrx_word' id='word_1_166' title='bbox 1859 2164 2020 2210; x_wconf 78' lang='lat' dir='ltr'><strong>recta:</strong></span> <span class='ocrx_word' id='word_1_167' title='bbox 2049 2152 2109 2205; x_wconf 88' lang='lat' dir='ltr'><strong>li-</strong></span> 
     </span>
    </p>
   </div>
   <div class='ocr_carea' id='block_1_22' title="bbox 523 2246 2108 2321">
    <p class='ocr_par' dir='ltr' id='par_1_22' title="bbox 523 2246 2108 2321">
     <span class='ocr_line' id='line_1_22' title="bbox 523 2246 2108 2321; baseline -0.006 -12"><span class='ocrx_word' id='word_1_168' title='bbox 523 2253 612 2310; x_wconf 92' lang='lat' dir='ltr'><strong>dci</strong></span> <span class='ocrx_word' id='word_1_169' title='bbox 649 2262 750 2320; x_wconf 89' lang='lat' dir='ltr'><strong>est,</strong></span> <span class='ocrx_word' id='word_1_170' title='bbox 774 2251 1197 2308; x_wconf 88' lang='lat' dir='ltr'><strong>misericordiam</strong></span> <span class='ocrx_word' id='word_1_171' title='bbox 1229 2250 1593 2321; x_wconf 89' lang='lat' dir='ltr'><strong>consequitur.</strong></span> <span class='ocrx_word' id='word_1_172' title='bbox 1625 2248 1681 2302; x_wconf 88' lang='lat' dir='ltr'><strong>Si</strong></span> <span class='ocrx_word' id='word_1_173' title='bbox 1710 2263 1805 2302; x_wconf 89' lang='lat' dir='ltr'><strong>cor</strong></span> <span class='ocrx_word' id='word_1_174' title='bbox 1831 2246 1947 2316; x_wconf 85' lang='lat' dir='ltr'><strong>ejus</strong></span> <span class='ocrx_word' id='word_1_175' title='bbox 1975 2263 2108 2301; x_wconf 90' lang='lat' dir='ltr'><strong>con-</strong></span> 
     </span>
    </p>
   </div>
   <div class='ocr_carea' id='block_1_23' title="bbox 509 2336 2112 2411">
    <p class='ocr_par' dir='ltr' id='par_1_23' title="bbox 509 2336 2112 2411">
     <span class='ocr_line' id='line_1_23' title="bbox 509 2336 2112 2411; baseline -0.006 -10"><span class='ocrx_word' id='word_1_176' title='bbox 509 2347 794 2401; x_wconf 81' lang='lat' dir='ltr'><strong>turbatum</strong></span> <span class='ocrx_word' id='word_1_177' title='bbox 823 2344 983 2400; x_wconf 90' lang='lat' dir='ltr'><strong>fuerit</strong></span> <span class='ocrx_word' id='word_1_178' title='bbox 1019 2343 1087 2398; x_wconf 90' lang='lat' dir='ltr'><strong>de</strong></span> <span class='ocrx_word' id='word_1_179' title='bbox 1121 2344 1312 2398; x_wconf 91' lang='lat' dir='ltr'><strong>timore</strong></span> <span class='ocrx_word' id='word_1_180' title='bbox 1346 2341 1553 2411; x_wconf 90' lang='lat' dir='ltr'><strong>judicii,</strong></span> <span class='ocrx_word' id='word_1_181' title='bbox 1584 2348 1638 2395; x_wconf 91' lang='lat' dir='ltr'><strong>et</strong></span> <span class='ocrx_word' id='word_1_182' title='bbox 1666 2355 1923 2394; x_wconf 79' lang='lat' dir='ltr'><strong>excussus</strong></span> <span class='ocrx_word' id='word_1_183' title='bbox 1951 2336 2112 2393; x_wconf 76' lang='lat' dir='ltr'><strong>fuerit</strong></span> 
     </span>
    </p>
   </div>
   <div class='ocr_carea' id='block_1_24' title="bbox 522 2428 2110 2507">
    <p class='ocr_par' dir='ltr' id='par_1_24' title="bbox 522 2428 2110 2507">
     <span class='ocr_line' id='line_1_24' title="bbox 522 2428 2110 2507; baseline -0.006 -14"><span class='ocrx_word' id='word_1_184' title='bbox 522 2438 592 2494; x_wconf 90' lang='lat' dir='ltr'><strong>de</strong></span> <span class='ocrx_word' id='word_1_185' title='bbox 629 2454 793 2492; x_wconf 88' lang='lat' dir='ltr'><strong>manu</strong></span> <span class='ocrx_word' id='word_1_186' title='bbox 838 2435 1044 2507; x_wconf 78' lang='lat' dir='ltr'><strong>peccati</strong></span> <span class='ocrx_word' id='word_1_187' title='bbox 1073 2436 1211 2491; x_wconf 90' lang='lat' dir='ltr'><strong>sicut</strong></span> <span class='ocrx_word' id='word_1_188' title='bbox 1239 2435 1472 2498; x_wconf 88' lang='lat' dir='ltr'><strong>locusta,</strong></span> <span class='ocrx_word' id='word_1_189' title='bbox 1525 2441 1581 2488; x_wconf 92' lang='lat' dir='ltr'><strong>ct</strong></span> <span class='ocrx_word' id='word_1_190' title='bbox 1605 2447 1779 2502; x_wconf 85' lang='lat' dir='ltr'><strong>genua</strong></span> <span class='ocrx_word' id='word_1_191' title='bbox 1815 2430 1931 2500; x_wconf 89' lang='lat' dir='ltr'><strong>ejus</strong></span> <span class='ocrx_word' id='word_1_192' title='bbox 1961 2428 2110 2484; x_wconf 85' lang='lat' dir='ltr'><strong>inﬁr-</strong></span> 
     </span>
    </p>
   </div>
   <div class='ocr_carea' id='block_1_25' title="bbox 525 2520 2108 2618">
    <p class='ocr_par' dir='ltr' id='par_1_25' title="bbox 525 2520 2108 2618">
     <span class='ocr_line' id='line_1_25' title="bbox 525 2520 2108 2618; baseline -0.006 -34"><span class='ocrx_word' id='word_1_193' title='bbox 525 2538 742 2584; x_wconf 88' lang='lat' dir='ltr'><strong>mentur</strong></span> <span class='ocrx_word' id='word_1_194' title='bbox 785 2529 839 2584; x_wconf 93' lang='lat' dir='ltr'><strong>in</strong></span> <span class='ocrx_word' id='word_1_195' title='bbox 884 2527 1110 2618; x_wconf 71' lang='lat' dir='ltr'><strong>jejunio,</strong></span> <span class='ocrx_word' id='word_1_196' title='bbox 1154 2535 1210 2581; x_wconf 90' lang='lat' dir='ltr'><strong>et</strong></span> <span class='ocrx_word' id='word_1_197' title='bbox 1260 2541 1386 2581; x_wconf 84' lang='lat' dir='ltr'><strong>caro</strong></span> <span class='ocrx_word' id='word_1_198' title='bbox 1415 2525 1530 2594; x_wconf 90' lang='lat' dir='ltr'><strong>ejus</strong></span> <span class='ocrx_word' id='word_1_199' title='bbox 1561 2525 1837 2579; x_wconf 77' lang='lat' dir='ltr'><strong>immutata</strong></span> <span class='ocrx_word' id='word_1_200' title='bbox 1880 2520 2042 2576; x_wconf 87' lang='lat' dir='ltr'><strong>fuerit</strong></span> <span class='ocrx_word' id='word_1_201' title='bbox 2077 2537 2108 2575; x_wconf 88' lang='lat' dir='ltr'><strong>a</strong></span> 
     </span>
    </p>
   </div>
   <div class='ocr_carea' id='block_1_26' title="bbox 524 2612 2127 2690">
    <p class='ocr_par' dir='ltr' id='par_1_26' title="bbox 524 2612 2127 2690">
     <span class='ocr_line' id='line_1_26' title="bbox 524 2612 2127 2690; baseline -0.006 -16"><span class='ocrx_word' id='word_1_202' title='bbox 524 2617 850 2690; x_wconf 75' lang='lat' dir='ltr'><strong>pinguedine</strong></span> <span class='ocrx_word' id='word_1_203' title='bbox 877 2612 1164 2683; x_wconf 77' lang='lat' dir='ltr'><strong>destituta,</strong></span> <span class='ocrx_word' id='word_1_204' title='bbox 1215 2624 1341 2672; x_wconf 90' lang='lat' dir='ltr'><strong>tunc</strong></span> <span class='ocrx_word' id='word_1_205' title='bbox 1379 2615 1612 2670; x_wconf 86' lang='lat' dir='ltr'><strong>inveniet</strong></span> <span class='ocrx_word' id='word_1_206' title='bbox 1640 2612 2058 2668; x_wconf 87' lang='lat' dir='ltr'><strong>misericordiam</strong></span> <span class='ocrx_word' id='word_1_207' title='bbox 2093 2620 2127 2665; x_wconf 89' lang='lat'><strong>:&#39;</strong></span> 
     </span>
    </p>
   </div>
   <div class='ocr_carea' id='block_1_27' title="bbox 527 2707 2110 2783">
    <p class='ocr_par' dir='ltr' id='par_1_27' title="bbox 527 2707 2110 2783">
     <span class='ocr_line' id='line_1_27' title="bbox 527 2707 2110 2783; baseline -0.003 -18"><span class='ocrx_word' id='word_1_208' title='bbox 527 2712 620 2783; x_wconf 89' lang='lat' dir='ltr'><strong>qui</strong></span> <span class='ocrx_word' id='word_1_209' title='bbox 649 2710 774 2776; x_wconf 86' lang='lat' dir='ltr'><strong>licet</strong></span> <span class='ocrx_word' id='word_1_210' title='bbox 799 2709 982 2776; x_wconf 90' lang='lat' dir='ltr'><strong>dicat,</strong></span> <span class='ocrx_word' id='word_1_211' title='bbox 1015 2717 1071 2766; x_wconf 90' lang='lat' dir='ltr'><strong>et</strong></span> <span class='ocrx_word' id='word_1_212' title='bbox 1097 2724 1225 2765; x_wconf 83' lang='lat' dir='ltr'><strong>vere</strong></span> <span class='ocrx_word' id='word_1_213' title='bbox 1248 2708 1393 2764; x_wconf 85' lang='lat' dir='ltr'><strong>dicat</strong></span> <span class='ocrx_word' id='word_1_214' title='bbox 1419 2727 1432 2761; x_wconf 89' lang='lat'><strong>:</strong></span> <span class='ocrx_word' id='word_1_215' title='bbox 1465 2707 1725 2762; x_wconf 84' lang='lat' dir='ltr'><strong>Viderunt</strong></span> <span class='ocrx_word' id='word_1_216' title='bbox 1763 2721 1879 2770; x_wconf 89' lang='lat' dir='ltr'><strong>me,</strong></span> <span class='ocrx_word' id='word_1_217' title='bbox 1911 2714 1967 2759; x_wconf 90' lang='lat' dir='ltr'><strong>ct</strong></span> <span class='ocrx_word' id='word_1_218' title='bbox 1994 2720 2110 2760; x_wconf 85' lang='lat' dir='ltr'><strong>mo-</strong></span> 
     </span>
    </p>
   </div>
   <div class='ocr_carea' id='block_1_28' title="bbox 524 2796 2111 2872">
    <p class='ocr_par' dir='ltr' id='par_1_28' title="bbox 524 2796 2111 2872">
     <span class='ocr_line' id='line_1_28' title="bbox 524 2796 2111 2872; baseline -0.003 -16"><span class='ocrx_word' id='word_1_219' title='bbox 524 2809 718 2856; x_wconf 89' lang='lat' dir='ltr'><strong>verunt</strong></span> <span class='ocrx_word' id='word_1_220' title='bbox 746 2801 925 2872; x_wconf 87' lang='lat' dir='ltr'><strong>capita</strong></span> <span class='ocrx_word' id='word_1_221' title='bbox 953 2817 1068 2866; x_wconf 88' lang='lat' dir='ltr'><strong>sua,</strong></span> <span class='ocrx_word' id='word_1_222' title='bbox 1091 2800 1231 2856; x_wconf 82' lang='lat' dir='ltr'><strong>sicut</strong></span> <span class='ocrx_word' id='word_1_223' title='bbox 1257 2799 1510 2855; x_wconf 82' lang='lat' dir='ltr'><strong>Pharisaei</strong></span> <span class='ocrx_word' id='word_1_224' title='bbox 1535 2797 1779 2861; x_wconf 85' lang='lat' dir='ltr'><strong>Christo,</strong></span> <span class='ocrx_word' id='word_1_225' title='bbox 1811 2797 1886 2852; x_wconf 90' lang='lat' dir='ltr'><strong>ita</strong></span> <span class='ocrx_word' id='word_1_226' title='bbox 1910 2796 2111 2851; x_wconf 73' lang='lat' dir='ltr'><strong>dmmo-</strong></span> 
     </span>
    </p>
   </div>
   <div class='ocr_carea' id='block_1_29' title="bbox 523 2886 2110 2962">
    <p class='ocr_par' dir='ltr' id='par_1_29' title="bbox 523 2886 2110 2962">
     <span class='ocr_line' id='line_1_29' title="bbox 523 2886 2110 2962; baseline -0.003 -16"><span class='ocrx_word' id='word_1_227' title='bbox 523 2893 612 2946; x_wconf 89' lang='lat' dir='ltr'><strong>nia</strong></span> <span class='ocrx_word' id='word_1_228' title='bbox 632 2892 685 2946; x_wconf 90' lang='lat' dir='ltr'><strong>in</strong></span> <span class='ocrx_word' id='word_1_229' title='bbox 707 2890 1030 2948; x_wconf 87' lang='lat' dir='ltr'><strong>Christiano.</strong></span> <span class='ocrx_word' id='word_1_230' title='bbox 1051 2891 1185 2947; x_wconf 90' lang='lat' dir='ltr'><strong>Dum</strong></span> <span class='ocrx_word' id='word_1_231' title='bbox 1202 2900 1477 2962; x_wconf 90' lang='lat' dir='ltr'><strong>pateretur</strong></span> <span class='ocrx_word' id='word_1_232' title='bbox 1492 2890 1636 2946; x_wconf 90' lang='lat' dir='ltr'><strong>enim</strong></span> <span class='ocrx_word' id='word_1_233' title='bbox 1653 2889 1916 2956; x_wconf 85' lang='lat' dir='ltr'><strong>Christus,</strong></span> <span class='ocrx_word' id='word_1_234' title='bbox 1931 2886 2110 2942; x_wconf 84' lang='lat' dir='ltr'><strong>Phari-</strong></span> 
     </span>
    </p>
   </div>
   <div class='ocr_carea' id='block_1_30' title="bbox 524 2982 2107 3054">
    <p class='ocr_par' dir='ltr' id='par_1_30' title="bbox 524 2982 2107 3054">
     <span class='ocr_line' id='line_1_30' title="bbox 524 2982 2107 3054; baseline -0.001 -16"><span class='ocrx_word' id='word_1_235' title='bbox 524 2984 616 3038; x_wconf 76' lang='lat' dir='ltr'><strong>suci</strong></span> <span class='ocrx_word' id='word_1_236' title='bbox 644 2993 930 3039; x_wconf 90' lang='lat' dir='ltr'><strong>moverunt</strong></span> <span class='ocrx_word' id='word_1_237' title='bbox 955 2984 1135 3054; x_wconf 88' lang='lat' dir='ltr'><strong>capita</strong></span> <span class='ocrx_word' id='word_1_238' title='bbox 1164 3000 1260 3038; x_wconf 88' lang='lat' dir='ltr'><strong>sua</strong></span> <span class='ocrx_word' id='word_1_239' title='bbox 1291 2983 1628 3049; x_wconf 82' lang='lat' dir='ltr'><strong>insultantes,</strong></span> <span class='ocrx_word' id='word_1_240' title='bbox 1661 2992 1715 3037; x_wconf 93' lang='lat' dir='ltr'><strong>ct</strong></span> <span class='ocrx_word' id='word_1_241' title='bbox 1743 2982 1867 3037; x_wconf 89' lang='lat' dir='ltr'><strong>dum</strong></span> <span class='ocrx_word' id='word_1_242' title='bbox 1897 2982 2107 3053; x_wconf 88' lang='lat' dir='ltr'><strong>passio-</strong></span> 
     </span>
    </p>
   </div>
   <div class='ocr_carea' id='block_1_31' title="bbox 526 3074 2110 3143">
    <p class='ocr_par' dir='ltr' id='par_1_31' title="bbox 526 3074 2110 3143">
     <span class='ocr_line' id='line_1_31' title="bbox 526 3074 2110 3143; baseline 0.001 -15"><span class='ocrx_word' id='word_1_243' title='bbox 526 3075 687 3128; x_wconf 88' lang='lat' dir='ltr'><strong>nibus</strong></span> <span class='ocrx_word' id='word_1_244' title='bbox 734 3075 995 3143; x_wconf 88' lang='lat' dir='ltr'><strong>premitur</strong></span> <span class='ocrx_word' id='word_1_245' title='bbox 1039 3074 1376 3129; x_wconf 85' lang='lat' dir='ltr'><strong>Christianus</strong></span> <span class='ocrx_word' id='word_1_246' title='bbox 1399 3113 1412 3139; x_wconf 86' lang='lat'><strong>,</strong></span> <span class='ocrx_word' id='word_1_247' title='bbox 1471 3075 1654 3130; x_wconf 87' lang='lat' dir='ltr'><strong>vident</strong></span> <span class='ocrx_word' id='word_1_248' title='bbox 1689 3092 1811 3130; x_wconf 84' lang='lat' dir='ltr'><strong>eum</strong></span> <span class='ocrx_word' id='word_1_249' title='bbox 1839 3075 2110 3130; x_wconf 64' lang='lat' dir='ltr'><strong>daemones</strong></span> 
     </span>
    </p>
   </div>
   <div class='ocr_carea' id='block_1_32' title="bbox 528 3154 2109 3236">
    <p class='ocr_par' dir='ltr' id='par_1_32' title="bbox 528 3154 2109 3236">
     <span class='ocr_line' id='line_1_32' title="bbox 528 3154 2109 3236; baseline 0.001 -16"><span class='ocrx_word' id='word_1_250' title='bbox 528 3165 954 3220; x_wconf 82' lang='lat' dir='ltr'><strong>consentientem</strong></span> <span class='ocrx_word' id='word_1_251' title='bbox 989 3154 1046 3219; x_wconf 87' lang='lat' dir='ltr'><strong>et</strong></span> <span class='ocrx_word' id='word_1_252' title='bbox 1075 3165 1328 3236; x_wconf 86' lang='lat' dir='ltr'><strong>insultant</strong></span> <span class='ocrx_word' id='word_1_253' title='bbox 1349 3166 1418 3220; x_wconf 92' lang='lat' dir='ltr'><strong>ei.</strong></span> <span class='ocrx_word' id='word_1_254' title='bbox 1439 3165 1544 3220; x_wconf 89' lang='lat' dir='ltr'><strong>Sed</strong></span> <span class='ocrx_word' id='word_1_255' title='bbox 1567 3175 1786 3234; x_wconf 73' lang='lat' dir='ltr'><strong>argutus</strong></span> <span class='ocrx_word' id='word_1_256' title='bbox 1804 3165 1900 3221; x_wconf 89' lang='lat' dir='ltr'><strong>Dei</strong></span> <span class='ocrx_word' id='word_1_257' title='bbox 1924 3183 2109 3222; x_wconf 88' lang='lat' dir='ltr'><strong>servus</strong></span> 
     </span>
    </p>
   </div>
   <div class='ocr_carea' id='block_1_33' title="bbox 529 3257 2108 3328">
    <p class='ocr_par' dir='ltr' id='par_1_33' title="bbox 529 3257 2108 3328">
     <span class='ocr_line' id='line_1_33' title="bbox 529 3257 2108 3328; baseline 0.001 -14"><span class='ocrx_word' id='word_1_258' title='bbox 529 3259 727 3315; x_wconf 88' lang='lat' dir='ltr'><strong>clamat</strong></span> <span class='ocrx_word' id='word_1_259' title='bbox 758 3276 770 3311; x_wconf 92' lang='lat'><strong>:</strong></span> <span class='ocrx_word' id='word_1_260' title='bbox 805 3257 1009 3327; x_wconf 84' lang='lat' dir='ltr'><strong>Adjuva</strong></span> <span class='ocrx_word' id='word_1_261' title='bbox 1052 3273 1166 3324; x_wconf 91' lang='lat' dir='ltr'><strong>me,</strong></span> <span class='ocrx_word' id='word_1_262' title='bbox 1200 3258 1454 3324; x_wconf 89' lang='lat' dir='ltr'><strong>Domine,</strong></span> <span class='ocrx_word' id='word_1_263' title='bbox 1487 3266 1545 3311; x_wconf 94' lang='lat' dir='ltr'><strong>ut</strong></span> <span class='ocrx_word' id='word_1_264' title='bbox 1571 3257 1742 3328; x_wconf 86' lang='lat' dir='ltr'><strong>sciant</strong></span> <span class='ocrx_word' id='word_1_265' title='bbox 1768 3259 1892 3328; x_wconf 91' lang='lat' dir='ltr'><strong>quia</strong></span> <span class='ocrx_word' id='word_1_266' title='bbox 1922 3275 2108 3315; x_wconf 86' lang='lat' dir='ltr'><strong>manus</strong></span> 
     </span>
    </p>
   </div>
   <div class='ocr_carea' id='block_1_34' title="bbox 529 3348 2116 3420">
    <p class='ocr_par' dir='ltr' id='par_1_34' title="bbox 529 3348 2116 3420">
     <span class='ocr_line' id='line_1_34' title="bbox 529 3348 2116 3420; baseline 0 -14"><span class='ocrx_word' id='word_1_267' title='bbox 529 3359 620 3406; x_wconf 88' lang='lat' dir='ltr'><strong>tua</strong></span> <span class='ocrx_word' id='word_1_268' title='bbox 672 3365 901 3413; x_wconf 91' lang='lat' dir='ltr'><strong>mecum,</strong></span> <span class='ocrx_word' id='word_1_269' title='bbox 956 3358 1011 3405; x_wconf 92' lang='lat' dir='ltr'><strong>et</strong></span> <span class='ocrx_word' id='word_1_270' title='bbox 1065 3358 1139 3415; x_wconf 88' lang='lat' dir='ltr'><strong>tu,</strong></span> <span class='ocrx_word' id='word_1_271' title='bbox 1186 3348 1634 3415; x_wconf 89' lang='lat' dir='ltr'><strong>Domiuc,fecisti</strong></span> <span class='ocrx_word' id='word_1_272' title='bbox 1662 3364 1744 3404; x_wconf 90' lang='lat' dir='ltr'><strong>ea.</strong></span> <span class='ocrx_word' id='word_1_273' title='bbox 1772 3349 1846 3404; x_wconf 88' lang='lat' dir='ltr'><strong>Ea</strong></span> <span class='ocrx_word' id='word_1_274' title='bbox 1866 3350 1968 3405; x_wconf 88' lang='lat' dir='ltr'><strong>isto</strong></span> <span class='ocrx_word' id='word_1_275' title='bbox 1989 3351 2116 3420; x_wconf 25' lang='lat' dir='ltr'><strong>loco,</strong></span> 
     </span>
    </p>
   </div>
   <div class='ocr_carea' id='block_1_35' title="bbox 526 3436 2111 3511">
    <p class='ocr_par' dir='ltr' id='par_1_35' title="bbox 526 3436 2111 3511">
     <span class='ocr_line' id='line_1_35' title="bbox 526 3436 2111 3511; baseline 0.001 -13"><span class='ocrx_word' id='word_1_276' title='bbox 526 3442 606 3498; x_wconf 80' lang='lat' dir='ltr'><strong>sic</strong></span> <span class='ocrx_word' id='word_1_277' title='bbox 633 3441 847 3511; x_wconf 87' lang='lat' dir='ltr'><strong>accipe,</strong></span> <span class='ocrx_word' id='word_1_278' title='bbox 880 3440 1016 3495; x_wconf 87' lang='lat' dir='ltr'><strong>sicut</strong></span> <span class='ocrx_word' id='word_1_279' title='bbox 1047 3440 1180 3494; x_wconf 81' lang='lat' dir='ltr'><strong>dixit</strong></span> <span class='ocrx_word' id='word_1_280' title='bbox 1219 3436 1390 3495; x_wconf 87' lang='lat' dir='ltr'><strong>Pilato</strong></span> <span class='ocrx_word' id='word_1_281' title='bbox 1417 3437 1673 3495; x_wconf 83' lang='lat' dir='ltr'><strong>Dominus</strong></span> <span class='ocrx_word' id='word_1_282' title='bbox 1699 3459 1710 3494; x_wconf 91' lang='lat'><strong>:</strong></span> <span class='ocrx_word' id='word_1_283' title='bbox 1747 3440 1870 3496; x_wconf 89' lang='lat' dir='ltr'><strong>Non</strong></span> <span class='ocrx_word' id='word_1_284' title='bbox 1899 3441 2111 3498; x_wconf 78' lang='lat' dir='ltr'><strong>haberes</strong></span> 
     </span>
    </p>
   </div>
   <div class='ocr_carea' id='block_1_36' title="bbox 529 3530 2110 3603">
    <p class='ocr_par' dir='ltr' id='par_1_36' title="bbox 529 3530 2110 3603">
     <span class='ocr_line' id='line_1_36' title="bbox 529 3530 2110 3603; baseline 0.002 -17"><span class='ocrx_word' id='word_1_285' title='bbox 529 3540 846 3603; x_wconf 86' lang='lat' dir='ltr'><strong>potestatem,</strong></span> <span class='ocrx_word' id='word_1_286' title='bbox 880 3532 980 3585; x_wconf 84' lang='lat' dir='ltr'><strong>nisi</strong></span> <span class='ocrx_word' id='word_1_287' title='bbox 1001 3531 1124 3584; x_wconf 89' lang='lat' dir='ltr'><strong>data</strong></span> <span class='ocrx_word' id='word_1_288' title='bbox 1155 3530 1242 3584; x_wconf 87' lang='lat' dir='ltr'><strong>tibi</strong></span> <span class='ocrx_word' id='word_1_289' title='bbox 1264 3541 1394 3586; x_wconf 87' lang='lat' dir='ltr'><strong>esset</strong></span> <span class='ocrx_word' id='word_1_290' title='bbox 1422 3531 1640 3602; x_wconf 87' lang='lat' dir='ltr'><strong>desuper</strong></span> <span class='ocrx_word' id='word_1_291' title='bbox 1669 3531 1848 3602; x_wconf 83' lang='lat' dir='ltr'><strong>(Joan.</strong></span> <span class='ocrx_word' id='word_1_292' title='bbox 1881 3533 2012 3603; x_wconf 80' lang='lat' dir='ltr'><strong>xIx),</strong></span> <span class='ocrx_word' id='word_1_293' title='bbox 2037 3533 2110 3589; x_wconf 89' lang='lat' dir='ltr'><strong>ita</strong></span> 
     </span>
    </p>
   </div>
   <div class='ocr_carea' id='block_1_37' title="bbox 527 3623 2106 3696">
    <p class='ocr_par' dir='ltr' id='par_1_37' title="bbox 527 3623 2106 3696">
     <span class='ocr_line' id='line_1_37' title="bbox 527 3623 2106 3696; baseline 0.001 -18"><span class='ocrx_word' id='word_1_294' title='bbox 527 3641 707 3696; x_wconf 73' lang='lat' dir='ltr'><strong>parva:</strong></span> <span class='ocrx_word' id='word_1_295' title='bbox 731 3633 785 3680; x_wconf 90' lang='lat' dir='ltr'><strong>et</strong></span> <span class='ocrx_word' id='word_1_296' title='bbox 814 3641 914 3680; x_wconf 90' lang='lat' dir='ltr'><strong>nos</strong></span> <span class='ocrx_word' id='word_1_297' title='bbox 938 3625 1288 3695; x_wconf 84' lang='lat' dir='ltr'><strong>relinquimur</strong></span> <span class='ocrx_word' id='word_1_298' title='bbox 1311 3625 1611 3679; x_wconf 87' lang='lat' dir='ltr'><strong>tentationi.</strong></span> <span class='ocrx_word' id='word_1_299' title='bbox 1639 3623 1705 3678; x_wconf 87' lang='lat' dir='ltr'><strong>Et</strong></span> <span class='ocrx_word' id='word_1_300' title='bbox 1727 3625 1846 3680; x_wconf 90' lang='lat' dir='ltr'><strong>ideo</strong></span> <span class='ocrx_word' id='word_1_301' title='bbox 1861 3625 1937 3679; x_wconf 87' lang='lat' dir='ltr'><strong>ait</strong></span> <span class='ocrx_word' id='word_1_302' title='bbox 1967 3643 1978 3679; x_wconf 92' lang='lat'><strong>:</strong></span> <span class='ocrx_word' id='word_1_303' title='bbox 2005 3625 2106 3693; x_wconf 86' lang='lat' dir='ltr'><strong>Tu,</strong></span> 
     </span>
    </p>
   </div>
   <div class='ocr_carea' id='block_1_38' title="bbox 527 3716 2104 3788">
    <p class='ocr_par' dir='ltr' id='par_1_38' title="bbox 527 3716 2104 3788">
     <span class='ocr_line' id='line_1_38' title="bbox 527 3716 2104 3788; baseline -0.001 -15"><span class='ocrx_word' id='word_1_304' title='bbox 527 3717 774 3781; x_wconf 88' lang='lat' dir='ltr'><strong>Domine,</strong></span> <span class='ocrx_word' id='word_1_305' title='bbox 808 3716 979 3773; x_wconf 86' lang='lat' dir='ltr'><strong>fecisti</strong></span> <span class='ocrx_word' id='word_1_306' title='bbox 1008 3733 1092 3780; x_wconf 90' lang='lat' dir='ltr'><strong>ea,</strong></span> <span class='ocrx_word' id='word_1_307' title='bbox 1126 3725 1182 3770; x_wconf 91' lang='lat' dir='ltr'><strong>ut</strong></span> <span class='ocrx_word' id='word_1_308' title='bbox 1204 3725 1457 3772; x_wconf 83' lang='lat' dir='ltr'><strong>moveant</strong></span> <span class='ocrx_word' id='word_1_309' title='bbox 1483 3732 1645 3787; x_wconf 87' lang='lat' dir='ltr'><strong>super</strong></span> <span class='ocrx_word' id='word_1_310' title='bbox 1669 3732 1757 3772; x_wconf 89' lang='lat' dir='ltr'><strong>me</strong></span> <span class='ocrx_word' id='word_1_311' title='bbox 1785 3717 1959 3788; x_wconf 88' lang='lat' dir='ltr'><strong>capita</strong></span> <span class='ocrx_word' id='word_1_312' title='bbox 1988 3733 2104 3773; x_wconf 89' lang='lat' dir='ltr'><strong>sua.</strong></span> 
     </span>
    </p>
   </div>
   <div class='ocr_carea' id='block_1_39' title="bbox 525 3807 2108 3880">
    <p class='ocr_par' dir='ltr' id='par_1_39' title="bbox 525 3807 2108 3880">
     <span class='ocr_line' id='line_1_39' title="bbox 525 3807 2108 3880; baseline -0.002 -14"><span class='ocrx_word' id='word_1_313' title='bbox 525 3809 631 3866; x_wconf 90' lang='lat' dir='ltr'><strong>Sed</strong></span> <span class='ocrx_word' id='word_1_314' title='bbox 670 3810 795 3880; x_wconf 88' lang='lat' dir='ltr'><strong>quia</strong></span> <span class='ocrx_word' id='word_1_315' title='bbox 840 3808 1009 3863; x_wconf 77' lang='lat' dir='ltr'><strong>ﬁdelis</strong></span> <span class='ocrx_word' id='word_1_316' title='bbox 1035 3823 1113 3873; x_wconf 86' lang='lat' dir='ltr'><strong>es,</strong></span> <span class='ocrx_word' id='word_1_317' title='bbox 1143 3815 1198 3862; x_wconf 89' lang='lat' dir='ltr'><strong>et</strong></span> <span class='ocrx_word' id='word_1_318' title='bbox 1227 3823 1333 3863; x_wconf 91' lang='lat' dir='ltr'><strong>non</strong></span> <span class='ocrx_word' id='word_1_319' title='bbox 1367 3807 1567 3878; x_wconf 89' lang='lat' dir='ltr'><strong>pateris</strong></span> <span class='ocrx_word' id='word_1_320' title='bbox 1594 3823 1694 3863; x_wconf 93' lang='lat' dir='ltr'><strong>nos</strong></span> <span class='ocrx_word' id='word_1_321' title='bbox 1731 3809 1923 3863; x_wconf 89' lang='lat' dir='ltr'><strong>tentari</strong></span> <span class='ocrx_word' id='word_1_322' title='bbox 1947 3824 2108 3880; x_wconf 90' lang='lat' dir='ltr'><strong>supra</strong></span> 
     </span>
    </p>
   </div>
   <div class='ocr_carea' id='block_1_40' title="bbox 524 3882 2110 3972">
    <p class='ocr_par' dir='ltr' id='par_1_40' title="bbox 524 3882 2110 3972">
     <span class='ocr_line' id='line_1_40' title="bbox 524 3882 2110 3972; baseline 0.002 -18"><span class='ocrx_word' id='word_1_323' title='bbox 524 3916 683 3972; x_wconf 88' lang='lat' dir='ltr'><strong>quam</strong></span> <span class='ocrx_word' id='word_1_324' title='bbox 713 3915 997 3971; x_wconf 86' lang='lat' dir='ltr'><strong>possumus</strong></span> <span class='ocrx_word' id='word_1_325' title='bbox 1019 3940 1032 3965; x_wconf 91' lang='lat'><strong>,</strong></span> <span class='ocrx_word' id='word_1_326' title='bbox 1067 3900 1150 3954; x_wconf 84' lang='lat' dir='ltr'><strong>fac</strong></span> <span class='ocrx_word' id='word_1_327' title='bbox 1186 3907 1246 3954; x_wconf 91' lang='lat' dir='ltr'><strong>ut</strong></span> <span class='ocrx_word' id='word_1_328' title='bbox 1299 3899 1589 3955; x_wconf 85' lang='lat' dir='ltr'><strong>induantur</strong></span> <span class='ocrx_word' id='word_1_329' title='bbox 1638 3900 1774 3956; x_wconf 89' lang='lat' dir='ltr'><strong>sicut</strong></span> <span class='ocrx_word' id='word_1_330' title='bbox 1819 3882 2110 3972; x_wconf 86' lang='lat' dir='ltr'><strong>diploidem</strong></span> 
     </span>
    </p>
   </div>
   <div class='ocr_carea' id='block_1_41' title="bbox 525 3991 2107 4063">
    <p class='ocr_par' dir='ltr' id='par_1_41' title="bbox 525 3991 2107 4063">
     <span class='ocr_line' id='line_1_41' title="bbox 525 3991 2107 4063; baseline 0.003 -18"><span class='ocrx_word' id='word_1_331' title='bbox 525 3992 913 4047; x_wconf 81' lang='lat' dir='ltr'><strong>confusionem.</strong></span> <span class='ocrx_word' id='word_1_332' title='bbox 948 3991 1208 4062; x_wconf 88' lang='lat' dir='ltr'><strong>Diploidis</strong></span> <span class='ocrx_word' id='word_1_333' title='bbox 1235 3999 1317 4046; x_wconf 92' lang='lat' dir='ltr'><strong>est</strong></span> <span class='ocrx_word' id='word_1_334' title='bbox 1345 3991 1459 4046; x_wconf 89' lang='lat' dir='ltr'><strong>sive</strong></span> <span class='ocrx_word' id='word_1_335' title='bbox 1485 3991 1766 4048; x_wconf 85' lang='lat' dir='ltr'><strong>chlamidis</strong></span> <span class='ocrx_word' id='word_1_336' title='bbox 1794 3994 1847 4048; x_wconf 90' lang='lat' dir='ltr'><strong>in</strong></span> <span class='ocrx_word' id='word_1_337' title='bbox 1869 3994 2107 4063; x_wconf 90' lang='lat' dir='ltr'><strong>quadru-</strong></span> 
     </span>
    </p>
   </div>
   <div class='ocr_carea' id='block_1_42' title="bbox 523 4082 2106 4156">
    <p class='ocr_par' dir='ltr' id='par_1_42' title="bbox 523 4082 2106 4156">
     <span class='ocr_line' id='line_1_42' title="bbox 523 4082 2106 4156; baseline 0.004 -20"><span class='ocrx_word' id='word_1_338' title='bbox 523 4082 644 4153; x_wconf 88' lang='lat' dir='ltr'><strong>plici</strong></span> <span class='ocrx_word' id='word_1_339' title='bbox 675 4083 874 4138; x_wconf 88' lang='lat' dir='ltr'><strong>amictu</strong></span> <span class='ocrx_word' id='word_1_340' title='bbox 893 4124 907 4148; x_wconf 95' lang='lat'><strong>,</strong></span> <span class='ocrx_word' id='word_1_341' title='bbox 938 4083 1051 4138; x_wconf 83' lang='lat' dir='ltr'><strong>sive</strong></span> <span class='ocrx_word' id='word_1_342' title='bbox 1093 4098 1424 4154; x_wconf 70' lang='lat' dir='ltr'><strong>quascunque</strong></span> <span class='ocrx_word' id='word_1_343' title='bbox 1479 4084 1582 4138; x_wconf 88' lang='lat' dir='ltr'><strong>alia</strong></span> <span class='ocrx_word' id='word_1_344' title='bbox 1629 4087 1838 4155; x_wconf 88' lang='lat' dir='ltr'><strong>species</strong></span> <span class='ocrx_word' id='word_1_345' title='bbox 1859 4129 1874 4153; x_wconf 93' lang='lat'><strong>,</strong></span> <span class='ocrx_word' id='word_1_346' title='bbox 1906 4102 2028 4156; x_wconf 65' lang='lat' dir='ltr'><strong>qum</strong></span> <span class='ocrx_word' id='word_1_347' title='bbox 2053 4087 2106 4143; x_wconf 92' lang='lat' dir='ltr'><strong>in</strong></span> 
     </span>
    </p>
   </div>
   <div class='ocr_carea' id='block_1_43' title="bbox 524 4174 2108 4248">
    <p class='ocr_par' dir='ltr' id='par_1_43' title="bbox 524 4174 2108 4248">
     <span class='ocr_line' id='line_1_43' title="bbox 524 4174 2108 4248; baseline 0.003 -18"><span class='ocrx_word' id='word_1_348' title='bbox 524 4183 651 4230; x_wconf 84' lang='lat' dir='ltr'><strong>ante</strong></span> <span class='ocrx_word' id='word_1_349' title='bbox 683 4174 880 4244; x_wconf 79' lang='lat' dir='ltr'><strong>duplex</strong></span> <span class='ocrx_word' id='word_1_350' title='bbox 910 4183 1030 4239; x_wconf 92' lang='lat' dir='ltr'><strong>est,</strong></span> <span class='ocrx_word' id='word_1_351' title='bbox 1063 4183 1116 4230; x_wconf 89' lang='lat' dir='ltr'><strong>et</strong></span> <span class='ocrx_word' id='word_1_352' title='bbox 1159 4191 1189 4228; x_wconf 91' lang='lat' dir='ltr'><strong>a</strong></span> <span class='ocrx_word' id='word_1_353' title='bbox 1221 4184 1373 4245; x_wconf 90' lang='lat' dir='ltr'><strong>tergo</strong></span> <span class='ocrx_word' id='word_1_354' title='bbox 1401 4176 1616 4247; x_wconf 81' lang='lat' dir='ltr'><strong>duplex.</strong></span> <span class='ocrx_word' id='word_1_355' title='bbox 1649 4176 1790 4247; x_wconf 88' lang='lat' dir='ltr'><strong>Ergo</strong></span> <span class='ocrx_word' id='word_1_356' title='bbox 1837 4180 2108 4248; x_wconf 83' lang='lat' dir='ltr'><strong>quadrifa-</strong></span> 
     </span>
    </p>
   </div>
   <div class='ocr_carea' id='block_1_44' title="bbox 525 4265 2108 4341">
    <p class='ocr_par' dir='ltr' id='par_1_44' title="bbox 525 4265 2108 4341">
     <span class='ocr_line' id='line_1_44' title="bbox 525 4265 2108 4341; baseline 0.008 -21"><span class='ocrx_word' id='word_1_357' title='bbox 525 4267 659 4320; x_wconf 91' lang='lat' dir='ltr'><strong>riam</strong></span> <span class='ocrx_word' id='word_1_358' title='bbox 699 4265 1067 4321; x_wconf 80' lang='lat' dir='ltr'><strong>confusionem</strong></span> <span class='ocrx_word' id='word_1_359' title='bbox 1117 4267 1409 4323; x_wconf 90' lang='lat' dir='ltr'><strong>induuntur</strong></span> <span class='ocrx_word' id='word_1_360' title='bbox 1446 4270 1734 4338; x_wconf 62' lang='lat' dir='ltr'><strong>daemones,</strong></span> <span class='ocrx_word' id='word_1_361' title='bbox 1763 4273 1981 4341; x_wconf 89' lang='lat' dir='ltr'><strong>quando</strong></span> <span class='ocrx_word' id='word_1_362' title='bbox 2009 4292 2108 4332; x_wconf 91' lang='lat' dir='ltr'><strong>nos</strong></span> 
     </span>
    </p>
   </div>
   <div class='ocr_carea' id='block_1_45' title="bbox 524 4347 2105 4434">
    <p class='ocr_par' dir='ltr' id='par_1_45' title="bbox 524 4347 2105 4434">
     <span class='ocr_line' id='line_1_45' title="bbox 524 4347 2105 4434; baseline 0.008 -25"><span class='ocrx_word' id='word_1_363' title='bbox 524 4354 907 4424; x_wconf 85' lang='lat' dir='ltr'><strong>quadrifariam</strong></span> <span class='ocrx_word' id='word_1_364' title='bbox 944 4355 1352 4425; x_wconf 83' lang='lat' dir='ltr'><strong>Evangeliorum</strong></span> <span class='ocrx_word' id='word_1_365' title='bbox 1402 4360 1773 4418; x_wconf 87' lang='lat' dir='ltr'><strong>liberationem</strong></span> <span class='ocrx_word' id='word_1_366' title='bbox 1801 4347 2105 4434; x_wconf 90' lang='lat' dir='ltr'><strong>arripimus,</strong></span> 
     </span>
    </p>
   </div>
   <div class='ocr_carea' id='block_1_46' title="bbox 525 4445 2106 4523">
    <p class='ocr_par' dir='ltr' id='par_1_46' title="bbox 525 4445 2106 4523">
     <span class='ocr_line' id='line_1_46' title="bbox 525 4445 2106 4523; baseline 0.008 -21"><span class='ocrx_word' id='word_1_367' title='bbox 525 4446 578 4502; x_wconf 90' lang='lat' dir='ltr'><strong>in</strong></span> <span class='ocrx_word' id='word_1_368' title='bbox 609 4460 713 4515; x_wconf 86' lang='lat' dir='ltr'><strong>qua</strong></span> <span class='ocrx_word' id='word_1_369' title='bbox 742 4445 1059 4522; x_wconf 84' lang='lat' dir='ltr'><strong>conﬁtemur</strong></span> <span class='ocrx_word' id='word_1_370' title='bbox 1086 4447 1313 4505; x_wconf 89' lang='lat' dir='ltr'><strong>Domino</strong></span> <span class='ocrx_word' id='word_1_371' title='bbox 1341 4449 1500 4506; x_wconf 89' lang='lat' dir='ltr'><strong>nimis</strong></span> <span class='ocrx_word' id='word_1_372' title='bbox 1523 4452 1576 4505; x_wconf 91' lang='lat' dir='ltr'><strong>in</strong></span> <span class='ocrx_word' id='word_1_373' title='bbox 1605 4468 1701 4509; x_wconf 92' lang='lat' dir='ltr'><strong>ore</strong></span> <span class='ocrx_word' id='word_1_374' title='bbox 1731 4463 1946 4523; x_wconf 90' lang='lat' dir='ltr'><strong>nostro,</strong></span> <span class='ocrx_word' id='word_1_375' title='bbox 1973 4465 2028 4512; x_wconf 91' lang='lat' dir='ltr'><strong>et</strong></span> <span class='ocrx_word' id='word_1_376' title='bbox 2052 4457 2106 4514; x_wconf 92' lang='lat' dir='ltr'><strong>in</strong></span> 
     </span>
    </p>
   </div>
   <div class='ocr_carea' id='block_1_47' title="bbox 525 4539 2105 4619">
    <p class='ocr_par' dir='ltr' id='par_1_47' title="bbox 525 4539 2105 4619">
     <span class='ocr_line' id='line_1_47' title="bbox 525 4539 2105 4619; baseline 0.008 -26"><span class='ocrx_word' id='word_1_377' title='bbox 525 4539 703 4594; x_wconf 89' lang='lat' dir='ltr'><strong>medio</strong></span> <span class='ocrx_word' id='word_1_378' title='bbox 732 4540 1019 4595; x_wconf 88' lang='lat' dir='ltr'><strong>multorum</strong></span> <span class='ocrx_word' id='word_1_379' title='bbox 1059 4541 1336 4597; x_wconf 86' lang='lat' dir='ltr'><strong>laudamus</strong></span> <span class='ocrx_word' id='word_1_380' title='bbox 1359 4557 1480 4598; x_wconf 89' lang='lat' dir='ltr'><strong>eum</strong></span> <span class='ocrx_word' id='word_1_381' title='bbox 1510 4545 1845 4602; x_wconf 85' lang='lat' dir='ltr'><strong>conﬁtentes.</strong></span> <span class='ocrx_word' id='word_1_382' title='bbox 1877 4548 1945 4603; x_wconf 84' lang='lat' dir='ltr'><strong>Et</strong></span> <span class='ocrx_word' id='word_1_383' title='bbox 1980 4551 2105 4619; x_wconf 88' lang='lat' dir='ltr'><strong>quia</strong></span> 
     </span>
    </p>
   </div>
   <div class='ocr_carea' id='block_1_48' title="bbox 524 4630 2180 4736">
    <p class='ocr_par' dir='ltr' id='par_1_48' title="bbox 524 4630 2180 4736">
     <span class='ocr_line' id='line_1_48' title="bbox 524 4630 2180 4736; baseline 0.005 -50"><span class='ocrx_word' id='word_1_384' title='bbox 524 4631 639 4700; x_wconf 87' lang='lat' dir='ltr'><strong>ipse</strong></span> <span class='ocrx_word' id='word_1_385' title='bbox 665 4637 749 4685; x_wconf 91' lang='lat' dir='ltr'><strong>est</strong></span> <span class='ocrx_word' id='word_1_386' title='bbox 774 4630 866 4699; x_wconf 92' lang='lat' dir='ltr'><strong>qui</strong></span> <span class='ocrx_word' id='word_1_387' title='bbox 895 4638 1001 4685; x_wconf 89' lang='lat' dir='ltr'><strong>stat</strong></span> <span class='ocrx_word' id='word_1_388' title='bbox 1036 4645 1066 4685; x_wconf 88' lang='lat' dir='ltr'><strong>a</strong></span> <span class='ocrx_word' id='word_1_389' title='bbox 1094 4630 1296 4687; x_wconf 81' lang='lat' dir='ltr'><strong>dextris</strong></span> <span class='ocrx_word' id='word_1_390' title='bbox 1324 4636 1574 4703; x_wconf 86' lang='lat' dir='ltr'><strong>pauperis</strong></span> <span class='ocrx_word' id='word_1_391' title='bbox 1595 4676 1610 4700; x_wconf 91' lang='lat'><strong>,</strong></span> <span class='ocrx_word' id='word_1_392' title='bbox 1645 4645 1703 4691; x_wconf 90' lang='lat' dir='ltr'><strong>ut</strong></span> <span class='ocrx_word' id='word_1_393' title='bbox 1730 4637 1900 4701; x_wconf 86' lang='lat' dir='ltr'><strong>salvet</strong></span> <span class='ocrx_word' id='word_1_394' title='bbox 1927 4655 1957 4694; x_wconf 91' lang='lat' dir='ltr'><strong>a</strong></span> <span class='ocrx_word' id='word_1_395' title='bbox 1982 4656 2106 4711; x_wconf 85' lang='lat' dir='ltr'><strong>per-</strong></span> <span class='ocrx_word' id='word_1_396' title='bbox 2133 4675 2180 4736; x_wconf 64' lang='grc' dir='ltr'><strong>η</strong></span> 
     </span>
    </p>
   </div>
   <div class='ocr_carea' id='block_1_49' title="bbox 523 4724 2103 4804">
    <p class='ocr_par' dir='ltr' id='par_1_49' title="bbox 523 4724 2103 4804">
     <span class='ocr_line' id='line_1_49' title="bbox 523 4724 2103 4804; baseline 0.006 -24"><span class='ocrx_word' id='word_1_397' title='bbox 523 4724 870 4792; x_wconf 87' lang='lat' dir='ltr'><strong>sequentibus</strong></span> <span class='ocrx_word' id='word_1_398' title='bbox 913 4725 1119 4780; x_wconf 84' lang='lat' dir='ltr'><strong>animas</strong></span> <span class='ocrx_word' id='word_1_399' title='bbox 1159 4733 1371 4781; x_wconf 88' lang='lat' dir='ltr'><strong>nostras</strong></span> <span class='ocrx_word' id='word_1_400' title='bbox 1396 4725 1638 4789; x_wconf 85' lang='lat' dir='ltr'><strong>Christus</strong></span> <span class='ocrx_word' id='word_1_401' title='bbox 1667 4729 1831 4786; x_wconf 90' lang='lat' dir='ltr'><strong>Filius</strong></span> <span class='ocrx_word' id='word_1_402' title='bbox 1865 4731 1980 4798; x_wconf 90' lang='lat' dir='ltr'><strong>Dei,</strong></span> <span class='ocrx_word' id='word_1_403' title='bbox 2011 4735 2103 4804; x_wconf 92' lang='lat' dir='ltr'><strong>qui</strong></span> 
     </span>
    </p>
   </div>
   <div class='ocr_carea' id='block_1_50' title="bbox 522 4817 2101 4890">
    <p class='ocr_par' dir='ltr' id='par_1_50' title="bbox 522 4817 2101 4890">
     <span class='ocr_line' id='line_1_50' title="bbox 522 4817 2101 4890; baseline 0.009 -21"><span class='ocrx_word' id='word_1_404' title='bbox 522 4825 712 4884; x_wconf 81' lang='lat' dir='ltr'><strong>regnat</strong></span> <span class='ocrx_word' id='word_1_405' title='bbox 736 4834 858 4874; x_wconf 90' lang='lat' dir='ltr'><strong>cum</strong></span> <span class='ocrx_word' id='word_1_406' title='bbox 887 4817 1044 4874; x_wconf 89' lang='lat' dir='ltr'><strong>Patre</strong></span> <span class='ocrx_word' id='word_1_407' title='bbox 1064 4827 1120 4875; x_wconf 90' lang='lat' dir='ltr'><strong>et</strong></span> <span class='ocrx_word' id='word_1_408' title='bbox 1147 4818 1347 4890; x_wconf 89' lang='lat' dir='ltr'><strong>Spiritu</strong></span> <span class='ocrx_word' id='word_1_409' title='bbox 1373 4831 1559 4877; x_wconf 88' lang='lat' dir='ltr'><strong>sancto</strong></span> <span class='ocrx_word' id='word_1_410' title='bbox 1585 4823 1638 4878; x_wconf 93' lang='lat' dir='ltr'><strong>in</strong></span> <span class='ocrx_word' id='word_1_411' title='bbox 1660 4824 1851 4880; x_wconf 64' lang='lat' dir='ltr'><strong>ssecula</strong></span> <span class='ocrx_word' id='word_1_412' title='bbox 1875 4826 2101 4883; x_wconf 67' lang='lat' dir='ltr'><strong>sacculo-</strong></span> 
     </span>
    </p>
   </div>
   <div class='ocr_carea' id='block_1_51' title="bbox 523 4908 886 4966">
    <p class='ocr_par' dir='ltr' id='par_1_51' title="bbox 523 4908 886 4966">
     <span class='ocr_line' id='line_1_51' title="bbox 523 4908 886 4966; baseline 0 -2"><span class='ocrx_word' id='word_1_413' title='bbox 523 4923 662 4964; x_wconf 72' lang='lat' dir='ltr'><strong>tuin.</strong></span> <span class='ocrx_word' id='word_1_414' title='bbox 697 4908 886 4966; x_wconf 75' lang='lat' dir='ltr'><strong>Amen.</strong></span> 
     </span>
    </p>
   </div>
   <div class='ocr_carea' id='block_1_52' title="bbox 1086 4980 1556 5039">
    <p class='ocr_par' dir='ltr' id='par_1_52' title="bbox 1086 4980 1556 5039">
     <span class='ocr_line' id='line_1_52' title="bbox 1086 4980 1556 5039; baseline 0.009 -4"><span class='ocrx_word' id='word_1_415' title='bbox 1086 4980 1398 5038; x_wconf 79' lang='lat' dir='ltr'><strong>PSALMUS</strong></span> <span class='ocrx_word' id='word_1_416' title='bbox 1425 4983 1556 5039; x_wconf 78' lang='lat' dir='ltr'><strong>CIX.</strong></span> 
     </span>
    </p>
   </div>
   <div class='ocr_carea' id='block_1_53' title="bbox 1009 5071 1618 5147">
    <p class='ocr_par' dir='ltr' id='par_1_53' title="bbox 1009 5071 1618 5147">
     <span class='ocr_line' id='line_1_53' title="bbox 1009 5071 1618 5147; baseline 0.01 -22"><span class='ocrx_word' id='word_1_417' title='bbox 1009 5071 1250 5129; x_wconf 87' lang='lat' dir='ltr'><strong>Psahnus</strong></span> <span class='ocrx_word' id='word_1_418' title='bbox 1291 5076 1390 5147; x_wconf 91' lang='lat' dir='ltr'><strong>ipsi</strong></span> <span class='ocrx_word' id='word_1_419' title='bbox 1437 5077 1618 5133; x_wconf 89' lang='lat' dir='ltr'><strong>David.</strong></span> 
     </span>
    </p>
   </div>
   <div class='ocr_carea' id='block_1_54' title="bbox 597 5190 2100 5260">
    <p class='ocr_par' dir='ltr' id='par_1_54' title="bbox 597 5190 2100 5260">
     <span class='ocr_line' id='line_1_54' title="bbox 597 5190 2100 5260; baseline 0.009 -15"><span class='ocrx_word' id='word_1_420' title='bbox 597 5190 745 5246; x_wconf 72' lang='lat' dir='ltr'><strong>Dixit</strong></span> <span class='ocrx_word' id='word_1_421' title='bbox 765 5191 1017 5246; x_wconf 84' lang='lat' dir='ltr'><strong>Dominus</strong></span> <span class='ocrx_word' id='word_1_422' title='bbox 1047 5192 1270 5248; x_wconf 88' lang='lat' dir='ltr'><strong>Domino</strong></span> <span class='ocrx_word' id='word_1_423' title='bbox 1307 5212 1438 5260; x_wconf 84' lang='lat' dir='ltr'><strong>meo,</strong></span> <span class='ocrx_word' id='word_1_424' title='bbox 1468 5196 1602 5251; x_wconf 84' lang='lat' dir='ltr'><strong>Sede</strong></span> <span class='ocrx_word' id='word_1_425' title='bbox 1653 5215 1685 5252; x_wconf 90' lang='lat' dir='ltr'><strong>a</strong></span> <span class='ocrx_word' id='word_1_426' title='bbox 1733 5199 1925 5254; x_wconf 75' lang='lat' dir='ltr'><strong>dextris</strong></span> <span class='ocrx_word' id='word_1_427' title='bbox 1954 5203 2100 5258; x_wconf 86' lang='lat' dir='ltr'><strong>meis.</strong></span> 
     </span>
    </p>
   </div>
   <div class='ocr_carea' id='block_1_55' title="bbox 519 5285 2097 5363">
    <p class='ocr_par' dir='ltr' id='par_1_55' title="bbox 519 5285 2097 5363">
     <span class='ocr_line' id='line_1_55' title="bbox 519 5285 2097 5363; baseline 0.006 -22"><span class='ocrx_word' id='word_1_428' title='bbox 519 5285 698 5342; x_wconf 86' lang='lat' dir='ltr'><strong>Donec</strong></span> <span class='ocrx_word' id='word_1_429' title='bbox 723 5304 913 5356; x_wconf 87' lang='lat' dir='ltr'><strong>ponam</strong></span> <span class='ocrx_word' id='word_1_430' title='bbox 941 5288 1174 5342; x_wconf 88' lang='lat' dir='ltr'><strong>inimicos</strong></span> <span class='ocrx_word' id='word_1_431' title='bbox 1204 5296 1336 5353; x_wconf 86' lang='lat' dir='ltr'><strong>tuos,</strong></span> <span class='ocrx_word' id='word_1_432' title='bbox 1368 5289 1642 5345; x_wconf 82' lang='lat' dir='ltr'><strong>seabellum</strong></span> <span class='ocrx_word' id='word_1_433' title='bbox 1670 5293 1855 5363; x_wconf 86' lang='lat' dir='ltr'><strong>pedum</strong></span> <span class='ocrx_word' id='word_1_434' title='bbox 1876 5303 2097 5351; x_wconf 87' lang='lat' dir='ltr'><strong>tuorum.</strong></span> 
     </span>
    </p>
   </div>
   <div class='ocr_carea' id='block_1_56' title="bbox 529 5375 2106 5452">
    <p class='ocr_par' dir='ltr' id='par_1_56' title="bbox 529 5375 2106 5452">
     <span class='ocr_line' id='line_1_56' title="bbox 529 5375 2106 5452; baseline 0.008 -22"><span class='ocrx_word' id='word_1_435' title='bbox 529 5375 743 5451; x_wconf 85' lang='lat' dir='ltr'><strong>Virgam</strong></span> <span class='ocrx_word' id='word_1_436' title='bbox 773 5379 970 5432; x_wconf 83' lang='lat' dir='ltr'><strong>virtutis</strong></span> <span class='ocrx_word' id='word_1_437' title='bbox 1010 5388 1111 5434; x_wconf 80' lang='lat' dir='ltr'><strong>tua:</strong></span> <span class='ocrx_word' id='word_1_438' title='bbox 1151 5382 1348 5434; x_wconf 75' lang='lat' dir='ltr'><strong>emittet</strong></span> <span class='ocrx_word' id='word_1_439' title='bbox 1393 5381 1646 5437; x_wconf 83' lang='lat' dir='ltr'><strong>Dominus</strong></span> <span class='ocrx_word' id='word_1_440' title='bbox 1677 5402 1742 5438; x_wconf 69' lang='lat' dir='ltr'><strong>ex</strong></span> <span class='ocrx_word' id='word_1_441' title='bbox 1772 5385 1920 5452; x_wconf 90' lang='lat' dir='ltr'><strong>Sion,</strong></span> <span class='ocrx_word' id='word_1_442' title='bbox 1945 5389 2106 5443; x_wconf 87' lang='lat' dir='ltr'><strong>domi-</strong></span> 
     </span>
    </p>
   </div>
   <div class='ocr_carea' id='block_1_57' title="bbox 522 5472 2101 5549">
    <p class='ocr_par' dir='ltr' id='par_1_57' title="bbox 522 5472 2101 5549">
     <span class='ocr_line' id='line_1_57' title="bbox 522 5472 2101 5549; baseline 0.008 -27"><span class='ocrx_word' id='word_1_443' title='bbox 522 5485 651 5524; x_wconf 80' lang='lat' dir='ltr'><strong>nare</strong></span> <span class='ocrx_word' id='word_1_444' title='bbox 679 5473 734 5525; x_wconf 91' lang='lat' dir='ltr'><strong>in</strong></span> <span class='ocrx_word' id='word_1_445' title='bbox 763 5472 929 5525; x_wconf 89' lang='lat' dir='ltr'><strong>medio</strong></span> <span class='ocrx_word' id='word_1_446' title='bbox 950 5473 1273 5526; x_wconf 84' lang='lat' dir='ltr'><strong>inimicorum</strong></span> <span class='ocrx_word' id='word_1_447' title='bbox 1298 5483 1516 5528; x_wconf 87' lang='lat' dir='ltr'><strong>tuorum.</strong></span> <span class='ocrx_word' id='word_1_448' title='bbox 1571 5475 1778 5540; x_wconf 18' lang='lat' dir='ltr'><strong>Tecum,</strong></span> <span class='ocrx_word' id='word_1_449' title='bbox 1795 5480 2101 5549; x_wconf 71' lang='lat' dir='ltr'><strong>principium</strong></span> 
     </span>
    </p>
   </div>
   <div class='ocr_carea' id='block_1_58' title="bbox 524 5555 2100 5637">
    <p class='ocr_par' dir='ltr' id='par_1_58' title="bbox 524 5555 2100 5637">
     <span class='ocr_line' id='line_1_58' title="bbox 524 5555 2100 5637; baseline 0.008 -24"><span class='ocrx_word' id='word_1_450' title='bbox 524 5563 578 5613; x_wconf 91' lang='lat' dir='ltr'><strong>in.</strong></span> <span class='ocrx_word' id='word_1_451' title='bbox 607 5564 689 5615; x_wconf 77' lang='lat' dir='ltr'><strong>die</strong></span> <span class='ocrx_word' id='word_1_452' title='bbox 717 5566 910 5626; x_wconf 68' lang='lat' dir='ltr'><strong>uirtutis</strong></span> <span class='ocrx_word' id='word_1_453' title='bbox 941 5575 1039 5619; x_wconf 73' lang='lat' dir='ltr'><strong>tua:</strong></span> <span class='ocrx_word' id='word_1_454' title='bbox 1056 5603 1069 5630; x_wconf 93' lang='lat'><strong>,</strong></span> <span class='ocrx_word' id='word_1_455' title='bbox 1095 5566 1146 5619; x_wconf 91' lang='lat' dir='ltr'><strong>in</strong></span> <span class='ocrx_word' id='word_1_456' title='bbox 1171 5565 1523 5637; x_wconf 82' lang='lat' dir='ltr'><strong>splendoribus</strong></span> <span class='ocrx_word' id='word_1_457' title='bbox 1551 5555 1846 5622; x_wconf 75' lang='lat' dir='ltr'><strong>sanctorum</strong></span> <span class='ocrx_word' id='word_1_458' title='bbox 1872 5586 1935 5622; x_wconf 66' lang='lat' dir='ltr'><strong>ea:</strong></span> <span class='ocrx_word' id='word_1_459' title='bbox 1957 5579 2100 5625; x_wconf 86' lang='lat' dir='ltr'><strong>utero</strong></span> 
     </span>
    </p>
   </div>
   <div class='ocr_carea' id='block_1_59' title="bbox 526 5652 2097 5730">
    <p class='ocr_par' dir='ltr' id='par_1_59' title="bbox 526 5652 2097 5730">
     <span class='ocr_line' id='line_1_59' title="bbox 526 5652 2097 5730; baseline 0.008 -28"><span class='ocrx_word' id='word_1_460' title='bbox 526 5660 645 5704; x_wconf 88' lang='lat' dir='ltr'><strong>ante</strong></span> <span class='ocrx_word' id='word_1_461' title='bbox 671 5652 936 5722; x_wconf 70' lang='lat' dir='ltr'><strong>luciferum</strong></span> <span class='ocrx_word' id='word_1_462' title='bbox 966 5659 1114 5726; x_wconf 80' lang='lat' dir='ltr'><strong>genui</strong></span> <span class='ocrx_word' id='word_1_463' title='bbox 1137 5666 1201 5710; x_wconf 87' lang='lat' dir='ltr'><strong>te.</strong></span> <span class='ocrx_word' id='word_1_464' title='bbox 1225 5659 1428 5711; x_wconf 80' lang='lat' dir='ltr'><strong>Juravit</strong></span> <span class='ocrx_word' id='word_1_465' title='bbox 1449 5656 1722 5722; x_wconf 79' lang='lat' dir='ltr'><strong>Daminns,</strong></span> <span class='ocrx_word' id='word_1_466' title='bbox 1741 5667 1908 5712; x_wconf 81' lang='lat' dir='ltr'><strong>etnon</strong></span> <span class='ocrx_word' id='word_1_467' title='bbox 1933 5663 2097 5730; x_wconf 74' lang='lat' dir='ltr'><strong>paeni-</strong></span> 
     </span>
    </p>
   </div>
   <div class='ocr_carea' id='block_1_60' title="bbox 529 5739 2099 5806">
    <p class='ocr_par' dir='ltr' id='par_1_60' title="bbox 529 5739 2099 5806">
     <span class='ocr_line' id='line_1_60' title="bbox 529 5739 2099 5806; baseline 0.008 -13"><span class='ocrx_word' id='word_1_468' title='bbox 529 5739 648 5794; x_wconf 82' lang='lat' dir='ltr'><strong>tebit</strong></span> <span class='ocrx_word' id='word_1_469' title='bbox 676 5757 808 5804; x_wconf 81' lang='lat' dir='ltr'><strong>eum,</strong></span> <span class='ocrx_word' id='word_1_470' title='bbox 837 5743 908 5794; x_wconf 86' lang='lat' dir='ltr'><strong>Tn</strong></span> <span class='ocrx_word' id='word_1_471' title='bbox 937 5763 989 5798; x_wconf 79' lang='lat' dir='ltr'><strong>es</strong></span> <span class='ocrx_word' id='word_1_472' title='bbox 1022 5749 1257 5803; x_wconf 79' lang='lat' dir='ltr'><strong>sacerdos</strong></span> <span class='ocrx_word' id='word_1_473' title='bbox 1288 5752 1338 5803; x_wconf 89' lang='lat' dir='ltr'><strong>in</strong></span> <span class='ocrx_word' id='word_1_474' title='bbox 1363 5758 1605 5804; x_wconf 74' lang='lat' dir='ltr'><strong>retentum</strong></span> <span class='ocrx_word' id='word_1_475' title='bbox 1635 5749 1909 5803; x_wconf 73' lang='lat' dir='ltr'><strong>secundant</strong></span> <span class='ocrx_word' id='word_1_476' title='bbox 1955 5751 2099 5806; x_wconf 81' lang='lat' dir='ltr'><strong>ordi-</strong></span> 
     </span>
    </p>
   </div>
   <div class='ocr_carea' id='block_1_61' title="bbox 523 5831 2100 5914">
    <p class='ocr_par' dir='ltr' id='par_1_61' title="bbox 523 5831 2100 5914">
     <span class='ocr_line' id='line_1_61' title="bbox 523 5831 2100 5914; baseline 0.008 -28"><span class='ocrx_word' id='word_1_477' title='bbox 523 5846 640 5887; x_wconf 75' lang='lat' dir='ltr'><strong>nem</strong></span> <span class='ocrx_word' id='word_1_478' title='bbox 662 5831 1058 5888; x_wconf 69' lang='lat' dir='ltr'><strong>Melchisedech.</strong></span> <span class='ocrx_word' id='word_1_479' title='bbox 1093 5836 1342 5893; x_wconf 87' lang='lat' dir='ltr'><strong>Dominus</strong></span> <span class='ocrx_word' id='word_1_480' title='bbox 1375 5858 1404 5892; x_wconf 72' lang='grc' dir='ltr'><strong>(ι</strong></span> <span class='ocrx_word' id='word_1_481' title='bbox 1435 5841 1626 5894; x_wconf 71' lang='lat' dir='ltr'><strong>dextris</strong></span> <span class='ocrx_word' id='word_1_482' title='bbox 1679 5841 1802 5907; x_wconf 84' lang='lat' dir='ltr'><strong>tuis,</strong></span> <span class='ocrx_word' id='word_1_483' title='bbox 1845 5843 2100 5914; x_wconf 75' lang='lat' dir='ltr'><strong>confregit</strong></span> 
     </span>
    </p>
   </div>
   <div class='ocr_carea' id='block_1_62' title="bbox 2203 605 3776 681">
    <p class='ocr_par' dir='ltr' id='par_1_62' title="bbox 2203 605 3776 681">
     <span class='ocr_line' id='line_1_62' title="bbox 2203 605 3776 681; baseline -0.003 -18"><span class='ocrx_word' id='word_1_484' title='bbox 2203 610 2402 674; x_wconf 89' lang='lat' dir='ltr'><strong>ruinas,</strong></span> <span class='ocrx_word' id='word_1_485' title='bbox 2432 607 2790 680; x_wconf 82' lang='lat' dir='ltr'><strong>conquassabit</strong></span> <span class='ocrx_word' id='word_1_486' title='bbox 2817 611 2987 681; x_wconf 87' lang='lat' dir='ltr'><strong>capita</strong></span> <span class='ocrx_word' id='word_1_487' title='bbox 3008 611 3063 664; x_wconf 89' lang='lat' dir='ltr'><strong>in</strong></span> <span class='ocrx_word' id='word_1_488' title='bbox 3086 618 3223 663; x_wconf 87' lang='lat' dir='ltr'><strong>terra</strong></span> <span class='ocrx_word' id='word_1_489' title='bbox 3250 607 3542 662; x_wconf 82' lang='lat' dir='ltr'><strong>multorum.</strong></span> <span class='ocrx_word' id='word_1_490' title='bbox 3577 605 3654 660; x_wconf 81' lang='lat' dir='ltr'><strong>De</strong></span> <span class='ocrx_word' id='word_1_491' title='bbox 3683 614 3776 660; x_wconf 85' lang='lat' dir='ltr'><strong>lor-</strong></span> 
     </span>
    </p>
   </div>
   <div class='ocr_carea' id='block_1_63' title="bbox 2203 696 3466 771">
    <p class='ocr_par' dir='ltr' id='par_1_63' title="bbox 2203 696 3466 771">
     <span class='ocr_line' id='line_1_63' title="bbox 2203 696 3466 771; baseline -0.003 -17"><span class='ocrx_word' id='word_1_492' title='bbox 2203 708 2344 755; x_wconf 87' lang='lat' dir='ltr'><strong>rente</strong></span> <span class='ocrx_word' id='word_1_493' title='bbox 2362 701 2416 754; x_wconf 87' lang='lat' dir='ltr'><strong>in</strong></span> <span class='ocrx_word' id='word_1_494' title='bbox 2445 699 2527 754; x_wconf 87' lang='lat' dir='ltr'><strong>via</strong></span> <span class='ocrx_word' id='word_1_495' title='bbox 2548 700 2697 765; x_wconf 81' lang='lat' dir='ltr'><strong>bibet,</strong></span> <span class='ocrx_word' id='word_1_496' title='bbox 2727 708 2995 771; x_wconf 85' lang='lat' dir='ltr'><strong>propterea</strong></span> <span class='ocrx_word' id='word_1_497' title='bbox 3023 696 3274 753; x_wconf 75' lang='lat' dir='ltr'><strong>exaltabit</strong></span> <span class='ocrx_word' id='word_1_498' title='bbox 3295 706 3466 769; x_wconf 84' lang='lat' dir='ltr'><strong>caput.</strong></span> 
     </span>
    </p>
   </div>
   <div class='ocr_carea' id='block_1_64' title="bbox 2771 806 3209 847">
    <p class='ocr_par' dir='ltr' id='par_1_64' title="bbox 2771 806 3209 847">
     <span class='ocr_line' id='line_1_64' title="bbox 2771 806 3209 847; baseline -0.009 0"><span class='ocrx_word' id='word_1_499' title='bbox 2771 806 3209 847; x_wconf 68' lang='lat' dir='ltr'><strong>COIIENTABIUI.</strong></span> 
     </span>
    </p>
   </div>
   <div class='ocr_carea' id='block_1_65' title="bbox 2273 877 3776 955">
    <p class='ocr_par' dir='ltr' id='par_1_65' title="bbox 2273 877 3776 955">
     <span class='ocr_line' id='line_1_65' title="bbox 2273 877 3776 955; baseline -0.005 -17"><span class='ocrx_word' id='word_1_500' title='bbox 2273 883 2565 940; x_wconf 86' lang='lat' dir='ltr'><strong>Centesimi</strong></span> <span class='ocrx_word' id='word_1_501' title='bbox 2596 883 2722 940; x_wconf 90' lang='lat' dir='ltr'><strong>noni</strong></span> <span class='ocrx_word' id='word_1_502' title='bbox 2752 883 2942 955; x_wconf 84' lang='lat' dir='ltr'><strong>psalmi</strong></span> <span class='ocrx_word' id='word_1_503' title='bbox 2966 889 3128 953; x_wconf 90' lang='lat' dir='ltr'><strong>caput</strong></span> <span class='ocrx_word' id='word_1_504' title='bbox 3161 890 3218 936; x_wconf 87' lang='lat' dir='ltr'><strong>et</strong></span> <span class='ocrx_word' id='word_1_505' title='bbox 3255 898 3285 935; x_wconf 89' lang='lat' dir='ltr'><strong>a</strong></span> <span class='ocrx_word' id='word_1_506' title='bbox 3315 879 3596 934; x_wconf 66' lang='lat' dir='ltr'><strong>Pharisaeis</strong></span> <span class='ocrx_word' id='word_1_507' title='bbox 3624 877 3776 933; x_wconf 87' lang='lat' dir='ltr'><strong>Chri-</strong></span> 
     </span>
    </p>
   </div>
   <div class='ocr_carea' id='block_1_66' title="bbox 2203 968 3779 1046">
    <p class='ocr_par' dir='ltr' id='par_1_66' title="bbox 2203 968 3779 1046">
     <span class='ocr_line' id='line_1_66' title="bbox 2203 968 3779 1046; baseline -0.006 -14"><span class='ocrx_word' id='word_1_508' title='bbox 2203 983 2319 1032; x_wconf 90' lang='lat' dir='ltr'><strong>stus</strong></span> <span class='ocrx_word' id='word_1_509' title='bbox 2342 976 2581 1046; x_wconf 91' lang='lat' dir='ltr'><strong>inquirit,</strong></span> <span class='ocrx_word' id='word_1_510' title='bbox 2621 975 2806 1031; x_wconf 87' lang='lat' dir='ltr'><strong>dicens</strong></span> <span class='ocrx_word' id='word_1_511' title='bbox 2837 992 2850 1028; x_wconf 90' lang='lat'><strong>:</strong></span> <span class='ocrx_word' id='word_1_512' title='bbox 2884 975 2944 1030; x_wconf 89' lang='lat' dir='ltr'><strong>Si</strong></span> <span class='ocrx_word' id='word_1_513' title='bbox 2967 973 3136 1028; x_wconf 85' lang='lat' dir='ltr'><strong>David</strong></span> <span class='ocrx_word' id='word_1_514' title='bbox 3167 976 3221 1028; x_wconf 89' lang='lat' dir='ltr'><strong>in</strong></span> <span class='ocrx_word' id='word_1_515' title='bbox 3244 974 3429 1044; x_wconf 83' lang='lat' dir='ltr'><strong>spiritu</strong></span> <span class='ocrx_word' id='word_1_516' title='bbox 3457 980 3603 1025; x_wconf 70' lang='lat' dir='ltr'><strong>vocat</strong></span> <span class='ocrx_word' id='word_1_517' title='bbox 3631 968 3779 1023; x_wconf 84' lang='lat' dir='ltr'><strong>Chri-</strong></span> 
     </span>
    </p>
   </div>
   <div class='ocr_carea' id='block_1_67' title="bbox 2205 1062 3779 1132">
    <p class='ocr_par' dir='ltr' id='par_1_67' title="bbox 2205 1062 3779 1132">
     <span class='ocr_line' id='line_1_67' title="bbox 2205 1062 3779 1132; baseline -0.005 -9"><span class='ocrx_word' id='word_1_518' title='bbox 2205 1079 2341 1124; x_wconf 84' lang='lat' dir='ltr'><strong>stum</strong></span> <span class='ocrx_word' id='word_1_519' title='bbox 2366 1068 2674 1132; x_wconf 88' lang='lat' dir='ltr'><strong>Dominum,</strong></span> <span class='ocrx_word' id='word_1_520' title='bbox 2707 1068 2900 1132; x_wconf 85' lang='lat' dir='ltr'><strong>dicens,</strong></span> <span class='ocrx_word' id='word_1_521' title='bbox 2944 1065 3092 1120; x_wconf 72' lang='lat' dir='ltr'><strong>Dixit</strong></span> <span class='ocrx_word' id='word_1_522' title='bbox 3128 1065 3380 1120; x_wconf 82' lang='lat' dir='ltr'><strong>Dominus</strong></span> <span class='ocrx_word' id='word_1_523' title='bbox 3405 1062 3628 1118; x_wconf 88' lang='lat' dir='ltr'><strong>Domino</strong></span> <span class='ocrx_word' id='word_1_524' title='bbox 3650 1078 3779 1124; x_wconf 80' lang='lat' dir='ltr'><strong>meo,</strong></span> 
     </span>
    </p>
   </div>
   <div class='ocr_carea' id='block_1_68' title="bbox 2206 1151 3783 1229">
    <p class='ocr_par' dir='ltr' id='par_1_68' title="bbox 2206 1151 3783 1229">
     <span class='ocr_line' id='line_1_68' title="bbox 2206 1151 3783 1229; baseline -0.007 -12"><span class='ocrx_word' id='word_1_525' title='bbox 2206 1161 2343 1217; x_wconf 85' lang='lat' dir='ltr'><strong>Sede</strong></span> <span class='ocrx_word' id='word_1_526' title='bbox 2369 1179 2400 1214; x_wconf 90' lang='lat' dir='ltr'><strong>a</strong></span> <span class='ocrx_word' id='word_1_527' title='bbox 2430 1161 2628 1214; x_wconf 71' lang='lat' dir='ltr'><strong>dextris</strong></span> <span class='ocrx_word' id='word_1_528' title='bbox 2647 1161 2791 1214; x_wconf 86' lang='lat' dir='ltr'><strong>meis.</strong></span> <span class='ocrx_word' id='word_1_529' title='bbox 2819 1159 2878 1214; x_wconf 85' lang='lat' dir='ltr'><strong>Si</strong></span> <span class='ocrx_word' id='word_1_530' title='bbox 2904 1175 3047 1229; x_wconf 86' lang='lat' dir='ltr'><strong>ergo,</strong></span> <span class='ocrx_word' id='word_1_531' title='bbox 3073 1156 3262 1227; x_wconf 89' lang='lat' dir='ltr'><strong>inquit,</strong></span> <span class='ocrx_word' id='word_1_532' title='bbox 3285 1162 3430 1210; x_wconf 87' lang='lat' dir='ltr'><strong>vocat</strong></span> <span class='ocrx_word' id='word_1_533' title='bbox 3459 1171 3573 1208; x_wconf 84' lang='lat' dir='ltr'><strong>eum</strong></span> <span class='ocrx_word' id='word_1_534' title='bbox 3605 1151 3783 1207; x_wconf 85' lang='lat' dir='ltr'><strong>Domi-</strong></span> 
     </span>
    </p>
   </div>
   <div class='ocr_carea' id='block_1_69' title="bbox 2206 1245 3785 1326">
    <p class='ocr_par' dir='ltr' id='par_1_69' title="bbox 2206 1245 3785 1326">
     <span class='ocr_line' id='line_1_69' title="bbox 2206 1245 3785 1326; baseline -0.006 -16"><span class='ocrx_word' id='word_1_535' title='bbox 2206 1273 2326 1310; x_wconf 90' lang='lat' dir='ltr'><strong>num</strong></span> <span class='ocrx_word' id='word_1_536' title='bbox 2367 1255 2556 1320; x_wconf 79' lang='lat' dir='ltr'><strong>David,</strong></span> <span class='ocrx_word' id='word_1_537' title='bbox 2601 1253 2852 1326; x_wconf 85' lang='lat' dir='ltr'><strong>quomodo</strong></span> <span class='ocrx_word' id='word_1_538' title='bbox 2879 1254 2990 1324; x_wconf 86' lang='lat' dir='ltr'><strong>ejus</strong></span> <span class='ocrx_word' id='word_1_539' title='bbox 3018 1261 3094 1305; x_wconf 87' lang='lat' dir='ltr'><strong>est</strong></span> <span class='ocrx_word' id='word_1_540' title='bbox 3117 1250 3257 1321; x_wconf 81' lang='lat' dir='ltr'><strong>filius</strong></span> <span class='ocrx_word' id='word_1_541' title='bbox 3287 1246 3466 1321; x_wconf 73' lang='lat' dir='ltr'><strong>(Matt.</strong></span> <span class='ocrx_word' id='word_1_542' title='bbox 3497 1246 3670 1315; x_wconf 84' lang='lat' dir='ltr'><strong>xxn)?</strong></span> <span class='ocrx_word' id='word_1_543' title='bbox 3701 1245 3785 1301; x_wconf 82' lang='lat' dir='ltr'><strong>ln-</strong></span> 
     </span>
    </p>
   </div>
   <div class='ocr_carea' id='block_1_70' title="bbox 2207 1337 3787 1416">
    <p class='ocr_par' dir='ltr' id='par_1_70' title="bbox 2207 1337 3787 1416">
     <span class='ocr_line' id='line_1_70' title="bbox 2207 1337 3787 1416; baseline -0.008 -14"><span class='ocrx_word' id='word_1_544' title='bbox 2207 1347 2528 1416; x_wconf 87' lang='lat' dir='ltr'><strong>terrogantis</strong></span> <span class='ocrx_word' id='word_1_545' title='bbox 2553 1353 2636 1401; x_wconf 82' lang='lat' dir='ltr'><strong>est</strong></span> <span class='ocrx_word' id='word_1_546' title='bbox 2656 1346 2756 1400; x_wconf 88' lang='lat' dir='ltr'><strong>ista</strong></span> <span class='ocrx_word' id='word_1_547' title='bbox 2786 1342 3075 1415; x_wconf 90' lang='lat' dir='ltr'><strong>oppositio,</strong></span> <span class='ocrx_word' id='word_1_548' title='bbox 3091 1357 3200 1396; x_wconf 89' lang='lat' dir='ltr'><strong>non</strong></span> <span class='ocrx_word' id='word_1_549' title='bbox 3222 1340 3482 1410; x_wconf 76' lang='lat' dir='ltr'><strong>negantis.</strong></span> <span class='ocrx_word' id='word_1_550' title='bbox 3515 1337 3624 1392; x_wconf 81' lang='lat' dir='ltr'><strong>Nos</strong></span> <span class='ocrx_word' id='word_1_551' title='bbox 3644 1337 3787 1392; x_wconf 88' lang='lat' dir='ltr'><strong>enim</strong></span> 
     </span>
    </p>
   </div>
   <div class='ocr_carea' id='block_1_71' title="bbox 2205 1428 3790 1499">
    <p class='ocr_par' dir='ltr' id='par_1_71' title="bbox 2205 1428 3790 1499">
     <span class='ocr_line' id='line_1_71' title="bbox 2205 1428 3790 1499; baseline -0.008 -4"><span class='ocrx_word' id='word_1_552' title='bbox 2205 1456 2328 1496; x_wconf 91' lang='lat' dir='ltr'><strong>eum</strong></span> <span class='ocrx_word' id='word_1_553' title='bbox 2357 1448 2412 1495; x_wconf 90' lang='lat' dir='ltr'><strong>et</strong></span> <span class='ocrx_word' id='word_1_554' title='bbox 2441 1439 2536 1494; x_wconf 89' lang='lat' dir='ltr'><strong>Dei</strong></span> <span class='ocrx_word' id='word_1_555' title='bbox 2557 1437 2748 1493; x_wconf 84' lang='lat' dir='ltr'><strong>Filium</strong></span> <span class='ocrx_word' id='word_1_556' title='bbox 2769 1444 2894 1491; x_wconf 82' lang='lat' dir='ltr'><strong>ante</strong></span> <span class='ocrx_word' id='word_1_557' title='bbox 2925 1434 3203 1489; x_wconf 88' lang='lat' dir='ltr'><strong>luciferum</strong></span> <span class='ocrx_word' id='word_1_558' title='bbox 3222 1448 3291 1488; x_wconf 83' lang='lat' dir='ltr'><strong>ex</strong></span> <span class='ocrx_word' id='word_1_559' title='bbox 3312 1431 3423 1486; x_wconf 91' lang='lat' dir='ltr'><strong>Deo</strong></span> <span class='ocrx_word' id='word_1_560' title='bbox 3441 1429 3612 1485; x_wconf 90' lang='lat' dir='ltr'><strong>Deum</strong></span> <span class='ocrx_word' id='word_1_561' title='bbox 3640 1428 3790 1499; x_wconf 81' lang='lat' dir='ltr'><strong>geni-</strong></span> 
     </span>
    </p>
   </div>
   <div class='ocr_carea' id='block_1_72' title="bbox 2207 1520 3788 1594">
    <p class='ocr_par' dir='ltr' id='par_1_72' title="bbox 2207 1520 3788 1594">
     <span class='ocr_line' id='line_1_72' title="bbox 2207 1520 3788 1594; baseline -0.008 -8"><span class='ocrx_word' id='word_1_562' title='bbox 2207 1541 2321 1587; x_wconf 91' lang='lat' dir='ltr'><strong>tum</strong></span> <span class='ocrx_word' id='word_1_563' title='bbox 2349 1531 2617 1586; x_wconf 90' lang='lat' dir='ltr'><strong>credimus</strong></span> <span class='ocrx_word' id='word_1_564' title='bbox 2643 1547 2655 1582; x_wconf 93' lang='lat'>:</span> <span class='ocrx_word' id='word_1_565' title='bbox 2685 1537 2741 1584; x_wconf 91' lang='lat' dir='ltr'><strong>et</strong></span> <span class='ocrx_word' id='word_1_566' title='bbox 2778 1526 2945 1582; x_wconf 85' lang='lat' dir='ltr'><strong>David</strong></span> <span class='ocrx_word' id='word_1_567' title='bbox 2971 1541 3093 1582; x_wconf 91' lang='lat' dir='ltr'><strong>eum</strong></span> <span class='ocrx_word' id='word_1_568' title='bbox 3127 1523 3288 1579; x_wconf 88' lang='lat' dir='ltr'><strong>ﬁlium</strong></span> <span class='ocrx_word' id='word_1_569' title='bbox 3317 1539 3416 1594; x_wconf 90' lang='lat' dir='ltr'><strong>per</strong></span> <span class='ocrx_word' id='word_1_570' title='bbox 3445 1530 3659 1592; x_wconf 91' lang='lat' dir='ltr'><strong>partum</strong></span> <span class='ocrx_word' id='word_1_571' title='bbox 3680 1520 3788 1574; x_wconf 87' lang='lat' dir='ltr'><strong>vir-</strong></span> 
     </span>
    </p>
   </div>
   <div class='ocr_carea' id='block_1_73' title="bbox 2205 1609 3793 1692">
    <p class='ocr_par' dir='ltr' id='par_1_73' title="bbox 2205 1609 3793 1692">
     <span class='ocr_line' id='line_1_73' title="bbox 2205 1609 3793 1692; baseline -0.008 -16"><span class='ocrx_word' id='word_1_572' title='bbox 2205 1623 2343 1692; x_wconf 88' lang='lat' dir='ltr'><strong>ginis</strong></span> <span class='ocrx_word' id='word_1_573' title='bbox 2373 1621 2550 1676; x_wconf 68' lang='lat' dir='ltr'><strong>Mariae</strong></span> <span class='ocrx_word' id='word_1_574' title='bbox 2570 1621 2902 1692; x_wconf 88' lang='lat' dir='ltr'><strong>prolitemur,</strong></span> <span class='ocrx_word' id='word_1_575' title='bbox 2921 1617 3013 1688; x_wconf 89' lang='lat' dir='ltr'><strong>qui</strong></span> <span class='ocrx_word' id='word_1_576' title='bbox 3034 1614 3326 1672; x_wconf 89' lang='lat' dir='ltr'><strong>ascendens</strong></span> <span class='ocrx_word' id='word_1_577' title='bbox 3354 1613 3406 1668; x_wconf 93' lang='lat' dir='ltr'><strong>in</strong></span> <span class='ocrx_word' id='word_1_578' title='bbox 3431 1613 3619 1676; x_wconf 77' lang='lat' dir='ltr'><strong>eteius,</strong></span> <span class='ocrx_word' id='word_1_579' title='bbox 3641 1609 3793 1666; x_wconf 85' lang='lat' dir='ltr'><strong>sedet</strong></span> 
     </span>
    </p>
   </div>
   <div class='ocr_carea' id='block_1_74' title="bbox 2211 1701 3793 1776">
    <p class='ocr_par' dir='ltr' id='par_1_74' title="bbox 2211 1701 3793 1776">
     <span class='ocr_line' id='line_1_74' title="bbox 2211 1701 3793 1776; baseline -0.009 -6"><span class='ocrx_word' id='word_1_580' title='bbox 2211 1715 2280 1770; x_wconf 85' lang='lat' dir='ltr'><strong>ad</strong></span> <span class='ocrx_word' id='word_1_581' title='bbox 2309 1713 2590 1769; x_wconf 89' lang='lat' dir='ltr'><strong>dexteram</strong></span> <span class='ocrx_word' id='word_1_582' title='bbox 2616 1709 2808 1776; x_wconf 89' lang='lat' dir='ltr'><strong>Patris,</strong></span> <span class='ocrx_word' id='word_1_583' title='bbox 2842 1707 2983 1764; x_wconf 89' lang='lat' dir='ltr'><strong>unde</strong></span> <span class='ocrx_word' id='word_1_584' title='bbox 3010 1713 3268 1763; x_wconf 81' lang='lat' dir='ltr'><strong>venturus</strong></span> <span class='ocrx_word' id='word_1_585' title='bbox 3294 1712 3377 1760; x_wconf 90' lang='lat' dir='ltr'><strong>est</strong></span> <span class='ocrx_word' id='word_1_586' title='bbox 3399 1702 3585 1772; x_wconf 88' lang='lat' dir='ltr'><strong>judex.</strong></span> <span class='ocrx_word' id='word_1_587' title='bbox 3612 1701 3793 1757; x_wconf 83' lang='lat' dir='ltr'><strong>Habe-</strong></span> 
     </span>
    </p>
   </div>
   <div class='ocr_carea' id='block_1_75' title="bbox 2209 1796 3794 1880">
    <p class='ocr_par' dir='ltr' id='par_1_75' title="bbox 2209 1796 3794 1880">
     <span class='ocr_line' id='line_1_75' title="bbox 2209 1796 3794 1880; baseline -0.009 -20"><span class='ocrx_word' id='word_1_588' title='bbox 2209 1806 2286 1860; x_wconf 89' lang='lat' dir='ltr'><strong>bit</strong></span> <span class='ocrx_word' id='word_1_589' title='bbox 2310 1804 2555 1880; x_wconf 82' lang='lat' dir='ltr'><strong>inimicos</strong></span> <span class='ocrx_word' id='word_1_590' title='bbox 2591 1817 2718 1858; x_wconf 91' lang='lat' dir='ltr'><strong>suos</strong></span> <span class='ocrx_word' id='word_1_591' title='bbox 2762 1799 3055 1856; x_wconf 83' lang='lat' dir='ltr'><strong>scabellum</strong></span> <span class='ocrx_word' id='word_1_592' title='bbox 3083 1796 3278 1868; x_wconf 89' lang='lat' dir='ltr'><strong>pedum</strong></span> <span class='ocrx_word' id='word_1_593' title='bbox 3304 1809 3558 1858; x_wconf 90' lang='lat' dir='ltr'><strong>suorum,</strong></span> <span class='ocrx_word' id='word_1_594' title='bbox 3599 1808 3794 1847; x_wconf 83' lang='lat' dir='ltr'><strong>secun-</strong></span> 
     </span>
    </p>
   </div>
   <div class='ocr_carea' id='block_1_76' title="bbox 2139 1884 3795 1967">
    <p class='ocr_par' dir='ltr' id='par_1_76' title="bbox 2139 1884 3795 1967">
     <span class='ocr_line' id='line_1_76' title="bbox 2139 1884 3795 1967; baseline -0.01 -15"><span class='ocrx_word' id='word_1_595' title='bbox 2139 1907 2185 1967; x_wconf 76' lang='grc' dir='ltr'><strong>Β</strong></span> <span class='ocrx_word' id='word_1_596' title='bbox 2209 1896 2336 1951; x_wconf 92' lang='lat' dir='ltr'><strong>dum</strong></span> <span class='ocrx_word' id='word_1_597' title='bbox 2365 1894 2508 1965; x_wconf 89' lang='lat' dir='ltr'><strong>quod</strong></span> <span class='ocrx_word' id='word_1_598' title='bbox 2529 1901 2585 1949; x_wconf 91' lang='lat' dir='ltr'><strong>et</strong></span> <span class='ocrx_word' id='word_1_599' title='bbox 2609 1891 2897 1963; x_wconf 86' lang='lat' dir='ltr'><strong>Apostolus</strong></span> <span class='ocrx_word' id='word_1_600' title='bbox 2925 1888 3053 1944; x_wconf 84' lang='lat' dir='ltr'><strong>dicit</strong></span> <span class='ocrx_word' id='word_1_601' title='bbox 3079 1906 3091 1939; x_wconf 90' lang='lat'><strong>:</strong></span> <span class='ocrx_word' id='word_1_602' title='bbox 3117 1886 3243 1940; x_wconf 90' lang='lat' dir='ltr'><strong>Cum</strong></span> <span class='ocrx_word' id='word_1_603' title='bbox 3257 1884 3572 1940; x_wconf 73' lang='lat' dir='ltr'><strong>eraeuarerit</strong></span> <span class='ocrx_word' id='word_1_604' title='bbox 3594 1899 3795 1938; x_wconf 70' lang='lat' dir='ltr'><strong>omnem</strong></span> 
     </span>
    </p>
   </div>
   <div class='ocr_carea' id='block_1_77' title="bbox 2210 1975 3797 2061">
    <p class='ocr_par' dir='ltr' id='par_1_77' title="bbox 2210 1975 3797 2061">
     <span class='ocr_line' id='line_1_77' title="bbox 2210 1975 3797 2061; baseline -0.009 -18"><span class='ocrx_word' id='word_1_605' title='bbox 2210 1989 2577 2061; x_wconf 87' lang='lat' dir='ltr'><strong>principatum,</strong></span> <span class='ocrx_word' id='word_1_606' title='bbox 2601 1992 2903 2058; x_wconf 80' lang='lat' dir='ltr'><strong>potestatem</strong></span> <span class='ocrx_word' id='word_1_607' title='bbox 2926 1989 2974 2036; x_wconf 89' lang='lat' dir='ltr'><strong>et</strong></span> <span class='ocrx_word' id='word_1_608' title='bbox 3000 1981 3254 2044; x_wconf 73' lang='lat' dir='ltr'><strong>virtutem,</strong></span> <span class='ocrx_word' id='word_1_609' title='bbox 3275 1986 3401 2032; x_wconf 91' lang='lat' dir='ltr'><strong>tunc</strong></span> <span class='ocrx_word' id='word_1_610' title='bbox 3426 1984 3630 2048; x_wconf 85' lang='lat' dir='ltr'><strong>oportet</strong></span> <span class='ocrx_word' id='word_1_611' title='bbox 3651 1975 3797 2029; x_wconf 80' lang='lat' dir='ltr'><strong>illum</strong></span> 
     </span>
    </p>
   </div>
   <div class='ocr_carea' id='block_1_78' title="bbox 2211 2066 3798 2153">
    <p class='ocr_par' dir='ltr' id='par_1_78' title="bbox 2211 2066 3798 2153">
     <span class='ocr_line' id='line_1_78' title="bbox 2211 2066 3798 2153; baseline -0.009 -17"><span class='ocrx_word' id='word_1_612' title='bbox 2211 2097 2425 2153; x_wconf 82' lang='lat' dir='ltr'><strong>regnare</strong></span> <span class='ocrx_word' id='word_1_613' title='bbox 2453 2083 2612 2134; x_wconf 87' lang='lat' dir='ltr'><strong>donec</strong></span> <span class='ocrx_word' id='word_1_614' title='bbox 2639 2084 2798 2151; x_wconf 87' lang='lat' dir='ltr'><strong>ponat</strong></span> <span class='ocrx_word' id='word_1_615' title='bbox 2824 2091 3002 2130; x_wconf 90' lang='lat' dir='ltr'><strong>omnes</strong></span> <span class='ocrx_word' id='word_1_616' title='bbox 3023 2073 3254 2127; x_wconf 86' lang='lat' dir='ltr'><strong>inimicos</strong></span> <span class='ocrx_word' id='word_1_617' title='bbox 3295 2087 3416 2125; x_wconf 89' lang='lat' dir='ltr'><strong>suos</strong></span> <span class='ocrx_word' id='word_1_618' title='bbox 3462 2069 3557 2124; x_wconf 86' lang='lat' dir='ltr'><strong>sub</strong></span> <span class='ocrx_word' id='word_1_619' title='bbox 3585 2066 3798 2139; x_wconf 84' lang='lat' dir='ltr'><strong>pedibus</strong></span> 
     </span>
    </p>
   </div>
   <div class='ocr_carea' id='block_1_79' title="bbox 2207 2164 3797 2246">
    <p class='ocr_par' dir='ltr' id='par_1_79' title="bbox 2207 2164 3797 2246">
     <span class='ocr_line' id='line_1_79' title="bbox 2207 2164 3797 2246; baseline -0.007 -18"><span class='ocrx_word' id='word_1_620' title='bbox 2207 2175 2320 2246; x_wconf 79' lang='lat' dir='ltr'><strong>ejus</strong></span> <span class='ocrx_word' id='word_1_621' title='bbox 2351 2172 2393 2244; x_wconf 91' lang='lat' dir='ltr'><strong>(I</strong></span> <span class='ocrx_word' id='word_1_622' title='bbox 2415 2172 2533 2228; x_wconf 89' lang='lat' dir='ltr'><strong>Cor.</strong></span> <span class='ocrx_word' id='word_1_623' title='bbox 2567 2171 2676 2242; x_wconf 88' lang='lat' dir='ltr'><strong>xv).</strong></span> <span class='ocrx_word' id='word_1_624' title='bbox 2701 2164 2867 2239; x_wconf 87' lang='lat' dir='ltr'><strong>Cujus</strong></span> <span class='ocrx_word' id='word_1_625' title='bbox 2889 2167 3132 2222; x_wconf 83' lang='lat' dir='ltr'><strong>inimicos</strong></span> <span class='ocrx_word' id='word_1_626' title='bbox 3159 2167 3206 2222; x_wconf 90' lang='lat' dir='ltr'><strong>si</strong></span> <span class='ocrx_word' id='word_1_627' title='bbox 3234 2166 3555 2233; x_wconf 86' lang='lat' dir='ltr'><strong>interrogas,</strong></span> <span class='ocrx_word' id='word_1_628' title='bbox 3580 2179 3797 2234; x_wconf 62' lang='lat' dir='ltr'><strong>respon&lt;</strong></span> 
     </span>
    </p>
   </div>
   <div class='ocr_carea' id='block_1_80' title="bbox 2210 2253 3799 2332">
    <p class='ocr_par' dir='ltr' id='par_1_80' title="bbox 2210 2253 3799 2332">
     <span class='ocr_line' id='line_1_80' title="bbox 2210 2253 3799 2332; baseline -0.008 -11"><span class='ocrx_word' id='word_1_629' title='bbox 2210 2265 2360 2321; x_wconf 89' lang='lat' dir='ltr'><strong>debit</strong></span> <span class='ocrx_word' id='word_1_630' title='bbox 2390 2264 2502 2329; x_wconf 87' lang='lat' dir='ltr'><strong>tibi,</strong></span> <span class='ocrx_word' id='word_1_631' title='bbox 2535 2263 2651 2332; x_wconf 88' lang='lat' dir='ltr'><strong>ejus</strong></span> <span class='ocrx_word' id='word_1_632' title='bbox 2680 2262 2796 2317; x_wconf 89' lang='lat' dir='ltr'><strong>sine</strong></span> <span class='ocrx_word' id='word_1_633' title='bbox 2816 2259 2978 2315; x_wconf 90' lang='lat' dir='ltr'><strong>dubio</strong></span> <span class='ocrx_word' id='word_1_634' title='bbox 2999 2258 3154 2328; x_wconf 88' lang='lat' dir='ltr'><strong>cujus</strong></span> <span class='ocrx_word' id='word_1_635' title='bbox 3175 2257 3379 2327; x_wconf 78' lang='lat' dir='ltr'><strong>virgam</strong></span> <span class='ocrx_word' id='word_1_636' title='bbox 3409 2255 3624 2310; x_wconf 89' lang='lat' dir='ltr'><strong>virtutis</strong></span> <span class='ocrx_word' id='word_1_637' title='bbox 3652 2253 3799 2308; x_wconf 88' lang='lat' dir='ltr'><strong>misit</strong></span> 
     </span>
    </p>
   </div>
   <div class='ocr_carea' id='block_1_81' title="bbox 2211 2349 3792 2422">
    <p class='ocr_par' dir='ltr' id='par_1_81' title="bbox 2211 2349 3792 2422">
     <span class='ocr_line' id='line_1_81' title="bbox 2211 2349 3792 2422; baseline -0.008 -8"><span class='ocrx_word' id='word_1_638' title='bbox 2211 2358 2466 2413; x_wconf 89' lang='lat' dir='ltr'><strong>Dominus</strong></span> <span class='ocrx_word' id='word_1_639' title='bbox 2493 2373 2559 2412; x_wconf 85' lang='lat' dir='ltr'><strong>ex</strong></span> <span class='ocrx_word' id='word_1_640' title='bbox 2585 2355 2734 2411; x_wconf 91' lang='lat' dir='ltr'><strong>Sion.</strong></span> <span class='ocrx_word' id='word_1_641' title='bbox 2773 2354 2930 2422; x_wconf 81' lang='lat' dir='ltr'><strong>Virga</strong></span> <span class='ocrx_word' id='word_1_642' title='bbox 2964 2351 3194 2417; x_wconf 89' lang='lat' dir='ltr'><strong>virtutis,</strong></span> <span class='ocrx_word' id='word_1_643' title='bbox 3226 2349 3461 2405; x_wconf 89' lang='lat' dir='ltr'><strong>hominis</strong></span> <span class='ocrx_word' id='word_1_644' title='bbox 3490 2364 3680 2418; x_wconf 91' lang='lat' dir='ltr'><strong>corpus</strong></span> <span class='ocrx_word' id='word_1_645' title='bbox 3706 2353 3792 2402; x_wconf 84' lang='lat' dir='ltr'><strong>est</strong></span> 
     </span>
    </p>
   </div>
   <div class='ocr_carea' id='block_1_82' title="bbox 2210 2443 3789 2520">
    <p class='ocr_par' dir='ltr' id='par_1_82' title="bbox 2210 2443 3789 2520">
     <span class='ocr_line' id='line_1_82' title="bbox 2210 2443 3789 2520; baseline -0.007 -14"><span class='ocrx_word' id='word_1_646' title='bbox 2210 2466 2278 2506; x_wconf 83' lang='lat' dir='ltr'><strong>ex</strong></span> <span class='ocrx_word' id='word_1_647' title='bbox 2293 2451 2511 2520; x_wconf 81' lang='lat' dir='ltr'><strong>Virgine</strong></span> <span class='ocrx_word' id='word_1_648' title='bbox 2541 2451 2670 2515; x_wconf 91' lang='lat' dir='ltr'><strong>nati,</strong></span> <span class='ocrx_word' id='word_1_649' title='bbox 2694 2464 2855 2518; x_wconf 90' lang='lat' dir='ltr'><strong>quam</strong></span> <span class='ocrx_word' id='word_1_650' title='bbox 2878 2448 3081 2517; x_wconf 86' lang='lat' dir='ltr'><strong>virgam</strong></span> <span class='ocrx_word' id='word_1_651' title='bbox 3111 2463 3177 2502; x_wconf 80' lang='lat' dir='ltr'><strong>ex</strong></span> <span class='ocrx_word' id='word_1_652' title='bbox 3195 2445 3326 2502; x_wconf 87' lang='lat' dir='ltr'><strong>Sion</strong></span> <span class='ocrx_word' id='word_1_653' title='bbox 3354 2445 3501 2500; x_wconf 89' lang='lat' dir='ltr'><strong>misit</strong></span> <span class='ocrx_word' id='word_1_654' title='bbox 3520 2443 3789 2509; x_wconf 89' lang='lat' dir='ltr'><strong>Dominus,</strong></span> 
     </span>
    </p>
   </div>
   <div class='ocr_carea' id='block_1_83' title="bbox 2211 2538 3799 2607">
    <p class='ocr_par' dir='ltr' id='par_1_83' title="bbox 2211 2538 3799 2607">
     <span class='ocr_line' id='line_1_83' title="bbox 2211 2538 3799 2607; baseline -0.004 -9"><span class='ocrx_word' id='word_1_655' title='bbox 2211 2551 2269 2598; x_wconf 90' lang='lat' dir='ltr'><strong>ut</strong></span> <span class='ocrx_word' id='word_1_656' title='bbox 2294 2544 2598 2600; x_wconf 88' lang='lat' dir='ltr'><strong>dominetur</strong></span> <span class='ocrx_word' id='word_1_657' title='bbox 2619 2544 2670 2598; x_wconf 91' lang='lat' dir='ltr'><strong>in</strong></span> <span class='ocrx_word' id='word_1_658' title='bbox 2694 2543 2870 2598; x_wconf 92' lang='lat' dir='ltr'><strong>medio</strong></span> <span class='ocrx_word' id='word_1_659' title='bbox 2893 2541 3227 2597; x_wconf 89' lang='lat' dir='ltr'><strong>inimicorum</strong></span> <span class='ocrx_word' id='word_1_660' title='bbox 3253 2555 3496 2596; x_wconf 89' lang='lat' dir='ltr'><strong>suorum.</strong></span> <span class='ocrx_word' id='word_1_661' title='bbox 3523 2538 3638 2595; x_wconf 81' lang='lat' dir='ltr'><strong>Non</strong></span> <span class='ocrx_word' id='word_1_662' title='bbox 3667 2552 3799 2607; x_wconf 84' lang='lat' dir='ltr'><strong>ergo</strong></span> 
     </span>
    </p>
   </div>
   <div class='ocr_carea' id='block_1_84' title="bbox 2210 2632 3800 2702">
    <p class='ocr_par' dir='ltr' id='par_1_84' title="bbox 2210 2632 3800 2702">
     <span class='ocr_line' id='line_1_84' title="bbox 2210 2632 3800 2702; baseline -0.004 -9"><span class='ocrx_word' id='word_1_663' title='bbox 2210 2639 2347 2694; x_wconf 88' lang='lat' dir='ltr'><strong>sicut</strong></span> <span class='ocrx_word' id='word_1_664' title='bbox 2400 2635 2718 2692; x_wconf 87' lang='lat' dir='ltr'><strong>damnabilis</strong></span> <span class='ocrx_word' id='word_1_665' title='bbox 2758 2634 3018 2690; x_wconf 86' lang='lat' dir='ltr'><strong>Photinus</strong></span> <span class='ocrx_word' id='word_1_666' title='bbox 3065 2634 3256 2700; x_wconf 91' lang='lat' dir='ltr'><strong>credit,</strong></span> <span class='ocrx_word' id='word_1_667' title='bbox 3306 2649 3375 2690; x_wconf 86' lang='lat' dir='ltr'><strong>ex</strong></span> <span class='ocrx_word' id='word_1_668' title='bbox 3422 2632 3606 2688; x_wconf 72' lang='lat' dir='ltr'><strong>Maria:</strong></span> <span class='ocrx_word' id='word_1_669' title='bbox 3644 2639 3800 2702; x_wconf 80' lang='lat' dir='ltr'><strong>partu</strong></span> 
     </span>
    </p>
   </div>
   <div class='ocr_carea' id='block_1_85' title="bbox 2210 2725 3801 2799">
    <p class='ocr_par' dir='ltr' id='par_1_85' title="bbox 2210 2725 3801 2799">
     <span class='ocr_line' id='line_1_85' title="bbox 2210 2725 3801 2799; baseline -0.001 -16"><span class='ocrx_word' id='word_1_670' title='bbox 2210 2728 2440 2799; x_wconf 85' lang='lat' dir='ltr'><strong>sumpsit</strong></span> <span class='ocrx_word' id='word_1_671' title='bbox 2479 2728 2778 2793; x_wconf 78' lang='lat' dir='ltr'><strong>exordium,</strong></span> <span class='ocrx_word' id='word_1_672' title='bbox 2829 2727 2923 2782; x_wconf 89' lang='lat' dir='ltr'><strong>sed</strong></span> <span class='ocrx_word' id='word_1_673' title='bbox 2968 2735 3094 2782; x_wconf 89' lang='lat' dir='ltr'><strong>ante</strong></span> <span class='ocrx_word' id='word_1_674' title='bbox 3123 2726 3406 2781; x_wconf 88' lang='lat' dir='ltr'><strong>luciferum</strong></span> <span class='ocrx_word' id='word_1_675' title='bbox 3430 2733 3515 2780; x_wconf 85' lang='lat' dir='ltr'><strong>est</strong></span> <span class='ocrx_word' id='word_1_676' title='bbox 3535 2740 3603 2781; x_wconf 87' lang='lat' dir='ltr'><strong>ex</strong></span> <span class='ocrx_word' id='word_1_677' title='bbox 3624 2725 3801 2782; x_wconf 85' lang='lat' dir='ltr'><strong>Patris</strong></span> 
     </span>
    </p>
   </div>
   <div class='ocr_carea' id='block_1_86' title="bbox 2211 2819 3798 2890">
    <p class='ocr_par' dir='ltr' id='par_1_86' title="bbox 2211 2819 3798 2890">
     <span class='ocr_line' id='line_1_86' title="bbox 2211 2819 3798 2890; baseline 0.002 -15"><span class='ocrx_word' id='word_1_678' title='bbox 2211 2836 2306 2876; x_wconf 86' lang='lat' dir='ltr'><strong>ore</strong></span> <span class='ocrx_word' id='word_1_679' title='bbox 2337 2819 2677 2890; x_wconf 80' lang='lat' dir='ltr'><strong>progenitus;</strong></span> <span class='ocrx_word' id='word_1_680' title='bbox 2706 2819 2793 2874; x_wconf 91' lang='lat' dir='ltr'><strong>hic</strong></span> <span class='ocrx_word' id='word_1_681' title='bbox 2813 2819 2903 2888; x_wconf 83' lang='lat' dir='ltr'><strong>qui</strong></span> <span class='ocrx_word' id='word_1_682' title='bbox 2926 2834 3023 2890; x_wconf 89' lang='lat' dir='ltr'><strong>per</strong></span> <span class='ocrx_word' id='word_1_683' title='bbox 3049 2819 3365 2890; x_wconf 88' lang='lat' dir='ltr'><strong>mysterium</strong></span> <span class='ocrx_word' id='word_1_684' title='bbox 3401 2819 3560 2890; x_wconf 86' lang='lat' dir='ltr'><strong>panis</strong></span> <span class='ocrx_word' id='word_1_685' title='bbox 3599 2837 3665 2876; x_wconf 89' lang='lat' dir='ltr'><strong>ac</strong></span> <span class='ocrx_word' id='word_1_686' title='bbox 3690 2820 3798 2878; x_wconf 85' lang='lat' dir='ltr'><strong>vini</strong></span> 
     </span>
    </p>
   </div>
   <div class='ocr_carea' id='block_1_87' title="bbox 2210 2909 3797 2973">
    <p class='ocr_par' dir='ltr' id='par_1_87' title="bbox 2210 2909 3797 2973">
     <span class='ocr_line' id='line_1_87' title="bbox 2210 2909 3797 2973; baseline 0.001 -7"><span class='ocrx_word' id='word_1_687' title='bbox 2210 2910 2461 2966; x_wconf 90' lang='lat' dir='ltr'><strong>sacerdos</strong></span> <span class='ocrx_word' id='word_1_688' title='bbox 2508 2910 2678 2966; x_wconf 90' lang='lat' dir='ltr'><strong>factus</strong></span> <span class='ocrx_word' id='word_1_689' title='bbox 2724 2918 2803 2965; x_wconf 89' lang='lat' dir='ltr'><strong>est</strong></span> <span class='ocrx_word' id='word_1_690' title='bbox 2835 2910 2887 2964; x_wconf 93' lang='lat' dir='ltr'><strong>iu</strong></span> <span class='ocrx_word' id='word_1_691' title='bbox 2917 2917 3196 2973; x_wconf 59' lang='lat' dir='ltr'><strong>aeternum,</strong></span> <span class='ocrx_word' id='word_1_692' title='bbox 3228 2909 3524 2965; x_wconf 85' lang='lat' dir='ltr'><strong>secundum</strong></span> <span class='ocrx_word' id='word_1_693' title='bbox 3556 2911 3797 2968; x_wconf 87' lang='lat' dir='ltr'><strong>ordinem</strong></span> 
     </span>
    </p>
   </div>
   <div class='ocr_carea' id='block_1_88' title="bbox 2210 3000 3795 3072">
    <p class='ocr_par' dir='ltr' id='par_1_88' title="bbox 2210 3000 3795 3072">
     <span class='ocr_line' id='line_1_88' title="bbox 2210 3000 3795 3072; baseline 0.001 -16"><span class='ocrx_word' id='word_1_694' title='bbox 2210 3000 2640 3066; x_wconf 87' lang='lat' dir='ltr'><strong>Melchisedech,</strong></span> <span class='ocrx_word' id='word_1_695' title='bbox 2686 3001 2777 3070; x_wconf 89' lang='lat' dir='ltr'><strong>qui</strong></span> <span class='ocrx_word' id='word_1_696' title='bbox 2826 3016 3019 3072; x_wconf 88' lang='lat' dir='ltr'><strong>panem</strong></span> <span class='ocrx_word' id='word_1_697' title='bbox 3057 3009 3113 3056; x_wconf 89' lang='lat' dir='ltr'><strong>et</strong></span> <span class='ocrx_word' id='word_1_698' title='bbox 3155 3001 3334 3056; x_wconf 92' lang='lat' dir='ltr'><strong>vinum</strong></span> <span class='ocrx_word' id='word_1_699' title='bbox 3358 3003 3508 3058; x_wconf 90' lang='lat' dir='ltr'><strong>solus</strong></span> <span class='ocrx_word' id='word_1_700' title='bbox 3529 3003 3721 3058; x_wconf 87' lang='lat' dir='ltr'><strong>obtulit</strong></span> <span class='ocrx_word' id='word_1_701' title='bbox 3743 3004 3795 3060; x_wconf 91' lang='lat' dir='ltr'><strong>in</strong></span> 
     </span>
    </p>
   </div>
   <div class='ocr_carea' id='block_1_89' title="bbox 2209 3092 3796 3158">
    <p class='ocr_par' dir='ltr' id='par_1_89' title="bbox 2209 3092 3796 3158">
     <span class='ocr_line' id='line_1_89' title="bbox 2209 3092 3796 3158; baseline 0.001 -8"><span class='ocrx_word' id='word_1_702' title='bbox 2209 3092 2612 3158; x_wconf 83' lang='lat' dir='ltr'><strong>sacerdotibus,</strong></span> <span class='ocrx_word' id='word_1_703' title='bbox 2643 3092 2772 3146; x_wconf 88' lang='lat' dir='ltr'><strong>dum</strong></span> <span class='ocrx_word' id='word_1_704' title='bbox 2819 3093 3089 3147; x_wconf 81' lang='lat' dir='ltr'><strong>Abraham</strong></span> <span class='ocrx_word' id='word_1_705' title='bbox 3137 3093 3309 3148; x_wconf 86' lang='lat' dir='ltr'><strong>victor</strong></span> <span class='ocrx_word' id='word_1_706' title='bbox 3337 3103 3704 3151; x_wconf 82' lang='lat' dir='ltr'><strong>reverteretur</strong></span> <span class='ocrx_word' id='word_1_707' title='bbox 3729 3095 3796 3152; x_wconf 86' lang='lat' dir='ltr'><strong>de</strong></span> 
     </span>
    </p>
   </div>
   <div class='ocr_carea' id='block_1_90' title="bbox 2211 3185 3794 3258">
    <p class='ocr_par' dir='ltr' id='par_1_90' title="bbox 2211 3185 3794 3258">
     <span class='ocr_line' id='line_1_90' title="bbox 2211 3185 3794 3258; baseline 0.004 -22"><span class='ocrx_word' id='word_1_708' title='bbox 2211 3186 2416 3255; x_wconf 71' lang='lat' dir='ltr'><strong>pmlio.</strong></span> <span class='ocrx_word' id='word_1_709' title='bbox 2443 3185 2729 3241; x_wconf 84' lang='lat' dir='ltr'><strong>Videamus</strong></span> <span class='ocrx_word' id='word_1_710' title='bbox 2758 3202 2900 3241; x_wconf 89' lang='lat' dir='ltr'><strong>nunc</strong></span> <span class='ocrx_word' id='word_1_711' title='bbox 2925 3185 3196 3256; x_wconf 86' lang='lat' dir='ltr'><strong>quomodo</strong></span> <span class='ocrx_word' id='word_1_712' title='bbox 3225 3201 3257 3258; x_wconf 86' lang='lat' dir='ltr'><strong>a</strong></span> <span class='ocrx_word' id='word_1_713' title='bbox 3284 3185 3490 3243; x_wconf 87' lang='lat' dir='ltr'><strong>dextris</strong></span> <span class='ocrx_word' id='word_1_714' title='bbox 3517 3188 3637 3258; x_wconf 86' lang='lat' dir='ltr'><strong>ejus</strong></span> <span class='ocrx_word' id='word_1_715' title='bbox 3663 3205 3794 3245; x_wconf 81' lang='lat' dir='ltr'><strong>cou-</strong></span> 
     </span>
    </p>
   </div>
   <div class='ocr_carea' id='block_1_91' title="bbox 2135 3277 3795 3354">
    <p class='ocr_par' dir='ltr' id='par_1_91' title="bbox 2135 3277 3795 3354">
     <span class='ocr_line' id='line_1_91' title="bbox 2135 3277 3795 3354; baseline 0.004 -24"><span class='ocrx_word' id='word_1_716' title='bbox 2135 3290 2181 3354; x_wconf 70' lang='grc' dir='ltr'><strong>ρ</strong></span> <span class='ocrx_word' id='word_1_717' title='bbox 2213 3277 2367 3331; x_wconf 85' lang='lat' dir='ltr'><strong>fracti</strong></span> <span class='ocrx_word' id='word_1_718' title='bbox 2411 3285 2536 3332; x_wconf 88' lang='lat' dir='ltr'><strong>sunt</strong></span> <span class='ocrx_word' id='word_1_719' title='bbox 2578 3278 2628 3332; x_wconf 91' lang='lat' dir='ltr'><strong>in</strong></span> <span class='ocrx_word' id='word_1_720' title='bbox 2676 3277 2763 3333; x_wconf 86' lang='lat' dir='ltr'><strong>die</strong></span> <span class='ocrx_word' id='word_1_721' title='bbox 2802 3277 2894 3332; x_wconf 77' lang='lat' dir='ltr'><strong>ira:</strong></span> <span class='ocrx_word' id='word_1_722' title='bbox 2932 3277 3049 3345; x_wconf 89' lang='lat' dir='ltr'><strong>ejus</strong></span> <span class='ocrx_word' id='word_1_723' title='bbox 3076 3289 3252 3347; x_wconf 84' lang='lat' dir='ltr'><strong>reges.</strong></span> <span class='ocrx_word' id='word_1_724' title='bbox 3288 3278 3334 3332; x_wconf 75' lang='grc' dir='ltr'><strong>Α</strong></span> <span class='ocrx_word' id='word_1_725' title='bbox 3361 3278 3567 3336; x_wconf 91' lang='lat' dir='ltr'><strong>dextris</strong></span> <span class='ocrx_word' id='word_1_726' title='bbox 3587 3280 3795 3337; x_wconf 90' lang='lat' dir='ltr'><strong>Domini</strong></span> 
     </span>
    </p>
   </div>
   <div class='ocr_carea' id='block_1_92' title="bbox 2213 3367 3798 3438">
    <p class='ocr_par' dir='ltr' id='par_1_92' title="bbox 2213 3367 3798 3438">
     <span class='ocr_line' id='line_1_92' title="bbox 2213 3367 3798 3438; baseline 0.003 -16"><span class='ocrx_word' id='word_1_727' title='bbox 2213 3367 2264 3422; x_wconf 91' lang='lat' dir='ltr'><strong>in</strong></span> <span class='ocrx_word' id='word_1_728' title='bbox 2294 3383 2452 3423; x_wconf 87' lang='lat' dir='ltr'><strong>cruce</strong></span> <span class='ocrx_word' id='word_1_729' title='bbox 2473 3369 2631 3438; x_wconf 88' lang='lat' dir='ltr'><strong>positi</strong></span> <span class='ocrx_word' id='word_1_730' title='bbox 2664 3369 2800 3424; x_wconf 82' lang='lat' dir='ltr'><strong>ﬁxus</strong></span> <span class='ocrx_word' id='word_1_731' title='bbox 2824 3376 2940 3424; x_wconf 88' lang='lat' dir='ltr'><strong>erat</strong></span> <span class='ocrx_word' id='word_1_732' title='bbox 2964 3368 3120 3434; x_wconf 85' lang='lat' dir='ltr'><strong>latro,</strong></span> <span class='ocrx_word' id='word_1_733' title='bbox 3143 3383 3303 3438; x_wconf 90' lang='lat' dir='ltr'><strong>quem</strong></span> <span class='ocrx_word' id='word_1_734' title='bbox 3332 3371 3433 3426; x_wconf 79' lang='lat' dir='ltr'><strong>sibi</strong></span> <span class='ocrx_word' id='word_1_735' title='bbox 3453 3370 3798 3427; x_wconf 88' lang='lat' dir='ltr'><strong>vindicabant</strong></span> 
     </span>
    </p>
   </div>
   <div class='ocr_carea' id='block_1_93' title="bbox 2211 3460 3797 3531">
    <p class='ocr_par' dir='ltr' id='par_1_93' title="bbox 2211 3460 3797 3531">
     <span class='ocr_line' id='line_1_93' title="bbox 2211 3460 3797 3531; baseline 0.005 -19"><span class='ocrx_word' id='word_1_736' title='bbox 2211 3473 2367 3528; x_wconf 82' lang='lat' dir='ltr'><strong>reges</strong></span> <span class='ocrx_word' id='word_1_737' title='bbox 2399 3467 2453 3514; x_wconf 93' lang='lat' dir='ltr'><strong>et</strong></span> <span class='ocrx_word' id='word_1_738' title='bbox 2487 3460 2754 3531; x_wconf 88' lang='lat' dir='ltr'><strong>principes</strong></span> <span class='ocrx_word' id='word_1_739' title='bbox 2784 3461 3148 3517; x_wconf 87' lang='lat' dir='ltr'><strong>tenebrarum.</strong></span> <span class='ocrx_word' id='word_1_740' title='bbox 3181 3460 3290 3517; x_wconf 89' lang='lat' dir='ltr'><strong>Hos</strong></span> <span class='ocrx_word' id='word_1_741' title='bbox 3317 3461 3579 3531; x_wconf 88' lang='lat' dir='ltr'><strong>confregit</strong></span> <span class='ocrx_word' id='word_1_742' title='bbox 3616 3464 3670 3519; x_wconf 90' lang='lat' dir='ltr'><strong>in</strong></span> <span class='ocrx_word' id='word_1_743' title='bbox 3708 3464 3797 3520; x_wconf 86' lang='lat' dir='ltr'><strong>die</strong></span> 
     </span>
    </p>
   </div>
   <div class='ocr_carea' id='block_1_94' title="bbox 2211 3543 3796 3631">
    <p class='ocr_par' dir='ltr' id='par_1_94' title="bbox 2211 3543 3796 3631">
     <span class='ocr_line' id='line_1_94' title="bbox 2211 3543 3796 3631; baseline 0.004 -25"><span class='ocrx_word' id='word_1_744' title='bbox 2211 3551 2304 3607; x_wconf 70' lang='lat' dir='ltr'><strong>ira:</strong></span> <span class='ocrx_word' id='word_1_745' title='bbox 2327 3568 2456 3609; x_wconf 62' lang='lat' dir='ltr'><strong>suae.</strong></span> <span class='ocrx_word' id='word_1_746' title='bbox 2489 3551 2546 3607; x_wconf 85' lang='lat' dir='ltr'><strong>in</strong></span> <span class='ocrx_word' id='word_1_747' title='bbox 2575 3552 2661 3609; x_wconf 89' lang='lat' dir='ltr'><strong>die</strong></span> <span class='ocrx_word' id='word_1_748' title='bbox 2700 3555 2884 3631; x_wconf 88' lang='lat' dir='ltr'><strong>utique</strong></span> <span class='ocrx_word' id='word_1_749' title='bbox 2923 3553 3034 3618; x_wconf 74' lang='lat' dir='ltr'><strong>irzc,</strong></span> <span class='ocrx_word' id='word_1_750' title='bbox 3067 3570 3226 3625; x_wconf 87' lang='lat' dir='ltr'><strong>quam</strong></span> <span class='ocrx_word' id='word_1_751' title='bbox 3263 3555 3562 3625; x_wconf 86' lang='lat' dir='ltr'><strong>patiebatur</strong></span> <span class='ocrx_word' id='word_1_752' title='bbox 3598 3543 3796 3612; x_wconf 87' lang='lat' dir='ltr'><strong>eorum</strong></span> 
     </span>
    </p>
   </div>
   <div class='ocr_carea' id='block_1_95' title="bbox 2210 3642 3788 3717">
    <p class='ocr_par' dir='ltr' id='par_1_95' title="bbox 2210 3642 3788 3717">
     <span class='ocr_line' id='line_1_95' title="bbox 2210 3642 3788 3717; baseline 0.005 -21"><span class='ocrx_word' id='word_1_753' title='bbox 2210 3642 2302 3712; x_wconf 92' lang='lat' dir='ltr'><strong>qui</strong></span> <span class='ocrx_word' id='word_1_754' title='bbox 2331 3657 2454 3698; x_wconf 92' lang='lat' dir='ltr'><strong>eum</strong></span> <span class='ocrx_word' id='word_1_755' title='bbox 2482 3643 2879 3714; x_wconf 81' lang='lat' dir='ltr'><strong>cruciﬁgebant.</strong></span> <span class='ocrx_word' id='word_1_756' title='bbox 2924 3644 2992 3700; x_wconf 87' lang='lat' dir='ltr'><strong>Et</strong></span> <span class='ocrx_word' id='word_1_757' title='bbox 3031 3646 3309 3703; x_wconf 88' lang='lat' dir='ltr'><strong>confractis</strong></span> <span class='ocrx_word' id='word_1_758' title='bbox 3333 3647 3412 3700; x_wconf 89' lang='lat' dir='ltr'><strong>his</strong></span> <span class='ocrx_word' id='word_1_759' title='bbox 3450 3646 3788 3717; x_wconf 85' lang='lat' dir='ltr'><strong>principibus</strong></span> 
     </span>
    </p>
   </div>
   <div class='ocr_carea' id='block_1_96' title="bbox 2209 3736 3784 3808">
    <p class='ocr_par' dir='ltr' id='par_1_96' title="bbox 2209 3736 3784 3808">
     <span class='ocr_line' id='line_1_96' title="bbox 2209 3736 3784 3808; baseline 0.003 -19"><span class='ocrx_word' id='word_1_760' title='bbox 2209 3736 2585 3804; x_wconf 87' lang='lat' dir='ltr'><strong>conquassavit</strong></span> <span class='ocrx_word' id='word_1_761' title='bbox 2609 3737 2786 3807; x_wconf 90' lang='lat' dir='ltr'><strong>capita</strong></span> <span class='ocrx_word' id='word_1_762' title='bbox 2814 3737 2979 3792; x_wconf 91' lang='lat' dir='ltr'><strong>multa</strong></span> <span class='ocrx_word' id='word_1_763' title='bbox 3001 3778 3016 3803; x_wconf 89' lang='lat'><strong>,</strong></span> <span class='ocrx_word' id='word_1_764' title='bbox 3050 3738 3124 3792; x_wconf 86' lang='lat' dir='ltr'><strong>ita</strong></span> <span class='ocrx_word' id='word_1_765' title='bbox 3153 3747 3211 3792; x_wconf 92' lang='lat' dir='ltr'><strong>ut</strong></span> <span class='ocrx_word' id='word_1_766' title='bbox 3236 3736 3476 3808; x_wconf 85' lang='lat' dir='ltr'><strong>capitales</strong></span> <span class='ocrx_word' id='word_1_767' title='bbox 3500 3737 3784 3794; x_wconf 86' lang='lat' dir='ltr'><strong>criminosi</strong></span> 
     </span>
    </p>
   </div>
   <div class='ocr_carea' id='block_1_97' title="bbox 2210 3824 3792 3898">
    <p class='ocr_par' dir='ltr' id='par_1_97' title="bbox 2210 3824 3792 3898">
     <span class='ocr_line' id='line_1_97' title="bbox 2210 3824 3792 3898; baseline 0.003 -18"><span class='ocrx_word' id='word_1_768' title='bbox 2210 3824 2468 3892; x_wconf 89' lang='lat' dir='ltr'><strong>dicerent,</strong></span> <span class='ocrx_word' id='word_1_769' title='bbox 2498 3825 2773 3883; x_wconf 84' lang='lat' dir='ltr'><strong>Homicida</strong></span> <span class='ocrx_word' id='word_1_770' title='bbox 2803 3844 2900 3898; x_wconf 90' lang='lat' dir='ltr'><strong>per</strong></span> <span class='ocrx_word' id='word_1_771' title='bbox 2929 3828 3084 3884; x_wconf 86' lang='lat' dir='ltr'><strong>ﬁdem</strong></span> <span class='ocrx_word' id='word_1_772' title='bbox 3108 3844 3216 3884; x_wconf 91' lang='lat' dir='ltr'><strong>uno</strong></span> <span class='ocrx_word' id='word_1_773' title='bbox 3236 3829 3396 3884; x_wconf 82' lang='lat' dir='ltr'><strong>verba</strong></span> <span class='ocrx_word' id='word_1_774' title='bbox 3419 3829 3656 3884; x_wconf 85' lang='lat' dir='ltr'><strong>salvatus</strong></span> <span class='ocrx_word' id='word_1_775' title='bbox 3673 3838 3792 3885; x_wconf 87' lang='lat' dir='ltr'><strong>est.</strong></span> 
     </span>
    </p>
   </div>
   <div class='ocr_carea' id='block_1_98' title="bbox 2210 3915 3802 3992">
    <p class='ocr_par' dir='ltr' id='par_1_98' title="bbox 2210 3915 3802 3992">
     <span class='ocr_line' id='line_1_98' title="bbox 2210 3915 3802 3992; baseline 0.004 -20"><span class='ocrx_word' id='word_1_776' title='bbox 2210 3915 2388 3984; x_wconf 85' lang='lat' dir='ltr'><strong>Quare</strong></span> <span class='ocrx_word' id='word_1_777' title='bbox 2415 3935 2522 3975; x_wconf 93' lang='lat' dir='ltr'><strong>non</strong></span> <span class='ocrx_word' id='word_1_778' title='bbox 2552 3928 2607 3974; x_wconf 89' lang='lat' dir='ltr'><strong>et</strong></span> <span class='ocrx_word' id='word_1_779' title='bbox 2625 3935 2726 3976; x_wconf 90' lang='lat' dir='ltr'><strong>nos</strong></span> <span class='ocrx_word' id='word_1_780' title='bbox 2771 3920 3089 3977; x_wconf 86' lang='lat' dir='ltr'><strong>credamus?</strong></span> <span class='ocrx_word' id='word_1_781' title='bbox 3127 3920 3186 3976; x_wconf 90' lang='lat' dir='ltr'><strong>In</strong></span> <span class='ocrx_word' id='word_1_782' title='bbox 3226 3937 3440 3977; x_wconf 85' lang='lat' dir='ltr'><strong>crucem</strong></span> <span class='ocrx_word' id='word_1_783' title='bbox 3465 3921 3674 3992; x_wconf 87' lang='lat' dir='ltr'><strong>positus</strong></span> <span class='ocrx_word' id='word_1_784' title='bbox 3701 3922 3802 3979; x_wconf 86' lang='lat' dir='ltr'><strong>ille</strong></span> 
     </span>
    </p>
   </div>
   <div class='ocr_carea' id='block_1_99' title="bbox 2210 4011 3798 4084">
    <p class='ocr_par' dir='ltr' id='par_1_99' title="bbox 2210 4011 3798 4084">
     <span class='ocr_line' id='line_1_99' title="bbox 2210 4011 3798 4084; baseline 0.004 -20"><span class='ocrx_word' id='word_1_785' title='bbox 2210 4025 2367 4077; x_wconf 88' lang='lat' dir='ltr'><strong>unus,</strong></span> <span class='ocrx_word' id='word_1_786' title='bbox 2392 4011 2592 4067; x_wconf 92' lang='lat' dir='ltr'><strong>mullos</strong></span> <span class='ocrx_word' id='word_1_787' title='bbox 2621 4017 2719 4068; x_wconf 83' lang='lat' dir='ltr'><strong>nos‘</strong></span> <span class='ocrx_word' id='word_1_788' title='bbox 2750 4013 2802 4067; x_wconf 93' lang='lat' dir='ltr'><strong>in</strong></span> <span class='ocrx_word' id='word_1_789' title='bbox 2825 4020 2969 4068; x_wconf 87' lang='lat' dir='ltr'><strong>terra</strong></span> <span class='ocrx_word' id='word_1_790' title='bbox 2998 4029 3222 4070; x_wconf 90' lang='lat' dir='ltr'><strong>numero</strong></span> <span class='ocrx_word' id='word_1_791' title='bbox 3249 4014 3473 4084; x_wconf 91' lang='lat' dir='ltr'><strong>copioso</strong></span> <span class='ocrx_word' id='word_1_792' title='bbox 3500 4015 3798 4070; x_wconf 87' lang='lat' dir='ltr'><strong>convertit.</strong></span> 
     </span>
    </p>
   </div>
   <div class='ocr_carea' id='block_1_100' title="bbox 2207 4097 3806 4170">
    <p class='ocr_par' dir='ltr' id='par_1_100' title="bbox 2207 4097 3806 4170">
     <span class='ocr_line' id='line_1_100' title="bbox 2207 4097 3806 4170; baseline 0.005 -16"><span class='ocrx_word' id='word_1_793' title='bbox 2207 4097 2312 4155; x_wconf 88' lang='lat' dir='ltr'><strong>Per</strong></span> <span class='ocrx_word' id='word_1_794' title='bbox 2363 4101 2510 4155; x_wconf 89' lang='lat' dir='ltr'><strong>illum</strong></span> <span class='ocrx_word' id='word_1_795' title='bbox 2555 4102 2646 4170; x_wconf 91' lang='lat' dir='ltr'><strong>qui</strong></span> <span class='ocrx_word' id='word_1_796' title='bbox 2691 4101 2758 4156; x_wconf 91' lang='lat' dir='ltr'><strong>de</strong></span> <span class='ocrx_word' id='word_1_797' title='bbox 2789 4109 3028 4158; x_wconf 89' lang='lat' dir='ltr'><strong>torrente</strong></span> <span class='ocrx_word' id='word_1_798' title='bbox 3066 4103 3120 4158; x_wconf 91' lang='lat' dir='ltr'><strong>in</strong></span> <span class='ocrx_word' id='word_1_799' title='bbox 3150 4104 3235 4158; x_wconf 89' lang='lat' dir='ltr'><strong>via</strong></span> <span class='ocrx_word' id='word_1_800' title='bbox 3264 4103 3416 4159; x_wconf 90' lang='lat' dir='ltr'><strong>bibit.</strong></span> <span class='ocrx_word' id='word_1_801' title='bbox 3448 4102 3524 4160; x_wconf 88' lang='lat' dir='ltr'><strong>De</strong></span> <span class='ocrx_word' id='word_1_802' title='bbox 3553 4112 3806 4162; x_wconf 86' lang='lat' dir='ltr'><strong>torrente</strong></span> 
     </span>
    </p>
   </div>
   <div class='ocr_carea' id='block_1_101' title="bbox 2209 4189 3807 4266">
    <p class='ocr_par' dir='ltr' id='par_1_101' title="bbox 2209 4189 3807 4266">
     <span class='ocr_line' id='line_1_101' title="bbox 2209 4189 3807 4266; baseline 0.006 -23"><span class='ocrx_word' id='word_1_803' title='bbox 2209 4189 2495 4246; x_wconf 77' lang='lat' dir='ltr'><strong>iracundia:</strong></span> <span class='ocrx_word' id='word_1_804' title='bbox 2515 4189 2818 4246; x_wconf 66' lang='lat' dir='ltr'><strong>Judazorum</strong></span> <span class='ocrx_word' id='word_1_805' title='bbox 2842 4193 2894 4247; x_wconf 92' lang='lat' dir='ltr'><strong>in</strong></span> <span class='ocrx_word' id='word_1_806' title='bbox 2919 4193 3001 4248; x_wconf 89' lang='lat' dir='ltr'><strong>via</strong></span> <span class='ocrx_word' id='word_1_807' title='bbox 3025 4191 3161 4249; x_wconf 89' lang='lat' dir='ltr'><strong>bibit</strong></span> <span class='ocrx_word' id='word_1_808' title='bbox 3181 4194 3402 4250; x_wconf 89' lang='lat' dir='ltr'><strong>calicem</strong></span> <span class='ocrx_word' id='word_1_809' title='bbox 3432 4195 3722 4266; x_wconf 86' lang='lat' dir='ltr'><strong>passionis.</strong></span> <span class='ocrx_word' id='word_1_810' title='bbox 3742 4195 3807 4253; x_wconf 85' lang='lat' dir='ltr'><strong>In</strong></span> 
     </span>
    </p>
   </div>
   <div class='ocr_carea' id='block_1_102' title="bbox 2208 4280 3806 4360">
    <p class='ocr_par' dir='ltr' id='par_1_102' title="bbox 2208 4280 3806 4360">
     <span class='ocr_line' id='line_1_102' title="bbox 2208 4280 3806 4360; baseline 0.006 -25"><span class='ocrx_word' id='word_1_811' title='bbox 2208 4280 2294 4335; x_wconf 85' lang='lat' dir='ltr'><strong>via</strong></span> <span class='ocrx_word' id='word_1_812' title='bbox 2323 4281 2662 4337; x_wconf 89' lang='lat' dir='ltr'><strong>immaculata</strong></span> <span class='ocrx_word' id='word_1_813' title='bbox 2697 4284 2974 4342; x_wconf 90' lang='lat' dir='ltr'><strong>ambulans</strong></span> <span class='ocrx_word' id='word_1_814' title='bbox 2997 4324 3012 4349; x_wconf 92' lang='lat'><strong>,</strong></span> <span class='ocrx_word' id='word_1_815' title='bbox 3064 4287 3448 4356; x_wconf 89' lang='lat' dir='ltr'><strong>conquassavit</strong></span> <span class='ocrx_word' id='word_1_816' title='bbox 3473 4288 3653 4360; x_wconf 85' lang='lat' dir='ltr'><strong>capita</strong></span> <span class='ocrx_word' id='word_1_817' title='bbox 3683 4289 3806 4344; x_wconf 66' lang='lat' dir='ltr'><strong>dae-</strong></span> 
     </span>
    </p>
   </div>
   <div class='ocr_carea' id='block_1_103' title="bbox 2207 4375 3810 4448">
    <p class='ocr_par' dir='ltr' id='par_1_103' title="bbox 2207 4375 3810 4448">
     <span class='ocr_line' id='line_1_103' title="bbox 2207 4375 3810 4448; baseline 0.006 -20"><span class='ocrx_word' id='word_1_818' title='bbox 2207 4389 2427 4430; x_wconf 90' lang='lat' dir='ltr'><strong>monum</strong></span> <span class='ocrx_word' id='word_1_819' title='bbox 2451 4375 2503 4430; x_wconf 91' lang='lat' dir='ltr'><strong>in</strong></span> <span class='ocrx_word' id='word_1_820' title='bbox 2535 4383 2676 4430; x_wconf 90' lang='lat' dir='ltr'><strong>terra</strong></span> <span class='ocrx_word' id='word_1_821' title='bbox 2715 4376 2767 4430; x_wconf 91' lang='lat' dir='ltr'><strong>in</strong></span> <span class='ocrx_word' id='word_1_822' title='bbox 2813 4393 3043 4448; x_wconf 91' lang='lat' dir='ltr'><strong>corpore</strong></span> <span class='ocrx_word' id='word_1_823' title='bbox 3080 4379 3424 4435; x_wconf 90' lang='lat' dir='ltr'><strong>constitutus.</strong></span> <span class='ocrx_word' id='word_1_824' title='bbox 3451 4379 3520 4435; x_wconf 88' lang='lat' dir='ltr'><strong>Et</strong></span> <span class='ocrx_word' id='word_1_825' title='bbox 3537 4381 3810 4438; x_wconf 81' lang='lat' dir='ltr'><strong>exaltavit</strong></span> 
     </span>
    </p>
   </div>
   <div class='ocr_carea' id='block_1_104' title="bbox 2207 4467 3804 4543">
    <p class='ocr_par' dir='ltr' id='par_1_104' title="bbox 2207 4467 3804 4543">
     <span class='ocr_line' id='line_1_104' title="bbox 2207 4467 3804 4543; baseline 0.004 -19"><span class='ocrx_word' id='word_1_826' title='bbox 2207 4467 2382 4537; x_wconf 84' lang='lat' dir='ltr'><strong>capita</strong></span> <span class='ocrx_word' id='word_1_827' title='bbox 2410 4467 2644 4523; x_wconf 91' lang='lat' dir='ltr'><strong>hominis</strong></span> <span class='ocrx_word' id='word_1_828' title='bbox 2671 4468 2797 4524; x_wconf 90' lang='lat' dir='ltr'><strong>dum</strong></span> <span class='ocrx_word' id='word_1_829' title='bbox 2825 4485 2855 4525; x_wconf 90' lang='lat' dir='ltr'><strong>a</strong></span> <span class='ocrx_word' id='word_1_830' title='bbox 2881 4471 3198 4528; x_wconf 90' lang='lat' dir='ltr'><strong>confusione</strong></span> <span class='ocrx_word' id='word_1_831' title='bbox 3218 4473 3396 4543; x_wconf 89' lang='lat' dir='ltr'><strong>erigit,</strong></span> <span class='ocrx_word' id='word_1_832' title='bbox 3425 4489 3457 4528; x_wconf 90' lang='lat' dir='ltr'><strong>a</strong></span> <span class='ocrx_word' id='word_1_833' title='bbox 3477 4474 3804 4531; x_wconf 75' lang='lat' dir='ltr'><strong>confusione</strong></span> 
     </span>
    </p>
   </div>
   <div class='ocr_carea' id='block_1_105' title="bbox 2207 4561 3810 4639">
    <p class='ocr_par' dir='ltr' id='par_1_105' title="bbox 2207 4561 3810 4639">
     <span class='ocr_line' id='line_1_105' title="bbox 2207 4561 3810 4639; baseline 0.005 -23"><span class='ocrx_word' id='word_1_834' title='bbox 2207 4561 2390 4629; x_wconf 88' lang='lat' dir='ltr'><strong>utique</strong></span> <span class='ocrx_word' id='word_1_835' title='bbox 2411 4562 2596 4632; x_wconf 75' lang='lat' dir='ltr'><strong>prima:</strong></span> <span class='ocrx_word' id='word_1_836' title='bbox 2632 4563 3107 4632; x_wconf 64' lang='lat' dir='ltr'><strong>prtevaricationis.</strong></span> <span class='ocrx_word' id='word_1_837' title='bbox 3139 4564 3207 4620; x_wconf 86' lang='lat' dir='ltr'><strong>Et</strong></span> <span class='ocrx_word' id='word_1_838' title='bbox 3245 4566 3346 4639; x_wconf 83' lang='lat' dir='ltr'><strong>nisi</strong></span> <span class='ocrx_word' id='word_1_839' title='bbox 3395 4565 3564 4622; x_wconf 81' lang='lat' dir='ltr'><strong>Filius</strong></span> <span class='ocrx_word' id='word_1_840' title='bbox 3605 4566 3710 4623; x_wconf 87' lang='lat' dir='ltr'><strong>Dei</strong></span> <span class='ocrx_word' id='word_1_841' title='bbox 3746 4567 3810 4625; x_wconf 87' lang='lat' dir='ltr'><strong>in</strong></span> 
     </span>
    </p>
   </div>
   <div class='ocr_carea' id='block_1_106' title="bbox 2206 4652 3815 4729">
    <p class='ocr_par' dir='ltr' id='par_1_106' title="bbox 2206 4652 3815 4729">
     <span class='ocr_line' id='line_1_106' title="bbox 2206 4652 3815 4729; baseline 0.007 -23"><span class='ocrx_word' id='word_1_842' title='bbox 2206 4652 2292 4707; x_wconf 89' lang='lat' dir='ltr'><strong>via</strong></span> <span class='ocrx_word' id='word_1_843' title='bbox 2321 4653 2572 4717; x_wconf 90' lang='lat' dir='ltr'><strong>bibisset,</strong></span> <span class='ocrx_word' id='word_1_844' title='bbox 2607 4671 2714 4710; x_wconf 92' lang='lat' dir='ltr'><strong>non</strong></span> <span class='ocrx_word' id='word_1_845' title='bbox 2759 4655 3050 4712; x_wconf 86' lang='lat' dir='ltr'><strong>exaltasset</strong></span> <span class='ocrx_word' id='word_1_846' title='bbox 3075 4667 3237 4729; x_wconf 88' lang='lat' dir='ltr'><strong>caput</strong></span> <span class='ocrx_word' id='word_1_847' title='bbox 3264 4658 3501 4713; x_wconf 85' lang='lat' dir='ltr'><strong>hominis</strong></span> <span class='ocrx_word' id='word_1_848' title='bbox 3522 4658 3815 4729; x_wconf 78' lang='lat' dir='ltr'><strong>dejcctum</strong></span> 
     </span>
    </p>
   </div>
   <div class='ocr_carea' id='block_1_107' title="bbox 2205 4740 3818 4824">
    <p class='ocr_par' dir='ltr' id='par_1_107' title="bbox 2205 4740 3818 4824">
     <span class='ocr_line' id='line_1_107' title="bbox 2205 4740 3818 4824; baseline 0.007 -26"><span class='ocrx_word' id='word_1_849' title='bbox 2205 4743 2272 4798; x_wconf 86' lang='lat' dir='ltr'><strong>ad</strong></span> <span class='ocrx_word' id='word_1_850' title='bbox 2302 4751 2488 4799; x_wconf 89' lang='lat' dir='ltr'><strong>terras.</strong></span> <span class='ocrx_word' id='word_1_851' title='bbox 2529 4744 2645 4801; x_wconf 85' lang='lat' dir='ltr'><strong>Non</strong></span> <span class='ocrx_word' id='word_1_852' title='bbox 2676 4740 2806 4815; x_wconf 85' lang='lat' dir='ltr'><strong>ergo</strong></span> <span class='ocrx_word' id='word_1_853' title='bbox 2834 4746 3003 4814; x_wconf 89' lang='lat' dir='ltr'><strong>dicas,</strong></span> <span class='ocrx_word' id='word_1_854' title='bbox 3044 4749 3169 4818; x_wconf 90' lang='lat' dir='ltr'><strong>quia</strong></span> <span class='ocrx_word' id='word_1_855' title='bbox 3207 4751 3589 4818; x_wconf 87' lang='lat' dir='ltr'><strong>conquassavit</strong></span> <span class='ocrx_word' id='word_1_856' title='bbox 3619 4753 3818 4824; x_wconf 76' lang='lat' dir='ltr'><strong>capita</strong></span> 
     </span>
    </p>
   </div>
   <div class='ocr_carea' id='block_1_108' title="bbox 2204 4835 3820 4911">
    <p class='ocr_par' dir='ltr' id='par_1_108' title="bbox 2204 4835 3820 4911">
     <span class='ocr_line' id='line_1_108' title="bbox 2204 4835 3820 4911; baseline 0.009 -21"><span class='ocrx_word' id='word_1_857' title='bbox 2204 4835 2519 4901; x_wconf 89' lang='lat' dir='ltr'><strong>criminum,</strong></span> <span class='ocrx_word' id='word_1_858' title='bbox 2551 4835 2797 4895; x_wconf 89' lang='lat' dir='ltr'><strong>Christus</strong></span> <span class='ocrx_word' id='word_1_859' title='bbox 2835 4838 2948 4909; x_wconf 87' lang='lat' dir='ltr'><strong>ipse</strong></span> <span class='ocrx_word' id='word_1_860' title='bbox 2975 4840 3229 4895; x_wconf 86' lang='lat' dir='ltr'><strong>exaltavit</strong></span> <span class='ocrx_word' id='word_1_861' title='bbox 3254 4850 3438 4911; x_wconf 86' lang='lat' dir='ltr'><strong>caput.</strong></span> <span class='ocrx_word' id='word_1_862' title='bbox 3479 4841 3617 4898; x_wconf 30' lang='lat' dir='ltr'><strong>Non.</strong></span> <span class='ocrx_word' id='word_1_863' title='bbox 3657 4847 3820 4904; x_wconf 86' lang='lat' dir='ltr'><strong>enim</strong></span> 
     </span>
    </p>
   </div>
   <div class='ocr_carea' id='block_1_109' title="bbox 2204 4924 3825 5003">
    <p class='ocr_par' dir='ltr' id='par_1_109' title="bbox 2204 4924 3825 5003">
     <span class='ocr_line' id='line_1_109' title="bbox 2204 4924 3825 5003; baseline 0.005 -21"><span class='ocrx_word' id='word_1_864' title='bbox 2204 4925 2359 4993; x_wconf 87' lang='lat' dir='ltr'><strong>dixit,</strong></span> <span class='ocrx_word' id='word_1_865' title='bbox 2391 4924 2659 4982; x_wconf 83' lang='lat' dir='ltr'><strong>Exaltavit</strong></span> <span class='ocrx_word' id='word_1_866' title='bbox 2684 4938 2844 4999; x_wconf 87' lang='lat' dir='ltr'><strong>caput</strong></span> <span class='ocrx_word' id='word_1_867' title='bbox 2863 4946 3038 4997; x_wconf 88' lang='lat' dir='ltr'><strong>suum,</strong></span> <span class='ocrx_word' id='word_1_868' title='bbox 3063 4931 3158 4986; x_wconf 92' lang='lat' dir='ltr'><strong>sed</strong></span> <span class='ocrx_word' id='word_1_869' title='bbox 3179 4932 3493 5003; x_wconf 87' lang='lat' dir='ltr'><strong>simpliciter</strong></span> <span class='ocrx_word' id='word_1_870' title='bbox 3517 4934 3598 4989; x_wconf 88' lang='lat' dir='ltr'><strong>ait</strong></span> <span class='ocrx_word' id='word_1_871' title='bbox 3629 4954 3645 4988; x_wconf 89' lang='lat'>:</span> <span class='ocrx_word' id='word_1_872' title='bbox 3676 4935 3825 4996; x_wconf 82' lang='lat' dir='ltr'><strong>Pro—</strong></span> 
     </span>
    </p>
   </div>
   <div class='ocr_carea' id='block_1_110' title="bbox 2205 5021 3820 5097">
    <p class='ocr_par' dir='ltr' id='par_1_110' title="bbox 2205 5021 3820 5097">
     <span class='ocr_line' id='line_1_110' title="bbox 2205 5021 3820 5097; baseline 0.009 -23"><span class='ocrx_word' id='word_1_873' title='bbox 2205 5029 2412 5090; x_wconf 83' lang='lat' dir='ltr'><strong>pterea,</strong></span> <span class='ocrx_word' id='word_1_874' title='bbox 2446 5021 2635 5090; x_wconf 90' lang='lat' dir='ltr'><strong>inquit,</strong></span> <span class='ocrx_word' id='word_1_875' title='bbox 2667 5023 2809 5091; x_wconf 91' lang='lat' dir='ltr'><strong>quod</strong></span> <span class='ocrx_word' id='word_1_876' title='bbox 2831 5023 3140 5094; x_wconf 91' lang='lat' dir='ltr'><strong>dijudicavit</strong></span> <span class='ocrx_word' id='word_1_877' title='bbox 3167 5024 3308 5080; x_wconf 91' lang='lat' dir='ltr'><strong>Deus</strong></span> <span class='ocrx_word' id='word_1_878' title='bbox 3343 5027 3398 5080; x_wconf 92' lang='lat' dir='ltr'><strong>in</strong></span> <span class='ocrx_word' id='word_1_879' title='bbox 3437 5027 3781 5088; x_wconf 84' lang='lat' dir='ltr'><strong>nationibus</strong></span> <span class='ocrx_word' id='word_1_880' title='bbox 3803 5074 3820 5097; x_wconf 85' lang='lat'><strong>,</strong></span> 
     </span>
    </p>
   </div>
   <div class='ocr_carea' id='block_1_111' title="bbox 2208 5096 3888 5198">
    <p class='ocr_par' dir='ltr' id='par_1_111' title="bbox 2208 5096 3888 5198">
     <span class='ocr_line' id='line_1_111' title="bbox 2208 5096 3888 5198; baseline 0.007 -32"><span class='ocrx_word' id='word_1_881' title='bbox 2208 5118 2264 5166; x_wconf 89' lang='lat' dir='ltr'><strong>et</strong></span> <span class='ocrx_word' id='word_1_882' title='bbox 2293 5111 2531 5182; x_wconf 89' lang='lat' dir='ltr'><strong>implevit</strong></span> <span class='ocrx_word' id='word_1_883' title='bbox 2557 5114 2738 5170; x_wconf 89' lang='lat' dir='ltr'><strong>ruinas</strong></span> <span class='ocrx_word' id='word_1_884' title='bbox 2759 5113 3079 5186; x_wconf 64' lang='lat' dir='ltr'><strong>daamonum,</strong></span> <span class='ocrx_word' id='word_1_885' title='bbox 3113 5124 3172 5171; x_wconf 93' lang='lat' dir='ltr'><strong>ut</strong></span> <span class='ocrx_word' id='word_1_886' title='bbox 3190 5117 3276 5172; x_wconf 83' lang='lat' dir='ltr'><strong>ubi</strong></span> <span class='ocrx_word' id='word_1_887' title='bbox 3308 5117 3594 5174; x_wconf 73' lang='lat' dir='ltr'><strong>abundavit</strong></span> <span class='ocrx_word' id='word_1_888' title='bbox 3619 5125 3831 5198; x_wconf 70' lang='lat' dir='ltr'><strong>iniqui-</strong></span> <span class='ocrx_word' id='word_1_889' title='bbox 3880 5096 3888 5104; x_wconf 38' lang='grc'><em>’</em></span> 
     </span>
    </p>
   </div>
   <div class='ocr_carea' id='block_1_112' title="bbox 2208 5208 3832 5288">
    <p class='ocr_par' dir='ltr' id='par_1_112' title="bbox 2208 5208 3832 5288">
     <span class='ocr_line' id='line_1_112' title="bbox 2208 5208 3832 5288; baseline 0.009 -30"><span class='ocrx_word' id='word_1_890' title='bbox 2208 5215 2288 5258; x_wconf 85' lang='lat' dir='ltr'><strong>tas</strong></span> <span class='ocrx_word' id='word_1_891' title='bbox 2309 5220 2518 5272; x_wconf 90' lang='lat' dir='ltr'><strong>eorum,</strong></span> <span class='ocrx_word' id='word_1_892' title='bbox 2535 5208 2972 5278; x_wconf 86' lang='lat' dir='ltr'><strong>superabundaret</strong></span> <span class='ocrx_word' id='word_1_893' title='bbox 2991 5210 3190 5267; x_wconf 88' lang='lat' dir='ltr'><strong>Christi</strong></span> <span class='ocrx_word' id='word_1_894' title='bbox 3210 5213 3383 5283; x_wconf 82' lang='lat' dir='ltr'><strong>gratia</strong></span> <span class='ocrx_word' id='word_1_895' title='bbox 3408 5212 3597 5284; x_wconf 86' lang='lat' dir='ltr'><strong>(Rom.</strong></span> <span class='ocrx_word' id='word_1_896' title='bbox 3623 5222 3721 5288; x_wconf 84' lang='lat' dir='ltr'><strong>v).</strong></span> <span class='ocrx_word' id='word_1_897' title='bbox 3756 5220 3832 5278; x_wconf 78' lang='lat' dir='ltr'><strong>Et</strong></span> 
     </span>
    </p>
   </div>
   <div class='ocr_carea' id='block_1_113' title="bbox 2204 5299 3832 5379">
    <p class='ocr_par' dir='ltr' id='par_1_113' title="bbox 2204 5299 3832 5379">
     <span class='ocr_line' id='line_1_113' title="bbox 2204 5299 3832 5379; baseline 0.011 -28"><span class='ocrx_word' id='word_1_898' title='bbox 2204 5299 2330 5366; x_wconf 91' lang='lat' dir='ltr'><strong>quia</strong></span> <span class='ocrx_word' id='word_1_899' title='bbox 2359 5299 2494 5353; x_wconf 87' lang='lat' dir='ltr'><strong>bibit</strong></span> <span class='ocrx_word' id='word_1_900' title='bbox 2515 5300 2738 5355; x_wconf 87' lang='lat' dir='ltr'><strong>calicem</strong></span> <span class='ocrx_word' id='word_1_901' title='bbox 2765 5302 3030 5371; x_wconf 89' lang='lat' dir='ltr'><strong>passionis</strong></span> <span class='ocrx_word' id='word_1_902' title='bbox 3057 5303 3124 5358; x_wconf 91' lang='lat' dir='ltr'><strong>de</strong></span> <span class='ocrx_word' id='word_1_903' title='bbox 3146 5311 3386 5359; x_wconf 90' lang='lat' dir='ltr'><strong>torrente</strong></span> <span class='ocrx_word' id='word_1_904' title='bbox 3407 5305 3742 5379; x_wconf 82' lang='lat' dir='ltr'><strong>seditionis,</strong></span> <span class='ocrx_word' id='word_1_905' title='bbox 3771 5315 3832 5370; x_wconf 89' lang='lat' dir='ltr'><strong>in</strong></span> 
     </span>
    </p>
   </div>
   <div class='ocr_carea' id='block_1_114' title="bbox 2203 5388 3828 5471">
    <p class='ocr_par' dir='ltr' id='par_1_114' title="bbox 2203 5388 3828 5471">
     <span class='ocr_line' id='line_1_114' title="bbox 2203 5388 3828 5471; baseline 0.01 -29"><span class='ocrx_word' id='word_1_906' title='bbox 2203 5388 2292 5442; x_wconf 89' lang='lat' dir='ltr'><strong>illa</strong></span> <span class='ocrx_word' id='word_1_907' title='bbox 2320 5391 2404 5444; x_wconf 90' lang='lat' dir='ltr'><strong>via</strong></span> <span class='ocrx_word' id='word_1_908' title='bbox 2431 5405 2534 5459; x_wconf 89' lang='lat' dir='ltr'><strong>qua</strong></span> <span class='ocrx_word' id='word_1_909' title='bbox 2557 5391 2718 5457; x_wconf 91' lang='lat' dir='ltr'><strong>dicit,</strong></span> <span class='ocrx_word' id='word_1_910' title='bbox 2741 5391 2853 5465; x_wconf 83' lang='lat' dir='ltr'><strong>Ego</strong></span> <span class='ocrx_word' id='word_1_911' title='bbox 2873 5410 2985 5448; x_wconf 86' lang='lat' dir='ltr'><strong>sum</strong></span> <span class='ocrx_word' id='word_1_912' title='bbox 3007 5396 3088 5450; x_wconf 78' lang='lat' dir='ltr'><strong>via</strong></span> <span class='ocrx_word' id='word_1_913' title='bbox 3131 5393 3307 5465; x_wconf 75' lang='lat' dir='ltr'><strong>(Ioan.</strong></span> <span class='ocrx_word' id='word_1_914' title='bbox 3331 5396 3464 5467; x_wconf 80' lang='lat' dir='ltr'><strong>xw),</strong></span> <span class='ocrx_word' id='word_1_915' title='bbox 3497 5411 3828 5471; x_wconf 77' lang='lat' dir='ltr'><strong>propterea</strong></span> 
     </span>
    </p>
   </div>
   <div class='ocr_carea' id='block_1_115' title="bbox 2205 5479 3834 5556">
    <p class='ocr_par' dir='ltr' id='par_1_115' title="bbox 2205 5479 3834 5556">
     <span class='ocr_line' id='line_1_115' title="bbox 2205 5479 3834 5556; baseline 0.01 -24"><span class='ocrx_word' id='word_1_916' title='bbox 2205 5479 2462 5534; x_wconf 87' lang='lat' dir='ltr'><strong>exaltavit</strong></span> <span class='ocrx_word' id='word_1_917' title='bbox 2488 5491 2650 5552; x_wconf 88' lang='lat' dir='ltr'><strong>caput</strong></span> <span class='ocrx_word' id='word_1_918' title='bbox 2680 5484 2731 5538; x_wconf 92' lang='lat' dir='ltr'><strong>in</strong></span> <span class='ocrx_word' id='word_1_919' title='bbox 2755 5483 3001 5540; x_wconf 88' lang='lat' dir='ltr'><strong>libertate</strong></span> <span class='ocrx_word' id='word_1_920' title='bbox 3037 5484 3164 5554; x_wconf 90' lang='lat' dir='ltr'><strong>ligni</strong></span> <span class='ocrx_word' id='word_1_921' title='bbox 3205 5485 3381 5541; x_wconf 88' lang='lat' dir='ltr'><strong>crucis</strong></span> <span class='ocrx_word' id='word_1_922' title='bbox 3401 5524 3417 5549; x_wconf 92' lang='lat'><strong>,</strong></span> <span class='ocrx_word' id='word_1_923' title='bbox 3449 5488 3604 5556; x_wconf 84' lang='lat' dir='ltr'><strong>quod</strong></span> <span class='ocrx_word' id='word_1_924' title='bbox 3629 5493 3834 5552; x_wconf 81' lang='lat' dir='ltr'><strong>fuerat</strong></span> 
     </span>
    </p>
   </div>
   <div class='ocr_carea' id='block_1_116' title="bbox 2205 5570 3829 5649">
    <p class='ocr_par' dir='ltr' id='par_1_116' title="bbox 2205 5570 3829 5649">
     <span class='ocr_line' id='line_1_116' title="bbox 2205 5570 3829 5649; baseline 0.014 -24"><span class='ocrx_word' id='word_1_925' title='bbox 2205 5570 2472 5640; x_wconf 90' lang='lat' dir='ltr'><strong>dejcctum</strong></span> <span class='ocrx_word' id='word_1_926' title='bbox 2520 5575 2572 5628; x_wconf 89' lang='lat' dir='ltr'><strong>in</strong></span> <span class='ocrx_word' id='word_1_927' title='bbox 2627 5575 3067 5645; x_wconf 77' lang='lat' dir='ltr'><strong>pncvaricatione</strong></span> <span class='ocrx_word' id='word_1_928' title='bbox 3112 5577 3242 5647; x_wconf 90' lang='lat' dir='ltr'><strong>ligni</strong></span> <span class='ocrx_word' id='word_1_929' title='bbox 3305 5578 3829 5649; x_wconf 68' lang='lat' dir='ltr'><strong>concupiscentiae.</strong></span> 
     </span>
    </p>
   </div>
   <div class='ocr_carea' id='block_1_117' title="bbox 2204 5661 3836 5738">
    <p class='ocr_par' dir='ltr' id='par_1_117' title="bbox 2204 5661 3836 5738">
     <span class='ocr_line' id='line_1_117' title="bbox 2204 5661 3836 5738; baseline 0.011 -23"><span class='ocrx_word' id='word_1_930' title='bbox 2204 5661 2436 5731; x_wconf 86' lang='lat' dir='ltr'><strong>Agamus</strong></span> <span class='ocrx_word' id='word_1_931' title='bbox 2484 5680 2610 5735; x_wconf 86' lang='lat' dir='ltr'><strong>ergo</strong></span> <span class='ocrx_word' id='word_1_932' title='bbox 2650 5666 2748 5736; x_wconf 90' lang='lat' dir='ltr'><strong>ipsi</strong></span> <span class='ocrx_word' id='word_1_933' title='bbox 2791 5667 3024 5734; x_wconf 87' lang='lat' dir='ltr'><strong>gratias,</strong></span> <span class='ocrx_word' id='word_1_934' title='bbox 3076 5669 3168 5736; x_wconf 90' lang='lat' dir='ltr'><strong>qui</strong></span> <span class='ocrx_word' id='word_1_935' title='bbox 3216 5676 3404 5737; x_wconf 86' lang='lat' dir='ltr'><strong>regnat</strong></span> <span class='ocrx_word' id='word_1_936' title='bbox 3452 5685 3584 5726; x_wconf 87' lang='lat' dir='ltr'><strong>cum</strong></span> <span class='ocrx_word' id='word_1_937' title='bbox 3648 5673 3836 5738; x_wconf 77' lang='lat' dir='ltr'><strong>Patre</strong></span> 
     </span>
    </p>
   </div>
   <div class='ocr_carea' id='block_1_118' title="bbox 2204 5755 3828 5830">
    <p class='ocr_par' dir='ltr' id='par_1_118' title="bbox 2204 5755 3828 5830">
     <span class='ocr_line' id='line_1_118' title="bbox 2204 5755 3828 5830; baseline 0.014 -22"><span class='ocrx_word' id='word_1_938' title='bbox 2204 5771 2339 5810; x_wconf 87' lang='lat' dir='ltr'><strong>unus</strong></span> <span class='ocrx_word' id='word_1_939' title='bbox 2369 5755 2506 5813; x_wconf 86' lang='lat' dir='ltr'><strong>Deus</strong></span> <span class='ocrx_word' id='word_1_940' title='bbox 2535 5773 2653 5812; x_wconf 78' lang='lat' dir='ltr'><strong>cum</strong></span> <span class='ocrx_word' id='word_1_941' title='bbox 2683 5757 2885 5828; x_wconf 84' lang='lat' dir='ltr'><strong>Spiritu</strong></span> <span class='ocrx_word' id='word_1_942' title='bbox 2915 5769 3103 5817; x_wconf 88' lang='lat' dir='ltr'><strong>sancto</strong></span> <span class='ocrx_word' id='word_1_943' title='bbox 3126 5761 3179 5815; x_wconf 93' lang='lat' dir='ltr'><strong>in</strong></span> <span class='ocrx_word' id='word_1_944' title='bbox 3200 5761 3396 5818; x_wconf 75' lang='lat' dir='ltr'><strong>saecula</strong></span> <span class='ocrx_word' id='word_1_945' title='bbox 3430 5766 3828 5830; x_wconf 56' lang='lat' dir='ltr'><strong>seculorum.</strong></span> 
     </span>
    </p>
   </div>
   <div class='ocr_carea' id='block_1_119' title="bbox 2200 5849 2388 5903">
    <p class='ocr_par' dir='ltr' id='par_1_119' title="bbox 2200 5849 2388 5903">
     <span class='ocr_line' id='line_1_119' title="bbox 2200 5849 2388 5903; baseline -0.005 -1"><span class='ocrx_word' id='word_1_946' title='bbox 2200 5849 2388 5903; x_wconf 84' lang='lat' dir='ltr'><strong>Amen.</strong></span> 
     </span>
    </p>
   </div>
  </div>
