4088 6346
352 375 455 429 497

922 489 1232 546 PSALMUS
1259 491 1368 547 CX.

1019 584 1266 640 Alleluia.

422 691 714 763 Conﬁtebor
736 692 844 762 tibi,
865 691 1104 761 Domine,
1125 697 1180 751 in
1198 706 1302 752 toto
1322 697 1476 752 corde
1497 713 1607 753 meo
1632 699 1684 751 in
1707 697 1924 752 concilio

347 784 604 856 iustorum
629 794 678 839 et
706 788 1116 858 congregatione.
1166 786 1224 843 Μ
1226 805 1361 860 agna
1382 806 1534 861 opera
1567 787 1800 852 Domini,
1827 804 1921 842 ex-

343 877 540 947 quisita
559 877 611 929 in
641 893 815 931 omnes
843 878 1125 934 voluntates
1149 879 1279 952 ejus.
1307 877 1573 951 Confessio
1598 888 1650 933 et
1676 878 1921 951 magnifi-

343 969 518 1022 centia
545 985 671 1040 opus
699 971 832 1041 ejus,
854 978 904 1024 et
923 971 1129 1042 justitia
1155 973 1266 1043 ejus
1287 982 1460 1026 manet
1479 973 1532 1025 in
1554 971 1797 1027 steculum
1823 986 1924 1027 str-

340 1061 468 1116 culi.
496 1059 800 1116 Memoriam
839 1065 958 1135 fecit
979 1063 1288 1120 mirabilium
1327 1081 1532 1122 suorum
1557 1065 1845 1121 misericors
1872 1071 1923 1119 et

339 1153 622 1208 miserator
651 1151 922 1220 Dominus,
953 1171 1124 1209 escam
1145 1155 1282 1210 dedit
1311 1157 1601 1210 timentibus
1622 1173 1697 1211 se.
1721 1154 1923 1210 Memor

337 1247 443 1301 erit
460 1247 514 1301 in
535 1248 778 1303 steculum
801 1251 1084 1304 testamenti
1100 1252 1200 1315 sui,
1221 1253 1458 1306 virtutem
1473 1267 1682 1323 operum
1709 1266 1919 1306 suorum

337 1337 675 1392 annuntiabit
693 1339 882 1410 populo
909 1357 1020 1395 suo.
1059 1340 1127 1395 Ut
1157 1341 1242 1396 det
1276 1341 1380 1396 illis
1419 1342 1764 1397 ltwreditatem
1790 1358 1919 1413 gen-

338 1430 493 1495 tium,
522 1447 679 1502 opera
707 1448 952 1486 manuum
979 1433 1090 1504 ejus
1123 1435 1310 1488 veritas
1337 1443 1386 1488 et
1406 1434 1680 1505 judicium.
1711 1431 1919 1486 Fidelia

337 1522 521 1576 omnia
562 1522 810 1576 mandata
840 1524 974 1595 ejus,
1002 1525 1311 1594 conﬁrmata
1337 1526 1392 1578 in
1431 1523 1673 1578 stecnlum
1720 1523 1917 1588 steculi,

338 1613 488 1683 facta
513 1613 567 1666 in
590 1613 798 1667 veritate
819 1622 868 1667 et
895 1615 1162 1686 (equitate.
1197 1613 1614 1686 Redemptionem
1643 1616 1782 1669 misit
1809 1613 1918 1670 Do-

337 1705 514 1760 minus
541 1705 728 1776 populo
754 1721 847 1759 suo
868 1743 884 1769 ,
912 1707 1174 1761 mandavit
1202 1707 1255 1761 in
1286 1716 1534 1762 teternum
1562 1714 1920 1761 testamentum

336 1812 506 1850 suum.
537 1794 784 1850 Sanctum
811 1805 860 1851 et
890 1797 1110 1852 terribile
1129 1815 1312 1854 nomen
1332 1801 1463 1872 ejus,
1487 1800 1687 1853 initium
1710 1801 1918 1871 sapien-

1299 377 1765 438 COHMENTARII
1801 377 1870 437 IN
1908 377 2232 438 PSALMUS.
2278 384 2465 440 PSAL.
2509 385 2639 442 CXI.

3501 400 3603 453 498

1958 479 2002 555 Α
2034 504 2284 550 rectorum
2313 499 2652 556 benedicetur.
2684 500 2864 558 Gloria
2893 513 2942 559 et
2961 504 3152 562 divitia
3178 509 3229 562 in
3271 507 3420 566 domo
3459 515 3596 583 ejus,

2026 599 2076 643 et
2096 589 2304 661 justitia
2323 594 2436 663 ejus
2455 603 2630 648 manet
2655 597 2710 650 in
2733 597 2977 653 saeculum
3015 601 3210 656 swculi.
3244 600 3494 658 Exortum
3525 615 3602 659 est

2025 683 2079 736 in
2111 682 2328 739 tenebris
2349 686 2516 739 lumen
2545 689 2716 753 rectis,
2742 691 3033 749 misericors
3058 702 3108 748 et
3133 695 3403 751 miserator
3433 708 3483 751 et
3511 700 3603 770 jn-

2024 786 2150 831 stus.
2175 775 2438 834 Iucundus
2459 779 2610 835 homo
2630 782 2717 854 qui
2738 784 3004 839 miseretur
3021 794 3072 840 et
3088 789 3397 856 commodat,
3429 789 3600 862 dispo-

2026 868 2103 922 nit
2151 885 2408 925 sermones
2453 889 2572 926 suos
2616 874 2671 927 in
2725 875 2950 942 iudicio,
2993 878 3115 950 quia
3139 880 3196 934 in
3224 890 3468 937 internum
3494 899 3601 939 non

2023 962 2432 1016 commovebitur.
2469 961 2534 1017 In
2562 966 2808 1020 memoria
2836 977 3031 1022 eterna
3057 971 3155 1025 erit
3167 972 3362 1044 justus,
3394 972 3460 1027 ab
3498 991 3597 1028 au-

2022 1051 2214 1106 ditione
2237 1054 2374 1108 mala
2403 1071 2505 1110 non
2535 1056 2743 1110 timebit.
2779 1055 3029 1114 Paratum
3050 1078 3139 1116 cor
3173 1064 3283 1134 ejus
3317 1080 3525 1136 sperare
3541 1067 3596 1120 in

2022 1141 2266 1212 Domino,
2305 1148 2667 1218 conﬁrmatum
2691 1160 2766 1204 est
2794 1168 2882 1206 cor
2909 1153 3040 1224 ejus,
3065 1171 3168 1210 non
3207 1159 3598 1213 commovebitur

2019 1236 2180 1290 donec
2208 1238 2456 1309 despiciat
2490 1241 2727 1296 inimicos
2753 1259 2890 1297 suos.
2922 1242 3208 1316 Dispersit,
3241 1248 3380 1304 dedit
3404 1265 3598 1320 paupe-

2017 1327 2157 1381 ribus
2182 1367 2196 1392 ,
2219 1327 2564 1402 justitia'ejus
2604 1343 2777 1388 manet
2822 1336 2875 1388 in
2921 1336 3165 1392 saeculum
3191 1341 3400 1407 steculi,
3437 1357 3596 1396 cornu

2017 1419 2128 1489 ejus
2155 1419 2466 1474 exaltabitur
2491 1423 2544 1476 in
2568 1423 2752 1494 gloria.
2777 1423 3028 1482 Peccator
3046 1428 3232 1483 videbit
3253 1437 3303 1483 et
3321 1431 3591 1496 irascetur,

2018 1510 2252 1566 dentibus
2277 1513 2382 1567 suis
2407 1499 2587 1585 freinet
2607 1524 2657 1570 et
2683 1517 2922 1583 tabescet,
2941 1520 3251 1577 desiderium
3269 1531 3593 1595 peccatorum

2017 1601 2220 1671 peribit.

2595 1693 3024 1736 COIIENTABIUI.

2093 1783 2184 1840 Vir
2202 1785 2298 1841 Dei
2319 1785 2518 1845 Esdras
2537 1792 2800 1861 propheta
2826 1808 2947 1848 cum
2975 1796 3351 1865 recapitularet
3375 1813 3589 1855 omnem

340 1889 431 1942 tia:
457 1889 612 1942 timor
632 1887 859 1943 Domini.
888 1889 1185 1965 Intellectus
1225 1865 1384 1947 bonus
1413 1892 1646 1947 omnibus
1677 1865 1907 1965 facienti-

2019 1878 2220 1948 Iegem,
2252 1880 2349 1937 Dei
2399 1892 2531 1938 nutu
2555 1885 2798 1954 quaedam
2827 1887 3090 1957 adjunxit.
3122 1888 3272 1946 Unde
3299 1893 3461 1947 etiam
3486 1892 3590 1962 Ag-

339 1979 433 2032 bus
461 1995 593 2044 eum,
625 1979 856 2035 laudatio
882 1981 990 2052 ejus
1017 1993 1190 2036 manet
1210 1984 1263 2037 in
1295 1983 1536 2038 sarculum
1563 1985 1756 2039 steculi.

913 2109 1348 2152 COIIBNTABIUI.

410 2206 752 2263 Centesimus
791 2207 1030 2265 decimus
1057 2209 1296 2279 psalmus
1343 2207 1396 2264 in
1431 2210 1659 2266 concilio
1699 2219 1917 2266 sancto-

339 2315 458 2354 mn
477 2297 764 2355 conﬁtetur
791 2315 984 2371 magna
1012 2317 1177 2372 Opera
1203 2300 1415 2356 Domini
1445 2302 1765 2369 nativitatis,
1797 2319 1919 2374 pas-

339 2393 529 2462 sionis,
554 2393 964 2449 resurrectionis
994 2403 1049 2450 et
1085 2394 1139 2449 in
1171 2395 1337 2451 caelos
1366 2397 1713 2451 ascensionis.
1729 2397 1916 2466 Magna

343 2487 457 2540 haec
486 2499 648 2555 Opera
693 2484 935 2549 Domini,
967 2499 1159 2555 magna
1190 2499 1245 2543 et
1271 2489 1536 2560 exquisita
1567 2489 1621 2544 in
1666 2491 1914 2547 omnibus

348 2577 707 2632 voluntatibus
735 2576 872 2646 ejus.
901 2577 1090 2648 Magna
1119 2588 1242 2635 sunt
1281 2581 1496 2650 quidem
1527 2583 1704 2638 omnia
1750 2599 1912 2655 opera

346 2663 462 2735 ejus
489 2667 557 2720 ab
585 2666 736 2722 initio
763 2669 938 2724 saaculi
963 2687 978 2733 ;
1009 2668 1102 2724 sed
1131 2669 1230 2724 ista
1254 2687 1360 2726 non
1379 2671 1553 2726 solum
1581 2687 1794 2743 magna,
1817 2673 1913 2730 sed

344 2764 399 2812 et
428 2757 689 2826 exquisita
717 2758 772 2812 in
801 2759 1048 2815 omnibus
1074 2776 1192 2831 quae
1219 2761 1288 2816 ab
1315 2762 1467 2817 initio
1494 2763 1662 2819 voluit
1681 2774 1736 2819 et
1763 2764 1908 2821 fecit.

341 2846 618 2905 Cunt‘essio
662 2849 938 2906 Trinitatis
974 2861 1030 2908 et
1077 2853 1468 2923 magnilicentia
1491 2855 1743 2924 Deitatis,
1775 2873 1912 2929 opus

337 2949 419 2995 est
436 2958 450 3006 ;
468 2941 676 3010 justitia
698 2941 814 3012 ejus
832 2943 1175 2999 immutabilis
1195 2956 1503 3016 perseverat
1525 2948 1578 3003 in
1607 2949 1800 3004 saecula
1819 2965 1914 3005 sa:-

339 3031 603 3099 culorum,
635 3033 687 3087 in
707 3049 812 3104 qua
836 3033 1041 3104 justitia
1075 3038 1391 3092 memoriam
1427 3038 1554 3096 fecit
1589 3041 1911 3097 mirabilium

336 3138 586 3188 suorum,
617 3124 800 3181 dicens
831 3145 844 3179 :
873 3125 1003 3182 Haec
1042 3130 1433 3202 quotiescunque
1459 3133 1700 3202 feceritis,
1729 3134 1784 3186 in
1812 3136 1910 3189 mei

2015 1986 2130 2039 gmo
2154 1982 2209 2029 et
2230 1975 2498 2032 Zachariae
2527 1979 2687 2034 istum
2717 1981 2926 2036 titulum
2953 1985 3304 2040 consecravit.
3326 1982 3592 2042 Cauamus

2017 2078 2146 2130 ergo
2190 2068 2540 2123 centesimum
2583 2070 2919 2126 undecimum
2966 2073 3251 2143 psalmum,
3301 2083 3357 2129 et
3407 2074 3593 2132 demus

2019 2153 2228 2209 laudem
2254 2155 2370 2225 ejus
2397 2159 2551 2228 quasi
2580 2160 2633 2214 in
2662 2176 2770 2215 uno
2798 2162 2914 2217 viro
2938 2162 3177 2233 perfecto
3207 2165 3454 2220 omnibus
3479 2181 3593 2220 san-

2018 2245 2136 2309 ctis,
2165 2255 2222 2300 ut
2239 2248 2385 2316 quod
2398 2248 2466 2303 de
2486 2265 2594 2304 uno
2612 2251 2902 2308 dixerimus
2922 2255 2992 2308 sit
3009 2253 3077 2308 de
3097 2255 3344 2310 omnibus
3362 2255 3591 2323 dictum;

2018 2345 2073 2390 et
2101 2337 2244 2406 quod
2290 2339 2632 2408 singulariter
2660 2341 2820 2416 fuerit
2865 2345 3237 2416 explanatum,
3281 2347 3594 2403 universalis

2017 2431 2272 2485 sanctitas
2299 2433 2493 2502 capiat.
2541 2431 2738 2489 Beatus
2763 2437 2845 2490 vir
2871 2439 2961 2507 qui
2985 2439 3136 2495 timet
3173 2438 3475 2495 Dominum.
3500 2439 3591 2495 Fi-

2016 2533 2138 2574 nem
2166 2522 2423 2590 prmteriti
2465 2524 2656 2593 psalmi
2684 2528 2960 2596 przesentis
2987 2529 3249 2600 principio
3276 2530 3589 2596 collocavit,

2015 2618 2073 2665 ut
2102 2611 2203 2667 hoc
2231 2613 2372 2683 quod
2399 2601 2534 2670 dixit
2562 2615 2702 2672 illius
2727 2614 2850 2684 ﬁne,
2882 2618 3093 2674 laudem
3123 2621 3376 2688 timentis,
3409 2621 3589 2677 Domi-

2013 2718 2140 2758 num
2169 2719 2386 2761 manere
2407 2707 2459 2762 in
2488 2709 2743 2764 saeculum
2771 2711 2968 2777 smculi,
3001 2712 3087 2767 hic
3115 2713 3167 2767 in
3197 2714 3460 2785 principio
3489 2715 3590 2784 ipsi

2011 2795 2100 2864 qui
2130 2797 2283 2853 timet
2329 2797 2612 2855 Dominqu
2660 2802 3046 2858 beatitudinem
3087 2805 3410 2874 applicaret,
3438 2805 3591 2875 cujus

2011 2888 2354 2945 beatitudinis
2378 2900 2433 2945 et
2459 2892 2668 2961 species
2703 2892 3001 2950 declararet
3028 2905 3084 2949 et
3111 2893 3269 2950 facta.
3292 2895 3425 2962 Quis
3459 2909 3590 2965 ergo

2012 2980 2104 3048 qui
2134 2980 2286 3035 timet
2315 2980 2637 3037 Dominum?
2663 2982 2791 3039 Sine
2817 2984 3013 3052 dubio,
3053 2988 3143 3056 qui
3193 2987 3444 3044 mandata
3474 2988 3590 3058 ejus

2013 3071 2159 3140 cupit
2186 3072 2360 3139 nimis,
2392 3081 2585 3143 potens
2623 3075 2726 3130 erit
2753 3091 2938 3132 semen
2969 3077 3086 3147 ejus
3109 3078 3162 3133 in
3192 3087 3365 3144 terra,
3396 3095 3503 3134 non
3531 3080 3588 3136 iu

2013 3169 2246 3230 petrosa,
2269 3178 2369 3219 nec
2397 3179 2540 3220 secus
2568 3167 2724 3234 viam,
2748 3183 2846 3223 nec
2874 3169 3009 3224 inter
3026 3171 3225 3241 spinas,
3255 3169 3348 3226 sed
3369 3173 3425 3226 in
3448 3181 3584 3227 terra

1498 3223 1908 3334 Ἦεξξξθοτξθῑ
1933 3239 1980 3303 C
2010 3217 2142 3307 bona
2165 3253 2341 3325 (Matt.
2372 3256 2510 3328 XIII).
2541 3217 2742 3314 Potens
2781 3267 2864 3314 est
2899 3217 3178 3328 generratio
3206 3276 3325 3330 qua:
3361 3277 3429 3316 ex
3470 3263 3588 3334 ipso

334 3306 621 3362 miserator
640 3306 930 3364 Dbminus?
960 3317 1085 3364 tunc
1111 3310 1228 3366 sine
1255 3310 1418 3368 dubio
1434 3353 1450 3377 ,
1492 3314 1704 3384 quando
1731 3332 1906 3372 escam

331 3396 478 3455 dedit
521 3402 764 3471 corporis
815 3403 896 3457 sui
937 3403 1245 3460 timentibus
1279 3420 1358 3460 se.
1389 3404 1456 3460 Et
1484 3406 1586 3462 hoc
1614 3416 1905 3465 testamen-

333 3498 447 3544 tum
476 3505 682 3546 memor
708 3492 811 3547 erit
834 3488 1087 3550 Dominus
1115 3495 1168 3550 in
1195 3505 1471 3561 mternum,
1503 3513 1602 3568 per
1626 3499 1766 3568 quod
1797 3501 1903 3555 vir-

332 3587 500 3636 tutem
546 3597 769 3652 operum
812 3599 1030 3640 suorum
1059 3589 1391 3643 annuntiavit
1427 3591 1625 3660 populo
1653 3607 1778 3656 suo;
1809 3607 1907 3662 per

331 3670 473 3740 quod
502 3671 647 3727 dedit
675 3674 754 3729 eis
782 3675 1149 3733 hmreditatem
1185 3679 1458 3748 gentium;
1491 3696 1588 3750 per
1627 3683 1768 3751 quod
1798 3699 1906 3737 non

333 3760 386 3814 in
416 3761 786 3830 phantasmate
808 3805 825 3831 ,
866 3771 924 3820 ut
967 3768 1376 3824 anathemabilis
1403 3769 1725 3825 Maniclncus
1753 3787 1900 3826 som-

333 3854 506 3909 uiatus
532 3863 632 3920 est,
660 3857 754 3912 sed
783 3865 837 3912 et
865 3857 917 3912 in
945 3860 1190 3925 veritate,
1223 3861 1275 3916 in
1307 3860 1547 3929 judicio;
1579 3871 1634 3916 et
1657 3877 1906 3932 qumcun-

333 3957 436 4012 que
488 3943 734 4010 leguntur
787 3946 1035 4002 mandata
1082 3948 1197 4016 ejus
1241 3948 1417 4004 ﬁdelia
1455 3959 1509 4005 et
1549 3961 1730 4007 sancta
1759 3961 1902 4018 sunt,

335 4032 644 4088 conﬁrmata
683 4037 734 4090 iu
765 4035 1011 4100 Christo,
1041 4041 1310 4094 manentia
1340 4042 1392 4095 in
1413 4043 1661 4096 sccculum
1691 4043 1903 4110 surculi,

337 4125 459 4194 quia
507 4125 643 4181 facta
692 4138 818 4182 sunt
864 4130 918 4184 in
957 4131 1202 4186 veritate.
1239 4131 1297 4187 ln
1339 4133 1455 4204 ipso
1477 4134 1659 4205 utique
1681 4135 1906 4192 Domino

332 4223 520 4270 nostro
566 4217 689 4273 Jesu
734 4217 948 4275 Christo
999 4222 1282 4294 completa,
1332 4232 1383 4280 et
1425 4226 1476 4280 in
1515 4225 1630 4294 ejus
1655 4228 1906 4296 :equitate

327 4316 453 4362 sunt
479 4311 744 4365 custodita
762 4353 777 4378 ,
817 4313 1031 4382 quando
1057 4314 1476 4386 redemptionem
1505 4334 1605 4389 per
1629 4321 1904 4390 apostolos

325 4400 472 4455 misit
495 4403 694 4472 populo
721 4420 820 4459 suo
846 4403 1029 4460 dicens
1061 4425 1073 4459 :
1109 4405 1206 4471 Ite,
1243 4407 1500 4480 baptizate
1525 4427 1696 4466 omnes
1725 4421 1900 4485 gentes

2008 3344 2210 3399 semine
2231 3347 2500 3415 nascitur,
2523 3362 2738 3420 semper
2774 3350 2826 3404 in
2855 3350 3225 3408 benedictione
3253 3353 3373 3407 erit.
3405 3351 3586 3410 Gloria

2007 3443 2063 3489 et
2090 3434 2284 3492 divitia:
2328 3439 2382 3492 iu
2429 3439 2592 3496 domo
2633 3440 2768 3508 ejus.
2809 3439 3100 3496 Audiamus
3138 3441 3232 3496 Dei
3269 3443 3587 3512 sapientiam

2007 3525 2368 3596 alloquentem
2399 3547 2412 3582 :
2446 3527 2513 3582 Et
2540 3530 2584 3584 si
2613 3529 2831 3596 divitizc,
2868 3531 3057 3600 inquit,
3087 3531 3373 3602 diligantur
3400 3533 3454 3588 in
3481 3533 3586 3590 hac

2006 3618 2115 3672 vita
2139 3658 2154 3683 ,
2182 3619 2308 3688 quid
2333 3620 2594 3690 sapientia
2615 3620 2932 3693 locupletius
2957 3638 3076 3693 qua:
3097 3625 3275 3680 omnia
3304 3625 3586 3696 possidet?

2007 3708 2108 3775 Qui
2137 3724 2264 3779 ergo
2291 3711 2611 3781 sapientiam
2662 3713 2800 3768 intra
2849 3714 3064 3778 domum
3109 3718 3352 3787 corporis
3379 3719 3461 3773 sui
3488 3719 3586 3772 ha-

2007 3799 2135 3855 bere
2155 3802 2436 3868 meruerit,
2469 3802 2629 3857 habet
2658 3803 2802 3858 intus
2827 3804 3072 3874 gloriam.
3098 3803 3268 3860 Habet
3293 3815 3348 3860 et
3373 3806 3585 3862 divitias

2007 3906 2114 3945 non
2143 3893 2371 3948 caducas
2392 3932 2407 3957 ,
2442 3909 2548 3949 non
2571 3909 2705 3964 quas
2733 3896 2874 3950 tinea
2905 3897 3225 3950 exterminat
3248 3937 3263 3962 ,
3297 3913 3404 3952 non
3448 3912 3584 3968 quas

2007 3980 2151 4036 fures
2178 3985 2417 4052 rapiunt,
2442 3985 2536 4040 sed
2564 3985 2680 4039 illas
2711 3985 2922 4040 divitias
2949 4002 3083 4057 quas
3108 3997 3371 4044 memorat
3410 3990 3464 4044 in
3485 4005 3581 4044 sae-

2006 4072 2184 4127 culum
2213 4075 2391 4129 smculi
2420 4084 2756 4146 permanere,
2779 4093 2876 4148 per
2898 4092 3032 4147 quas
3051 4077 3254 4133 orietur
3275 4079 3326 4134 in
3348 4080 3585 4136 tenebris

2008 4163 2163 4234 hujus
2211 4166 2395 4222 mundi
2443 4166 2621 4222 lumen
2651 4168 2811 4224 rectis
2838 4168 3038 4235 corde,
3068 4184 3294 4239 quorum
3343 4169 3582 4229 videntes

2004 4255 2249 4311 homines
2289 4271 2471 4327 Opera,
2511 4255 2811 4326 glorificent
2858 4256 3070 4313 Patrem
3099 4259 3190 4332 qui
3215 4269 3297 4315 est
3325 4261 3379 4316 in
3407 4261 3578 4328 caelis,

2001 4346 2071 4400 sit
2100 4354 2306 4401 tantum
2325 4348 2631 4404 misericors
2657 4357 2712 4404 et
2739 4350 3020 4406 miserator
3047 4351 3271 4408 homini.
3301 4351 3452 4410 Sicut
3477 4353 3579 4412 sibi

2000 4436 2115 4492 Vult
2160 4437 2322 4493 homo
2374 4438 2513 4494 ellici
2559 4438 2840 4496 Dominum
2865 4483 2880 4507 ,
2911 4443 2981 4497 sit
3007 4442 3158 4513 pius,
3189 4443 3259 4499 sit
3280 4443 3575 4514 jucundus,

322 4495 376 4548 in
419 4497 624 4550 nomine
652 4496 850 4562 Patris,
872 4507 923 4551 et
950 4497 1095 4565 Filii,
1123 4511 1172 4553 et
1192 4499 1417 4572 Spiritus
1446 4505 1632 4569 sancti,
1662 4504 1899 4560 docentes
2002 4531 2318 4587 misereatur
2330 4537 2384 4587 ει
2412 4532 2734 4599 commodet,
2847 4495 3264 4604 ίξιῖίυᾶίξξόἠξη

319 4602 410 4641 eos
433 4588 688 4647 custodire
715 4592 886 4644 omnia
926 4608 1039 4662 qum
1062 4592 1302 4648 mandavi

317 4675 456 4742 Quia
487 4677 661 4732 lidelia
682 4680 858 4734 omnia
880 4681 1126 4736 mandata
1152 4692 1290 4750 sunt,
1315 4685 1367 4739 in
1408 4687 1600 4755 quibus
1626 4689 1891 4745 mandatis

318 4767 399 4821 ita
427 4775 687 4833 sanctum,
737 4780 793 4825 et
842 4772 913 4826 ita
948 4774 1184 4830 terribile
1211 4792 1406 4833 nomen
1436 4779 1550 4848 ejus
1597 4789 1655 4834 ut
1682 4782 1891 4837 initium

315 4859 595 4928 sapientitc
635 4860 792 4930 hujus
839 4863 997 4918 timor
1033 4865 1102 4920 sit
1147 4866 1374 4923 Domini.
1407 4869 1536 4924 Nam
1565 4872 1654 4941 qui
1683 4873 1798 4927 sine
1820 4873 1891 4926 ti-

315 4966 474 5006 more
509 4962 589 5007 est
617 4954 798 5010 incidit
827 4956 881 5011 in
918 4957 1136 5024 malum,
1167 4961 1258 5028 qui
1285 4971 1463 5018 autem
1503 4964 1750 5019 timorem
1795 4966 1891 5021 Dei

314 5042 486 5100 habet
533 5055 693 5116 caput
727 5049 1000 5118 sapientia:
1043 5051 1242 5116 habet,
1273 5067 1371 5122 per
1388 5070 1545 5124 quem
1567 5056 1892 5112 intellectum

315 5134 540 5190 habebit
564 5137 790 5204 bonum,
824 5139 895 5193 ita
924 5147 982 5193 ut
1010 5141 1124 5195 laus
1151 5141 1267 5210 ejus
1302 5155 1515 5200 maneat
1543 5147 1594 5200 in
1640 5149 1890 5203 sarculum

313 5227 519 5282 saeculi.
553 5227 786 5295 Manens,
819 5231 983 5288 immo
1011 5247 1331 5303 permanens
1351 5236 1402 5290 in
1435 5237 1625 5293 timore
1665 5239 1756 5294 Dei
1793 5240 1890 5295 ha-

314 5318 468 5374 bebit
490 5320 541 5372 in
569 5319 779 5378 Christo
809 5323 1035 5391 laudem,
1057 5333 1111 5381 et
1140 5325 1252 5396 ipsa
1279 5327 1393 5383 laus
1414 5339 1591 5386 manet
1621 5330 1671 5385 iu
1701 5332 1891 5388 smcula

313 5409 656 5466 seculorum.
683 5412 871 5470 Amen.

853 5501 1166 5564 PSALMUS
1220 5507 1354 5566 CXI.

525 5589 748 5648 Alleluia
773 5597 1092 5651 reversionis
1112 5599 1290 5667 Αεεωί
1318 5601 1684 5676 etZacharizc.

396 5701 584 5759 Beatus
609 5709 687 5762 vir
713 5708 799 5779 qui
829 5708 968 5762 timet
1012 5707 1289 5773 Dominum
1312 5753 1328 5779 ,
1366 5717 1421 5768 in
1472 5717 1735 5770 mandatis
1777 5720 1887 5789 ejus

319 5797 456 5854 volet
482 5800 653 5856 nimis.
683 5799 873 5855 Potens
896 5802 952 5858 in
979 5810 1117 5858 terra
1136 5804 1234 5858 erit
1273 5822 1441 5862 semen
1467 5808 1599 5879 ejus,
1622 5812 1884 5878 generatio

1330 4594 1470 4650 vobis
1491 4594 1667 4666 (Matt.
1688 4597 1892 4669 xxvm).

2006 4622 2176 4692 inapis
2204 4623 2519 4691 confundat,
2550 4633 2605 4678 et
2633 4594 2868 4695 potentis
2893 4594 3150 4699 accipiat;
3186 4594 3330 4700 quod
3379 4629 3423 4684 si
3467 4645 3576 4685 non

1997 4711 2199 4779 fecerit,
2225 4715 2276 4768 in
2305 4723 2562 4770 aeternum
2592 4733 2700 4772 non
2729 4719 3171 4774 commovebitur.
3204 4719 3459 4775 Memoria
3481 4737 3578 4777 au-

1998 4811 2104 4858 tem
2135 4803 2250 4873 ejus
2276 4813 2474 4860 mterna
2503 4808 2641 4871 erit,
2656 4815 2710 4860 et
2737 4808 2862 4862 dum
2888 4809 3113 4879 coeperit
3141 4809 3266 4864 tuba
3285 4825 3479 4867 sonare
3506 4811 3575 4868 de

1999 4895 2166 4959 coelo,
2205 4895 2331 4949 dum
2359 4897 2584 4966 coeperit
2611 4897 2747 4966 ignis
2773 4900 2999 4970 strepitu
3025 4901 3281 4969 gehennte
3324 4902 3573 4963 frenden-

1998 4985 2141 5040 tibus
2158 4985 2330 5054 globis
2357 4985 2600 5042 ﬂammas
2625 5002 2894 5054 evomere,
2925 4990 3013 5047 hic
3035 4993 3248 5063 penitus
3275 5011 3382 5052 non
3413 4997 3574 5054 time-

1997 5075 2094 5129 hit.
2119 5074 2340 5141 Quare?
2367 5073 2502 5142 Quia
2531 5087 2772 5147 paratum
2800 5095 3014 5154 semper
3040 5082 3139 5140 fuit
3173 5100 3269 5141 cor
3295 5086 3412 5156 ejus
3444 5101 3570 5156 spe-

1927 5217 1938 5224 ,
1995 5180 2116 5220 rare
2168 5167 2220 5221 in
2277 5165 2520 5221 Domino.
2573 5167 2804 5242 Ideoque
2855 5173 3175 5232 conﬁrmato
3235 5175 3398 5232 corde
3461 5190 3570 5228 non

1995 5257 2417 5312 commovebitur
2438 5299 2453 5325 ,
2485 5258 2657 5316 donec
2685 5262 2862 5320 videat
2883 5265 3130 5323 inimicos
3157 5280 3286 5321 suos
3313 5267 3366 5320 in
3395 5265 3568 5333 ipsum

1993 5348 2134 5402 mitti
2189 5348 2511 5406 incendium.
2544 5349 2741 5410 Omnes
2768 5357 2973 5412 scilicet
2999 5355 3301 5411 immundos
3327 5353 3567 5424 spiritus,

1990 5439 2083 5510 qui
2128 5441 2197 5495 ab
2237 5442 2560 5510 inimicitiis,
2591 5446 2826 5515 quandiu
2846 5461 3032 5500 sumus
3079 5447 3131 5500 in
3167 5447 3268 5498 isto
3314 5459 3565 5516 corpore,

1996 5534 2215 5590 omnino
2244 5550 2351 5590 non
2378 5543 2607 5591 cessant.
2633 5534 2831 5590 Verum
2858 5536 3004 5604 quia,
3037 5543 3096 5589 ut
3123 5533 3231 5589 dixi
3249 5575 3264 5600 ,
3316 5536 3362 5590 si
3402 5552 3565 5594 unum

1994 5627 2227 5699 aliquem
2246 5628 2462 5684 beatum
2482 5628 2642 5684 istum
2679 5628 2850 5682 virum
2881 5627 2934 5680 in
2971 5626 3073 5681 isto
3117 5643 3281 5698 opere
3300 5632 3560 5699 nominat,

1994 5725 2240 5780 omnibus
2278 5724 2634 5794 applicabitur
2671 5723 2763 5791 qui
2811 5719 3048 5792 ejusdem
3093 5723 3216 5780 facti
3259 5727 3563 5785 similitudi-

1993 5829 2116 5874 nem
2142 5819 2486 5886 perpetrant;
2515 5810 2592 5866 sic
2610 5810 2786 5871 dicam
2815 5813 2869 5871 in
2915 5811 3076 5871 beato
3118 5814 3404 5878 Laurentio
3448 5820 3563 5889 h-ee
