4088 6346
557 350 664 410 499

1920 343 2191 403 ΑΒΝΟΒΙΙ
2227 343 2527 402 JUNIORIS

3711 349 3813 420 500

558 470 769 535 omnia,
810 475 864 523 et
914 466 1233 540 prophetsta
1259 471 1313 519 et
1350 464 1506 519 facta.
1543 461 1805 533 Dispersit
1833 462 1975 516 enim
2019 478 2136 516 om-
2164 460 2219 521 Α
2242 474 2360 514 eam
2398 469 2623 515 matrem
2669 461 2720 513 in
2761 458 2881 517 ﬁliis
2923 460 3296 517 exsultantem.
3343 446 3599 516 Sanctam
3633 464 3809 533 utique

555 561 676 624 nia,
719 568 773 615 et
824 557 968 613 dedit
1012 556 1365 628 pauperibus;
1408 570 1515 610 non
1563 555 1820 628 reposuit,
1879 569 1987 609 non
2035 568 2126 607 oe-

552 652 795 717 cultavit,
810 649 1060 721 dispersit
1097 656 1151 705 et
1187 647 1335 709 dedit
1376 646 1720 721 pauperibus.
1765 644 1891 701 Ideo
1923 644 2127 715 justitia

553 744 673 814 ejus
712 741 1020 813 temporalis
1046 755 1155 799 non
1185 747 1270 796 est
1290 780 1305 805 ,
1336 739 1432 798 sed
1460 745 1740 811 permanet
1766 737 1819 793 in
1847 744 2123 802 aeternum,
2140 764 2156 785 ι

551 843 606 891 et
630 850 801 891 cornu
818 832 1021 903 ejus,id
1041 840 1142 899 est,
1166 831 1411 889 Christus
1423 830 1560 900 ejus,
1582 829 1673 900 qui
1693 829 1747 884 in
1778 829 1894 900 ipso
1917 838 2123 896 regnat,

550 924 815 981 exaltatur
844 924 898 979 in
926 924 1094 994 gloria
1118 931 1164 976 κ.
1196 921 1312 979 Hoc
1336 930 1589 993 peccator
1610 920 1761 976 vidit.
1780 936 1876 976 rex
1903 917 2127 975 amaris-

548 1016 745 1081 simus,
786 1014 921 1070 vidit
957 1014 1212 1085 quoniam
1239 1012 1491 1084 dispersit
1525 1020 1578 1069 ct
1609 1011 1754 1068 dedit
1781 1011 2123 1083 pauperibus,

546 1105 795 1161 dentibus
823 1105 986 1177 cmpit
1012 1103 1241 1163 fremere
1274 1111 1329 1159 et
1360 1104 1652 1169 tabescere,
1684 1102 1776 1160 sed
1800 1102 2123 1158 desiderium

543 1198 846 1269 peccatoris
896 1198 1071 1269 periit.
1123 1196 1465 1258 Desiderium.
1494 1204 1675 1253 autem
1708 1196 1839 1267 justi
1872 1196 2122 1267 martyris

542 1297 725 1346 manet
753 1290 807 1345 in
836 1290 1029 1346 saecula
1058 1289 1399 1347 saeculorum.
1428 1287 1622 1347 Amen.
1706 1314 1713 1323 -

1079 1398 1396 1458 PSALMUS
1432 1398 1591 1456 CXII.

1080 1491 1327 1557 Alleluia,
1358 1491 1591 1549 alleluia.

618 1606 871 1672 Laudate,
899 1607 1060 1677 pueri,
1098 1604 1405 1670 Dominum,
1440 1602 1647 1657 laudate
1673 1618 1855 1656 nomen
1884 1601 2113 1656 Domini.

546 1699 630 1753 Sit
651 1699 850 1754 nomen'
861 1697 1071 1752 Domini
1102 1695 1434 1771 benedictum,
1466 1711 1530 1748 ea:
1549 1694 1643 1747 hoc
1662 1709 1796 1746 nunc
1820 1702 1869 1747 et
1887 1710 2044 1765 usque
2064 1694 2119 1746 in

2232 544 2525 611 Ecclesium
2545 595 2563 618 ,
2598 553 2651 606 in
2696 568 2800 623 qua
2840 551 3073 609 Trinitas
3101 561 3288 623 regnat
3330 552 3504 609 Patris
3528 563 3584 609 et
3614 554 3730 609 Filii
3759 566 3811 611 et

2231 644 2460 717 Spiritus
2490 647 2690 713 sancti,
2722 646 2778 701 in
2801 647 3007 729 unitate
3034 647 3285 721 Deitatis,
3326 663 3468 701 nunc
3497 655 3551 701 et
3580 664 3803 719 semper,

2230 746 2283 791 et
2304 738 2356 791 in
2383 739 2577 793 sarcula
2606 737 2941 793 szeculoriim.
2967 737 3157 793 Amen.

2759 849 3072 907 PSALMUS
3106 848 3285 907 CXllL

2753 942 3010 1008 Alleluia,
3043 942 3284 999 alleluia.

2301 1054 2522 1110 [uetita
2543 1054 2792 1110 Israelde
2817 1053 3074 1127 Eggpto,
3115 1054 3293 1111 domus
3330 1051 3497 1110 Iacob
3530 1054 3597 1109 de
3622 1057 3806 1125 populo

2226 1145 2466 1201 barbaro.
2508 1146 2677 1202 Facta
2701 1156 2779 1203 est
2796 1145 2983 1203 Judaa
2999 1147 3346 1217 sanctiﬁcatio
3372 1148 3506 1217 ejus,
3536 1144 3711 1203 Israel
3728 1166 3806 1218 pe-

2227 1244 2382 1292 testas
2409 1237 2538 1308 eius.
2572 1236 2722 1292 Mare
2749 1237 2873 1293 uidit
2899 1246 2950 1292 et
2976 1238 3142 1309 fugit,
3167 1236 3417 1293 Jordauis
3443 1248 3804 1293 conuersum

2223 1337 2521 1384 retrorsum.
2565 1327 2769 1383 Montes
2814 1331 3284 1385 exsultant-autut
3318 1330 3539 1397 arista,
3577 1339 3631 1385 et
3653 1331 3803 1387 uelles

2222 1422 2357 1476 sicut
2379 1422 2506 1493 agni
2532 1423 2719 1477 ovium.
2754 1420 2891 1486 Quid
2918 1430 2996 1476 est
3016 1420 3106 1476 tibi
3126 1421 3420 1493 mai-epod
3447 1423 3648 1493 fugisti,
3679 1431 3732 1478 et
3750 1430 3801 1478 tu

2221 1511 2471 1568 Iordanis
2498 1514 2618 1585 quia
2643 1529 2913 1569 conversus
2947 1531 3004 1569 es
3040 1514 3358 1569 retrorsum?
3396 1514 3601 1571 Montes
3632 1514 3800 1571 assul-

2224 1607 2375 1660 tastis
2393 1607 2525 1660 sicut
2546 1607 2754 1672 arietes,
2776 1616 2827 1661 et
2853 1606 3008 1662 colles
3045 1608 3179 1662 sicut
3210 1608 3336 1678 agni
3366 1607 3573 1663 orietur!
3596 1607 3642 1662 Δ
3672 1609 3799 1679 μά

2222 1694 2433 1751 Domini
2452 1707 2591 1753 mota
2612 1707 2691 1755 est
2707 1708 2878 1764 terra,
2906 1715 2941 1753 a
2969 1700 3104 1771 facie
3126 1696 3424 1753 Βουσίρι.
3466 1696 3570 1763 Qui
3589 1716 3797 1755 casses-

541 1789 801 1843 saecutum.
826 1788 869 1840 Α
889 1788 1011 1843 solis
1032 1796 1146 1841 ortu
1172 1801 1330 1858 usque
1365 1785 1434 1839 ad
1470 1800 1706 1841 occasum
1741 1783 2000 1875 laudabile
2026 1800 2121 1838 no—
2150 1812 2200 1875 Β
2226 1788 2286 1841 tit
2313 1799 2512 1859 petram
2529 1790 2585 1844 in
2605 1798 2794 1861 stagna
2817 1805 3093 1861 aquarum,-
3111 1799 3160 1844 et
3183 1783 3361 1861 rupem
3379 1791 3622 1863 infantes
3643 1807 3797 1863 apte-

541 1896 657 1934 men
684 1878 913 1934 Domini.
955 1876 1208 1932 Excelsus
1234 1892 1385 1948 super
1417 1892 1593 1931 omnes
1626 1884 1801 1947 gentes
1842 1872 2114 1951 Dominus,

539 1979 589 2025 et
614 1985 766 2041 super
802 1970 955 2025 ctelos
982 1968 1148 2041 gloria
1176 1969 1309 2039 ejus.
1358 1965 1484 2032 Quis
1530 1969 1663 2021 sicut
1697 1965 1950 2022 Dominus
1976 1965 2119 2022 Deus

538 2068 712 2115 uoster
737 2062 822 2133 qui
847 2062 905 2115 in
940 2060 1063 2115 altis
1087 2060 1316 2122 habth,
1358 2070 1410 2114 et
1436 2059 1651 2114 humilia
1682 2060 1891 2130 respicit
1913 2061 1969 2114 in
1994 2060 2118 2115 ctzlo

537 2162 586 2208 et
623 2155 678 2207 in
718 2162 875 2207 terra.
920 2154 1191 2210 Suscitans
1230 2172 1262 2209 a
1301 2165 1438 2209 terra
1476 2156 1699 2224 inopem,
1728 2163 1779 2209 et
1805 2154 1870 2210 de
1894 2165 2119 2211 stercore

536 2247 743 2319 erigens
780 2264 1071 2319 pauperem.
1129 2247 1198 2303 Ut
1224 2249 1438 2303 collocet
1474 2265 1590 2303 eum
1628 2264 1739 2302 cum
1774 2250 2114 2320 principibus,

535 2356 650 2394 cum
672 2341 987 2412 principibus
1009 2341 1183 2411 populi
1203 2343 1303 2395 sui.
1348 2339 1449 2405 Qui
1476 2340 1713 2395 habitare
1745 2342 1870 2412 facit
1892 2343 2115 2397 sterilem

534 2431 587 2484 in
614 2429 784 2495 domo,
815 2430 1029 2485 matrem
1049 2431 1277 2501 ﬁliorum
1306 2432 1586 2487 laetantem.

1105 2561 1540 2602 (ΖΟΙΜΕΝΤΛΒΙΠΜ.

562 2702 567 2707 .
604 2659 797 2715 Venite
821 2698 836 2724 ,
886 2660 1073 2731 pueri,
1124 2661 1291 2717 nolite
1332 2668 1666 2732 exspectare,
1695 2662 1861 2717 nolite
1889 2660 2108 2717 dicere:

533 2749 780 2807 Nondum
810 2766 965 2807 senes
992 2767 1192 2807 sumus.
1244 2752 1388 2809 Ordo
1414 2752 1669 2808 nascendi
1696 2762 1797 2819 est,
1822 2752 1955 2808 ordo
1986 2767 2113 2808 vero

532 2843 795 2899 moriendi
826 2859 932 2898 non
962 2852 1062 2900 est.
1100 2843 1287 2900 Venite
1311 2860 1469 2916 ergo,
1511 2846 1693 2916 pueri,
1726 2861 1833 2901 non
1863 2845 1930 2900 ad
1956 2844 2110 2899 labo-

532 2947 645 2989 rem
674 2934 905 3004 aliquem
929 2974 945 2999 ,
993 2935 1088 2991 sed
1116 2935 1181 2990 ad
1204 2936 1433 2995 laudem.
1471 2935 1739 2998 Laudate,
1782 2935 1963 3006 pueri,
2005 2934 2111 2989 Do-

532 3026 767 3093 minum,
807 3026 1021 3105 laudate
1058 3042 1253 3083 nomen
1295 3029 1504 3085 Domini
1533 3030 1586 3083 in
1616 3028 1848 3085 Christo.
1907 3027 1964 3083 ln
1993 3028 2109 3098 ipso

534 3116 677 3170 enim
722 3130 917 3172 nomen
961 3118 1173 3174 Demini
1217 3118 1574 3186 benedicitur,
1620 3135 1688 3175 ex
1736 3120 1840 3175 hoc
1887 3136 2027 3176 nunc
2055 3128 2111 3175 et

533 3221 703 3277 usque
743 3208 797 3262 in
835 3208 1025 3265 acula
1097 3207 1214 3265 Non
1245 3210 1299 3265 in
1326 3207 1507 3266 Iudam
1530 3210 1643 3265 sola
1693 3211 1787 3267 sed
1816 3211 2110 3266 ill-omnem
2136 3188 2187 3254 ο
2214 3188 2462 3232 uommo,
2492 3188 2701 3236 auguror
2728 3188 2903 3220 eorum
2926 3203 2941 3228 ,
2969 3188 3017 3218 et
3045 3188 3304 3234 pratc'cwr
3337 3188 3514 3215 eorum
3542 3188 3632 3216 cst.
3683 3188 3757 3212 νυ

1031 3249 1045 3263 ⁸
1650 3250 1666 3276 ν
2273 3264 2285 3276 ο
2637 3262 2657 3277 ιι
2694 3260 2729 3277 ρ.
2770 3276 2773 3277 ,
2830 3259 2913 3277 ,.,!
2980 3266 3013 3277 με
3046 3255 3113 3277 Ι.-.
3152 3257 3301 3277 ΑΔΒΑ-9Α
3322 3255 3465 3277 ---Ι-Ξ-
3534 3252 3757 3277 ⁸-..-Δτμὲ

2173 3252 2183 3313 ξ
2213 3264 2383 3316 minus
2412 3277 2603 3315 memor
2630 3260 2729 3333 [uit
2748 3259 2933 3324 nostri,
2964 3266 3013 3312 et
3041 3255 3301 3311 benedixit
3320 3255 3485 3310 nobis.
3524 3252 3776 3309 Benedixit

534 3303 732 3353 terram
778 3313 809 3357 a
853 3298 983 3355 solis
1024 3307 1146 3354 ortu
1176 3307 1346 3370 uSque
1372 3297 1438 3354 ad
1466 3314 1714 3355 occasum
1736 3297 2001 3357 laudabile
2028 3309 2111 3355 est

532 3388 730 3449 factum
755 3391 808 3444 in
836 3386 1052 3446 Christo
1087 3399 1285 3447 nomen
1324 3391 1555 3449 Domini.
1607 3389 1779 3447 Antea
1808 3392 1951 3447 enim
1979 3402 2111 3462 quot

532 3489 717 3549 gentes
738 3522 753 3547 ,
784 3489 864 3537 tot
893 3488 948 3537 et
977 3489 1166 3549 sectae,
1198 3490 1281 3538 tot
1309 3490 1365 3538 et
1393 3482 1499 3548 dii,
1528 3480 1623 3538 sed
1650 3484 1717 3539 ab
1746 3481 1977 3539 adventu
2004 3482 2110 3538 Do-

322 3544 325 3546 ’
428 3578 435 3581 ’
532 3544 663 3626 mini
688 3544 856 3626 nostri
889 3567 1015 3627 Jesu
1050 3544 1275 3637 Christi,
1312 3573 1385 3627 ita
1544 3587 1732 3628 omnes
1773 3573 2109 3644 superstitio-

535 3675 630 3715 nes
672 3676 703 3715 a
748 3660 995 3728 gentibus
1045 3663 1362 3717 renuntiata:
1401 3671 1565 3730 sunt,
1607 3670 1662 3719 et
1698 3679 1863 3719 unum
1892 3663 2110 3719 laudant

533 3750 699 3806 Deum
725 3759 781 3806 et
808 3751 1135 3808 conﬁtentur
1162 3754 1213 3808 in
1243 3752 1477 3809 Christo.
1509 3753 1627 3824 Ipse
1652 3762 1735 3810 est
1758 3754 1900 3810 enim
1930 3756 2107 3811 excel-

532 3856 620 3899 sus
638 3850 800 3912 super
826 3831 1015 3899 omnes
1041 3852 1229 3913 gentes
1249 3844 1531 3909 Dominus,
1563 3845 1715 3917 cujus
1743 3846 1796 3900 in
1818 3854 1960 3901 terra
1989 3847 2101 3915 qui-

532 3934 652 3989 dem
699 3949 889 4004 magna
936 3936 1211 3992 hutnilitas
1239 3937 1476 4004 exstitit,
1508 3937 1601 3993 sed
1628 3954 1789 4008 super
1813 3938 1978 3994 cmlos
2001 3953 2110 3992 ma-

530 4039 631 4092 gna
664 4035 745 4080 est
781 4026 953 4095 gloria
981 4026 1116 4097 ejus.
1165 4025 1295 4094 Quis
1322 4028 1464 4083 enim
1505 4028 1641 4083 sicut
1684 4027 1941 4084 Dominus
1966 4028 2107 4084 Deus

530 4124 715 4170 noster
740 4115 832 4185 qui
862 4118 915 4171 in
940 4118 1062 4171 altis
1086 4117 1354 4184 habitans,
1383 4128 1439 4175 et
1465 4119 1687 4175 humilia
1716 4121 1967 4190 respicit,
1995 4136 2104 4176 non

529 4206 668 4261 sicut
695 4206 762 4261 de
793 4216 933 4262 tecto
960 4209 1189 4263 attendit
1226 4209 1294 4265 ad
1335 4220 1531 4266 terram
1553 4251 1567 4276 ,
1600 4209 1693 4266 sed
1721 4227 1832 4264 cum
1859 4214 1913 4265 in
1936 4214 2105 4283 fama

462 4360 473 4369 ι
531 4294 627 4352 Dei
650 4306 809 4362 esset,
839 4315 942 4352 non
975 4301 1212 4371 rapinam
1234 4300 1514 4355 arbitratus
1538 4311 1615 4355 est
1638 4318 1750 4356 esse
1777 4318 1832 4355 se
1860 4302 2106 4374 aqualem

529 4386 661 4453 Deo,
675 4387 765 4441 sed
778 4388 1102 4460 semetipsum
1118 4390 1423 4455 exinanivit,
1441 4391 1658 4461 formam
1681 4390 1810 4444 servi
1822 4391 2103 4461 suscipiens

2223 1896 2356 1935 mm.
2409 1879 2533 1936 Non
2574 1881 2743 1947 nobis,
2770 1880 3025 1946 Domine,
3056 1898 3161 1968 non
3188 1882 3353 1947 nobis,
3368 1881 3466 1938 sed
3492 1882 3697 1937 nomini
3718 1892 3794 1939 tu

2222 1970 2292 2025 da
2331 1972 2569 2043 gloriam.
2620 1970 2792 2043 Super
2809 1971 3169 2028 misericordia
3192 1981 3282 2027 tua
3306 1980 3357 2026 et
3371 1972 3587 2029 ueritate
3608 1981 3720 2038 tua,
3738 1986 3793 2026 ne

2220 2062 2427 2135 quando
2456 2062 2630 2116 dicant
2662 2072 2858 2135 gentes,
2892 2064 2990 2119 Ubi
3024 2073 3099 2119 est
3126 2063 3264 2121 Deus
3297 2063 3510 2118 eorum?
3536 2061 3682 2118 Deus
3711 2079 3790 2115 au-

2220 2160 2321 2206 tem
2341 2161 2514 2206 noster
2539 2154 2594 2207 in
2616 2153 2760 2219 calo,
2796 2155 2969 2208 omnia
3003 2169 3313 2225 quiscunque
3333 2153 3492 2207 roluit
3520 2153 3661 2224 fecit.
3712 2152 3788 2207 Si-

2218 2245 2452 2297 mulacra
2480 2245 2703 2315 gentium
2736 2252 3007 2316 argentum
3031 2253 3085 2297 et
3119 2260 3298 2297 aurum
3318 2283 3332 2307 ,
3375 2246 3532 2314 opera
3560 2258 3786 2296 manuum

2218 2337 2499 2391 hominum.
2546 2336 2618 2398 0s
2658 2335 2845 2392 habent
2883 2347 2934 2392 et
2966 2346 3071 2391 non
3111 2335 3400 2408 loquentur,
3422 2336 3597 2389 oculos
3616 2333 3786 2389 habent

2217 2438 2268 2481 et
2294 2446 2397 2483 non
2437 2428 2688 2483 videbunt.
2737 2429 2898 2482 Aures
2937 2426 3121 2482 habent
3160 2436 3209 2481 et
3237 2442 3337 2481 non
3377 2425 3617 2489 audient,
3646 2439 3777 2478 nam

2218 2522 2405 2575 [tabent
2433 2530 2482 2575 et
2502 2538 2605 2576 non
2628 2520 2938 2575 odorabunt.
2974 2519 3161 2574 Manus
3191 2518 3380 2578 habent
3408 2524 3457 2572 et
3486 2534 3592 2572 non
3615 2516 3778 2587 palpa-

2111 2592 2120 2600 ’
2218 2614 2360 2679 bunt,
2393 2613 2544 2686 pedes
2572 2613 2762 2669 habent
2788 2623 2961 2669 etnon
2991 2613 3489 2674 ambulabunt,‘non
3511 2609 3783 2665 clamabunt

2215 2707 2269 2761 in
2300 2714 2503 2779 gutture
2530 2722 2640 2760 suo.
2693 2705 2901 2761 Similes
2946 2705 3050 2759 illis
3094 2705 3227 2776 [iant
3264 2704 3349 2775 qui
3395 2703 3597 2774 faciunt
3634 2717 3708 2764 ea,
3741 2708 3785 2752 rt

2216 2813 2392 2852 omnes
2412 2799 2498 2869 qui
2526 2796 2792 2868 conﬁdunt
2822 2797 2915 2851 eis.
2947 2794 3142 2849 Domus
3168 2793 3341 2848 Israel
3363 2794 3586 2864 sperari!
3612 2793 3665 2846 in
3693 2786 3783 2845 Do-

2215 2892 2377 2956 mino,
2409 2889 2617 2961 adjutor
2655 2906 2831 2943 eorum
2879 2898 2927 2942 et
2970 2896 3227 2958 protector
3251 2901 3427 2939 eorum
3460 2893 3556 2938 est.
3606 2881 3780 2937 Domus

2214 2982 2391 3039 Aaron
2446 2984 2667 3053 speravit
2707 2982 2761 3035 iu
2808 2980 3061 3043 Domino,
3090 2980 3299 3051 adjutor
3339 2990 3515 3033 eorum
3542 2985 3593 3031 et
3628 2985 3779 3048 prote-

2215 3084 2327 3130 ctor
2363 3091 2540 3130 eorum
2580 3080 2676 3128 est.
2724 3071 2824 3137 Qui
2862 3074 3039 3127 timent
3079 3070 3356 3125 Dominum
3386 3066 3777 3141 speraréruntin

2214 3164 2462 3232 Domino,
2492 3166 2701 3236 adjutor
2728 3181 2903 3220 eorum
2926 3203 2941 3228 ,
2969 3172 3018 3218 et
3045 3172 3304 3234 protector
3337 3178 3514 3215 eorum
3542 3170 3632 3216 est.
3683 3157 3777 3212 Do-

2213 3349 2387 3405 domui
2418 3347 2601 3412 Israel,
2629 3346 2888 3403 benedixit
2907 3345 3080 3402 domui
3100 3345 3297 3400 Aaron.
3330 3343 3600 3399 Beuedia'it
3623 3343 3775 3397 omni-

2214 3437 2303 3493 bus
2328 3439 2413 3510 qui
2434 3439 2611 3491 timent
2632 3436 2927 3505 Dominum,
2946 3436 3145 3509 pusillis
3166 3452 3280 3490 cum
3307 3434 3604 3509 majoribus.
3633 3433 3773 3504 Adji—

2210 3530 2315 3584 ciat
2343 3528 2596 3583 Dominus
2641 3545 2792 3599 super
2834 3545 2939 3595 ros,
2979 3544 3131 3600 super
3169 3543 3256 3581 vos
3299 3532 3350 3581 et
3374 3543 3526 3597 super
3544 3523 3676 3594 ﬁlios
3693 3539 3769 3577 ve-

2211 3631 2363 3677 stros.
2404 3620 2664 3675 Benedicti
2692 3636 2778 3675 ros
2819 3637 2849 3674 a
2887 3618 3112 3674 Domino
3146 3619 3234 3692 qui
3262 3619 3378 3690 fecit
3400 3617 3573 3670 aetum
3595 3622 3643 3667 et
3666 3621 3764 3665 ter-

2209 3728 2343 3767 ram.
2387 3710 2578 3766 Caelum
2615 3711 2727 3765 caeli
2764 3708 3019 3775 Domino,
3066 3720 3257 3765 terram
3292 3715 3450 3763 autem
3486 3705 3614 3759 dedit
3640 3702 3757 3774 ﬁliis

2210 3805 2493 3882 hominum.
2546 3801 2669 3858 Non
2710 3803 2899 3857 mortui
2939 3801 3223 3856 laudabunt
3251 3812 3326 3865 te,
3365 3797 3590 3863 Domine,
3610 3809 3762 3883 neque

2211 3914 2388 3952 omnes
2402 3898 2487 3970 qui
2510 3894 2820 3950 descendunt
2839 3896 2891 3949 in
2919 3896 3197 3967 infernum.
3217 3891 3325 3948 Sed
3351 3908 3441 3946 nos
3467 3892 3546 3963 qui
3567 3889 3769 3944 vivimus

2212 3986 2549 4057 benedicimus
2571 3984 2816 4048 Domino,
2839 4002 2903 4039 ex
2918 3985 3015 4039 hoc
3032 4000 3166 4038 nunc
3193 3990 3243 4038 et
3264 3982 3421 4055 usque
3445 3983 3499 4036 in
3518 3979 3767 4035 seculum.

2773 4112 3208 4154 COIIENTARIUI.

2281 4211 2567 4267 Videamus
2610 4227 2667 4266 in
2713 4210 2858 4265 exitu
2900 4209 3065 4267 Israel
3103 4209 3170 4265 de
3219 4208 3488 4280 Egypto,
3513 4202 3775 4276 Quomodo

2208 4301 2450 4372 profecta
2495 4301 2566 4355 sit
2607 4300 2800 4358 domus
2836 4300 3001 4356 lacob
3041 4299 3110 4355 de
3136 4299 3336 4371 populo
3361 4296 3617 4353 barbaro.
3642 4294 3776 4361 Quo-

2209 4392 2370 4448 modo
2399 4391 2539 4449 facta
2568 4393 2640 4449 sit
2663 4391 2845 4449 iudica
2874 4389 3224 4446 sanctiﬁcatio
3250 4387 3385 4458 ejus.
3424 4386 3777 4451 lnBetbleem

532 4479 750 4559 (Philip.
783 4481 844 4551 ιι)
871 4522 885 4547 ,
917 4489 975 4535 ut
1007 4482 1289 4537 suscitaret
1330 4481 1397 4537 de
1425 4490 1569 4537 terra
1599 4484 1813 4553 inopem
1841 4480 1986 4536 illum
2015 4483 2102 4538 cui
2206 4482 2405 4543 Iudaea:
2431 4486 2670 4540 nascitur
2706 4482 2983 4548 Christus,
3010 4481 3102 4553 qui
3124 4480 3423 4536 sanctiﬁcat
3455 4493 3559 4535 eos
3584 4477 3670 4550 qui
3693 4474 3768 4529 fu-

528 4570 733 4625 dixerat
762 4571 928 4625 iratus
952 4589 964 4623 :
1000 4570 1157 4626 Terra
1177 4588 1247 4639 es,
1276 4581 1325 4626 et
1352 4574 1407 4627 in
1441 4580 1632 4627 terram
1652 4571 1766 4627 ibis.
1799 4572 1953 4628 Hunc
1980 4589 2101 4629 sus-
2125 4559 2183 4621 Ῑ)
2205 4575 2360 4646 giunt
2384 4574 2735 4642 Pharaonem,
2766 4583 2821 4632 et
2839 4583 3125 4646 sequentes
3144 4572 3385 4645 Moysen,
3402 4570 3459 4627 id
3478 4581 3588 4638 est,
3619 4570 3775 4640 legem

528 4659 711 4715 citavit
754 4660 823 4715 de
876 4669 1016 4716 terra
1063 4661 1312 4732 inopem,
1367 4662 1494 4733 quia
1539 4661 1843 4733 perdiderat
1889 4662 2103 4720 divitias

526 4752 650 4806 vitae
678 4760 889 4816 aeternae
918 4750 975 4809 et
996 4753 1248 4823 paradisi.
1302 4753 1454 4811 Hunc
1488 4755 1558 4811 de
1598 4764 1837 4812 stercore
1862 4756 2017 4827 erigit
2044 4757 2100 4814 in

525 4839 738 4897 Christo
762 4881 781 4907 ,
828 4851 882 4897 et
909 4843 1190 4915 collocavit
1222 4859 1345 4905 eum
1373 4862 1494 4902 cum
1524 4848 1881 4919 principibus,
1912 4848 1964 4903 id
1992 4859 2093 4915 est,

524 4947 647 4988 cum
677 4935 954 5005 apostolis,
983 4938 1073 5007 qui
1103 4946 1225 5003 sunt
1244 4940 1512 5013 principes
1532 4942 1713 5012 populi
1737 4942 1851 4998 Dei.
1880 4941 1947 4998 Et
1975 4943 2097 5014 quis

522 5032 605 5091 est
630 5025 721 5097 qui
749 5024 1031 5087 collocavit
1059 5032 1219 5083 eum?
1261 5030 1355 5085 llle
1383 5031 1498 5086 sine
1536 5030 1697 5087 dubio
1732 5033 1824 5103 qui
1853 5049 1975 5089 eum
2003 5050 2092 5093 as-

464 5112 471 5123 ’
519 5116 765 5191 sumpsit,
796 5115 961 5172 Filius
983 5118 1164 5187 utique
1188 5117 1283 5174 Dei
1304 5119 1493 5175 Filium
1517 5122 1766 5178 hominis.
1803 5121 1901 5179 Ubi
1922 5125 2092 5180 collo-

519 5207 660 5286 cavit
700 5208 1349 5280 eumrcumfprincipibus
1376 5212 1599 5282 populi?
1641 5211 1769 5268 Sine
1807 5213 1969 5270 dubio
1999 5216 2091 5271 ubi

514 5297 640 5352 fecit
667 5299 909 5354 habitare
937 5300 989 5354 in
1019 5300 1180 5357 domo
1203 5316 1322 5357 eam
1342 5316 1459 5371 quae
1484 5303 1679 5359 sterilis
1699 5302 1871 5360 fuerat
1894 5323 1907 5372 ;
1936 5306 2089 5363 habi-

513 5395 629 5445 tare
655 5390 706 5444 in
733 5390 915 5458 domo,
946 5391 999 5446 id
1028 5400 1127 5458 est,
1160 5393 1330 5463 ipsam
1360 5392 1575 5447 domum
1599 5394 1730 5461 lteri,
1764 5402 1818 5449 et
1844 5384 2082 5451 dixit'ei:

2209 4667 2324 4734 Dei,
2347 4668 2569 4723 veniunt
2592 4667 2659 4722 ad
2679 4681 2894 4736 aquam,
2920 4682 3017 4738 per
3036 4667 3205 4738 ipsam
3226 4650 3780 4725 transeunteses‘eunt

2205 4760 2271 4815 ad
2303 4761 2480 4816 locum
2525 4758 2721 4828 quietis
2759 4765 2816 4812 et
2858 4758 3088 4824 silentii,
3130 4758 3223 4828 qui
3251 4756 3358 4813 alio
3378 4756 3617 4815 nomine
3644 4755 3783 4810 locus

2202 4852 2447 4908 desertus
2466 4850 2678 4906 dicitur.
2711 4848 2969 4905 Desertus
2987 4850 3172 4921 utique
3197 4864 3229 4903 a
3256 4846 3565 4905 sceleribus
3585 4843 3787 4909 mundi,

2202 4942 2275 4998 ibi
2303 4940 2581 4997 inveniunt
2607 4956 2803 4999 manna
2831 4940 3140 4997 venientem
3168 4939 3239 4995 de
3264 4938 3436 4997 oculis.
3494 4938 3646 4995 Sane
3671 4950 3785 4995 cum

2199 5034 2474 5089 venissent
2501 5031 2569 5086 ad
2596 5046 2744 5088 mare
2763 5030 3066 5096 credentes,
3098 5045 3249 5091 mare
3276 5044 3372 5092 eos
3393 5028 3535 5086 vidit
3557 5038 3617 5086 et
3639 5027 3784 5098 fugit.

2197 5124 2357 5195 Fugit
2382 5131 2442 5179 ut
2460 5122 2727 5194 praeberet
2751 5122 3094 5178 credentibus
3122 5121 3441 5188 transitum,
3465 5127 3530 5183 et
3550 5116 3790 5179 inimicis

2196 5230 2382 5271 eorum
2411 5221 2621 5286 aptaret
2660 5212 2953 5270 interitum.
3005 5212 3261 5271 Similiter
3289 5220 3345 5267 et
3369 5210 3632 5271 Jordanis
3658 5226 3803 5287 con-_

2194 5320 2382 5361 versus
2421 5314 2546 5375 post
2589 5319 2682 5370 se,
2704 5336 2707 5339 ι
2731 5312 2786 5360 et
2826 5304 2975 5375 ipse,
3027 5314 3086 5361 ut
3132 5303 3414 5361 transitum
3452 5302 3559 5359 Dei
3589 5301 3791 5376 populo

2192 5404 2538 5467 praepararet.
2580 5394 2709 5451 Sine
2738 5410 2876 5465 aqua
2905 5395 3049 5450 enim
3080 5411 3179 5451 nec
3214 5403 3357 5452 tem
3386 5392 3621 5467 Λεωγμί
3649 5393 3788 5462 fugi-

513 5478 715 5551 Laetare
739 5483 927 5539 sterilis
956 5500 1068 5556 qum
1103 5500 1207 5539 non
1234 5486 1396 5556 paris,
1427 5486 1547 5556 quia
1569 5484 1714 5538 multi
1754 5485 1850 5555 ﬁlii
1872 5486 2086 5542 desertw
2189 5496 2297 5555 tur,
2349 5502 2449 5543 nec
2488 5494 2629 5542 terra
2669 5487 3104 5557 repromissionis
3144 5487 3412 5545 intratur:
3445 5495 3507 5540 ut
3543 5486 3681 5557 quid
3710 5492 3790 5538 ta-

510 5575 674 5645 magis
706 5591 856 5645 quam
891 5578 1003 5648 ejus
1032 5593 1144 5650 qutr
1168 5575 1319 5631 habet
1344 5577 1511 5648 pirum
1534 5574 1687 5647 (Isai.
1720 5575 1848 5646 ιιν),
1876 5584 1931 5631 et
1957 5575 2083 5633 fecit
2189 5595 2314 5636 men
2362 5594 2510 5636 mare
2547 5576 2742 5648 fugerit
2787 5578 3053 5645 diximus,
3085 5586 3141 5637 et
3175 5577 3431 5643 tertianis
3451 5592 3637 5649 «ωε
3656 5592 3788 5635 con-

562 5769 605 5835 f
644 5756 847 5826 Patitur
896 5759 955 5811 Β.
990 5728 1304 5816 Laurentius
1348 5760 1448 5815 sub
1494 5756 1719 5815 Galieno
1764 5774 1903 5813 anno
1953 5756 2077 5817 261.
2190 5760 2408 5830 Euseb,
2442 5780 2530 5828 vn,
2563 5777 2609 5817 c.
2646 5759 2730 5814 l5.
2788 5822 2791 5827 ι

3324 5877 3396 5901 καί
