4088 6346
275 378 373 438 σοι

1221 386 1686 449 ΟΟΜΗΕΝΤΔΒΠ
1724 390 1791 449 IN
1827 384 2154 450 PSALMOS.
2200 395 2388 451 PSAL.
2434 397 2583 455 CXV.

3417 406 3522 465 502

272 485 462 550 versus
502 499 585 551 est
626 502 919 553 retrorsum
960 502 1320 571 exposuimus.
1381 502 1533 561 Nunc
1574 503 1848 560 videamus
1874 504 1925 569 Α
1951 516 2213 573 sanctum,
2237 508 2327 578 qui
2356 522 2541 577 regnat
2594 513 2646 565 in
2694 514 2886 569 saecula
2943 517 3272 574 saeculorum.
3332 531 3522 583 Amen,

276 592 520 655 montes,
555 600 723 660 quare
753 590 1024 647 exsultant
1056 599 1112 649 ut
1150 593 1379 659 arietes,
1413 603 1467 651 et
1495 594 1663 652 colles
1703 596 1845 651 velut

274 678 403 748 agni
426 678 647 736 ovium?
666 679 916 752 quuid
944 691 1176 751 montes,
1207 690 1351 741 terra
1374 693 1429 742 et
1456 700 1586 743 saxa
1614 686 1727 758 ipsa
1754 701 1849 742 ex-

272 766 513 825 sultant?
539 767 647 826 Sed
678 776 889 829 montes
924 780 1051 830 sunt
1084 775 1391 846 prophetas,
1423 776 1515 846 qui
1546 775 1728 832 vident
1752 790 1851 832 vo-

272 874 371 918 ces
394 874 519 919 suas
540 864 787 934 impletas
810 866 865 921 in
892 864 1140 936 Christo,
1171 868 1265 940 qui
1293 867 1458 925 locuti
1496 877 1623 925 sunt
1663 869 1849 927 altitu-

270 954 428 1012 dines
454 955 570 1013 Del.
617 955 865 1015 Gaudent
903 960 1047 1016 enim
1075 961 1370 1041 prophetae
1416 969 1476 1019 ut
1520 962 1719 1018 arietes
1740 1001 1759 1029 ,
1796 962 1850 1017 in

270 1049 524 1106 omnibus
567 1050 830 1122 gaudent,
884 1052 1126 1111 videntes
1169 1061 1428 1126 pastorem
1484 1060 1705 1123 natum,
1757 1054 1855 1129 qui

269 1141 665 1198 animmnsuam
689 1153 851 1216 ponat
873 1161 968 1217 pro
996 1145 1170 1202 ovibus
1197 1146 1375 1220 (Jama.
1409 1146 1508 1220 xi),
1533 1154 1590 1203 et
1616 1147 1693 1204 sic
1718 1160 1851 1219 gau-

268 1229 406 1287 dent
431 1232 572 1289 sicut
598 1233 813 1291 arietes.
845 1234 1023 1293 Colles
1049 1251 1179 1293 vero
1199 1238 1276 1294 sic
1295 1238 1548 1308 gaudent,
1570 1238 1707 1295 sicut
1728 1236 1851 1309 agni

536 1323 577 1380 li
623 1326 807 1397 utique
831 1327 995 1384 colles
1021 1334 1148 1384 sunt
1182 1328 1276 1399 qui
1314 1328 1571 1387 humilem
1616 1328 1851 1387 scientiae

266 1414 453 1472 locum
479 1424 682 1485 tenent,
714 1418 847 1475 nihil
874 1419 1104 1476 scientes
1125 1420 1226 1476 nisi
1246 1426 1337 1475 aut
1357 1422 1569 1492 signare
1597 1416 1848 1490 frontem,

266 1517 370 1564 aut
396 1523 590 1566 nomen
614 1509 824 1567 Domini
853 1511 1103 1569 invocare
1126 1553 1141 1580 ,
1189 1513 1264 1568 ita
1305 1512 1540 1583 gaudent
1565 1514 1705 1570 sicut
1730 1514 1853 1585 agni

266 1601 475 1658 ovium.
514 1599 654 1658 Oves
676 1601 957 1658 scientiam
995 1611 1051 1658 et
1089 1603 1173 1660 sui
1200 1603 1420 1672 habent,
1451 1612 1507 1660 et
1533 1618 1724 1661 vocem
1753 1618 1852 1676 pa-

265 1696 439 1752 storis
463 1696 702 1764 audiunt,
725 1702 781 1752 et
805 1705 1136 1766 cognoscunt
1158 1710 1301 1767 eum,
1332 1704 1388 1754 et
1407 1707 1703 1768 sequuntur
1729 1712 1853 1755 eum

266 1801 597 1859 quocunque
634 1787 797 1843 vadit.
839 1786 975 1857 Agni
1021 1802 1152 1845 vero
1194 1789 1376 1845 ovium
1423 1800 1641 1845 suarum
1688 1803 1851 1844 voces

2468 619 2780 679 PSALHUS
2813 622 2995 681 CXIV.

2609 733 2857 791 Alleluia.

2022 860 2215 931 οὕτω,
2255 865 2498 938 quoniam
2532 866 2774 923 exaudiet
2802 866 3057 927 Dominus
3076 890 3244 929 vocem
3274 877 3526 933 orationis

1949 970 2097 1011 mem.
2140 952 2275 1020 Quia
2314 957 2584 1012 inclinarit
2623 973 2801 1013 aurem
2838 972 2985 1016 mam
3012 963 3168 1032 mihi,
3198 967 3323 1021 etin
3352 966 3526 1026 diebus

1950 1049 2078 1102 meis
2098 1046 2365 1103 invocabo.
2427 1048 2887 1115 bireamdederunt
2908 1068 2989 1108 me
3026 1052 3227 1111 dolores
3254 1061 3455 1128 mortis,
3479 1070 3525 1115 et

1949 1137 2178 1210 pericula
2201 1140 2393 1210 inferni
2416 1139 2718 1196 invenerunt
2748 1156 2846 1197 me.
2882 1141 3283 1202 Tribnlationem
3314 1159 3364 1206 et
3383 1150 3527 1206 dolo-

1949 1240 2059 1283 rem
2079 1229 2272 1294 inveni,
2301 1237 2353 1285 et
2375 1246 2559 1286 nomen
2589 1228 2805 1288 Domini
2829 1233 3078 1291 invocari.
3127 1234 3173 1290 0
3193 1235 3432 1307 Domine,
3465 1242 3528 1298 ti-

1950 1320 2073 1377 bera
2099 1323 2329 1377 animant
2367 1339 2535 1386 mem
2551 1364 2568 1391 ,
2596 1324 2886 1382 misericors
2912 1322 3164 1383 Dominus
3182 1334 3234 1382 et
3243 1329 3418 1401 justus
3434 1373 3449 1398 ,
3479 1338 3531 1389 et

1949 1411 2091 1467 Dens
2114 1420 2291 1469 noster
2316 1415 2603 1469 miseretur.
2646 1410 2952 1472 Custodiens
2980 1417 3221 1488 parvulos
3253 1416 3526 1487 Dominus,

1953 1504 2251 1560 hsnritiatns
2288 1521 2429 1573 sum,
2467 1515 2520 1562 et
2567 1504 2799 1563 liberam
2839 1508 2938 1564 nte.
2985 1505 3309 1578 Convertere,
3351 1511 3526 1568 auiam

1952 1608 2088 1662 mea,
2118 1597 2185 1663 in
2210 1599 2435 1670 requiem
2476 1606 2633 1664 utam,
2683 1600 2804 1670 quia
2848 1595 3100 1657 Dominus
3138 1600 3523 1675 benefecit'tibi.

1954 1682 2092 1750 Quia
2118 1687 2304 1758 eripuit
2331 1689 2561 1743 animum
2582 1704 2746 1742 meum
2774 1688 3035 1754 dentom,
3057 1706 3146 1747 cor
3172 1707 3336 1748 metm
3362 1711 3529 1767 apro.

1952 1777 2028 1832 vis
2056 1776 2324 1847 σπείων
2347 1819 2362 1845 ,
2404 1780 2579 1835 acutos
2614 1796 2757 1836 meos
2793 1796 2827 1835 α
2848 1780 3121 1853 lacrymis,
3162 1782 3315 1855 pedes
3336 1802 3472 1843 meos
3495 1805 3526 1843 ο

269 1881 593 1951 intelligunt,
613 1881 736 1951 quia
749 1881 921 1937 adhuc
936 1890 1206 1952 pastorem
1224 1882 1523 1953 intelligere
1545 1889 1843 1955 nequetmt:
1878 1864 1928 1934 Β
1952 1869 2120 1943 lapti-
2153 1870 2375 1927 Ριαοεῡο
2404 1870 2634 1928 Domino
2658 1872 2712 1928 in
2743 1874 2952 1946 regione
2977 1874 3219 1930 rivorum.

270 1981 454 2030 tamen
499 1989 598 2046 per
636 1990 791 2043 oves,
842 1973 896 2031 id
946 1983 1055 2043 est,
1095 1978 1298 2032 matres
1345 1991 1497 2044 suas,
1554 1984 1853 2047 sequuntur

268 2076 331 2121 et
370 2066 470 2137 ipsi
513 2072 783 2137 pastorem
829 2065 1113 2122 Dominum
1157 2064 1338 2122 Iesum
1379 2062 1671 2123 Christum.
1712 2066 1852 2123 Ante

269 2156 429 2237 cujus
459 2155 651 2213 faciem
692 2165 962 2214 commota
1007 2162 1088 2212 est
1134 2166 1276 2211 terra
1297 2197 1311 2222 ,
1344 2158 1560 2227 quando
1587 2157 1855 2213 convertit

269 2250 503 2305 solidam
533 2257 742 2321 petram
771 2248 827 2304 in
856 2256 1043 2317 stagna
1073 2262 1254 2318 aquae,
1286 2247 1339 2303 id
1366 2255 1466 2315 est,
1498 2261 1659 2303 saxea
1689 2248 1853 2303 corda

272 2341 405 2395 fecit
448 2352 613 2408 aquas
658 2353 728 2394 ex
775 2345 964 2393 ventre
1005 2352 1105 2393 suo
1135 2337 1463 2408 producere,
1512 2336 1764 2393 salientes
1788 2337 1855 2393 ad

273 2431 443 2485 vitam
467 2439 746 2495 :eteruam,
774 2437 831 2483 et
857 2442 1064 2498 rupem,
1084 2422 1137 2481 id
1158 2436 1259 2493 est,
1282 2428 1645 2484 inaccessibile
1665 2442 1854 2484 saxum

275 2519 672 2578 incredulsrum
725 2518 964 2589 gentium
1018 2528 1204 2589 pectus
1263 2519 1530 2575 convertit
1572 2517 1639 2574 ad
1678 2517 1854 2577 fontes

276 2627 565 2683 aquarum.
589 2611 712 2669 Βίας
739 2612 795 2667 in
816 2613 982 2681 ﬁgura
1005 2612 1143 2667 facta
1172 2616 1315 2676 sunt,
1347 2619 1406 2666 ut
1433 2611 1655 2667 historia
1678 2606 1852 2667 Exodi

280 2704 536 2773 loquitur,
587 2711 641 2759 et
679 2703 914 2774 psalmus
960 2703 1061 2758 iste
1099 2708 1355 2770 testatur;
1386 2700 1480 2759 sed
1506 2702 1704 2773 scripta
1728 2709 1854 2757 sunt

275 2795 403 2861 ista,
436 2796 510 2849 ait
531 2793 838 2867 Apostolus,
874 2808 977 2850 non
1006 2795 1079 2850 ad
1101 2808 1286 2849 eorum
1315 2795 1710 2861 narrationem,
1758 2793 1853 2850 sed

273 2885 351 2942 ad
382 2894 613 2941 nostram
651 2885 1045 2957 tediﬂcationem
1074 2882 1141 2956 (π
1171 2882 1293 2941 Cor.
1327 2885 1443 2959 xu),
1488 2884 1543 2940 in
1589 2898 1696 2955 qua
1742 2885 1853 2941 cla-

274 2994 488 3037 mamus
520 2977 765 3047 Domino,
794 2978 1035 3036 dicentes
1062 2996 1075 3032 :
1108 2977 1223 3034 Non
1252 2976 1436 3045 nobis,
1466 2976 1713 3045 Domine,
1744 2990 1854 3032 non

272 3073 453 3141 nobis,
482 3073 575 3129 sed
612 3072 817 3129 uenditi
859 3076 957 3127 tuo
994 3066 1061 3127 da
1105 3070 1351 3141 gloriam.
1400 3068 1518 3126 Non
1540 3084 1639 3141 per
1660 3066 1856 3123 merita

272 3174 478 3233 nostra,
510 3166 603 3222 sed
628 3180 726 3238 pro
749 3160 1116 3222 misericordia
1144 3171 1234 3220 tuo
1262 3164 1516 3230 concede,
1545 3172 1607 3220 ut
1634 3178 1743 3219 non
1768 3161 1855 3234 dl-

270 3269 401 3317 cant
429 3230 708 3324 increduli,
733 3255 835 3315 Ubi
858 3266 941 3314 est
966 3255 1112 3315 Deus
1133 3256 1361 3327 eorum?
1383 3254 1624 3327 Exsurge
1651 3270 1682 3311 a
1709 3230 1858 3312 mor-
1884 3243 1935 3308 ϐ

270 3354 382 3408 tuis
410 3360 466 3407 et
510 3351 743 3407 ascende
787 3349 841 3405 in
868 3346 1007 3406 cudo
1028 3358 1283 3416 sursum,
1311 3347 1437 3419 quia
1470 3354 1530 3403 tu
1556 3360 1616 3404 es
1642 3346 1735 3419 qui
1762 3358 1852 3404 re-

271 3459 408 3514 gnas
456 3444 508 3497 in
556 3440 694 3498 coelo
741 3447 796 3497 et
844 3441 897 3496 iu
945 3450 1121 3507 terra,
1162 3446 1217 3496 et
1261 3440 1440 3496 omnia
1472 3453 1594 3510 qua:
1619 3438 1856 3496 volueris

272 3535 539 3606 operaris.
589 3533 723 3590 Nam
761 3532 903 3590 idola
926 3533 1167 3604 gentium
1195 3547 1263 3590 ex
1281 3546 1602 3604 quocunque
1630 3531 1854 3589 metallo

272 3636 427 3685 muta
451 3633 509 3682 et
541 3623 701 3683 surda
730 3634 786 3683 et
812 3640 954 3683 caaca
982 3631 1108 3681 sunt
1125 3666 1140 3692 ,
1184 3623 1386 3680 similes
1413 3623 1518 3680 illis
1545 3624 1653 3679 sint
1678 3622 1852 3680 conﬂ-

275 3719 467 3774 dentes
488 3717 541 3772 in
570 3718 666 3774 eis.
697 3715 806 3774 Nos
833 3722 1012 3772 autem
1039 3728 1227 3771 omnes
1250 3712 1318 3770 de
1349 3711 1510 3770 domo
1538 3711 1704 3768 Israel
1726 3724 1855 3783 spe-

275 3825 461 3866 ramus
489 3812 543 3865 in
570 3817 656 3876 te,
686 3806 941 3874 Domine,
970 3815 1031 3863 ut
1054 3814 1114 3863 tu
1140 3806 1355 3876 adiutor
1378 3812 1563 3862 noster
1591 3811 1647 3861 et
1674 3811 1856 3875 prote-

277 3910 398 3958 ctor
420 3910 600 3956 noster
626 3915 743 3957 esse
766 3898 1022 3969 digneris,
1040 3898 1147 3973 qui
1172 3910 1381 3952 memor
1401 3895 1593 3959 nostri,
1623 3894 1690 3951 de
1717 3895 1857 3951 ctelo

280 3989 611 4046 descendens
634 3988 908 4044 benedixit
936 4001 1055 4043 nos.
1088 3985 1415 4041 Deuedixisti
1433 3986 1652 4041 domum
1670 3984 1855 4049 Israel,

285 4077 553 4133 nascendo
576 4092 644 4133 ex
670 4076 853 4132 Maria.
881 4074 1211 4133 Benedixisti
1237 4074 1457 4131 domum
1485 4074 1664 4128 Aaron
1680 4113 1695 4139 ,
1732 4071 1858 4128 fun-

283 4168 461 4226 dendo
483 4169 860 4225 sacerdotium.
909 4166 1236 4223 Benedixisti
1263 4180 1450 4223 omnes
1475 4165 1727 4220 timentes
1750 4159 1860 4221 Do-

280 4261 486 4317 minum
507 4302 522 4329 ,
553 4260 801 4330 eligendo
839 4256 1116 4332 apostolos
1144 4256 1366 4330 pusillos
1392 4268 1515 4312 cum
1542 4254 1857 4327 majoribus.

279 4355 356 4412 Ibi
386 4362 540 4411 erant
565 4352 799 4409 Jacobus
816 4364 872 4408 et
898 4348 1133 4408 Joannes
1159 4364 1283 4409 cum
1317 4349 1637 4420 majoribus,
1673 4349 1859 4418 utique

279 4463 403 4505 eum
422 4454 602 4502 essent
628 4443 824 4516 pusilli.
865 4440 1093 4513 Adjiciat
1117 4441 1376 4498 Dominus
1403 4456 1565 4512 super
1590 4452 1703 4496 vos.
1749 4434 1858 4495 Ad-

276 4538 372 4595 dat
398 4538 549 4594 vobis
577 4535 798 4592 Paulum
816 4578 832 4603 ,
876 4548 1039 4607 super
1064 4549 1160 4591 vos
1185 4542 1241 4591 et
1271 4548 1437 4606 super
1463 4534 1599 4590 illius
1623 4540 1853 4591 vestros.

274 4628 456 4685 Addat
498 4626 651 4685 vobis
692 4627 951 4699 populum
996 4625 1346 4683 credentium.
1400 4624 1673 4682 Benedicti
1698 4638 1795 4682 vos
1823 4639 1858 4684 a

272 4721 511 4777 Domino
530 4761 546 4787 ,
583 4721 675 4791 qui
724 4718 848 4776 fecit
891 4717 1084 4775 emittm
1128 4727 1183 4775 et
1230 4716 1447 4774 terram.
1494 4716 1670 4791 ipsum
1712 4718 1859 4776 enim

272 4811 588 4885 pnedicatis
630 4813 722 4882 qui
764 4810 908 4869 fecit.
964 4809 1172 4869 Caium
1219 4812 1343 4869 θωτιί
1371 4810 1632 4879 Domino,
1660 4819 1860 4869 terram

273 4903 433 4960 dedit
461 4902 581 4960 iiiiis
611 4904 907 4961 hominum.
956 4896 1223 4976 Quidquid
1260 4904 1479 4961 cteleste
1515 4913 1597 4960 est
1624 4905 1677 4960 in
1702 4919 1889 4987 mem.

275 4994 449 5062 tibus,
478 4995 531 5051 in
558 4995 785 5062 actibus,
816 4996 870 5052 in
908 4994 1343 5065 cogitationibus,
1380 4995 1484 5051 hoc
1504 4994 1733 5051 Domino
1761 4995 1859 5050 de-

277 5086 583 5160 putandum
627 5096 730 5145 est.
796 5086 1063 5157 Quidquid
1116 5096 1296 5143 autem
1351 5093 1622 5141 terrenum
1645 5126 1661 5152 ,
1709 5085 1865 5155 quasi

276 5178 519 5236 mortale
545 5185 602 5235 et
628 5181 881 5237 miserum
903 5178 1354 5235 contemnendum
1377 5217 1393 5245 ,
1434 5178 1596 5232 etiam
1635 5176 1680 5232 si
1706 5174 1865 5247 culpa

279 5280 492 5330 careat.
523 5270 622 5330 Est
640 5273 784 5330 enim
809 5268 1063 5344 quidquid
1083 5270 1245 5328 fuerit
1263 5268 1330 5327 de
1362 5279 1503 5326 terra
1531 5267 1778 5336 mortale,
1812 5270 1867 5324 in

281 5363 487 5435 quibus
528 5379 637 5420 non
682 5363 930 5434 dignatur
974 5360 1180 5420 laudari
1224 5361 1501 5418 Dominus.
1552 5360 1660 5417 Nec
1690 5361 1757 5417 ab
1783 5359 1870 5416 bis

283 5452 499 5509 laudari
525 5454 639 5511 vult
665 5455 758 5525 qui
784 5452 1115 5510 descendunt
1140 5454 1193 5507 in
1217 5448 1455 5520 inferno,
1476 5450 1528 5507 id
1549 5459 1659 5518 cst,
1689 5452 1783 5522 qui
1812 5450 1868 5507 in

284 5540 636 5619 inferioribus
660 5545 783 5601 vitm
815 5544 1020 5600 actibus
1048 5542 1280 5612 degunt;
1323 5543 1418 5599 sed
1439 5544 1531 5613 qui
1558 5544 1786 5599 vivimus
1815 5543 1871 5598 in

286 5642 368 5691 eo
388 5637 477 5707 qui
498 5635 667 5694 dicit:
691 5634 806 5708 Ego
845 5648 958 5690 sum
991 5636 1112 5699 vita,
1159 5648 1258 5689 nos
1296 5634 1661 5690 benedicimus
1689 5632 1871 5688 Domi-

288 5740 447 5783 num.
475 5725 534 5784 Si
563 5734 743 5784 tamen
782 5726 1011 5783 vivimus
1055 5720 1369 5779 recedentes
1414 5723 1481 5777 ab
1524 5723 1671 5778 omni
1700 5737 1871 5791 opere

292 5818 513 5877 mortali
536 5862 552 5889 ,
583 5814 942 5877 benedicimus
970 5814 1183 5871 Patrem
1212 5822 1267 5869 et
1294 5813 1484 5870 Filium
1519 5820 1571 5870 et
1609 5813 1867 5883 Spiritum

2525 2000 2964 2042 εοιιιιςτλιυυιι.

2023 2096 2229 2154 Causas
2270 2094 2580 2157 dilectionis
2625 2098 2843 2156 Domini
2882 2099 3115 2170 explicat
3156 2099 3432 2170 peni-sieta
3477 2102 3531 2159 in

1954 2189 2171 2245 cantico
2203 2207 2215 2242 :
2247 2187 2461 2259 Dilesi,
2508 2190 2719 2261 inquit,
2771 2189 3532 2262 Dominum,quiseutneis~

1954 2279 2275 2337 cumdarent
2293 2296 2380 2337 me
2398 2279 2614 2337 dolores
2640 2280 2851 2349 mortis,
2873 2289 2929 2339 et
2948 2283 3319 2353 wggestionss
3341 2282 3531 2341 dum

1955 2385 2085 2427 num
2113 2371 2581 2428 circumvallarent
2624 2387 2712 2428 me
2730 2411 2751 2440 ,
2794 2383 2905 2440 ego
2922 2371 2993 2428 ad
3016 2373 3414 2431 tribulationem
3439 2375 3531 2439 ivi,

1954 2462 2129 2534 ipsam
2154 2464 2373 2533 quaesivi
2395 2505 2412 2530 ,
2434 2466 2624 2536 ipsam
2648 2465 2827 2522 inveni
2849 2505 2867 2535 ,
2905 2466 3065 2524 etsic
3097 2481 3296 2523 nomen
3323 2466 3533 2529 Βαιύή

1953 2554 2221 2612 invocavi.
2270 2554 2463 2613 Nescio
2506 2571 2613 2626 quo
2655 2556 2803 2612 enim
2847 2556 3030 2624 modo,
3051 2556 3268 2627 quando
3295 2558 3533 2616 ιωωιω

1954 2645 2273 2714 invenimus,
2304 2662 2499 2704 nomen
2528 2644 2740 2705 Domini
2778 2648 2846 2704 de
2882 2648 3105 2705 summis
3126 2648 3283 2705 labiis
3310 2649 3531 2705 invoca-

1952 2755 2089 2796 mus.
2141 2738 2564 2798 ‘l‘ribulationcm
2593 2757 2743 2809 vero,
2784 2749 2878 2798 aut
2905 2740 3008 2812 ipsi
3055 2742 3213 2799 nobis
3237 2757 3336 2813 per
3360 2741 3532 2798 absti-

1953 2834 2193 2891 nentiam
2220 2842 2276 2889 et
2303 2833 2674 2904 pmnitentiam
2703 2834 3032 2901 excitantes,
3062 2841 3158 2890 aut
3182 2849 3312 2891 casu
3351 2833 3537 2904 aliquo

1954 2924 2290 2983 incurrentes
2311 2965 2327 2991 ,
2357 2924 2481 2979 talis
2517 2925 2720 2980 clamor
2746 2923 2927 2980 cordis
2954 2924 3124 2981 nostri
3149 2924 3436 2991 natiuis,
3475 2932 3538 2981 ω

1958 3014 2027 3071 ad
2048 3014 2193 3085 ipsas
2218 3012 2417 3071 excelsi
2444 3013 2542 3071 Dei
2564 3027 2722 3071 aures
2748 3015 2995 3085 attingat.
3040 3010 3240 3073 Tamen
3260 3014 3537 3073 videamus

1958 3105 2087 3178 quid
2115 3104 2273 3174 fecit,
2304 3114 2364 3162 ut
2388 3106 2764 3163 liberationem
2790 3106 3002 3165 Domini
3030 3114 3348 3164 mereretur.
3388 3105 3537 3179 0pm

1959 3204 2043 3254 est
2062 3196 2203 3254 enim
2233 3197 2388 3254 nobis
2407 3196 2499 3268 qui
2529 3198 2773 3255 volumus
2800 3198 3051 3268 liberari,
3076 3199 3217 3256 scire
3237 3198 3366 3271 quid
3391 3197 3536 3259 ioco-

1959 3290 2050 3358 rit,
2073 3289 2165 3362 qui
2193 3305 2253 3346 se
2280 3290 2564 3348 liberatum
2591 3292 2893 3351 annuntiat.
2918 3282 3040 3349 'Dic
3075 3292 3232 3348 nobis
3259 3291 3387 3361 quid
3414 3291 3535 3347 feci-

1952 3383 2044 3449 sti,
2074 3389 2133 3437 ut
2160 3389 2214 3438 te
2236 3381 2494 3438 Dominus
2517 3380 2806 3439 liberaret?
2833 3379 3153 3439 Humiliatus
3179 3396 3317 3446 sum,
3342 3380 3533 3448 inquit,

1953 3481 2011 3530 et
2036 3472 2286 3529 liberavit
2311 3488 2418 3528 me.
2449 3470 2759 3528 Concordat
2784 3466 3089 3541 Evangeliis
3120 3472 3220 3526 ista
3245 3469 3531 3525 sententia.

1953 3565 2095 3623 Dicit
2120 3566 2265 3622 enim
2290 3563 2348 3619 in
2387 3562 2693 3633 Evangeliis
2726 3561 3061 3619 memnonis
3089 3560 3255 3634 ipsius
3280 3556 3535 3631 magister

1954 3662 2013 3712 et
2038 3653 2298 3711 Dominus
2317 3693 2334 3720 ,
2377 3653 2500 3726 quia
2540 3654 2713 3709 om
2738 3652 2824 3727 qui
2863 3666 2921 3709 se
2944 3651 3182 3708 hundﬁat
3204 3648 3535 3717 excitabitur,

1954 3753 2006 3801 et
2033 3746 2119 3818 qui
2153 3758 2212 3800 se
2255 3741 2825 3799 «unum
2850 3738 3030 3817 (Hart.
3061 3746 3235 3816 nm).
3284 3739 3536 3797 Tcnenda

1957 3844 2042 3892 est
2064 3836 2375 3903 humilitas,
2424 3851 2493 3893 ex
2536 3851 2644 3906 qua
2681 3835 3024 3893 libantia-et
3048 3835 3307 3891 exaltatio
3334 3842 3536 3888 aeterna

1958 3928 2313 3998 conquiritur.
2344 3926 2447 3984 Per
2471 3929 2642 4001 ipsam
2672 3928 2819 3985 enim
2841 3928 3068 3999 eripitur
3085 3927 3263 3985 anilla
3289 3943 3324 3983 ο
3342 3934 3533 3991 morte,

1959 4016 3089 4090 etoculiliMrantnralacrymistest,
3117 4018 3249 4077 nihil
3274 4018 3540 4088 pauitan-
3630 4056 3633 4059 ι

1961 4100 2419 4184 dmadmittunt.
2466 4108 2537 4167 Et
2581 4108 3335 4182 pedeslihemltnraispsu.
3382 4106 3540 4166 Stant

1962 4194 3539 4279 enimhumilesinpropositosanmmtpiuple-

1960 4297 2121 4353 υσθυε
2182 4284 2413 4349 Diuina
2456 4291 2511 4351 in
2565 4293 2786 4363 regione
2836 4293 3078 4350 vivorum
3099 4332 3119 4363 ,
3192 4301 3539 4365 perseverant

1961 4391 2168 4459 stantes
2193 4387 2251 4445 in
2295 4386 2515 4456 regione
2541 4387 2873 4453 mortalium,
2893 4393 2952 4443 ut
2972 4386 3336 4444 transeamus
3363 4395 3539 4443 morte

1961 4475 2032 4534 ad
2064 4477 2263 4546 vitam,
2292 4491 2389 4549 per
2425 4476 2713 4534 Dominum
2756 4484 3003 4535 nostrum
3036 4475 3224 4537 Iesum
3265 4473 3538 4533 Christum

1883 4568 2056 4667 ι,ᾳῴ
2080 4567 2932 4639 τεεηειιὶιιεωωιιωωιοηω.
2960 4566 3154 4627 Amen.

2386 4694 2396 4700 ’
2507 4710 2822 4777 manuus
2847 4712 3006 4777 cxv.

2628 4851 2873 4910 Alleluia.

1992 5008 1997 5009 ί
2037 4992 2269 5058 Credidi,
2291 4999 2500 5063 propter
2527 4987 2664 5060 quod
2681 4986 2879 5042 locatus
2906 4998 3038 5054 sum,
3067 5001 3159 5058 ego
3180 4990 3350 5041 autem
3375 4985 3538 5040 Ιηίυιὶς

1967 5086 2125 5141 (ictus
2146 5096 2258 5139 sum
2281 5081 2454 5138 nimis.
2477 5078 2589 5152 Ego
2610 5078 2720 5135 diei
2738 5081 2794 5135 in
2811 5092 3019 5135 excessu
3036 5092 3167 5147 meo,
3193 5075 3374 5134 Omnis
3393 5079 3542 5132 homo

1949 5175 2216 5235 meum.
2258 5170 2398 5238 Quid
2434 5169 2715 5228 retribuam
2762 5168 3007 5240 Domino,
3047 5188 3142 5247 pro
3177 5169 3407 5228 omnibus
3432 5183 3544 5238 qum

1970 5264 2210 5322 retribuit
2246 5263 2412 5319 mihi?
2456 5261 2681 5320 Calicem
2706 5265 2953 5321 salutaris
2988 5264 3260 5334 accipiam,
3285 5268 3333 5315 et
3362 5273 3548 5313 nomen

1974 5357 2188 5414 Domini
2218 5358 2482 5413 invocabo.
2550 5355 2684 5413 Vota
2714 5375 2828 5413 mea
2869 5357 3094 5413 Domino
3133 5352 3345 5410 reddam
3374 5365 3550 5403 coram

1974 5452 2116 5508 omni
2144 5450 2330 5522 populo
2356 5451 2500 5522 ejus,
2531 5452 2757 5522 missa
2778 5451 2839 5507 iss
2863 5454 3135 5517 emta
3168 5441 3379 5496 Domini
3410 5456 3549 5494 mors

1974 5552 2271 5599 sanctorum
2291 5543 2422 5614 ejus.
2474 5541 2519 5596 0
2559 5540 2781 5598 Domine
2797 5578 2817 5607 ,
2842 5541 2965 5611 quia
2989 5553 3084 5608 ego
3104 5549 3275 5589 servm
3298 5541 3430 5599 tuus,
3460 5548 3552 5604 ego

1974 5651 2149 5690 servus
2188 5642 2304 5697 tuus
2347 5644 2398 5688 et
2434 5633 2574 5703 [ilius
2620 5629 2829 5683 ancillre
2866 5636 2985 5680 tute.
3050 5623 3307 5694 Dirupisti
3353 5623 3553 5678 vincula

1977 5743 2114 5793 mea,
2140 5724 2227 5780 tibi
2250 5721 2558 5793 sacriﬁcabo
2579 5720 2799 5774 hostium
2823 5716 2993 5773 laudis
3010 5757 3024 5784 ,
3047 5721 3097 5771 et
3124 5731 3309 5771 nomen
3341 5710 3553 5773 Domini

1975 5814 2238 5873 invocabo.
2273 5812 2404 5869 Vota
2419 5824 2532 5864 mea
2548 5807 2767 5877 Domino
2790 5806 3001 5863 reddam
3027 5809 3079 5863 in
3108 5814 3376 5879 conspectu
3390 5806 3554 5863 omnis
