4088 6346
606 338 706 398 505

601 457 777 527 copuli
797 473 926 526 ejus,
958 457 1009 508 in
1037 456 1181 508 atriis
1205 451 1381 504 domus
1409 449 1614 504 Domini
1637 451 1688 504 in
1717 449 1880 503 medio
1905 451 1999 514 tui,
2023 447 2176 500 Jeru-

602 548 780 606 salem.

1165 631 1602 671 COMMENTARIUM.

668 725 968 796 Antequam
998 724 1140 780 dicat
1167 726 1294 796 quid
1333 727 1541 782 loeutus
1568 727 1668 791 sit,
1713 724 1868 781 fidem
1898 739 2050 781 suam
2078 739 2172 779 ex-

599 819 788 890 ponit:
835 817 1078 884 Credidi,
1129 819 1318 888 inquit.
1361 803 1497 885 Quid
1537 817 1807 873 credidisti
1824 818 1854 872 ,τ
1894 817 2090 872 Natum
2118 824 2174 871 et

600 929 814 984 passum
841 932 852 966 :
885 921 940 968 et
967 913 1093 982 quia
1123 912 1344 979 credidi,
1378 912 1497 967 ideo
1525 912 1832 966 humiliatus
1850 926 1967 965 sum
1993 909 2168 964 nimis.

601 1003 736 1060 Cum
758 1013 938 1060 autem
965 1004 1186 1070 credidi,
1206 1005 1531 1059 hoelocutus
1551 1019 1698 1059 sum:
1725 1002 1781 1058 Si
1805 1002 2059 1057 Dominus
2086 1017 2174 1057 re-

596 1114 715 1154 rum
763 1099 1054 1154 exinanivit
1094 1100 1368 1169 seipsum,
1417 1107 1472 1154 et
1516 1114 1614 1169 pro
1652 1113 1740 1152 me
1781 1096 2005 1172 formam
2031 1096 2174 1151 servi

596 1192 869 1261 suscepit,
916 1191 1043 1262 quid
1085 1203 1185 1259 ego
1229 1191 1394 1246 miser
1433 1189 1657 1245 faciam?
1704 1187 1842 1255 Quid
1882 1189 2174 1243 retribuam

595 1281 825 1338 Domino
851 1297 952 1354 pro
981 1267 1229 1339 omnibus
1256 1298 1376 1352 qua:
1402 1282 1649 1338 retribuit
1675 1281 1843 1336 mihi?
1871 1280 2173 1348 Quantum-

593 1375 678 1431 vis
705 1376 850 1430 dicat
889 1391 950 1432 se
995 1375 1157 1432 homo
1204 1376 1408 1433 servire
1435 1375 1503 1431 ad
1524 1375 1944 1432 vicissitudinem
1969 1371 2173 1428 beneﬁ-

595 1467 802 1521 ciorum
818 1466 952 1536 ejus,
979 1468 1152 1522 omnis
1171 1467 1335 1524 homo
1351 1468 1597 1524 mendax.
1625 1467 1763 1534 Quid
1787 1467 1930 1522 enim
1952 1466 2171 1536 dignum

595 1557 855 1612 retribuet
883 1558 1045 1614 homo
1075 1557 1304 1615 Domino
1327 1600 1341 1626 ,
1395 1560 1498 1616 nisi
1543 1559 1684 1615 forte
1710 1559 2017 1630 passionem
2055 1572 2175 1628 pas-

594 1646 747 1702 sione
793 1651 1185 1718 eompensans?
1239 1650 1472 1707 Calicem
1521 1651 1772 1708 salutaris
1823 1651 2079 1722 accipiam
2117 1659 2174 1706 et

595 1753 790 1793 nomen
821 1739 1031 1794 Domini
1077 1740 1358 1797 invocabo.
1407 1741 1650 1802 Pretiosa
1678 1750 1760 1798 est
1789 1743 1932 1798 enim
1960 1741 2014 1796 in
2042 1757 2170 1796 eon-

593 1837 779 1899 spectu
824 1829 1035 1888 Domini
1069 1848 1216 1888 mors
1262 1842 1572 1890 sanctorum
1617 1832 1732 1902 ejus
1769 1852 1780 1886 :
1833 1834 1878 1888 si
1909 1824 2087 1901 tamen
2118 1832 2172 1887 in

591 1918 707 1990 ipsa
738 1911 922 1978 morte
958 1923 1149 1981 doceat
1194 1940 1253 1980 se
1298 1941 1512 1982 servum
1539 1926 1667 1993 Dei,
1696 1935 1752 1981 et
1781 1926 1942 1981 filium
1968 1925 2172 1982 ancillae

591 2011 727 2082 ejus.
767 2013 973 2070 Ancilla
1018 2015 1115 2071 Dei
1155 2025 1238 2072 est
1262 2004 1542 2090 disciplina
1569 2028 1770 2074 sancta.
1813 2018 1915 2086 Qui
1947 2018 2088 2073 enim
2119 2019 2171 2073 in

593 2103 701 2159 fine
745 2107 987 2176 corporis
1031 2106 1224 2163 dixerit
1251 2107 1480 2165 Domino
1510 2111 1776 2165 veraciter
1807 2129 1818 2162 :
1851 2109 1896 2164 0
1923 2109 2168 2174 Domine,

591 2209 693 2265 ego
721 2211 908 2252 servus
937 2206 1087 2267 tuus,
1139 2199 1192 2254 id
1220 2209 1331 2265 est,
1380 2217 1487 2256 non
1515 2209 1569 2256 te
1597 2202 1918 2272 contempsi,
1951 2210 2006 2256 et
2034 2201 2173 2256 ﬁlius

591 2303 711 2342 sum
737 2288 942 2343 ancillae
965 2299 1070 2345 tum
1095 2331 1110 2357 ,
1152 2290 1205 2344 id
1233 2300 1352 2359 est,
1402 2292 1693 2364 disciplinae
1722 2300 1827 2348 tua:
1853 2293 1996 2348 velut
2035 2292 2172 2349 ﬁlius

591 2378 990 2449 obtemperavi;
1040 2382 1336 2453 disrumpet
1376 2384 1633 2440 Dominus
1671 2385 1882 2440 vincula
1911 2385 2026 2456 ejus
2053 2388 2173 2456 qui-

569 2469 693 2542 .bus
718 2485 748 2524 a
777 2470 991 2527 diabolo
1035 2474 1354 2544 implicatur,
1401 2487 1457 2531 et
1501 2477 1766 2533 sacrificat
1806 2477 1917 2532 Deo
1941 2479 2172 2533 hostiam

594 2561 768 2618 laudis
791 2604 804 2628 ,
851 2565 924 2619 ita
961 2574 1020 2620 ut
1045 2574 1171 2639 vota
1198 2583 1294 2623 sua
1321 2569 1549 2624 Domino
1579 2565 1765 2626 reddat
1793 2571 1846 2626 in
1875 2571 2027 2627 atriis
2073 2573 2172 2626 do-

593 2671 712 2711 mus
740 2657 970 2722 Domini,
1004 2660 1058 2715 in
1088 2671 1377 2732 conspectu
1407 2663 1582 2719 omnis
1612 2664 1794 2734 populi
1823 2664 1956 2734 ejus,
1990 2664 2043 2726 id
2068 2673 2170 2730 est,

592 2749 646 2806 in
677 2764 863 2806 eorum
905 2764 1196 2824 conspectu
1221 2796 1234 2821 ,
1277 2757 1367 2828 qui
1396 2759 1628 2828 populus
1655 2757 1749 2813 Dei
1779 2768 1898 2813 est:
1934 2775 2043 2814 non
2069 2776 2168 2832 po-

591 2839 747 2908 pulus
772 2841 931 2912 hujus
957 2844 1141 2900 mundi
1165 2887 1179 2911 ,
1223 2853 1281 2900 ut
1305 2845 1490 2902 videar
1518 2850 1586 2903 ab
1615 2849 1921 2906 hominibus
1947 2851 2013 2905 ad
2042 2867 2169 2922 per-

591 2929 851 2987 ditionem
881 2934 1079 2991 laboris
1106 2939 1297 3004 sancti,
1323 2954 1506 2994 coram
1527 2941 1724 2996 sanctis
1755 2942 1847 3013 qui
1875 2943 2174 3011 gloriantur

591 3023 646 3077 in
675 3025 851 3080 medio
880 3028 976 3092 tui,
1003 3027 1316 3096 Jerusalem,
1350 3032 1402 3086 in
1431 3047 1535 3101 qua
1574 3034 1869 3102 imperator
1908 3044 1989 3091 est
2017 3035 2171 3092 Chri-

592 3121 706 3169 stus
731 3155 746 3179 ,
788 3118 880 3185 qui
923 3128 1111 3188 regnat
1157 3136 1277 3176 cum
1326 3115 1486 3180 Patre
1514 3132 1570 3180 et
1594 3124 1795 3197 Spiritu
1825 3137 2040 3194 saneto,
2073 3145 2171 3200 per

592 3205 772 3261 omnia
801 3208 991 3264 saecula
1017 3210 1353 3268 sazculorum.
1386 3215 1576 3276 Amen.

1113 3322 1427 3384 PSALMUS
1473 3328 1649 3385 CXVI.

1121 3418 1369 3485 Alleluia,
1401 3420 1635 3478 alleluia.

660 3522 895 3580 Laudate
922 3525 1218 3597 Dominum,
1243 3550 1416 3588 omnes
1435 3543 1643 3606 gentes;
1665 3537 1876 3593 laudate
1901 3555 2034 3607 eum,
2057 3557 2168 3596 om.-

591 3630 682 3669 nes
705 3617 895 3687 populi.
927 3615 1182 3682 Quoniam
1221 3625 1528 3693 conﬁrmata
1565 3635 1642 3681 est
1668 3645 1821 3700 super
1848 3646 1941 3685 nos
1963 3633 2166 3686 miseri-

591 3707 770 3762 cordia
789 3709 920 3779 ejus,
949 3719 997 3765 et
1021 3714 1204 3769 veritas
1227 3713 1440 3772 Domini
1463 3727 1636 3774 manet
1662 3721 1719 3776 in
1740 3729 2003 3777 (eternum.

1155 3845 1590 3889 COIIENTARIUI.

660 3934 898 3994 Laudate
926 3937 1247 4010 Dominum,
1293 3959 1482 4001 omnes
1527 3954 1730 4018 gentes.
1782 3945 1997 4004 Exclusi
2041 3943 2182 4006 sunt

588 4024 773 4093 Judzei,
799 4029 890 4098 qui
918 4030 1158 4087 tulerunt
1184 4033 1388 4090 clavem
1417 4037 1569 4106 regni
1597 4038 1858 4094 caelorum
1882 4080 1898 4106 ,
1931 4055 2034 4096 nec
2063 4041 2166 4113 ipsi

589 4118 1041 4190 ingrediebantur,
1084 4141 1185 4181 nec
1221 4142 1317 4183 vos
1345 4129 1551 4198 ingredi
1580 4133 1982 4202 permittebant.
2039 4132 2166 4189 Om-

522 4234 532 4239 π
587 4222 703 4274 nes,
735 4209 946 4266 laudate
975 4212 1254 4272 Dominum
1278 4256 1293 4282 ,
1342 4221 1434 4288 qui
1476 4221 1677 4291 absque
1704 4218 2055 4293 personarum
2084 4241 2166 4283 ae-

587 4297 835 4389 eeptione
886 4317 1060 4357 omnes
1104 4305 1333 4362 homines
1373 4311 1479 4364 vult
1517 4313 1684 4367 salvos
1711 4315 1828 4383 ﬁeri
1857 4314 1898 4385 (l
1917 4313 2048 4370 Tim.
2080 4312 2180 4389 ιι).’

587 4383 786 4444 Omnes
813 4400 1034 4460 gentes,
1066 4394 1279 4454 laudate
1301 4439 1315 4464 ,
1347 4401 1602 4470 quoniam
1634 4383 1947 4462 confirmata
1975 4415 2057 4463 est
2083 4383 2168 4466 su-

588 4495 687 4548 per
713 4495 812 4536 nos
837 4483 1202 4542 misericordia
1224 4489 1358 4559 ejus.
1409 4490 1647 4548 Exclusit
1674 4497 1815 4551 enim
1844 4500 2034 4555 merita
2059 4505 2176 4558 no;

1925 327 2192 390 ARNOB“
2231 329 2525 387 JUMORIS

3753 329 3849 386 504

2203 449 2255 508 Α
2284 459 2464 512 conus,
2497 445 2735 515 quoniam
2773 455 2824 498 tu
2861 444 3099 499 swculum
3131 444 3482 499 misericordia
3509 445 3640 516 ejus.
3705 443 3850 501 Dicat

2275 554 2411 590 nunc
2433 537 2609 592 domus
2648 537 2823 592 Aaron
2862 538 3100 609 quoniam
3136 535 3328 604 bonus,
3357 541 3599 610 quoniam
3618 541 3678 594 in
3698 555 3848 595 secu-

2261 629 2378 684 -lum
2416 629 2770 685 misericordia
2809 630 2939 701 ejus.
2972 629 3165 684 Dicant
3193 646 3328 684 nunc
3365 633 3452 704 qui
3475 632 3657 686 timent
3675 630 3847 688 Domi—

2273 737 2417 787 num,
2447 722 2689 793 quoniam
2715 722 2770 774 in
2803 720 3046 776 saeculum
3075 721 3434 776 misericordia
3461 723 3594 794 ejus.
3650 720 3730 778 De
3758 725 3846 779 tri-

2261 811 2535 866 ‘bulatione
2556 813 2785 866 invocavi
2814 810 3112 877 Dominum,
3134 822 3183 867 et
3201 815 3460 868 exaudivit
3488 831 3570 869 me
3593 815 3650 869 in
3679 815 3846 870 latini-

2275 905 2394 958 dine
2434 904 2706 961 Dominus.
2773 904 3026 961 Dominus
3074 908 3199 962 mihi
3243 908 3480 980 adjutor,
3521 925 3626 964 non
3675 911 3846 967 timebo

2274 996 2398 1068 quid
2425 999 2589 1069 faciat
2615 997 2741 1052 mihi
2770 997 2941 1053 homo.
2972 997 3227 1053 Dominus
3255 1001 3382 1054 mihi
3415 1001 3646 1072 adjutor,
3687 1012 3739 1056 et
3763 1021 3845 1074 ego

2276 1087 2554 1159 despiciam
2581 1090 2820 1143 inimicos
2847 1106 3006 1143 meos.
3059 1089 3256 1144 Bonum
3275 1098 3352 1144 est
3380 1091 3640 1162 conﬁdere
3665 1094 3722 1146 in
3748 1091 3846 1148 Do-

2274 1181 2414 1234 mino
2437 1221 2452 1246 ,
2503 1197 2655 1253 quam
2683 1181 2941 1251 conﬁdere
2967 1182 3021 1234 in
3051 1181 3273 1236 homine.
3321 1181 3520 1237 Bonum
3543 1192 3621 1237 est
3650 1201 3844 1255 sperare

2273 1271 2327 1323 in
2357 1270 2598 1337 Domino,
2630 1288 2782 1344 quam
2805 1288 3012 1344 sperare
3031 1274 3084 1326 in
3106 1275 3440 1345 principibus.
3469 1273 3663 1329 Omnes
3685 1288 3843 1347 gentes

2275 1362 2718 1418 circumdederunt
2760 1381 2876 1430 me,
2925 1374 2975 1418 et
3001 1367 3055 1418 in
3097 1367 3303 1420 nomine
3342 1365 3552 1422 Domini
3573 1371 3698 1441 quia
3721 1372 3841 1425 ultus

2274 1468 2387 1506 sum
2423 1455 2477 1507 in
2509 1471 2615 1508 eos.
2660 1453 3046 1511 Circumdantes
3097 1457 3539 1512 circumdederunt
3572 1477 3690 1525 me,
3726 1471 3771 1514 et
3793 1462 3840 1515 in

2277 1549 2483 1602 nomine
2504 1547 2716 1603 Domini
2758 1552 2878 1622 quia
2917 1552 3055 1606 ultus
3088 1569 3201 1607 sum
3241 1555 3298 1607 in
3331 1571 3435 1609 eos.
3487 1556 3837 1612 Circumdede-

2276 1649 2396 1693 runt
2422 1657 2503 1694 me
2521 1641 2651 1694 sicut
2679 1658 2826 1712 apes,
2857 1651 2907 1696 et
2933 1654 3238 1699 exarserunt
3263 1647 3392 1699 sicut
3419 1647 3555 1718 ignis
3581 1648 3639 1701 in
3669 1649 3834 1717 spinis,

2275 1739 2325 1784 et
2348 1733 2399 1784 in
2423 1733 2632 1787 nomine
2652 1731 2865 1788 Domini
2898 1735 3018 1806 quia
3038 1736 3175 1790 ultus
3219 1753 3331 1791 sum
3352 1739 3406 1791 in
3436 1754 3542 1791 eos.
3593 1736 3836 1809 Impulsu

2202 1818 2252 1880 B
2275 1841 2474 1880 eversus
2505 1843 2616 1880 sum
2634 1836 2690 1882 ut
2710 1827 2963 1895 caderem,
2993 1839 3044 1884 et
3064 1829 3315 1886 Dominus
3335 1833 3555 1902 suscepit
3586 1849 3691 1886 me.
3721 1830 3835 1886 For-

2278 1915 2438 1971 titudo
2453 1934 2565 1971 mea
2585 1928 2634 1972 et
2658 1919 2904 1990 laus‘mea
2926 1920 3251 1989 Dominus,et
3271 1925 3436 1995 {actus
3457 1931 3532 1976 est
3552 1925 3683 1977 mihi
3703 1926 3749 1981 in
3763 1942 3834 1978 sa-

2275 2007 2448 2063 lutem.
2472 2008 2587 2064 Vox
2607 2013 2965 2069 exsultationis
2985 2025 3034 2069 et
3052 2000 3233 2070 salutis
3252 2017 3306 2069 in
3317 2015 3666 2071 tabernaculis
3684 2019 3832 2088 justo-

2274 2117 2406 2154 rum.
2432 2100 2660 2157 Dextera
2705 2103 2918 2160 Domini
2945 2109 3067 2178 fecit
3092 2108 3326 2162 virtutem
3343 2147 3375 2175 ,.
3403 2108 3618 2163 dextera
3647 2107 3832 2163 Domini

2275 2193 2518 2248 exultavit
2537 2211 2635 2261 me,
2668 2195 2880 2252 dextera
2900 2198 3111 2254 Domini
3137 2202 3256 2272 fecit
3283 2203 3537 2255 virtutem.
3582 2199 3706 2256 Non
3734 2219 3826 2256 ruo-

2272 2287 2384 2338 riar
2423 2287 2515 2340 sed
2545 2288 2728 2353 vivam,
2767 2300 2818 2343 et
2852 2291 3072 2346 narrabo
3109 2309 3265 2364 opera
3288 2292 3518 2348 Domini.
3553 2292 3825 2366 Castigans,

2276 2378 2540 2448 castigavit
2559 2395 2641 2433 me
2659 2378 2942 2448 Dominus,
2966 2393 3016 2436 et
3044 2385 3194 2438 morti
3217 2400 3322 2439 non
3351 2384 3567 2438 tradidit
3587 2402 3677 2439 me.
3703 2385 3821 2454 Ape-

2275 2470 2374 2524 rite
2409 2473 2535 2526 milii
2584 2483 2761 2544 portas
2794 2475 3042 2544 justitiaa,
3082 2477 3343 2548 ingressus
3364 2478 3419 2531 in
3457 2494 3547 2531 eas
3577 2474 3823 2546 conﬁtebor

2280 2560 2533 2630 Domino,
2574 2567 2681 2620 [nec
2720 2576 2870 2638 porta
2903 2566 3134 2635 Domini,
3168 2569 3300 2639 justi
3339 2569 3610 2624 intrabunt
3636 2571 3686 2623 in
3710 2585 3824 2622 eam.

2276 2650 2568 2725 Conﬁtebor
2590 2657 2696 2721 tibi,
2721 2659 2961 2728 quoniam
2981 2659 3237 2714 exaudiui
3255 2677 3354 2726 me,
3384 2670 3435 2714 et
3463 2663 3635 2731 factus
3655 2677 3704 2714 es
3721 2659 3827 2714 mihi

2273 2745 2330 2797 in
2351 2746 2586 2803 salutem.
2635 2745 2882 2819 Lapidem
2910 2765 3054 2820 quem
3079 2749 3475 2821 reprobaverunt
3513 2750 3826 2822 ludiﬁcantes,

2277 2836 2359 2890 hic
2380 2838 2546 2908 factus
2583 2847 2657 2892 est
2695 2841 2750 2893 in
2789 2849 2942 2910 caput
2979 2841 3174 2912 anguli.
3234 2841 3277 2894 Α
3311 2840 3536 2897 Domino
3559 2843 3743 2912 factum
3766 2849 3827 2894 est

2274 2929 2445 2995 istud,
2489 2939 2538 2984 et
2569 2940 2644 2986 est
2685 2932 2920 2988 mirabile
2963 2935 3017 2988 in
3046 2935 3205 2989 oculis
3234 2935 3444 2990 nostris.
3488 2933 3620 2990 Hcec
3645 2944 3716 2988 est
3737 2934 3827 2986 dies

2275 3037 2426 3093 quam
2445 3024 2565 3093 fecit
2585 3022 2854 3091 Dominus,
2880 3025 3189 3080 exsultemus
3229 3037 3279 3080 et
3317 3027 3551 3082 (celentur
3589 3028 3646 3081 in
3679 3043 3753 3080 ea.
3788 3023 3825 3076 0

2275 3109 2496 3167 Domine
2516 3155 2531 3180 ,
2572 3115 2767 3169 salvum
2812 3133 2894 3170 me
2932 3118 3036 3188 fac,
3079 3135 3108 3173 ο
3149 3117 3387 3185 Domine,
3425 3120 3552 3174 bene
3570 3129 3618 3174 et
3637 3119 3828 3192 feliciter

2193 3194 2241 3258 C
2273 3214 2607 3282 prosperare;
2648 3207 2945 3264 benedictus
2988 3211 3075 3282 qui
3113 3213 3250 3266 venit
3293 3214 3348 3266 in
3383 3214 3590 3267 nomine
3615 3213 3824 3271 Domini.

2273 3296 2635 3353 Benediximus
2664 3298 2804 3356 vobis
2824 3302 2887 3356 de
2904 3301 3066 3359 domo
3081 3301 3314 3371 Domini,
3337 3304 3478 3360 Deus
3506 3306 3768 3373 Dominus,
3787 3313 3829 3358 et

2269 3387 2446 3441 illuxit
2466 3387 2632 3444 nobis.
2669 3390 2974 3449 Constituite
3001 3394 3136 3450 diem
3163 3397 3438 3453 solemnem
3473 3400 3526 3453 in
3557 3399 3828 3463 condensis,

2174 3489 2182 3515 ›’
2269 3497 2427 3553 usque
2448 3482 2518 3535 ad
2537 3500 2696 3538 cornu
2727 3485 2931 3541 altaris.
2967 3486 3107 3543 Deus
3136 3506 3278 3545 meus
3305 3509 3360 3546 es
3388 3501 3438 3545 tu
3455 3534 3470 3560 ,
3501 3504 3550 3546 et
3567 3493 3830 3562 conﬁtebor

2273 3572 2400 3638 tibi;
2444 3571 2584 3628 Deus
2611 3590 2751 3629 meus
2779 3593 2834 3636 es
2882 3586 2954 3644 tu,
2986 3588 3034 3633 et
3053 3579 3295 3636 exaltabo
3321 3591 3381 3636 te.
3415 3580 3692 3651 L'on/itebor
3718 3580 3828 3647 tibi,

2269 3663 2509 3734 quoniam
2537 3665 2794 3720 exaudiin
2821 3684 2902 3722 me
2927 3710 2941 3736 ,
2991 3679 3041 3724 et
3080 3673 3250 3743 [actus
3286 3689 3334 3726 es
3373 3673 3492 3725 mihi
3515 3673 3565 3724 in
3584 3671 3816 3723 salutent.

2270 3751 2594 3823 Conﬁtemini
2620 3754 2842 3813 Domino
2870 3762 3110 3832 quoniam
3139 3762 3302 3818 bonus
3322 3803 3337 3832 ,
3373 3763 3596 3834 quoniam
3633 3761 3688 3814 in
3729 3775 3824 3815 sat-

2269 3842 2436 3898 culum
2461 3847 2812 3904 misericordia
2833 3852 2963 3922 ejus.

2837 3947 3272 4002 conusuhmvu.

2296 4096 2298 4098 ν
2339 4028 2681 4087 Conﬁtemini
2731 4032 2960 4092 Domino
3002 4039 3259 4108 quoniam
3287 4039 3480 4105 bonus,
3508 4041 3762 4110 quoniam
3790 4039 3837 4096 in

2268 4121 2520 4179 smculum
2549 4124 2916 4182 misericordia
2944 4128 3079 4198 ejus.
3113 4128 3262 4186 Licet
3291 4132 3344 4185 in
3383 4140 3640 4186 aeternum
3665 4139 3839 4201 regnet

2268 4213 2635 4269 misericordia
2663 4213 2798 4284 ejus,
2831 4224 3010 4273 tamen
3039 4217 3306 4276 confessio
3333 4221 3384 4275 in
3408 4221 3512 4276 isto
3539 4223 3839 4293 saeculopo-

2268 4304 2396 4359 terit
2423 4305 2680 4375 prodesse
2706 4311 3070 4379 peccantibus.
3099 4310 3230 4368 Post
3255 4313 3393 4369 istud
3410 4315 3557 4370 enim
3579 4314 3836 4377 sreeulum,

2267 4393 2534 4452 confessio
2561 4399 2772 4468 penitus
2798 4416 2905 4456 non
2932 4403 3131 4459 valebit
3159 4403 3227 4460 ad
3254 4406 3488 4460 veniam.
3519 4406 3708 4477 Itaque
3732 4421 3840 4462 cum

2267 4493 2352 4541 est
2401 4495 2609 4559 tempus
2634 4489 2923 4548 conﬁtendi
2972 4492 3222 4562 Domino,
3252 4479 3541 4553 fateamGr.
3575 4497 3672 4554 Est
3709 4497 3838 4552 enim

588 4580 718 4636 stra,
742 4581 796 4626 et
816 4573 1022 4630 induxit
1043 4593 1204 4648 super
1220 4596 1321 4638 nos
1341 4584 1760 4642 misericordiam
1788 4605 1938 4646 suam
1957 4633 1972 4659 ,
1995 4607 2156 4664 quam
2187 4562 2244 4626 Β
2266 4576 2322 4631 in
2366 4577 2467 4633 ίεῑο
2512 4581 2708 4636 5330010
2735 4583 3075 4652 Ρθτθῑίεείιηδ
3104 4586 3469 4642 misericordia
3525 4590 3666 4658 eius-
3694 4587 3749 4643 Si
3771 4589 3845 4643 ‘33

586 4659 920 4720 conﬁrmavit
977 4683 1139 4738 super
1193 4687 1292 4728 nos
1335 4689 1434 4744 per
1479 4677 1862 4748 indulgentiam
1920 4659 2158 4740 omnium

585 4763 927 4821 peccatorum
952 4802 965 4824 ,
1018 4753 1359 4820 credentibus
1403 4774 1458 4821 et
1502 4769 1885 4838 pmnitentibus
1926 4775 2155 4843 promis-

585 4857 715 4897 sam.
760 4845 968 4904 Veritas
986 4850 1098 4920 ipsa
1122 4851 1332 4910 Domini
1360 4868 1540 4913 manet
1575 4861 1628 4915 in
1654 4869 1932 4919 aeternum.
1975 4864 2031 4919 In
2057 4866 2161 4923 hoc

586 4937 728 4990 enim
768 4941 1102 4998 confirmatio
1147 4947 1528 5007 misericordiae
1575 4953 1692 5022 ejus
1709 4958 1935 5026 pietatis
1975 4968 2157 5016 osten-

583 5028 744 5097 ditur,
777 5032 830 5086 in
869 5049 976 5103 quo
1005 5039 1336 5107 corrigentes
1362 5058 1392 5097 a
1425 5055 1646 5114 peccato
1685 5050 1839 5104 venia
1864 5066 1963 5106 nos
1991 5060 2046 5106 et
2075 5053 2159 5107 in-

582 5120 854 5189 dulgentia
901 5128 1250 5198 comitantur;
1301 5145 1648 5207 nostrumque
1695 5140 1938 5197 desinere
1977 5159 2007 5198 a
2035 5160 2161 5214 pec-

580 5222 704 5267 cato
733 5213 826 5270 Dei
859 5216 1134 5289 indulgere
1174 5232 1276 5290 est,
1307 5227 1392 5281 cui
1421 5229 1586 5296 gloria
1619 5246 1717 5299 per
1756 5235 1933 5288 omnia
1964 5213 2156 5291 saecula

579 5303 917 5362 sicculorum.
950 5309 1140 5367 Amen.

1023 5465 1026 5470 ·
1076 5442 1389 5504 PSALMUS
1439 5449 1638 5508 CXVII.

1117 5561 1360 5632 Alleluia,
1387 5567 1618 5623 alleluia.

653 5665 977 5736 Con/itemini
1025 5672 1247 5732 Domino
1292 5682 1532 5750 quoniam
1579 5681 1772 5745 bonus,
1817 5683 2060 5754 quoniam
2100 5686 2154 5740 in
2203 5709 2206 5712 ’

583 5757 826 5815 siccatum
846 5766 1196 5822 misericordia
1215 5771 1343 5841 ejus.
1382 5773 1531 5827 Dicat
1559 5791 1692 5831 nunc
1724 5772 1890 5831 Israel
1914 5777 2156 5844 quoniam

2268 4667 2474 4724 discere
2495 4669 2565 4724 ita
2595 4686 2733 4739 esse,
2757 4673 2953 4730 docere
2975 4683 3028 4730 te
3055 4677 3255 4746 poterit
3279 4685 3336 4732 et
3362 4677 3566 4736 domus
3595 4679 3772 4747 Israel,
3799 4689 3848 4734 et

2268 4759 2459 4815 domus
2487 4762 2684 4817 Aaron.
2735 4764 2793 4818 ln
2821 4766 3111 4838 Scripturis
3139 4769 3388 4844 omnibus
3430 4773 3647 4828 veteris
3674 4772 3848 4828 Testa-

2267 4852 2433 4906 menti
2472 4852 2542 4907 ibi
2572 4853 2703 4921 legis
2730 4856 2852 4925 quia
2874 4859 3298 4931 quotiescunque
3326 4876 3636 4920 conversus
3658 4872 3741 4920 est
3765 4879 3852 4935 po-

2258 4943 2424 5013 pulus
2451 4944 2515 4998 ad
2545 4945 2957 5014 confessionem,
2983 4957 3036 5004 et
3064 4952 3330 5021 paenituit,
3365 4953 3536 5011 toties
3586 4964 3676 5011 est
3702 4956 3856 5010 mise-

2265 5035 2550 5091 ricordiam
2581 5048 2920 5094 consecutus.
2953 5039 3108 5107 Quod
3136 5044 3180 5097 si
3209 5044 3276 5098 ad
3307 5043 3606 5113 legendum
3637 5047 3855 5118 incapax

2262 5143 2382 5184 esse
2425 5127 2638 5193 videris,
2669 5131 2882 5200 require
2928 5133 3172 5189 homines
3199 5137 3290 5205 qui
3320 5138 3516 5191 timent
3547 5137 3854 5204 Dominum,

2262 5229 2318 5276 et
2345 5221 2442 5291 ipsi
2475 5222 2568 5276 tibi
2598 5224 2882 5279 ostendent
2922 5227 3192 5295 quomodo
3229 5226 3630 5287 conﬁtentibus
3679 5240 3858 5305 parata

2259 5313 2331 5368 sit
2358 5313 2721 5378 misericordia
2747 5316 2882 5385 ejus.
2915 5317 3045 5372 Nam
3067 5327 3121 5373 et
3150 5332 3249 5388 ego
3276 5320 3328 5375 in
3355 5320 3728 5380 tribulatione
3747 5338 3860 5379 mea

2260 5406 2538 5461 confessus
2581 5424 2717 5474 sum,
2751 5417 2807 5462 et
2837 5409 3079 5466 invocavi
3128 5411 3431 5479 Dominum,
3464 5423 3530 5469 et
3585 5415 3894 5472 exaudivit'

2260 5513 2349 5552 me
2375 5497 2426 5552 in
2458 5498 2753 5555 latitudine.
2786 5500 2983 5556 Verum
3004 5503 3127 5573 quia
3156 5511 3210 5558 et
3231 5519 3330 5558 nos
3350 5504 3448 5574 ipsi
3481 5507 3658 5564 nobis
3685 5509 3866 5564 hostes

2260 5603 2464 5654 sumus,
2495 5589 2621 5644 dum
2651 5600 2838 5645 contra
2883 5593 3108 5648 salutem
3149 5604 3389 5650 nostram
3417 5595 3642 5666 aliquid
3667 5614 3866 5654 concu-

2261 5683 2535 5751 piscimus,
2566 5691 2623 5737 et
2650 5683 2994 5741 nihilominus
3022 5697 3171 5742 extra
3200 5704 3298 5744 nos
3323 5688 3459 5744 alios
3491 5689 3764 5748 inimicos
3781 5692 3866 5748 ha-

2259 5777 2448 5833 bemus
2476 5776 2712 5831 visibiles
2739 5785 2900 5846 atque
2927 5779 3234 5847 invisibiles,
3260 5787 3474 5838 oremus
3499 5790 3566 5838 ut
3597 5783 3866 5842 Dominus
