4088 6346
249 397 359 454 505

1173 394 1644 457 COMMENTARH
1682 394 1747 450 IN
1787 390 2111 448 PSALMOS.
2155 389 2346 448 PSAL.
2391 392 2611 450 CXVIII.

3423 394 3526 452 506

250 511 412 565 nobis
468 509 681 582 adiutor
708 525 825 568 esse
870 511 1117 581 dignetur
1143 519 1333 567 contra
1377 507 1684 564 inimicitias
1713 507 1840 560 istas
1865 505 1918 563 Δ
1943 502 2065 571 gine
2093 504 2275 559 mundi
2317 519 2414 576 per
2462 503 2680 577 Moysen
2709 504 2836 577 quid
2868 504 3037 574 egerit
3064 507 3207 562 circa
3235 505 3525 563 humanum

249 617 391 671 quas
445 603 887 670 memoravimus,
919 609 974 659 et
1003 611 1133 658 tunc
1160 602 1378 658 demum
1404 616 1511 656 non
1544 599 1846 656 timebimus

251 693 508 750 inimicos
551 704 787 752 nostros.
818 695 1010 752 Melius
1041 704 1125 752 est
1170 695 1315 751 enim
1343 692 1614 750 conﬁdere
1641 692 1695 746 in
1738 689 1845 746 Do-

250 787 426 851 mino,
453 802 616 856 quam
645 787 918 844 conlidere
949 787 1005 843 in
1026 788 1264 843 homine.
1292 785 1428 842 Nota
1451 785 1545 840 tibi
1573 781 1846 839 conﬁden-

249 877 391 932 tiam
439 892 598 947 quam
649 886 857 945 teneas,
887 877 1210 935 Christiane.
1245 876 1364 933 Noli
1391 873 1658 932 conﬁdere
1688 875 1740 929 in
1767 882 1842 938 te,

137 1049 146 1055 _
248 969 367 1024 noli
416 968 595 1026 dicere
619 1010 634 1036 ,
665 971 744 1027 sic
774 978 828 1027 te
855 971 1081 1027 liberum
1133 970 1334 1026 habere
1362 968 1666 1034 arbitrium,
1702 975 1761 1022 ut
1789 975 1846 1023 tu

251 1061 351 1116 tibi
382 1062 437 1117 in
463 1070 516 1118 te
537 1062 655 1134 ipso
693 1061 952 1119 conﬁdas.
983 1061 1161 1119 Habes
1189 1062 1403 1134 quidem
1433 1061 1658 1117 liberum
1697 1060 1844 1115 arbi-

251 1152 445 1220 trium,
469 1153 563 1208 sed
608 1153 719 1209 noli
746 1153 814 1209 de
841 1169 908 1210 eo
936 1169 1293 1226 praesumere;
1324 1155 1392 1212 de
1419 1155 1532 1210 Deo
1561 1170 1844 1226 praesume,

251 1245 387 1313 quia
427 1245 568 1301 vinci
607 1260 714 1300 non
761 1254 960 1318 potest,
993 1262 1115 1302 nam
1144 1245 1368 1302 liberum
1400 1247 1676 1302 arbitrium
1706 1245 1846 1302 vinci

250 1343 462 1405 potest.
495 1321 701 1392 Bonum
732 1345 816 1393 est
843 1337 1114 1394 conﬁdere
1143 1337 1195 1392 in
1215 1337 1464 1404 Domino,
1494 1353 1655 1408 quam
1674 1338 1845 1393 conﬁ-

248 1426 388 1517 dere
414 1428 467 1482 in
508 1427 746 1496 homine,
771 1437 864 1486 aut
893 1431 946 1486 in
973 1415 1321 1503 principibus.
1354 1430 1410 1487 Si
1431 1433 1573 1517 enim
1602 1430 1848 1488 conﬁdas

250 1516 307 1572 in
339 1517 593 1585 Domino,
636 1527 764 1576 tunc
790 1521 995 1592 poteris
1022 1522 1202 1578 dicere
1231 1541 1246 1578 :
1277 1521 1474 1580 Omnes
1513 1516 1700 1592 gentes
1739 1524 1849 1578 cir-

250 1609 647 1666 cumdederunt
668 1627 776 1679 me,
801 1620 857 1668 et
876 1613 928 1668 in
955 1606 1170 1671 nomine
1199 1613 1409 1670 Domini
1432 1615 1573 1670 ultus
1592 1631 1708 1670 sum
1730 1629 1850 1672 eos.

251 1697 377 1756 Hoc
407 1699 626 1758 libertas
652 1703 858 1759 arbitrii
886 1704 1066 1762 dicere
1095 1721 1200 1762 non
1229 1715 1425 1778 potest,
1450 1714 1542 1762 aut
1561 1707 1606 1762 si
1633 1707 1849 1774 dixerit,

250 1791 472 1848 docebo
500 1809 618 1850 eam
647 1805 832 1868 aperte
856 1798 1089 1865 mentiri,
1114 1808 1207 1854 aut
1231 1807 1378 1854 certe
1400 1800 1468 1855 ab
1497 1800 1649 1855 initio
1670 1799 1850 1856 saeculi

1945 610 2132 666 genus,
2155 597 2351 667 quidve
2377 598 2643 668 gesserint
2677 600 2821 654 circa
2862 598 3031 655 Deum
3062 599 3307 658 homines
3339 611 3526 658 notum

1946 686 2169 767 faciens,
2191 699 2248 746 et
2285 690 2391 746 hoc
2418 699 2607 747 notum
2637 690 2783 756 fecit,
2815 693 3033 765 quodin
3054 694 3360 753 novissimis
3388 705 3497 750 tem
3520 730 3530 739 -

1946 781 2167 852 poribus
2193 783 2476 838 suscitaret
2524 783 2604 837 eis
2631 797 2696 839 ex
2726 780 2932 840 femore
2958 783 3108 841 Judze
3156 801 3336 857 regem
3374 786 3528 843 Chri-

1946 883 2110 941 stum,
2141 873 2208 930 de
2235 890 2344 946 quo
2395 875 2508 946 ipse
2557 873 2769 948 Moyses
2819 875 3061 932 diceret:
3094 877 3270 948 Ipsum
3301 878 3530 936 audietis

1947 977 2204 1040 tanquam
2231 984 2318 1024 me
2346 984 2444 1040 per
2470 969 2647 1024 omnia
2665 1009 2680 1034 ,
2713 969 2780 1026 de
2807 983 2916 1039 quo
2950 970 3151 1040 iuravit
3196 973 3336 1029 Deus
3378 983 3532 1045 pater

1947 1058 2015 1114 ad
2042 1058 2228 1125 David,
2252 1059 2436 1116 dicens
2461 1078 2473 1114 :
2503 1058 2583 1114 De
2611 1062 2784 1132 [ructu
2811 1063 3002 1117 ventris
3046 1063 3120 1117 tui
3157 1081 3351 1134 ponam
3378 1083 3533 1139 super

1945 1149 2121 1204 sedem
2151 1160 2293 1204 tuam
2323 1150 2497 1224 (Psal.
2529 1152 2700 1223 xxxi).
2734 1152 2811 1208 De
2837 1167 2947 1223 quo
2996 1153 3198 1223 iuravit
3252 1157 3320 1212 ad
3361 1157 3532 1214 Abra-

1945 1243 2103 1312 ham,
2135 1244 2280 1315 quod
2323 1246 2379 1300 in
2408 1246 2602 1300 semine
2649 1256 2734 1301 tuo
2787 1246 3103 1302 hcereditabo
3148 1265 3326 1304 omnes
3355 1260 3532 1322 gentes

1949 1335 2105 1407 (Gen.
2130 1336 2282 1408 xxn).
2315 1336 2390 1391 De
2418 1352 2528 1408 quo
2550 1352 2649 1409 per
2674 1336 2866 1392 Isaiam
2886 1337 3022 1393 dixit
3039 1338 3179 1394 Deus
3201 1341 3344 1409 quod
3375 1340 3533 1414 Virga

1946 1426 2002 1480 in
2023 1436 2170 1482 utero
2197 1429 2470 1499 concipiet,
2490 1438 2540 1483 et
2564 1429 2734 1499 pariet
2755 1427 3070 1483 Emmanuel
3091 1428 3226 1501 (Isa.
3257 1430 3371 1500 vn).
3407 1430 3532 1488 Hmc

1947 1525 2004 1572 et
2028 1518 2112 1572 his
2146 1517 2339 1573 similia
2364 1519 2531 1574 multa
2565 1520 2618 1575 in
2641 1519 2913 1575 veteribus
2953 1519 3102 1575 libris
3123 1521 3382 1584 invenies,
3413 1536 3534 1592 quae

1949 1619 2005 1666 et
2030 1604 2198 1665 Judaéi
2218 1610 2285 1665 ad
2321 1611 2736 1667 aediﬁcationem
2763 1613 2947 1682 populi
2975 1613 3232 1683 legentes,
3262 1611 3533 1669 aediﬁcan-

1953 1708 2033 1757 tes
2059 1701 2323 1757 nominati
2369 1709 2512 1758 sunt.
2558 1700 2599 1756 li
2626 1700 2750 1756 dum
2789 1702 3055 1757 aediﬁcant
3082 1712 3439 1773 pervenerunt
3468 1703 3536 1760 ad

1952 1791 2189 1865 lapidem
2217 1793 2548 1863 angularem,
2575 1793 2666 1863 qui
2690 1792 2824 1848 duos
2849 1793 3081 1864 parietes
3101 1794 3533 1864 amplecteretur,

251 1880 355 1937 det
379 1883 511 1939 mihi
538 1885 628 1954 qui
667 1886 784 1942 sine
821 1886 915 1942 Dei
943 1889 1144 1944 auxilio
1171 1890 1422 1953 evaserit,
1452 1891 1565 1944 sive
1595 1890 1846 1957 visibiles,
1875 1875 1928 1940 Β
1955 1893 2010 1941 et
2032 1886 2160 1940 duos
2205 1884 2451 1940 conderet
2496 1885 2551 1939 in
2597 1884 2871 1954 semetipso
2902 1882 3061 1956 (Epit.
3086 1884 3166 1954 ιι).
3190 1883 3257 1937 Et
3282 1885 3405 1954 quia
3437 1885 3538 1956 ipsi

251 1972 378 2030 sive
429 1974 721 2032 invisibiles
759 1977 1032 2034 inimicos.
1092 1978 1324 2035 Attende
1378 1981 1540 2035 etiam
1571 1981 1622 2035 in
1652 1981 1852 2038 auxilio

253 2068 456 2139 positis
483 2070 612 2139 quid
658 2070 865 2126 accidat
891 2090 902 2124 :
935 2071 1198 2142 lmpulsus
1219 2088 1357 2137 sum,
1388 2073 1576 2142 inquit,
1609 2082 1855 2129 versatus

255 2175 384 2215 sum
412 2168 472 2215 ut
491 2160 762 2226 caderem,
792 2169 848 2217 et
867 2160 1126 2216 Dominus
1151 2161 1387 2232 suscepit
1414 2177 1518 2216 mc.
1552 2161 1618 2216 Et
1636 2162 1856 2231 subjun-

255 2261 356 2319 gat
380 2251 426 2306 si
456 2259 638 2323 potest
669 2269 681 2305 :
713 2249 992 2306 Fortitudo
1041 2266 1159 2306 mea
1200 2259 1257 2306 et
1301 2251 1418 2306 laus
1469 2266 1586 2306 mea
1641 2251 1858 2306 libertas

256 2343 493 2413 arbitrii,
526 2353 582 2400 et
611 2345 724 2416 ipsa
755 2342 892 2400 facta
924 2352 1006 2398 est
1029 2343 1158 2398 mihi
1184 2343 1237 2398 in
1266 2343 1515 2398 salutem.
1544 2341 1657 2398 Hoc
1685 2343 1730 2397 si
1751 2359 1857 2399 non

257 2443 447 2506 potest
474 2435 677 2500 dicere,
708 2435 873 2490 immo
901 2434 1025 2504 quia
1053 2450 1161 2490 non
1191 2443 1371 2506 potest
1394 2433 1538 2504 iuste
1565 2434 1762 2501 dicere,
1785 2433 1861 2490 di-

261 2535 360 2583 cat
409 2543 468 2582 se
497 2543 529 2581 a
558 2527 788 2582 Domino
843 2527 1081 2599 suscipi,
1123 2536 1192 2584 et-
1230 2527 1595 2584 fortitudinem
1643 2543 1858 2583 omnem

267 2619 489 2675 auxiliis
509 2618 702 2675 divinis
740 2621 986 2676 ascribat.
1019 2619 1152 2690 Eius
1174 2621 1318 2676 enim
1345 2619 1564 2676 dextera
1594 2618 1718 2674 fecit
1751 2619 1858 2674 vir-

269 2719 467 2777 tutem,
499 2711 544 2765 si
573 2725 732 2780 quam
756 2711 808 2764 in
837 2711 992 2767 nobis
1012 2711 1288 2767 habemus.
1314 2709 1448 2781 Eius
1470 2709 1689 2766 dextera
1719 2709 1861 2765 exal-

266 2809 350 2857 tat
380 2818 482 2857 nos
504 2817 571 2857 ex
594 2801 800 2858 inferno
833 2802 1102 2859 inferiore.
1132 2802 1250 2875 Ipse
1279 2803 1422 2859 enim
1452 2802 1580 2858 facit
1626 2811 1684 2857 ut
1713 2803 1859 2858 viva-

266 2909 410 2960 mus,
441 2902 497 2949 et
524 2910 632 2949 non
653 2895 968 2959 moriamur,
997 2903 1057 2950 ut
1086 2911 1364 2952 narremus
1385 2911 1550 2966 opera
1574 2893 1709 2965 eius.
1742 2893 1861 2966 ipse

267 2987 540 3056 castigans
567 2987 796 3056 castigat
823 3003 922 3042 nos
971 2989 1026 3042 in
1053 2987 1444 3051 misericordia,
1475 2995 1530 3042 et
1555 2985 1714 3041 lnorti
1754 3000 1862 3039 non

268 3077 449 3134 tradet
497 3093 614 3133 nos.
641 3076 793 3134 Nunc
823 3077 962 3134 forte
991 3078 1174 3133 audiat
1218 3093 1307 3134 me
1336 3075 1864 3148 praedestinationem

269 3169 492 3234 docens,
523 3177 578 3224 et
606 3169 885 3224 arbitrium
924 3169 1200 3224 hominum
1254 3167 1566 3236 infringens,
1599 3173 1750 3237 putet
1779 3179 1866 3219 me

1956 1977 2010 2032 in
2026 1993 2134 2033 uno
2153 1977 2360 2048 pariete
2379 1985 2524 2032 stare
2546 1976 2820 2041 volebant,
2845 1975 3268 2047 reprobaverunt
3288 1975 3538 2046 lapidem,

1956 2069 2050 2140 qui
2077 2084 2187 2124 non
2235 2077 2352 2124 erat
2396 2077 2554 2140 aptus
2583 2069 2650 2124 ad
2696 2086 2879 2137 unum,
2923 2068 3018 2124 sed
3045 2068 3110 2123 ad
3140 2068 3293 2123 duos.
3343 2067 3544 2124 Videtis

1959 2158 2102 2215 Deus
2128 2160 2382 2229 iniustam
2410 2161 2848 2231 reprobationem
2894 2161 3200 2226 hominum,
3243 2161 3355 2232 ipse
3400 2161 3543 2230 quod

1958 2251 2285 2322 probaverat
2331 2251 2434 2309 illis
2461 2251 2769 2308 nolentibus
2815 2252 3103 2319 ordinavit,
3134 2261 3189 2308 et
3234 2252 3374 2308 hunc
3405 2252 3541 2323 lapi-

1959 2341 2085 2396 dem
2116 2341 2231 2412 ipse
2251 2356 2348 2411 per
2368 2357 2427 2397 se
2447 2342 2627 2413 posuit
2655 2341 2708 2396 in
2736 2342 2912 2413 capite
2934 2342 3132 2412 anguli,
3166 2350 3222 2397 ut
3241 2358 3308 2397 ex
3336 2341 3546 2397 duobus

1960 2433 2319 2498 testamentis,
2339 2440 2393 2489 et
2414 2448 2482 2488 ex
2501 2433 2711 2489 duobus
2739 2433 2951 2505 populis
2969 2432 3250 2489 :ediﬁcatio
3274 2441 3540 2503 surgeret,

1959 2539 2123 2594 quam
2170 2524 2428 2580 increduli
2474 2525 2858 2595 relinquentes,
2903 2542 2934 2581 a
2983 2525 3360 2582 Deoderelicti
3391 2534 3536 2581 sunt.

1959 2613 2255 2672 Credentes
2282 2625 2462 2672 autem
2491 2616 2919 2690 superzediﬁcant
2946 2634 3106 2690 supra
3139 2618 3542 2674 fundamentum

1958 2707 2084 2774 hoc,
2115 2707 2261 2778 quod
2308 2723 2375 2764 ex
2403 2709 2644 2779 angulari
2693 2709 2870 2780 lapide
2895 2710 2949 2765 in
2977 2711 3154 2781 capite
3199 2710 3376 2779 anguli
3403 2710 3546 2780 posi~

1959 2809 2095 2868 tum,
2126 2809 2352 2870 utraque
2381 2803 2702 2871 constringit
2721 2809 2777 2856 et
2813 2803 3073 2868 continet,
3105 2810 3160 2856 et
3189 2803 3361 2872 ipsum
3408 2801 3544 2870 lapi-

1961 2894 2086 2948 dem
2115 2893 2415 2949 mirabilem
2456 2894 2509 2949 in
2557 2893 2670 2948 suis
2711 2893 2883 2950 oculis
2925 2894 3184 2949 habentes
3227 2893 3549 2949 conﬁtentur

1961 2983 2110 3039 hunc
2155 2998 2275 3039 esse
2302 2983 2466 3050 diem,
2496 2985 2582 3040 cui
2605 2999 2713 3039 non
2760 2984 2999 3040 succedit
3037 3001 3164 3051 nox,
3192 2999 3352 3055 quem
3403 2985 3549 3040 horai
3585 2997 3594 3004 '

1965 3091 2076 3131 non
2104 3075 2367 3142 dividunt,
2396 3091 2560 3146 quem
2588 3077 2775 3133 umbra
2806 3093 2912 3133 non
2943 3079 3186 3150 impedit.
3210 3077 3549 3134 Exsultemus

1967 3180 2098 3236 ergo
2127 3174 2182 3222 et
2210 3165 2454 3222 laetemur
2474 3167 2527 3222 in
2548 3182 2635 3232 eo,
2663 3167 2788 3238 quia
2811 3168 3063 3224 alumine
3083 3183 3212 3224 vero
3235 3177 3448 3225 nostras
3469 3176 3548 3224 tc—

270 3260 579 3316 libertatem
606 3260 813 3316 arbitrii
842 3260 916 3315 ita
945 3259 1253 3326 excludere,
1285 3267 1344 3313 ut
1367 3265 1650 3330 peccantes
1677 3256 1862 3312 existi-
1889 3250 1935 3316 C
1969 3258 2163 3314 nebras
2190 3258 2470 3328 fugaturus
2518 3259 2725 3327 illuxit;
2755 3259 3064 3316 Benedictus
3093 3263 3178 3334 qui
3206 3263 3343 3316 venit
3371 3263 3424 3316 in
3456 3277 3550 3315 no-

271 3369 416 3410 mem
440 3352 538 3409 Dei
568 3353 871 3422 abiectione
897 3367 1141 3424 peccare.
1185 3350 1339 3419 Quod
1363 3365 1666 3431 peccamus,
1694 3349 1861 3406 nostri

179 3517 182 3520 .
273 3446 484 3501 arbitrii
509 3445 810 3512 docebitur,
838 3443 982 3515 quod
1009 3443 1404 3500 contemnimus
1449 3443 1694 3512 gratiam.
1727 3439 1862 3496 Vide

273 3546 475 3608 quanta
504 3537 726 3592 libertas
769 3545 854 3592 est
895 3534 1102 3592 arbitrii
1129 3535 1226 3602 tui,
1251 3540 1480 3603 negetur
1506 3549 1536 3588 a
1567 3547 1724 3588 servo
1752 3531 1862 3587 Do-

275 3629 474 3696 minus,
507 3637 566 3683 ut
593 3627 737 3685 dicat
767 3629 930 3684 homo
957 3626 1072 3683 Deo
1103 3644 1116 3680 :
1148 3625 1283 3682 Nolo
1313 3625 1406 3680 tibi
1435 3623 1676 3689 credere,
1704 3630 1760 3678 et
1786 3620 1866 3675 fa-

277 3721 390 3776 ciat
409 3720 512 3775 sibi
535 3720 788 3792 templum
811 3719 901 3774 ubi
927 3718 1125 3774 idolum
1146 3718 1306 3783 colat,
1327 3725 1420 3772 aut
1438 3727 1760 3788 synagogam
1775 3711 1866 3766 ubi

281 3829 437 3870 suum
458 3813 686 3882 abneget
706 3811 1064 3868 Salvatorem.
1088 3808 1225 3876 Quid
1245 3823 1374 3878 ergo
1396 3807 1594 3862 malum
1623 3805 1864 3870 facimus,

282 3904 699 3976 perlibertatem
729 3903 1070 3968 incurrimus,
1099 3901 1223 3970 quia
1264 3915 1372 3954 non
1408 3898 1654 3967 dignatur
1682 3896 1868 3951 Domi-

288 4012 388 4051 nus
405 3994 581 4064 iustus
602 4003 789 4049 coacta
811 3994 1047 4049 servitia.
1073 3991 1132 4047 Si
1162 4008 1289 4047 vero
1307 3990 1506 4060 aliquid
1533 3991 1659 4045 boni
1689 3989 1873 4045 feceri-

289 4099 428 4151 mus,
478 4083 858 4154 imputabimus
899 4083 1175 4152 largitori,
1213 4084 1304 4152 qui
1332 4081 1474 4136 bona
1511 4081 1689 4136 omnia
1719 4079 1786 4135 ad
1813 4096 1874 4137 se

287 4173 718 4242 confugientibus
738 4179 972 4244 praestat,
997 4171 1289 4227 secundum
1314 4169 1442 4226 illud
1463 4170 1605 4240 quod
1635 4170 1749 4241 ipse
1787 4170 1870 4226 di-

283 4271 482 4333 gnatus
509 4269 592 4317 est
630 4261 1008 4334 repromittere
1037 4278 1050 4314 :
1087 4259 1271 4314 Omnis
1309 4261 1395 4332 qui
1421 4261 1547 4330 petit
1587 4261 1793 4329 accipit,
1824 4269 1874 4316 et

282 4355 369 4424 qui
424 4355 610 4422 quaerit
662 4353 877 4416 invenit,
903 4360 952 4403 et
978 4351 1212 4423 pulsanti
1257 4352 1522 4421 aperietur
1570 4349 1732 4421 (Luc.
1758 4353 1868 4422 xl).

284 4444 565 4500 Pulsemus
591 4457 741 4512 ergo,
771 4451 827 4498 et
851 4458 972 4499 cum
998 4441 1260 4513 propheta
1295 4443 1348 4496 in
1378 4442 1482 4497 isto
1509 4443 1716 4512 psalmo
1745 4458 1874 4499 can-

286 4549 462 4596 temus
487 4558 499 4594 :
530 4540 747 4610 Aperite
769 4539 898 4594 mihi
927 4546 1112 4610 portas
1133 4535 1371 4606 iustitiae,
1405 4544 1459 4592 et
1480 4537 1752 4606 ingressus
1779 4551 1873 4592 eas

285 4633 584 4689 conﬁtebor
621 4632 869 4687 Domino.
919 4630 1044 4687 Haec
1085 4644 1184 4685 nos
1216 4629 1510 4684 clamamus
1537 4628 1871 4684 adminiculis
1898 4627 1952 4691 D

289 4725 610 4794 auxiliisque
638 4723 853 4788 divinis,
891 4721 1034 4778 unde
1056 4721 1212 4776 nobis
1239 4737 1344 4776 vox
1385 4721 1754 4790 responsionis
1779 4735 1874 4776 eo-
1965 4729 1974 4736 “

289 4832 409 4872 rum
439 4815 649 4870 videtur
699 4814 870 4869 audiri
897 4832 910 4868 :
943 4811 1069 4868 Hmc
1115 4820 1270 4882 porta
1324 4826 1484 4882 quam
1513 4812 1737 4882 pulsatis
1763 4827 1872 4865 non

290 4915 378 4964 est
404 4906 607 4962 homini
634 4905 882 4961 libertate
901 4919 1178 4969 concessa,
1202 4903 1297 4958 sed
1319 4911 1402 4959 est
1425 4906 1476 4958 in
1503 4904 1711 4958 Domini
1732 4903 1877 4957 auxi-

292 4997 367 5053 lio
395 4998 709 5064 constituta,
741 5005 795 5051 et
824 4997 922 5052 soli
957 4997 1086 5065 iusti
1115 4996 1415 5051 introibunt
1441 5011 1539 5066 per
1559 5011 1698 5050 eam.
1731 4993 1876 5049 Con-

291 5089 538 5142 llteamur
566 5101 693 5155 ergo
717 5085 967 5150 Domino,
995 5085 1248 5155 quoniam
1285 5086 1399 5156 ipse
1428 5084 1645 5139 exaudit
1674 5098 1792 5148 nos,
1824 5090 1880 5138 et

294 5178 410 5248 ipse
440 5177 594 5232 nobis
639 5176 867 5231 efﬁcitur
904 5175 957 5230 in
1005 5174 1254 5229 salutem.
1287 5174 1578 5229 veniamus
1630 5188 1770 5228 nunc
1813 5173 1881 5227 ad

294 5268 528 5338 lapidem
577 5283 736 5339 quem
780 5267 1206 5338 reprobaverunt
1251 5265 1592 5321 wdiﬁcantes.
1625 5265 1721 5320 llic
1747 5265 1883 5338 lapis

295 5357 492 5424 legitur
519 5360 572 5414 in
606 5358 821 5413 Daniele
869 5358 1072 5412 excisus
1115 5359 1229 5412 sine
1257 5357 1491 5411 manibus
1523 5355 1686 5429 (Dan.
1720 5359 1798 5429 ll),
1830 5357 1882 5412 id
1923 5408 1925 5410 .

298 5457 403 5513 est,
435 5450 550 5504 sine
577 5464 741 5520 opera
795 5448 896 5501 viri
926 5457 1083 5502 natus
1123 5463 1190 5501 ex
1247 5447 1482 5515 Virgine.
1536 5446 1881 5504 [Ediﬁcantes

298 5547 456 5594 erant
475 5537 642 5593 Judzci
666 5537 765 5592 soli
792 5551 953 5607 super
983 5537 1286 5591 universam
1332 5536 1520 5592 faciem
1551 5546 1726 5592 terrm.
1751 5537 1879 5592 Om»

301 5645 401 5685 nes
431 5631 572 5684 enim
602 5636 789 5698 gentes
827 5628 880 5681 in
906 5627 1271 5682 destructione
1299 5627 1560 5682 idolorum
1603 5628 1883 5683 moraban-

301 5729 412 5787 tur,
430 5719 530 5776 soli
554 5718 720 5774 iudaii
749 5717 848 5773 sub
877 5716 1234 5786 omnipotenti
1273 5725 1328 5771 et
1344 5730 1482 5772 vero
1512 5717 1624 5772 Deo
1651 5718 1880 5772 aediﬁca-

303 5809 508 5869 tionem
539 5809 671 5877 legis
698 5815 752 5862 et
775 5805 1068 5878 prophetiae
1097 5805 1417 5870 tractabant,
1442 5806 1635 5875 quibus
1663 5806 1737 5891 ab
1775 5809 1883 5863 ori-

1963 3351 2102 3406 mine
2133 3349 2342 3405 Domini
2365 3349 2513 3423 (Luc.
2547 3352 2684 3421 xm).
2708 3350 2988 3407 Benedixit
3015 3368 3116 3408 nos
3145 3353 3198 3407 in
3235 3351 3397 3407 domo
3429 3350 3540 3407 Do-

1962 3441 2117 3506 mini,
2149 3441 2292 3498 Deus
2320 3439 2585 3497 Dominus
2618 3451 2675 3497 et
2703 3442 2878 3498 illuxit
2905 3443 3079 3498 nobis.
3113 3441 3222 3498 Nos
3245 3455 3377 3509 ergo
3415 3458 3549 3497 con-

1963 3533 2246 3589 stituamus
2273 3533 2417 3588 diem
2447 3532 2794 3597 dominicam,
2836 3533 2890 3588 in
2931 3532 3553 3602 confrequentationihus

1965 3638 2135 3694 usque
2177 3624 2244 3680 ad
2272 3639 2473 3680 cornua
2520 3624 2726 3680 altaris.
2776 3623 2834 3678 ln
2859 3639 2965 3695 qua
2995 3624 3083 3681 die
3111 3624 3352 3681 dicamus
3398 3624 3546 3682 Deo:

1967 3711 2110 3768 Deus
2155 3728 2309 3768 meus
2345 3727 2405 3769 es
2429 3721 2509 3780 tu,
2541 3722 2597 3769 et
2641 3711 2944 3770 conﬁtebor
2967 3715 3097 3781 tibi;
3128 3713 3271 3771 Deus
3298 3730 3451 3771 meus
3495 3731 3554 3772 es

1968 3811 2050 3869 tu,
2074 3812 2130 3858 et
2166 3804 2416 3860 exaltabb
2445 3812 2519 3860 te.
2547 3804 2862 3861 Conﬁtebor
2902 3821 3122 3875 gemens
3151 3813 3372 3877 peccata
3412 3821 3554 3872 mea,

1970 3893 2250 3949 exsultabo
2276 3893 2514 3962 gaudens
2555 3894 2883 3963 indulgentia
2912 3905 3023 3950 tua.
3057 3895 3148 3951 Sic
3194 3897 3427 3964 denique
3470 3910 3556 3951 se-

1972 3986 2154 4055 quitur
2183 4005 2196 4038 :
2229 3985 2561 4054 Conﬁtebor,
2592 3988 2717 4057 quia
2744 3988 3005 4043 exaudisti
3037 4004 3150 4056 me,
3183 3997 3238 4045 et
3279 3987 3450 4045 factus
3495 4006 3554 4046 es

1972 4078 2102 4134 mihi
2154 4078 2208 4134 in
2260 4078 2508 4135 salutem.
2560 4078 2626 4134 Et
2654 4067 2805 4150 quasi
2834 4080 2925 4150 qui
2968 4080 3178 4136 sodales
3203 4081 3464 4146 hortetur,
3498 4091 3558 4138 ut

1972 4169 2113 4225 sicut
2140 4170 2242 4242 ipsi
2283 4169 2546 4226 indultum
2589 4179 2674 4226 est
2700 4169 3000 4235 conﬁtenti,
3032 4179 3087 4226 et
3113 4171 3217 4226 illis
3245 4171 3555 4227 conﬁtenti-

1973 4262 2072 4317 bus
2100 4262 2398 4317 dimittatur
2429 4280 2442 4316 :
2474 4261 2542 4318 Et
2568 4277 2687 4326 vos,
2720 4263 2912 4333 inquit,
2942 4261 3271 4319 conlltemini
3307 4262 3553 4330 Domino,

1973 4355 2226 4424 quoniam
2270 4355 2462 4420 bonus,
2494 4355 2748 4425 quoniam
2789 4355 2839 4408 in
2891 4355 3146 4411 seculum
3190 4355 3556 4412 misericordia

1974 4443 2108 4512 eius,
2138 4444 2229 4514 qui
2260 4451 2446 4514 regnat
2474 4443 2526 4498 in
2554 4442 2748 4499 smcula
2775 4444 3112 4500 saeculorum.
3145 4445 3335 4501 Amen.

2278 4565 2593 4634 PSALMUS
2620 4576 2826 4635 CXVIII
2853 4580 3007 4651 (vers.
3035 4578 3253 4650 1-48).

2639 4690 2884 4746 Alleluia.

2049 4804 2194 4858 Beati
2235 4802 2553 4858 immaculati
2594 4803 2652 4856 in
2679 4804 2782 4868 via,
2813 4803 2898 4872 qui
2928 4801 3195 4854 ambulant
3221 4802 3276 4855 in
3307 4801 3417 4874 lege
3446 4799 3554 4858 Da-

1975 4897 2123 4950 mini.
2181 4895 2330 4949 Beati
2370 4897 2453 4966 qui
2493 4902 2797 4948 scrutantur
2836 4893 3125 4945 testimonia
3171 4891 3303 4962 ejus,
3353 4894 3408 4947 in
3453 4903 3558 4949 toto

1978 4987 2132 5041 corde
2150 4987 2428 5056 exquirunt
2457 5002 2594 5039 eum.
2624 4982 2747 5038 Non
2777 4985 2912 5038 enim
2949 4985 3036 5055 qui
3063 4994 3342 5056 aperantur
3367 4985 3560 5055 iniqui-

1982 5088 2137 5132 tatem
2163 5081 2220 5132 in
2271 5079 2364 5132 viis
2394 5077 2504 5147 ejus
2552 5075 2960 5132 ambulaverunt.
3014 5077 3087 5132 Tu
3115 5080 3377 5134 mandasti
3404 5095 3559 5134 man-

1983 5170 2106 5222 data
2129 5177 2216 5222 tua
2247 5169 2490 5222 custodiri
2520 5170 2695 5223 nimis.
2731 5167 2944 5224 Utinam
2986 5169 3281 5242 dirigantur
3308 5169 3404 5221 via:
3430 5181 3560 5220 mete

1982 5261 2052 5314 ad
2079 5259 2442 5315 custodiendas
2459 5260 2864 5331 iustiﬁcationes
2887 5270 3019 5314 tuas.
3045 5260 3188 5314 Tunc
3207 5274 3311 5312 non
3340 5257 3559 5324 confun-

1984 5351 2082 5405 dar
2106 5367 2221 5404 cum
2247 5366 2562 5421 perspexero
2589 5352 2643 5404 in
2669 5350 2905 5405 omnibus
2935 5349 3195 5401 mandatis
3233 5346 3352 5398 tuis.
3379 5341 3558 5413 Conﬁ-

1983 5445 2126 5498 tebor
2149 5443 2240 5497 tibi
2268 5444 2321 5497 in
2344 5443 2627 5498 directione
2661 5444 2852 5506 cordis,
2882 5443 2936 5494 in
2967 5457 3028 5494 eo
3057 5439 3192 5509 quod
3231 5436 3387 5490 didici
3413 5435 3559 5506 judi-

1980 5538 2065 5591 cia
2103 5535 2325 5610 justitia:
2353 5543 2471 5589 tum.
2499 5533 2911 5604 lusti/icationes
2965 5538 3082 5580 tuas
3119 5526 3426 5593 custodiam,
3456 5545 3560 5585 non

1981 5645 2063 5682 me
2085 5629 2414 5698 derelinquas
2441 5637 2818 5694 usquequaque.

1978 5747 1980 5750 τ
2056 5716 2121 5770 In
2147 5734 2244 5787 quo
2266 5714 2482 5784 corrigit
2514 5708 2892 5765 adolescentior
2917 5707 3049 5760 riam
3080 5708 3264 5763 suam?
3287 5709 3342 5764 in
3386 5720 3560 5768 custo-

1983 5808 2174 5862 diendo
2201 5821 2461 5861 sermones
2491 5813 2621 5856 tuos.
2659 5801 2721 5856 In
2755 5809 2859 5855 toto
2885 5800 3036 5854 corde
3059 5819 3172 5858 meo
3197 5805 3448 5878 exquisivi
3486 5814 3558 5868 te,
