4088 6346
574 342 679 404 507

1900 333 2169 395 ARNOBII
2205 332 2503 396 JUNIORIS
2550 352 2559 358 ‘

3740 339 3851 401 508

581 472 644 509 ne
666 452 884 525 repellas
904 467 982 505 me
1004 467 1035 504 α
1059 449 1318 505 mandatis
1349 451 1466 503 tuis.
1496 448 1561 503 In
1589 449 1742 505 corde
1765 466 1879 505 meo
1900 449 2149 506 abscondi
2179 448 2230 511 Δ
2255 452 2380 523 quia
2399 452 2834 525 obtemperantes
2853 467 2947 525 per
2969 454 3149 523 omnia
3166 455 3257 521 ;in
3277 453 3382 523 via,
3397 455 3525 527 quia
3546 455 3602 511 in
3627 455 3850 512 Christo

580 547 780 617 eloquia
828 554 932 610 tua,
962 553 1018 596 ut
1046 560 1148 597 non
1190 547 1393 615 pecCem
1420 540 1529 598 tibi.
1581 536 1886 597 Benedictus
1934 561 1986 598 es
2009 585 2025 610 ,
2056 541 2159 598 Do-

578 639 734 704 mine,
765 636 891 691 doce
920 639 1000 691 ine
1020 632 1423 707 iustiﬁcationes
1456 644 1593 689 tuas.
1619 632 1684 689 In
1713 626 1866 690 labiis
1887 637 2015 690 meis
2041 651 2159 708 pro-

578 729 813 782 nuntiavi
837 728 1012 798 omnia
1039 724 1246 800 judicia
1273 727 1393 783 oris.
1411 727 1501 782 tui.
1534 724 1600 781 In
1638 728 1719 782 uia
1749 729 2157 784 testimoniorum

580 826 783 875 tuorum
828 819 1114 874 delectatus
1142 835 1256 875 sum
1302 819 1435 874 sicut
1475 819 1530 873 in
1581 819 1817 875 omnibus
1843 819 2052 885 divitiis.
2088 817 2156 875 In

577 910 837 967 mandatis
868 911 967 965 tuis
992 908 1284 979 exercebar,
1322 919 1373 967 et
1399 908 1738 966 considerabo
1765 913 1874 966 vias
1904 921 2041 966 tuas.
2088 909 2156 967 In

575 1002 1033 1078 jus’tiﬁcationibus
1054 1006 1155 1060 tuis
1176 1003 1483 1074 meditabor,
1513 1022 1615 1062 non
1655 1006 1930 1064 obliviscar
1950 1024 2155 1067 sermo-

568 1082 667 1153 nes
703 1105 837 1153 tuos.

649 1188 895 1246 Retribue
935 1206 1081 1247 seruo
1125 1199 1232 1259 tuo,
1269 1190 1471 1264 viviﬁca
1496 1208 1607 1271 me,
1648 1200 1699 1247 et
1726 1196 2013 1251 custodiam
2038 1213 2156 1252 ser-

577 1300 754 1340 mones
786 1292 918 1341 tuos.
954 1282 1144 1339 Revela
1166 1284 1339 1340 oculos
1367 1302 1528 1353 meos,
1551 1293 1600 1339 et
1626 1284 1960 1343 considerabo
1988 1289 2155 1347 mira-

579 1375 701 1433 bilia
723 1376 787 1431 de
806 1376 920 1448 lege
946 1383 1052 1430 tua.
1074 1373 1259 1430 lncota
1286 1392 1379 1449 ego
1407 1393 1520 1431 sum
1548 1394 1602 1431 in
1624 1385 1782 1442 terra,
1809 1394 1913 1434 non
1934 1382 2155 1436 abscon-

578 1470 673 1524 das
694 1486 726 1523 a
755 1486 836 1524 me
861 1469 1113 1524 mandata
1141 1480 1249 1524 tua.
1279 1466 1577 1543 Concupivit
1598 1473 1777 1526 anima
1803 1489 1921 1528 mea
1948 1474 2155 1532 deside-

579 1580 697 1619 rare
717 1562 1115 1637 justiﬁcationes
1164 1573 1278 1617 tuas
1306 1563 1359 1617 in
1387 1564 1531 1619 omni
1566 1572 1816 1637 tempore.
1864 1552 2158 1637 Increpasti

572 1655 843 1724 superbos,
865 1653 1125 1711 maledicti
1153 1655 1240 1724 qui
1267 1653 1539 1710 declinant
1554 1672 1585 1710 a
1608 1656 1872 1714 mandatis
1899 1660 2019 1716 tuis.
2047 1659 2156 1715 Au.-

579 1746 659 1817 [εν
682 1762 714 1799 α
758 1762 840 1800 me
862 1742 1190 1818 opprobrium
1219 1757 1267 1801 et
1294 1755 1659 1820 contemptum,
1696 1750 1817 1821 quia
1860 1752 2156 1819 testimonia

2260 554 2404 613 sunt,
2431 543 2796 617 ambulabunt,
2821 547 2948 617 quia
2980 536 3031 601 in
3062 554 3175 602 toto
3197 544 3329 602 orbe
3358 554 3627 603 terrarum
3655 561 3849 603 eorum

2258 638 2495 694 ambulat
2539 647 2725 695 sancta
2764 637 3009 695 doctrina
3033 680 3048 708 ,
3088 653 3209 710 quae
3235 646 3320 696 est
3357 638 3413 693 in
3459 638 3578 709 lege
3606 626 3846 694 Domini.

2259 729 2469 789 Primus
2495 729 2840 788 beatitudinis
2866 729 3061 802 gradus
3080 731 3139 785 in
3163 730 3421 803 apostolis
3439 739 3847 798 consummatus

2259 831 2374 889 est;
2416 822 2682 879 secundus
2726 821 2881 879 nobis
2919 830 3003 878 est
3030 829 3354 879 reservatus.
3402 816 3554 878 Sicut
3595 810 3740 876 enim
3787 822 3850 878 in

2256 916 2432 988 primo
2460 914 2688 988 psalmo,
2719 910 2911 970 Beatus
2939 924 3021 972 est
3047 917 3136 989 qui
3161 915 3217 970 in
3243 914 3356 989 lege
3385 914 3602 969 Domini
3624 914 3849 970 audita-

2260 1002 2397 1063 bitur
2417 1007 2501 1062 die
2530 1024 2591 1062 ac
2611 1016 2777 1075 nocte,
2808 1006 3075 1076 legentem
3101 996 3847 1077 noluit'negligentemgNam

2257 1099 2350 1171 qui
2377 1099 2540 1169 legit,
2583 1099 2625 1155 si
2657 1098 2860 1155 nesciat
2886 1097 3015 1170 quid
3042 1100 3203 1171 legat,
3238 1086 3491 1169 negliget.
3523 1095 3668 1154 Deus
3697 1099 3847 1153 enim

2257 1191 2383 1247 sciri
2412 1190 2527 1246 vult
2553 1192 2731 1247 omnia
2756 1205 2973 1247 suarum
2997 1191 3246 1263 mysteria
3273 1178 3592 1246 litterarum.
3620 1189 3687 1244 Et
3706 1189 3850 1245 sicut

2258 1283 2403 1354 quod
2430 1282 2689 1354 scriptum
2719 1297 2825 1337 non
2853 1281 3129 1350 invenies,
3160 1284 3207 1338 si
3235 1298 3444 1355 quieras
3472 1282 3737 1350 incurris;
3767 1282 3851 1338 sic

2258 1362 2402 1445 quod
2431 1374 2687 1444 scriptum
2716 1380 2819 1441 est,
2848 1373 2895 1430 si
2916 1389 3031 1429 non
3059 1374 3321 1443 inquiras,
3352 1374 3611 1444 argueris.
3643 1371 3849 1429 Beatus

2184 1462 2191 1472 ’
2259 1467 2401 1523 enim
2422 1466 2689 1540 perfectus
2714 1481 2833 1523 esse
2861 1482 2967 1522 non
2996 1467 3225 1539 poteris,
3255 1467 3361 1522 nisi
3382 1474 3654 1523 scrutatus
3681 1464 3848 1522 fueris

2259 1559 2563 1615 testimonia
2584 1558 2719 1629 ejus,
2735 1568 2790 1615 et
2809 1559 2867 1617 in
2883 1567 3003 1615 toto
3030 1559 3194 1615 corde
3211 1558 3491 1628 exquirunt
3520 1551 3615 1630 [1⁷.
3630 1557 3733 1629 leg.
3754 1572 3849 1612 ex-

2257 1648 2461 1723 quiras]
2477 1666 2618 1707 eum.
2636 1650 2754 1708 Non
2773 1651 2916 1707 enim
2927 1650 3238 1715 militantes,
3255 1650 3613 1721 negotiantes,
3627 1658 3848 1705 terrena

2258 1743 2574 1813 cogitantes,
2592 1743 2675 1799 bis
2694 1740 2881 1800 studiis
2894 1744 3146 1816 occupari
3162 1751 3404 1815 possunt,
3422 1757 3532 1797 non
3553 1741 3635 1797 eis
3654 1749 3846 1810 vacat;

579 1845 667 1890 tua
699 1837 965 1908 exquisivi.
996 1832 1205 1907 Etenim
1233 1838 1477 1893 sederunt
1508 1842 1788 1911 principes,
1812 1851 1861 1901 et
1881 1842 2152 1901 adversum
2182 1821 2236 1891 Β
2259 1834 2514 1891 ωυηᾱιυιι
2541 1836 2867 1904 custodiunt,
2891 1836 3007 1907 ejus
3035 1843 3175 1891 totas
3196 1842 3374 1908 partes
3400 1842 3588 1904 agunt.
3605 1822 3689 1889 Tu
3715 1833 3848 1904 quid

577 1943 660 1982 me
679 1926 1035 2000 loquebantur,
1058 1946 1232 1984 servus
1262 1940 1434 1987 autem
1465 1941 1577 1985 tuus
1605 1930 1940 1991 exercebatur
1967 1923 2022 1991 in
2042 1936 2154 2008 jus-

578 2021 945 2093 tiﬂcationibus
994 2025 1114 2078 tuis.
1157 2022 1298 2080 Nam
1338 2035 1388 2080 et
1421 2028 1717 2083 testimonia
1762 2038 1853 2085 tua
1886 2030 2155 2089 meditatio

576 2130 691 2168 mea
717 2124 815 2181 est,
842 2124 893 2169 et
919 2116 1192 2171 consilium
1210 2134 1377 2173 meum
1389 2118 1793 2189 justiﬁcationes
1816 2129 1938 2177 tua.

646 2207 878 2264 Adhaesit
916 2209 1206 2281 pavimento
1243 2212 1421 2267 anima
1458 2228 1602 2278 mea,
1632 2213 1835 2284 uiviﬁca
1856 2230 1946 2270 me
1971 2229 2155 2269 secun-

575 2299 698 2355 dum
725 2297 930 2355 uerbum
969 2308 1133 2357 tuum.
1185 2299 1311 2357 Vias
1340 2318 1479 2359 meas
1514 2305 1774 2359 enuntiari
1810 2312 1860 2358 et
1894 2304 2155 2360 exaudiui

576 2408 677 2457 me,
704 2392 828 2447 doce
852 2409 934 2447 me
954 2393 1355 2464 justiﬁcationes
1378 2403 1510 2448 tuas.
1555 2392 1700 2453 Viam
1721 2394 2155 2465 iustiﬁcatiouum

579 2490 780 2538 tuarum
819 2484 1016 2538 instrue
1051 2500 1160 2550 me,
1203 2494 1251 2538 et
1288 2483 1559 2541 mrcebor
1586 2487 1640 2541 in
1677 2485 1997 2542 mirabilibus
2026 2489 2148 2543 tuis.

578 2574 889 2631 Dormitauit
933 2579 1109 2637 anima
1156 2594 1269 2634 mea
1297 2594 1407 2650 pra:
1453 2578 1608 2635 ttedio
1631 2619 1651 2645 ,
1695 2580 1947 2651 conﬁrma
1983 2596 2062 2639 me
2097 2581 2154 2635 iu

576 2669 739 2725 verbis
770 2671 890 2727 tuis.
932 2658 1082 2729 Viam
1116 2672 1407 2743 iniquitatis
1434 2687 1609 2729 amove
1652 2689 1685 2727 a
1712 2688 1825 2736 me,
1863 2681 1913 2729 et
1946 2672 2009 2727 de
2041 2674 2154 2749 lege

577 2771 668 2818 tua
686 2764 925 2821 miserere
945 2765 1064 2820 mei.
1106 2764 1255 2823 Viam
1278 2765 1505 2822 ueritatis
1528 2765 1680 2838 elegi,
1702 2766 1905 2839 judicia
1932 2775 2021 2820 tua
2050 2783 2154 2821 una

558 2873 689 2917 ,sum
710 2857 917 2913 oblitus.
947 2844 1157 2915 Δάιπωοὶ
1184 2858 1491 2915 testimoniis
1512 2859 1633 2925 tuis,
1663 2856 1905 2925 Domine,
1934 2858 2043 2914 noli
2068 2874 2153 2915 me

574 2950 905 3021 confundere.
949 2949 1098 3006 Viam
1126 2950 1491 3009 mandatorum
1529 2958 1737 3008 tuorum
1773 2952 2011 3019 cucurri,
2035 2966 2152 3007 cum

572 3039 808 3097 dilatasti
829 3056 917 3095 cor
944 3057 1133 3096 meum.

647 3129 830 3202 Legem
873 3148 1006 3202 pone
1047 3131 1209 3199 mihi,
1251 3129 1508 3200 Domine,
1546 3132 1683 3189 viam
1711 3132 2150 3205 ,ἐπειψαὶοω

474 3240 479 3241 ν
573 3197 797 3287 tuarum,
819 3197 1161 3295 et'exquiram
1561 3224 1647 3280 Da
1810 3197 2147 3296 intellectum,
2174 3197 2237 3267 ci

571 3324 621 3369 et
658 3313 928 3371 scrutabor
955 3316 1325 3395 legemltuam,
1363 3326 1416 3374 et
1455 3317 1745 3377 custodiant
1771 3318 1918 3379 illam
1948 3322 2014 3377 in
2040 3330 2149 3377 toto

556 3405 724 3475 corde
743 3423 873 3462 meo.
903 3406 1083 3463 Deduc
1102 3425 1183 3464 me
1201 3411 1257 3464 in
1274 3411 1509 3469 semitam
1531 3411 1898 3469 mandatorum
1923 3421 2147 3481 mortuis,

554 3500 690 3577 quia
718 3500 882 3570 ipsam
910 3501 1065 3557 volui.
1094 3500 1302 3559 lnclina
1330 3518 1421 3559 cor
1445 3520 1614 3575 sum
1639 3506 1697 3561 in
1723 3506 2019 3563 testimonia
2037 3516 2145 3575 tua,

570 3597 620 3642 et
635 3606 737 3643 non
756 3591 811 3645 in.
823 3591 1113 3647 avaritiam.
1130 3594 1315 3650 Averte
1328 3595 1503 3651 oculos
1522 3612 1763 3664 meos,“
1783 3596 1989 3652 uideant
2005 3599 2150 3655 sani-

572 3690 747 3747 tatem,
776 3684 831 3737 in
854 3684 935 3738 via
956 3692 1045 3738 tua
1063 3686 1264 3756 sicilico
1291 3701 1390 3742 me.
1416 3687 1600 3747 Statue
1617 3706 1761 3746 seruo
1783 3700 1871 3747 tuo
1889 3690 2146 3763 etapium

569 3780 741 3836 tuum,
763 3774 817 3827 in
847 3774 1030 3830 timore
1058 3784 1163 3831 tuo.
1196 3777 1425 3848 Amputa
1449 3778 1783 3850 opprobrium
1807 3797 1983 3836 mm
2009 3782 2147 3851 quod

567 3864 857 3935 suspicatus
881 3882 1014 3935 sum,
1042 3869 1164 3937 quia
1175 3868 1383 3939 judicia
1406 3880 1496 3925 tua
1507 3870 1765 3941 jucunda.
1798 3871 1933 3929 Ecce
1958 3889 2147 3931 me

566 3954 666 4024 pici
688 3956 936 4012 mandata
963 3967 1068 4026 tua,
1098 3960 1152 4015 in
1173 3962 1413 4029 equitate
1441 3969 1529 4017 tua
1550 3963 1750 4036 auriﬁcis
1769 3980 1869 4025 me.

547 4098 549 4101 ,
636 4040 705 4101 Et
733 4049 900 4103 ueniat
927 4065 1080 4120 super
1101 4060 1182 4105 me
1208 4052 1564 4111 misericordia
1593 4063 1700 4121 tua,
1728 4053 1969 4127 Domine,
1999 4056 2144 4112 salu,

565 4144 678 4192 tare
699 4147 839 4193 tuum
858 4128 1139 4216 secundum
1154 4142 1410 4213 eloquium
1432 4153 1595 4201 tuum.
1625 4143 1695 4201 Et
1714 4147 2030 4218 respondebo
2050 4164 2143 4203 esa-

564 4224 925 4298 probrantibus
949 4230 1075 4283 mihi
1103 4231 1325 4300 verbum,
1357 4237 1477 4306 quia
1502 4236 1708 4306 speravi
1733 4237 1789 4292 in
1819 4238 2142 4296 sermonibus

566 4317 685 4371 tuis.
715 4316 779 4375 Et
807 4334 871 4374 ne
899 4322 1109 4393 auferas
1129 4321 1192 4377 de
1218 4324 1306 4378 ore
1328 4340 1439 4383 meo
1466 4326 1673 4383 verbum
1700 4330 1931 4385 ueritatis
1956 4347 2142 4404 usque-

562 4425 778 4490 quaque,
801 4412 921 4483 quia
943 4414 997 4467 in
1017 4413 1233 4485 judiciis
1246 4417 1737 4490 tuissapersperari.
1757 4420 1829 4474 Et
1850 4424 2139 4479 custodiam

562 4500 725 4571 legem
752 4510 892 4555 tuam
911 4518 1130 4575 semper,
1158 4504 1212 4559 in
1241 4507 1486 4561 saeculum
1512 4516 1563 4562 et
1581 4510 1637 4563 in
1665 4512 1910 4565 steculum
1937 4514 2133 4569 surculi.

562 4588 633 4643 Et
665 4590 995 4647 ambulabant
1018 4596 1073 4649 in
1095 4595 1390 4664 latitltﬁne,
1413 4601 1537 4666 quia
1553 4599 1811 4657 mandata
1833 4612 1923 4660 tua
1950 4607 2136 4677 exqui-

558 4681 673 4734 sivi.
717 4679 787 4735 Et
824 4682 1070 4755 loquebar
1096 4685 1160 4739 de
1189 4688 1493 4742 testimoniis
1522 4690 1624 4744 tuis
1664 4691 1718 4745 in
1746 4703 2020 4765 conspectu
2048 4713 2136 4751 re-

558 4787 698 4842 gum,
726 4781 778 4827 et
815 4790 919 4829 non
955 4776 1327 4848 confarudebar.
1360 4776 1431 4833 Et
1469 4779 1759 4839 meditabar
1789 4784 1854 4840 in
1871 4786 2165 4843 mandatis

559 4864 689 4929 tuis,
717 4881 832 4937 quin
866 4867 1044 4922 dilexi.
1087 4867 1161 4923 Et
1186 4868 1345 4925 leuari
1385 4884 1572 4928 utam
1599 4890 1740 4931 areas
1775 4874 1853 4930 ad
1883 4876 2135 4941 mandata

558 4962 647 5008 tua
673 4970 787 5025 σιω
812 4957 1005 5027 dilexi,
1035 4969 1087 5015 et
1125 4960 1401 5018 exercebar
1425 4965 1480 5019 in
1510 4963 1977 5037 iustiﬁcationibus
2009 4972 2129 5027 tuis.

1120 5100 1553 5156 causamantea.
1652 5144 1659 5147 .

622 5229 852 5287 Alleluia
876 5247 998 5288 cum
1023 5232 1311 5306 slpbabeto
1337 5236 1574 5304 inchoat,
1602 5239 1749 5310 quod
1775 5249 1865 5298 est
1885 5243 2133 5312 magiste-

551 5321 691 5379 rium
720 5322 815 5379 Dei
844 5323 909 5378 in.
926 5324 1161 5392 alleluia,
1191 5333 1248 5380 et
1273 5326 1505 5383 eruditio
1532 5329 1838 5388 hominibus
1864 5332 2129 5399 tradenda

550 5415 613 5473 in
651 5417 973 5501 alphabeto..
998 5417 1250 5475 Dicamus
1274 5432 1406 5489 ergo
1443 5421 1634 5479 beatos
1671 5432 1728 5480 et
1754 5424 2128 5493 immaculatos

540 5509 747 5566 Christi
774 5511 1097 5582 discipulos,
1135 5513 1226 5584 qui
1255 5528 1425 5583 usque
1452 5513 1610 5571 hodie
1638 5516 1692 5570 in
1720 5517 1803 5572 via
1831 5525 1958 5573 sunt
1978 5559 1994 5586 ,
2035 5518 2127 5588 qui

549 5606 634 5653 est
654 5599 914 5657 Christus.
944 5601 1061 5673 Ipse
1090 5604 1234 5659 enim
1274 5605 1369 5673 qui
1396 5619 1456 5661 se
1482 5604 1620 5660 dixit
1652 5607 1821 5674 viam,
1851 5608 1971 5677 ipse
1991 5608 2129 5665 dixit

551 5689 675 5743 eis:
705 5689 914 5747 Maneto
956 5696 1013 5748 in
1042 5711 1142 5760 me,
1179 5697 1313 5751 sicut
1339 5703 1390 5751 et
1425 5714 1522 5769 ego
1548 5699 1603 5753 in
1632 5698 1772 5755 vobis
1801 5698 1982 5771 (locu.
2006 5702 2123 5771 xv).

554 5774 699 5847 Ergo
735 5790 950 5836 manent
988 5783 1071 5838 is“
1107 5784 1289 5851 beati,
1337 5787 1459 5856 quia
1490 5789 1721 5858 apostoli
1758 5788 2083 5858 itumaeulati
2105 5832 2121 5859 ,

2258 1927 2410 1997 facis,
2441 1926 2775 1988 Christiane?
2814 1931 2860 1989 si
2898 1932 3096 1987 militas
3123 1931 3364 1996 homini,
3394 1926 3641 1987 scrutare
3668 1926 3847 1999 legem

2257 2021 2392 2093 ejus,
2411 2024 2535 2094 quia
2559 2023 2603 2079 si
2623 2024 2751 2095 quid
2776 2024 2903 2081 licet
2924 2023 3036 2095 jam
3060 2025 3272 2094 ignarus
3300 2023 3611 2090 incurreris.
3640 2023 3843 2081 morie-

2258 2114 2371 2181 ris;
2399 2115 2607 2171 nescire
2628 2115 2770 2172 enim
2797 2115 2972 2186 legem
3001 2115 3207 2173 nemini
3231 2116 3375 2172 licet.
3406 2113 3723 2185 Negotiator
3748 2112 3843 2172 es?

2257 2206 2468 2277 inquire
2485 2207 2654 2276 pretia
2681 2207 2991 2273 constituta,
3006 2206 3131 2276 quia
3151 2208 3197 2263 si
3219 2206 3431 2263 nescius
3456 2204 3585 2262 licet
3602 2206 3842 2263 incurre-

2255 2296 2352 2364 ris,
2382 2312 2490 2353 non
2517 2298 2730 2354 evades.
2764 2295 2963 2355 Servus
2991 2298 3189 2355 Christi
3217 2300 3308 2355 es?
3334 2308 3577 2359 scrutare
3608 2300 3839 2359 testimo

2257 2388 2346 2445 nia
2373 2388 2510 2461 ejus.
2541 2386 2600 2446 Si
2623 2390 2766 2445 enim
2794 2389 2897 2446 illis
2926 2406 3035 2446 non
3063 2406 3245 2459 vacas,
3268 2398 3324 2446 tu
3352 2390 3446 2461 qui
3473 2391 3721 2448 clericum
3736 2398 3831 2446 aut

2259 2480 2564 2550 religiosum
2594 2479 2883 2553 proﬁteris,
2908 2498 3023 2561 .nec
3053 2482 3129 2538 ibi
3155 2478 3293 2539 forte
3316 2498 3509 2539 vacare
3538 2483 3633 2548 vis,
3660 2484 3835 2552 legem

2256 2587 2410 2628 suam
2438 2571 2581 2628 Deus
2621 2574 2706 2629 cui
2746 2572 2941 2629 debeat
2972 2573 3222 2642 delegare
3250 2575 3537 2646 responde.
3571 2569 3708 2631 Novi
3736 2576 3834 2634 isto

2256 2665 2379 2723 loco
2421 2666 2619 2723 multos
2662 2667 2844 2723 dicere
2888 2686 2901 2721 :
2946 2666 3087 2738 Er'go
3114 2668 3386 2741 simplices
3426 2683 3535 2725 non
3582 2668 3834 2725 videbunt

2257 2772 2481 2828 regnum
2515 2758 2649 2826 Dei,
2680 2759 2772 2831 qui
2819 2761 3047 2819 scrutari
3086 2759 3189 2814 ista
3235 2771 3341 2816 non
3381 2768 3630 2832 possunt.
3673 2761 3865 2827 Audi,

2256 2849 2571 2907 cbarissime
2605 2868 2618 2903 :
2657 2865 2688 2905 a
2728 2850 2876 2906 nullo
2914 2846 3057 2909 Deus
3081 2850 3224 2921 quod
3266 2866 3373 2907 non
3402 2859 3587 2925 potest
3612 2861 3829 2922 qureret,

2255 2949 2437 2999 mutus
2482 2956 2589 2999 non
2635 2942 2974 2998 damnabitur
3020 2938 3087 2998 de
3117 2943 3482 2998 taeiturnitatc
3504 2981 3521 3009 ,
3570 2941 3831 3014 nec‘mger

2255 3034 2558 3107 culpabitur
2583 3034 2652 3092 de
2681 3035 2884 3092 labore.
2916 3034 3177 3093 Voluntas
3204 3035 3321 3093 sola
3349 3034 3549 3094 sollicit
3578 3036 3691 3113 Deo
3710 3056 3724 3091 :
3746 3038 3831 3094 ubi

2254 3126 2584 3197 possibilitas
2612 3126 2785 3195 deest,
2817 3129 2931 3199 ipsa
2954 3143 3101 3185 reum
3124 3127 3305 3195 efﬁcit,
3328 3128 3444 3199 ipsa
3469 3127 3739 3197 sanctum,
3765 3129 3830 3186 de

2254 3218 2341 3274 his
2363 3218 2557 3287 quibus
2585 3228 2713 3275 vere
2740 3219 2928 3285 voluit,
2966 3227 3020 3277 et
3048 3235 3175 3279 vere
3199 3235 3308 3277 non
3336 3222 3535 3292 potuit.
3568 3219 3708 3292 Ergo
3734 3236 3827 3279 διο

2252 3310 2518 3369 cessimus
2544 3327 2645 3369 nos
2672 3311 2740 3367 de
2766 3312 2965 3369 uncino
2994 3312 3332 3384 objectionis.
3361 3321 3418 3373 et
3443 3328 3474 3369 a
3502 3300 3828 3387 simplicist

2253 3411 2525 3475 utcunque
2550 3405 2789 3461 eruimus
2818 3414 2887 3461 te.
2909 3403 3044 3461 Cum
3072 3402 3234 3465 modo
3259 3421 3452 3463 causa
3468 3421 3605 3476 quas
3628 3421 3829 3465 memo—

2251 3494 2369 3550 ravi
2396 3495 2637 3556 tractabo
2658 3535 2676 3561 ,
2715 3495 2807 3565 qui
2837 3496 2977 3554 nosti
3005 3496 3293 3563 discutere,
3322 3497 3411 3568 qui
3447 3499 3591 3555 nosti
3619 3497 3828 3567 species
3890 3506 3898 3514 '

2250 3586 2511 3653 vestium,
2549 3587 2762 3657 species
2806 3587 2934 3654 vini,
2965 3588 3174 3658 species
3202 3588 3334 3657 cibi,
3363 3587 3563 3658 species
3588 3589 3819 3656 argenti.

2250 3674 2358 3733 Ista
2398 3682 2454 3733 et
2499 3676 2583 3733 bis
2610 3677 2837 3744 similia,
2876 3679 3087 3735 etiamsi
3116 3694 3224 3735 non
3252 3676 3529 3750 possideas,
3558 3678 3697 3733 nosti
3723 3685 3811 3733 ta-

2249 3782 2372 3825 men
2395 3809 2411 3833 ,
2458 3775 2515 3824 et
2542 3768 2671 3839 quid
2710 3770 3019 3840 imposturae
3063 3769 3317 3837 habeant,
3344 3778 3397 3825 et
3426 3768 3550 3839 Quid
3574 3768 3821 3826 veritatis

2248 3858 2528 3917 obtineant
2553 3860 2796 3916 discutis.
2840 3859 2977 3927 Quid
3007 3862 3165 3916 vicini
3196 3865 3272 3919 tui
3309 3868 3493 3930 agunt,
3520 3875 3627 3916 non
3658 3870 3709 3917 te
3734 3861 3817 3915 la-

2247 3957 2362 4007 tere
2382 3951 2494 4019 vis;
2518 3951 2646 4022 quid
2662 3952 2948 4022 loquantur
2974 3953 3239 4020 extranei,
3254 3953 3384 4024 quid
3400 3951 3563 4022 judcx
3591 3951 3825 4007 civitatis

2245 4041 2636 4117 senserit,quid
2660 4042 2784 4098 novi
2807 4043 3148 4100 constituerit
3177 4044 3487 4114 imperator,
3511 4041 3640 4113 quid
3664 4049 3825 4111 agant

2244 4114 2561 4200 Orientales,
2592 4133 2720 4204 quid
2749 4130 3138 4199 Occidentales,
3157 4131 3283 4204 quid
3309 4134 3497 4190 rustici
3523 4149 3620 4205 per
3646 4133 3826 4189 omnia

2242 4238 2369 4281 rura
2393 4232 2700 4293 qumrantur
2720 4220 2886 4298 [Nunt
2915 4226 3016 4298 leg.
3045 4228 3379 4295 querantur?
3397 4224 3437 4297 ],
3461 4225 3563 4281 ista
3584 4233 3641 4280 et
3659 4227 3825 4283 multa

2243 4318 2328 4374 his
2350 4318 2574 4375 similias
2584 4319 2843 4388 crutaris;
2866 4320 3016 4377 venis
3031 4319 3097 4376 ad
3117 4320 3367 4385 mandata
3391 4316 3507 4385 Dei,
3526 4328 3582 4375 et
3602 4320 3759 4376 tolles
3772 4328 3827 4376 te

2243 4416 2300 4465 et
2319 4409 2497 4466 dices:
2525 4398 2666 4466 Nihil
2688 4410 2875 4469 melius
2903 4412 3003 4469 nisi
3032 4412 3346 4483 simpliciter
3383 4411 3588 4469 vivere.
3614 4408 3824 4481 Ergone

2243 4502 2438 4559 astutia
2480 4517 2549 4558 ex
2582 4510 2892 4573 contemptu
2931 4510 3190 4573 concepta
3218 4500 3536 4573 simpliciter
3563 4501 3724 4556 vivit?
3764 4510 3821 4558 et

2161 4571 2220 4643 Ρ
2240 4594 2362 4665 quis
2388 4592 2601 4649 Domini
2620 4595 2701 4651 sui
2715 4571 2864 4665 jussa
2883 4571 3134 4662 custodit,
3150 4608 3270 4666 qua:
3296 4571 3570 4652 custodire
3590 4611 3707 4651 non
3722 4610 3823 4668 po-

2240 4684 2401 4749 terit,
2422 4685 2525 4742 nisi
2553 4694 2678 4743 ante
2704 4686 2968 4754 didicerit,
3008 4687 3218 4744 dicente
3257 4696 3446 4765 sancto
3474 4674 3684 4760 spiritu
3730 4705 3829 4761 per

2238 4774 2557 4848 prOphetam
2577 4794 2590 4830 :
2612 4776 2720 4833 Nisi
2733 4778 2853 4848 quis
2872 4777 3121 4835 didicerit
3129 4778 3393 4851 justitiam
3412 4793 3579 4851 super
3602 4789 3824 4845 terram,

2237 4870 2519 4925 veritatem
2549 4886 2656 4927 non
2685 4868 2888 4927 faciet?
2915 4868 2983 4926 Et
3008 4871 3147 4927 sicut
3173 4869 3345 4941 majus
3370 4877 3457 4927 est
3483 4869 3828 4927 voluntatem

2238 4958 2337 5014 Dei
2364 4959 2540 5016 facere
2565 4973 2727 5029 quam
2755 4974 2915 5017 nosse
2933 4999 2948 5025 ,
2979 4959 3052 5014 ita
3079 4959 3226 5031 prius
3254 4965 3336 5015 est
3362 4973 3523 5015 nosse
3540 4972 3717 5028 quam
3746 4956 3830 5013 la-

2232 5066 2381 5109 cere.
2421 5052 2553 5109 Illud
2582 5054 2774 5133 merito
2802 5051 3055 5124 pmcedit
3082 5051 3187 5109 hoc
3224 5049 3431 5107 ordine.
3478 5042 3546 5104 Et
3575 5049 3700 5106 ﬁeri
3730 5066 3832 5122 po-

2236 5151 2345 5201 test
2371 5153 2432 5201 ut
2459 5145 2785 5217 obsequendi
2814 5152 2944 5200 voto
2972 5141 3226 5210 otl‘endat,
3255 5143 3347 5214 qui
3389 5141 3629 5213 qualiter
3658 5142 3831 5199 obse-

2235 5237 2328 5311 qui
2356 5236 2550 5293 debeat
2576 5246 2699 5293 ante
2723 5251 2832 5292 non
2858 5234 3060 5291 didicit.
3104 5235 3270 5293 Nobis
3296 5249 3427 5305 ergo
3454 5234 3833 5293 desideranti-

2231 5329 2335 5386 bus
2385 5344 2450 5384 ac
2475 5328 2809 5396 dicentibus,
2849 5326 3064 5384 Utinam
3109 5329 3406 5401 dirigantur
3442 5327 3543 5383 vim
3584 5342 3737 5384 mem
3765 5329 3835 5385 ad

2231 5421 2639 5479 custodiendum
2660 5419 3077 5490 justillcationes
3114 5422 3210 5478 Dei
3231 5462 3249 5489 ,
3287 5437 3397 5477 non
3434 5418 3837 5478 confundimur

2232 5513 2359 5570 dum
2400 5514 2714 5584 respicimus
2741 5513 2809 5569 ad
2851 5514 3033 5570 omnia
3061 5512 3312 5571 mandata
3359 5512 3510 5584 ejus,
3550 5512 3603 5569 si
3636 5522 3837 5570 tamen

2230 5603 2579 5661 conﬁteamur
2599 5602 2828 5660 Domino
2858 5604 2913 5661 in
2943 5603 3242 5661 directione
3265 5604 3460 5670 cordis,
3486 5604 3539 5659 in
3568 5620 3645 5659 eo
3679 5608 3838 5675 quod

2229 5698 2570 5755 didicerimus
2576 5696 2781 5766 judicia
2793 5696 3015 5768 iustitia:
3034 5696 3413 5767 ejusTantum
3421 5696 3565 5752 enim
3576 5699 3841 5769 exigitur

2229 5792 2487 5861 quantum
2516 5788 2773 5859 sapimus,
2803 5802 2911 5842 non
2937 5796 3327 5859 ouantium
3355 5786 3619 5857 “pimus,
3655 5788 3840 5848 immo
