4088 6346
1160 349 1625 441 οοΜκΕΝτᾸιιι
1657 376 1725 436 in
1756 375 2084 437 mnos.
2126 377 2317 434 PSAL.
2359 379 2580 436 cxvnu.

227 514 478 577 quantum
505 518 694 575 sapere
721 516 1022 573 possumus,
1050 515 1160 555 non
1181 506 1441 570 quantum
1460 513 1568 554 non
1596 510 1786 577 possn-
1816 494 1871 558 Δ
1893 496 2119 553 suscita
2143 495 2212 551 de
2243 504 2384 553 terra
2416 496 2653 565 inopem,
2686 493 2894 548 vivilica
2922 506 3008 546 me
3036 489 3327 546 scentulum
3356 505 3476 546 ver-

226 570 355 657 in...
373 570 711 667 Verum—quia
722 570 1004 660 mandata,
1022 592 1215 662 inquit,
1229 599 1323 647 tua
1341 588 1599 647 custodiri
1613 570 1696 643 vis
1715 587 1791 642 ni-

224 690 340 757 mis,
353 704 461 744 non
480 702 567 744 me
577 686 919 757 derelinquas
930 696 1333 755 usquequaque.
1351 680 1469 737 Non
1488 679 1631 736 enim
1646 675 1791 733 aliud

222 782 305 839 ubi
333 778 710 837 adolescentiae
734 777 849 833 vias
874 776 1143 845 corrigam
1158 814 1178 841 ,
1210 773 1315 829 nisi
1332 772 1386 828 in
1412 770 1658 829 custodia
1684 783 1793 825 ser-

220 887 434 943 monum
461 878 694 927 tuorum.
717 868 1005 925 Videamus
1031 880 1179 945 unus
1199 864 1516 921 orationem.
1540 861 1643 929 Qui
1670 868 1790 917 orat

219 978 322 1019 non
361 960 620 1017 mentitur
646 959 759 1016 Deo
792 959 846 1014 in
870 958 1050 1017 verbis
1090 956 1353 1015 orationis
1376 970 1487 1039 sum
1518 970 1532 1007 :
1562 952 1623 1011 lu
1651 960 1785 1018 toto,

219 1052 421 1125 inquit,
453 1049 767 1111 sordenteo
795 1050 1161 1122 exquisivite.
1189 1047 1465 1106 Siverum
1501 1045 1790 1113 dicis,non

217 1154 265 1203 te
303 1142 882 1216 repelletamandatis
916 1142 1049 1199 suis.
1079 1141 1141 1197 lu
1186 1137 1622 1209 eosde,inquit,
1666 1151 1791 1193 meo

213 1234 467 1293 abscondi
494 1234 769 1305 eloquium
795 1236 947 1289 tuum
970 1273 987 1300 ,
1034 1241 1094 1289 ut
1120 1247 1233 1288 non
1257 1245 1481 1304 peccent
1506 1229 1623 1286 tibi.
1670 1226 1791 1283 Non

212 1341 341 1398 ergo
368 1327 488 1383 ideo
526 1326 595 1381 ad
619 1325 899 1381 scientiam
937 1323 1181 1381 laboravi
1201 1322 1531 1395 ponique,
1556 1327 1613 1376 et
1650 1334 1789 1391 pm-

211 1427 367 1489 cepta
394 1418 489 1473 Dei
528 1416 837 1472 memoriter
864 1416 1095 1472 retinere
1112 1454 1128 1480 ,
1164 1422 1225 1470 ut
1252 1413 1464 1471 vidum
1487 1410 1705 1475 sciolus,
1734 1417 1794 1465 et

211 1525 311 1581 per
336 1508 617 1566 scientiam
644 1505 858 1563 inﬂatus
886 1505 1139 1578 superbia
1545 1509 1788 1573 aptaret;

208 1600 303 1659 sed
346 1600 496 1666 ideo,
527 1606 585 1655 ut
611 1613 721 1655 non
747 1611 1030 1669 peccarem
1051 1596 1168 1653 tibi.
1211 1596 1359 1653 Doce
1382 1608 1513 1664 ergo
1538 1607 1647 1656 me,
1689 1592 1786 1658 ait,

209 1693 458 1757 Domine,
484 1691 894 1763 iustiﬁcationes
916 1698 1052 1746 tuas.
1076 1688 1161 1744 Ad
1183 1687 1300 1744 inec
1323 1684 1673 1758 respondebit
1694 1684 1791 1739 tibi

209 1785 299 1842 ille
327 1799 488 1855 quem
516 1799 670 1851 oras,
701 1791 761 1838 ut
783 1782 977 1839 doceat
1005 1791 1058 1838 te
1080 1780 1317 1852 iustitiae
1339 1794 1467 1836 suas
1492 1796 1509 1833 :
1532 1777 1659 1834 Hec
1684 1785 1788 1844 est,

1895 591 2021 646 bum
2043 600 2210 644 tuum.
2230 587 2357 644 γεω
2381 594 2501 641 tuas
2528 585 2820 650 enuntiari,
2837 582 3182 671 et‘exaudisti
3208 597 3312 637 me.
3335 580 3480 639 Con-

1896 686 2069 744 sidera
2092 686 2220 756 quid
2267 699 2327 740 se
2354 682 2544 739 iecisse
2574 682 2729 749 dixit,
2754 691 2813 739 ut
2833 682 3212 748 exaudiretur;
3240 680 3370 752 quid
3398 687 3480 737 est

1895 779 2012 835 vias
2064 789 2185 834 tuas
2235 775 2544 834 enuntiari?
2574 773 2689 830 Hoc
2743 782 2827 829 est
2862 774 3309 846 :quibuseunque
3348 772 3479 828 mihi

1893 864 3484 941 possibilitasloquendifuit,bosiiiiscaiiesostendi,qui-

1894 963 1996 1019 bus
2021 961 2284 1034 parebant
2327 960 2569 1029 vestigia.
2603 956 2706 1014 Per
2724 958 2870 1030 ipsos
2897 957 3040 1013 enim
3063 956 3308 1013 evaditur
3334 956 3482 1011 mors

1895 1064 1953 1112 et
1978 1052 2291 1125 pervenitur
2310 1050 2379 1106 ad
2404 1051 2590 1105 vitam.
2613 1046 2840 1116 Quando
2866 1061 2997 1117 ergo
3024 1047 3140 1102 vias
3167 1054 3286 1102 tuas
3306 1060 3481 1101 enun-

1896 1147 2062 1213 tiavi;
2089 1155 2217 1201 tunc
2243 1140 2508 1200 esaudisti
2529 1155 2635 1196 me.
2668 1139 2851 1195 Artem
2881 1138 3205 1195 exaudiendi
3229 1137 3481 1204 didicisti,

1895 1236 2219 1298 Christiane,
2244 1234 2295 1305 si
2323 1231 2567 1288 exaudiri
2594 1231 2693 1295 vis,
2723 1230 2838 1284 vias
2863 1226 2963 1284 Dei
2991 1227 3196 1294 nuntia,
3225 1227 3365 1283 doce
3388 1242 3483 1283 eav-

1896 1330 2156 1390 stitatem,
2189 1325 2565 1389 bumiiitatem,
2591 1329 2958 1397 emtomptum
2992 1319 3193 1383 minus,
3234 1327 3290 1374 et
3324 1318 3483 1390 quid»

1896 1418 2303 1491 quidpetieris,
2345 1415 2677 1481 exaudieris;
2708 1410 3269 1480 etroganstedoceri
3298 1426 3328 1466 a
3376 1409 3483 1465 υθέ

1897 1512 2068 1575 uiuo,
2090 1508 2219 1579 (prid
2243 1508 2441 1564 doceas
2466 1506 2822 1569 eodiiiertnm,
2846 1503 3053 1559 dicito:
3084 1503 3199 1573 Ego
3218 1503 3341 1573 quia
3356 1503 3483 1559 volo

1897 1602 2014 1657 vias
2035 1608 2155 1657 tuas
2177 1598 2481 1663 enuntiare,
2512 1604 2572 1652 ut
2617 1595 2877 1651 exandias
2922 1608 3028 1659 me,
3053 1595 3194 1650 viam
3219 1593 3480 1665 justiﬁes-

1897 1693 2107 1749 tionum
2129 1700 2341 1747 tuarum
2369 1688 2453 1744 lac
2472 1697 2530 1742 ut
2558 1686 2870 1754 intelligam,
2894 1695 2949 1739 et
2985 1686 3280 1740 exercebor
3304 1686 3358 1740 in
3379 1685 3481 1740 ml-

1896 1785 2158 1841 rabilibus
2184 1784 2311 1841 tuis.
2328 1780 2581 1837 Exerceri
2610 1779 2845 1848 argutari
2873 1785 2986 1835 est:
3019 1776 3267 1847 Argutus,
3292 1778 3480 1849 inquit,

209 1874 403 1947 inquit,
430 1874 638 1945 justitia
666 1888 785 1929 mea
802 1911 819 1938 ,
849 1881 910 1929 ut
952 1873 1135 1929 omnia
1162 1886 1283 1942 quas
1312 1871 1393 1927 vis
1419 1878 1479 1927 ut
1503 1869 1666 1926 iaciat
1693 1868 1791 1925 tibi
1818 1867 1871 1933 Ι
1895 1892 1994 1935 em
2020 1892 2128 1933 non
2157 1877 2328 1948 piger.
2355 1873 2493 1943 Quid
2523 1881 2730 1929 tantum
2758 1870 3062 1943 promittis?
3089 1883 3218 1926 eeee
3242 1885 3347 1925 una
3368 1879 3484 1926 ten-

207 1965 393 2032 homo,
425 1966 613 2023 eadem
644 1974 701 2022 tu
728 1966 931 2023 homini
957 1965 1142 2022 facias.
1183 1962 1242 2021 Si
1269 1964 1612 2036 amplecteris
1630 1962 1789 2034 justi-

207 2058 363 2132 tiam.
386 2058 484 2114 Dei
504 2099 521 2124 ,
551 2057 736 2116 dices:
767 2058 828 2114 in
869 2058 1024 2114 labiis
1061 2057 1199 2114 meis
1238 2056 1579 2129 pronuntiavi
1611 2056 1794 2113 omnia

205 2147 405 2218 judicia
434 2148 545 2206 oris
572 2150 671 2214 tui,
701 2155 758 2204 et
778 2148 832 2204 in
859 2147 942 2203 bis
963 2147 1261 2203 delectatus
1277 2161 1417 2212 sum,
1438 2147 1576 2202 sicut
1602 2146 1657 2201 in
1677 2160 1796 2203 οωρ

205 2238 370 2295 nibus
397 2240 616 2296 divitiis.
648 2238 939 2295 Videamus
979 2252 1126 2294 nunc
1163 2236 1291 2306 quid
1320 2243 1404 2291 est
1429 2234 1573 2307 quod
1612 2235 1797 2306 sequi.

205 2336 317 2385 tur.
349 2330 409 2387 ln
438 2330 705 2387 mandatis
728 2330 832 2385 tuis
865 2344 953 2385 me
979 2327 1267 2384 exercebo.
1291 2325 1443 2382 Sicut
1467 2325 1663 2385 tironis
1684 2340 1801 2382 cor-

205 2434 316 2489 pus
344 2412 593 2487 exercet,
632 2421 706 2475 ita
732 2420 963 2475 animam
992 2418 1173 2474 divina
1200 2425 1466 2489 praecepta
1493 2416 1794 2471 instituunt.

202 2512 423 2568 Docent
442 2511 586 2566 enim
610 2526 674 2566 ea
703 2510 933 2580 qualiter
952 2522 1164 2580 pugnos
1190 2516 1348 2564 caute
1367 2507 1643 2579 suscipiat,
1665 2521 1801 2577 qna-

202 2600 340 2656 liter
368 2600 580 2656 fortiter
606 2599 812 2655 reddat.
845 2598 913 2653 Et
952 2597 1339 2665 considerabo,
1370 2598 1446 2652 ait
1466 2638 1481 2663 ,
1513 2598 1627 2651 vias
1656 2605 1793 2661 tuas,

204 2689 272 2745 id
318 2698 421 2755 est,
453 2688 670 2745 attendo
695 2689 926 2759 qualiter
958 2687 1259 2759 superasti,
1300 2694 1358 2743 et
1392 2687 1506 2757 ipsa
1544 2685 1797 2741 imitabor

204 2780 486 2852 exempla.
514 2779 570 2836 Si
594 2780 809 2850 quidem
836 2780 1059 2851 quinos
1084 2780 1268 2835 docuit
1293 2779 1372 2836 sic
1395 2778 1527 2835 dicit
1557 2797 1573 2833 :
1605 2779 1795 2835 Imita-

205 2884 351 2929 tores
390 2875 492 2930 mei
530 2882 710 2940 estote,
750 2876 882 2928 sicut
908 2883 961 2930 et
984 2891 1081 2946 ego
1120 2875 1357 2946 magistri
1388 2873 1643 2948 [Christi].
1676 2874 1797 2929 Non

204 2964 521 3028 obliviscar,
551 2964 744 3033 inquit,
772 2980 1054 3021 sermones
1082 2972 1223 3021 tuos.
1264 2964 1427 3021 Vides
1450 2965 1579 3036 quia
1605 2964 1797 3021 oblitio

202 3071 302 3121 res
324 3056 436 3110 vitii
457 3062 558 3122 est,
591 3072 700 3112 non
732 3064 957 3112 natum.
983 3055 1261 3123 Retribue,
1284 3055 1475 3126 inquit.
1497 3070 1657 3111 servo
1680 3062 1795 3111 tuo.

1893 1973 2031 2028 ratio
2052 1970 2311 2036 nascitur,
2340 1976 2398 2024 et
2414 1968 2649 2024 moveris
2675 1967 2748 2022 ita
2779 1974 2839 2021 ut
2864 1965 3046 2020 dicas:
3078 1961 3341 2017 Dormitat
3368 1963 3487 2018 ani-

1897 2079 1986 2118 ma
2005 2077 2125 2118 mea
2151 2076 2263 2133 pra:
2283 2061 2462 2116 taedio.
2478 2059 2723 2115 Dormire
2742 2057 2989 2129 corporis
3010 2064 3109 2122 est,
3136 2070 3245 2110 non
3272 2055 3484 2110 animm.

1896 2154 2143 2221 Quantus
2170 2160 2507 2224 soportnum
2550 2166 2747 2222 corpus
2785 2148 3011 2214 invasit,
3042 2147 3134 2217 qui
3171 2155 3227 2201 et
3255 2146 3487 2201 animum

1899 2244 2194 2301 dormitare
2235 2243 2527 2316 compellit.
2561 2242 2630 2299 At
2675 2243 2764 2298 ille
2793 2260 2806 2296 :
2838 2241 2945 2297 Ista
2983 2240 3112 2296 mihi
3153 2247 3481 2305 evenerunt,

1899 2336 2027 2406 'quia
2082 2336 2152 2391 de
2196 2351 2285 2391 me
2334 2336 2669 2407 pmmpsi.
2720 2334 2909 2391 Exeita
2936 2349 3051 2399 me,
3081 2333 3328 2398 Domine,
3360 2332 3487 2404 quia

1899 2428 2132 2484 dormio.
2165 2427 2381 2484 Excitas
2407 2436 2589 2483 autem
2634 2442 2739 2494 me,
2785 2428 2831 2483 si
2877 2427 3276 2483 eonﬁrmaveris
3302 2440 3393 2482 me
3434 2426 3489 2482 in

1899 2516 2080 2573 verbis
2106 2518 2231 2572 tuis.
2263 2515 2563 2573 Continuus
2607 2527 2791 2574 autem
2836 2533 2924 2573 me
2971 2519 3025 2573 in
3055 2518 3233 2573 verbis
3280 2518 3412 2584 tuis,
3442 2517 3489 2575 si

1899 2607 2044 2664 tiam
2073 2608 2392 2677 iniquitatis,
2449 2608 2502 2664 id
2530 2619 2631 2674 est,
2666 2610 2837 2680 ipsum
2865 2616 3190 2665 tentatorem
3238 2624 3488 2665 amoveas

1898 2715 1931 2754 a
1959 2713 2065 2755 me.
2112 2699 2222 2756 liii
2251 2701 2395 2756 enim
2424 2701 2587 2770 longe
2625 2716 2749 2757 eum
2780 2700 2970 2757 feeeris
2998 2717 3028 2756 a
3058 2717 3162 2768 me,
3213 2703 3268 2757 in
3297 2717 3488 2757 somno

1898 2791 2112 2857 animm,
2140 2800 2195 2846 et
2220 2792 2277 2846 in
2303 2792 2500 2847 mentis
2526 2807 2659 2847 mea:
2699 2793 2857 2848 tmdio
2884 2794 3231 2863 permanebo.
3259 2791 3338 2847 Tu
3360 2808 3491 2863 ergo

1898 2882 2045 2938 viam
2091 2882 2386 2951 iniquitatis
2413 2897 2607 2937 amove
2628 2898 2658 2937 a
2683 2899 2789 2948 me,
2819 2892 2875 2938 et
2898 2885 2950 2938 in
2980 2884 3064 2938 via
3110 2892 3198 2938 tua
3230 2885 3487 2940 miserere

1901 2972 2032 3027 mei.
2066 2970 2243 3027 Meum
2265 2980 2349 3027 est
2369 2973 2513 3027 enim
2554 2972 2756 3042 eligere
2786 2974 2928 3029 vium
2953 2974 3209 3041 veritatis,
3236 2983 3383 3030 tuum
3412 2982 3494 3031 est

1904 3059 2205 3117 concedere
2229 3060 2512 3117 eicetionis
2540 3062 2698 3131 hujus
2740 3062 3008 3119 eﬁeetum.
3052 3063 3118 3119 Et
3142 3066 3265 3135 quia
3297 3065 3497 3123 adluesi

158 3185 165 3189 -
202 3146 353 3215 Quid
381 3147 479 3202 tibi
503 3147 586 3203 vis
614 3148 875 3204 retribui?
905 3146 1120 3204 Amoris
1139 3187 1156 3214 ,
1201 3147 1400 3216 inquit,
1438 3146 1707 3213 adactum,
1740 3154 1801 3205 ut
1861 3227 1868 3228 γ
1905 3152 2232 3209 testimoniis
2257 3153 2381 3218 tuis,
2423 3153 2650 3210 credens
2682 3162 2741 3210 ut
2769 3157 2944 3211 euntis
2972 3156 3069 3225 qui
3096 3157 3251 3228 petiit
3279 3157 3492 3227 accipit,

201 3240 411 3295 vitam.
442 3238 510 3295 Et
536 3240 584 3294 si
631 3239 729 3295 tibi
755 3240 920 3295 vitam
964 3238 1187 3303 dedero,
1219 3238 1353 3307 quid
1396 3236 1599 3295 facies?
1640 3237 1803 3297 Forte
1829 3227 1885 3303 Ε
1907 3251 2056 3313 peto,
2080 3242 2325 3311 Domine,
2357 3245 2466 3301 noii
2495 3261 2584 3301 me
2614 3245 2963 3302 confundere.
2997 3227 3323 3303 Naturaliter
3360 3262 3494 3303 con-

203 3330 379 3385 dixit:
404 3330 595 3387 Vivam
624 3337 679 3386 et
702 3330 908 3401 epuler,
939 3329 1109 3396 lzeter,
1138 3326 1419 3394 :ediﬁcem,
1444 3342 1604 3400 agros
1631 3343 1785 3385 em

204 3422 342 3490 iam,
373 3437 529 3493 agam
558 3437 770 3488 causas,
794 3429 850 3477 et
873 3429 1087 3488 caetera,
1112 3435 1233 3492 quo:
1257 3435 1378 3477 cum
1406 3428 1649 3493 tempore
1676 3434 1799 3491 por-

205 3516 384 3570 cunt?
413 3513 531 3570 Non
559 3515 664 3571 hoe
697 3513 860 3581 dixit;
889 3513 989 3571 sed
1019 3514 1146 3586 quid
1179 3514 1293 3571 ait?
1320 3512 1508 3569 Vivam
1533 3520 1590 3568 et
1608 3520 1797 3569 om

205 3605 361 3669 diam
387 3621 665 3673 sermones
700 3615 839 3663 tuos.
872 3606 1071 3663 Verum
1095 3606 1223 3678 quia
1262 3606 1407 3662 inter
1451 3605 1635 3676 apices
1675 3612 1800 3660 tuos

204 3699 500 3756 thesauros
520 3740 536 3766 ,
568 3699 809 3756 occultos
834 3698 1010 3754 sentio
1033 3740 1050 3764 ,
1091 3712 1230 3767 quos
1257 3696 1499 3754 invenies
1526 3711 1635 3752 non
1673 3710 1802 3765 pos-

204 3805 356 3856 sum,
382 3798 459 3856 tu,
485 3789 731 3856 Domine,
754 3790 937 3846 revela
960 3789 1147 3846 oculos
1173 3803 1344 3853 meos,
1370 3796 1429 3845 et
1446 3784 1807 3843 cwsidosaiw

204 3880 482 3936 mirabilia
523 3880 591 3935 de
635 3880 752 3948 lege
780 3886 891 3933 tua.
923 3878 1094 3935 Caute
1134 3892 1264 3934 sane
1309 3874 1678 3946 accipiendum
1719 3880 1805 3930 est

206 3969 364 4038 quod
411 3968 605 4037 adjecit
650 3986 662 4020 :
705 3967 904 4033 incola,
948 3966 1001 4023 id
1047 3974 1149 4030 est,
1181 3965 1497 4037 peregrinus
1538 3976 1649 4033 ego.
1682 3976 1807 4017 sum

213 4059 371 4129 apud
416 4067 468 4115 te
516 4059 568 4114 in
620 4067 794 4125 terra,
847 4058 898 4113 id
927 4067 1052 4125 est,
1104 4058 1239 4113 nihil
1279 4065 1550 4111 terrenum
1591 4069 1803 4125 «μείξιος

210 4148 370 4219 quod
414 4165 636 4220 quacro,
678 4149 783 4205 hoc
829 4150 959 4204 mihi
1006 4148 1117 4204 noli
1159 4146 1511 4204 abscondere.
1535 4144 1654 4201 Non
1692 4144 1809 4201 abs-

207 4242 426 4303 condas
471 4258 501 4297 a
542 4257 629 4298 me
677 4241 928 4297 mandata
973 4250 1081 4297 tua.
1126 4241 1245 4297 Non
1289 4240 1433 4296 enim
1476 4238 1809 4309 concupiscit

208 4335 402 4390 anima
430 4350 549 4390 mea
574 4374 590 4399 ,
639 4333 743 4389 nisi
771 4332 1077 4388 desiderare
1114 4329 1530 4403 justiﬂcatianes
1570 4338 1721 4396 tuas;
1751 4337 1809 4384 et

158 4412 163 4415 δ
209 4425 352 4497 quia
399 4424 511 4479 scio
561 4431 614 4479 te
660 4423 941 4493 increpare
986 4422 1287 4493 superbos,
1330 4418 1483 4475 aufer
1518 4435 1549 4474 a
1578 4435 1666 4475 me
1703 4435 1803 4490 op-

209 4518 523 4591 probrium.
556 4516 785 4588 Superbi
828 4524 955 4572 sunt
990 4516 1134 4571 enim
1163 4516 1256 4588 qui
1302 4521 1656 4570 contemnunt
1693 4513 1806 4569 Doo

1900 3331 2043 3391 fusio
2062 3336 2299 3392 nascitur
2316 3336 2534 3405 quando
2554 3337 2698 3406 quod
2721 3339 2963 3407 poscitur
2988 3337 3305 3407 denegatur,
3340 3347 3393 3392 et
3427 3339 3496 3393 ab

1901 3440 1975 3483 eo
1995 3426 2087 3496 qui
2112 3426 2367 3497 pnedieat
2394 3439 2517 3482 eum
2539 3442 2701 3497 quem
2730 3429 3007 3498 periturus
3035 3435 3119 3482 est
3148 3428 3499 3495 nitiilnegaro

1899 3519 2167 3590 pennati.
2201 3518 2359 3575 Unde
2381 3528 2439 3574 et
2481 3521 2588 3581 hic,
2621 3520 2691 3574 ab
2723 3521 2825 3576 liae
2852 3520 3168 3576 conlisione
3204 3521 3499 3577 seliberari

1901 3609 2241 3673 desiderans.
2291 3608 2528 3664 clamat:
2560 3608 2813 3676 Domine,
2856 3611 2967 3665 noli
3015 3624 3102 3665 me
3149 3610 3495 3678 contendere,

1902 3699 2034 3768 quid
2056 3708 2232 3753 tamen
2253 3699 2496 3769 postulas
2514 3700 2810 3757 Videamus.
2829 3701 2973 3769 Quid
2989 3704 3163 3758 curris
3184 3706 3325 3759 vium
3353 3720 3498 3760 man-

1903 3791 2189 3846 datorum?
2209 3789 2348 3858 Quid
2370 3793 2613 3863 postulas
2632 3793 2961 3850 intellectum
2982 3803 3042 3849 ut
3052 3797 3307 3851 scrutaris
3327 3796 3499 3864 legem

1904 3879 2041 3936 Dei?
2068 3878 2206 3948 Quid
2235 3882 2428 3937 ducem
2457 3882 2655 3953 quaeris
2670 3884 2767 3939 vim
2794 3882 2929 3939 Dei?
2960 3882 3140 3939 Pande
3166 3885 3294 3954 quid
3315 3895 3501 3956 postu-

1905 3970 2006 4025 las.
2034 3970 2257 4034 lnclina,
2281 3972 2473 4040 inquit,
2505 3986 2602 4027 cor
2627 3986 2803 4026 meum
2852 3973 2905 4027 in
2950 3973 3258 4029 testimonia
3297 3982 3387 4029 tua
3408 4018 3421 4041 ,
3445 3985 3501 4031 et

1908 4074 2021 4116 non
2050 4060 2105 4116 in
2151 4060 2454 4116 avaritiam.
2484 4061 2617 4118 ideo
2663 4076 2795 4133 ergo
2830 4062 3164 4119 dormitabut
3203 4066 3381 4121 anima
3408 4072 3499 4123 tua

1908 4165 2021 4223 pre
2048 4150 2228 4218 tudio,
2253 4151 2380 4220 quia
2425 4151 2499 4208 de
2520 4153 2746 4209 avaritia
2785 4154 3091 4224 cogitabas,
3120 4156 3405 4213 attendens
3432 4157 3503 4215 ad

1908 4255 2115 4310 eam
2133 4241 2398 4309 videntur,
2419 4257 2541 4312 qua:
2560 4244 2617 4298 in
2640 4243 2875 4299 vanitate
2889 4244 3211 4313 consistunt,
3228 4246 3351 4315 quia
3373 4245 3499 4302 dum

1907 4332 2081 4389 teneri
2108 4339 2364 4403 putatum
2383 4332 2680 4402 adagium.
2710 4334 2813 4389 trra
2833 4346 2965 4404 ergo
2989 4343 3049 4390 ut
3074 4343 3283 4391 avertat
3309 4338 3497 4393 oculos

1907 4428 2054 4487 tuos,
2082 4435 2153 4477 ne
2197 4422 2417 4478 videant
2452 4424 2615 4478 istam
2641 4425 2943 4481 vanitatem
2965 4426 3085 4481 sive
3108 4426 3167 4480 in
3191 4426 3496 4483 ambitioni-

1906 4516 2010 4573 bus
2034 4516 2243 4583 tuundi,
2272 4516 2387 4573 sive
2407 4517 2462 4572 in
2490 4519 2941 4590 concupiscentiis
2974 4522 3169 4580 carnis.
3200 4519 3267 4577 Et
3289 4522 3375 4579 die
3395 4522 3502 4580 Do-

207 4609 427 4665 minum
476 4608 829 4678 imperantem
853 4649 869 4673 ,
911 4613 968 4661 et
1012 4606 1281 4662 maledicti
1327 4612 1453 4660 sunt
1493 4604 1588 4673 qui
1640 4604 1807 4660 decli-
1832 4601 1887 4665 1)
1911 4608 2063 4664 nino
2090 4616 2155 4663 ut
2177 4616 2378 4663 statuat
2403 4623 2564 4665 servo
2599 4624 2700 4666 suo
2728 4611 3001 4681 eioquium
3026 4626 3183 4668 suum
3226 4613 3278 4667 in
3308 4614 3503 4669 timore

207 4705 356 4752 nant
401 4712 430 4751 a
480 4696 747 4753 mandatis
793 4696 915 4751 tuis.
963 4694 1092 4751 Tuis
1136 4711 1295 4762 sane,
1343 4696 1468 4764 quia
1511 4695 1667 4751 nobis
1720 4697 1809 4766 pie

207 4787 506 4857 agentibus
535 4787 804 4858 principes
841 4787 982 4843 aeris
1008 4786 1167 4856 hujus
1214 4785 1544 4856 dejectiones
1592 4787 1808 4855 excogi-

208 4885 360 4932 tant.
386 4875 587 4933 ldcirco
615 4877 811 4947 adjecit
843 4895 855 4931 :
889 4876 1043 4943 Quod
1073 4878 1110 4933 ii
1141 4878 1432 4948 principes,
1469 4877 1565 4943 ait,
1612 4877 1806 4933 adver-

206 4982 343 5048 sum
364 4984 449 5024 me
478 4968 848 5039 loquebantur.
880 4968 995 5038 Ego
1018 4986 1144 5026 vero
1164 4985 1351 5026 servus
1378 4978 1502 5025 tuus
1519 4970 1811 5026 exercebar

207 5060 273 5114 in
327 5059 430 5114 tuis
453 5058 944 5129 justilicationibus.
978 5059 1198 5143 Nam.et
1238 5060 1544 5116 testimonia
1574 5067 1666 5115 tua
1693 5076 1810 5115 me-

205 5151 416 5207 ditatio
444 5166 561 5208 mea
608 5160 722 5217 est,
764 5160 822 5213 et
862 5152 1147 5209 consilium
1190 5168 1370 5208 meum
1404 5146 1815 5222 justilicationes

90 5298 93 5299 ν
211 5251 358 5298 tute.
390 5241 679 5299 Videamus
706 5243 853 5312 quod
875 5243 1159 5300 consilium
1186 5250 1403 5299 secutus
1440 5242 1517 5298 sis
1543 5242 1596 5297 in
1616 5240 1813 5312 justiﬁ-

205 5332 529 5391 cationibus
553 5333 785 5399 Domini.
808 5335 1061 5402 Adbzesit,
1083 5334 1276 5406 inquit,
1305 5334 1611 5406 pavimento
1635 5335 1813 5390 anima

208 5438 375 5492 mea,
405 5424 507 5481 hoc
527 5432 631 5490 est,
650 5423 792 5494 jacui
818 5426 871 5481 in
897 5427 1226 5497 pavimento,
1251 5434 1323 5493 te,
1352 5426 1597 5492 Domine,
1617 5426 1812 5498 depre-

209 5530 381 5583 cans,
403 5520 456 5570 te
474 5530 734 5581 exorans;
759 5514 969 5571 viviﬁca
981 5532 1069 5571 me
1088 5516 1381 5573 secundum
1398 5517 1615 5573 verbum
1640 5527 1809 5573 tuum.

210 5605 369 5674 Quid
414 5606 558 5663 enim
593 5606 841 5676 promisit
884 5605 1070 5661 Deus?
1100 5605 1381 5673 Promisit,
1431 5608 1628 5677 inquit,
1675 5608 1816 5663 Deus

213 5700 435 5757 dicens.
460 5697 593 5765 Quia
614 5701 668 5754 in
687 5714 769 5755 me
793 5698 1035 5769 sperauit,
1058 5712 1157 5768 ego
1179 5698 1407 5753 liberabo
1433 5715 1549 5753 om
1576 5697 1814 5768 (Ριιε).

216 5791 372 5850 Ecce
398 5806 499 5861 ego
527 5792 827 5863 speransin
848 5799 901 5846 te
918 5790 1043 5861 jam.
1060 5791 1367 5861 pavimento
1392 5791 1606 5847 adhaesi.
1624 5790 1707 5846 Tu
1723 5792 1816 5859 qui

1907 4714 2030 4768 suo,
2054 4708 2110 4755 et
2135 4708 2379 4770 amputet
2397 4701 2749 4772 opprobrium
2765 4703 2911 4772 quod
2930 4705 3232 4773 suspicatus
3259 4718 3337 4759 es.
3357 4704 3499 4771 Quid

1911 4791 2056 4845 enim
2104 4791 2407 4861 suspicata
2445 4805 2540 4856 es,
2597 4807 2721 4847 eum
2770 4802 2881 4863 pra:
2936 4792 3095 4848 taedio
3147 4793 3504 4851 dormitares?

1910 4884 2093 4940 dixisti
2117 4902 2129 4937 :
2174 4882 2315 4948 Quid
2340 4885 2686 4950 manducata,
2736 4885 2861 4956 quid
2886 4885 3076 4952 bibam,
3109 4886 3234 4959 quid
3258 4891 3504 4959 aperiar.’

1911 4975 2095 5031 Λιιδί
2126 4976 2403 5030 ineliiavit
2453 4974 2712 5030 Dominus
2757 4990 2852 5031 cor
2898 4986 3045 5031 tuum
3094 4978 3146 5034 in
3199 4982 3501 5037 testimonia

1912 5080 2036 5133 sua,
2058 5064 2308 5120 liberavit
2332 5073 2387 5121 te
2432 5066 2500 5121 ab
2540 5066 2786 5132 avaritia,
2823 5072 2878 5123 et
2905 5069 3115 5140 οωρὶςῆ
3143 5084 3383 5140 qnmrcre
3414 5084 3497 5123 re-

1915 5170 2081 5225 gnum
2107 5155 2203 5211 Dei
2232 5163 2288 5211 et
2305 5155 2570 5225 justitiam
2597 5157 2734 5228 ejus,
2762 5160 2987 5216 credens
3015 5161 3161 5231 quod
3184 5162 3295 5215 iure
3324 5161 3500 5213 ormia

1917 5253 2259 5318 apponantur
2278 5247 2392 5303 tibi.
2416 5246 2575 5304 ludo
2599 5264 2727 5320 ergo
2742 5250 2850 5320 jam
2881 5266 3038 5321 rogas
3066 5261 3121 5305 nt
3146 5252 3302 5317 huius
3331 5249 3503 5321 snspi:

1916 5337 2090 5393 cionis
2130 5338 2475 5409 opprobrimn
2515 5349 2821 5411 amputetur
2849 5359 2881 5396 a
2932 5351 3000 5396 te.
3037 5340 3390 5411 O‘pprobrium
3422 5352 3503 5391 es:
3576 5351 3580 5356 '

1917 5427 2063 5483 enim
2114 5435 2176 5482 ut
2216 5427 2405 5485 «ιι-εὼς
2452 5430 2722 5487 hominem
2751 5419 3039 5485 soilicitum
3077 5443 3199 5483 esse
3231 5427 3298 5481 de
3346 5440 3503 5481 scuto

1915 5534 2039 5585 suo,
2067 5526 2125 5574 et
2143 5519 2309 5575 Deum
2328 5514 2607 5590 negligere
2627 5522 2951 5576 servientem
2977 5519 3097 5571 sibi.
3124 5515 3364 5579 Peccavi,
3394 5517 3499 5571 Do-

1918 5611 2085 5675 mine,
2121 5612 2249 5680 quin
2279 5613 2353 5668 ita
2406 5614 2706 5682 suspicatus
2757 5625 2913 5673 sum;
2941 5614 3119 5677 parce,
3152 5608 3276 5678 quia
3302 5607 3499 5678 judicia

1920 5709 2010 5761 illi
2032 5702 2267 5773 incumin
2291 5712 2437 5760 sunt.
2469 5703 2609 5758 Ecce
2635 5701 2818 5765 credo,
2850 5714 2978 5756 ecce
3006 5700 3141 5757 nihil
3156 5704 3496 5774 concupisco,

1921 5793 2025 5848 nisi
2052 5795 2300 5851 mandata
2325 5803 2447 5857 tua;
2478 5793 2559 5848 fac
2582 5802 2637 5847 ut
2657 5793 2836 5848 veniat
2852 5804 3009 5863 super
3035 5804 3122 5851 tne
3139 5796 3500 5866 misericordia
