4088 6346
565 358 658 417 Ill

1900 348 2167 406 annos"
2209 307 2523 406 JUNIORIS.

3726 342 3840 402 5t!

568 482 677 535 tua,
705 472 750 527 si
798 471 1026 524 salutare
1057 479 1202 523 tuum
1229 471 1390 540 s'nper
1429 485 1514 524 me
1567 470 1796 536 venerit,
1843 466 2136 522 secundum
2164 465 2217 524 Α
2317 466 2607 542 Bonitatem
2633 469 2801 539 fecisti
2832 483 2945 522 cum
2969 482 3113 522 servo
3143 474 3248 531 tuo,
3285 464 3524 529 Domine,
3551 454 3854 522 secundum

567 561 834 630 eloquium
880 569 1025 614 tmnn
1050 559 1207 628 quod
1259 560 1548 630 promisisti
1591 578 1603 611 :

567 653 705 719 Dei,
764 661 813 706 et
863 654 966 706 ista
1018 635 1192 706 omnia
1239 662 1558 723 apponentur
1600 651 1738 706 vobis
1796 649 1958 723 (Luc.
2003 649 2138 720 xu).

567 741 704 798 Dum
729 757 857 812 ergo
895 743 1248 813 compleveris
1269 742 1502 799 salutare
1531 751 1679 798 tuum
1707 741 1995 797 secundum
2026 740 2142 794 elo-

569 835 748 906 quium
775 842 943 901 tuum,
990 847 1090 904 ego
1137 833 1473 905 respondebo
1526 833 1972 904 exprobrantibus
2015 830 2147 886 mihi

569 926 811 992 verbum,
839 926 962 995 quia
989 925 1042 980 in
1067 927 1402 981 sermonibus
1425 926 1528 981 tuis
1555 940 1737 995 spero.
1767 924 1883 980 Non
1904 937 2032 991 ergo
2048 937 2146 976 au-

569 1015 710 1072 feras
735 1031 802 1072 ex
825 1032 920 1072 ore
948 1032 1070 1072 meo
1081 1017 1300 1072 verbum
1323 1016 1562 1073 veritatis
1581 1029 1982 1086 usquequaque.
2012 1012 2149 1068 Ecce

571 1105 778 1164 inficias
804 1109 857 1162 in
881 1107 1048 1163 Deum
1077 1108 1298 1163 validas.
1324 1108 1463 1176 Ergo
1489 1109 1630 1164 Deus
1655 1107 1813 1162 alicui
1859 1106 1998 1162 tollit
2023 1121 2147 1160 ver-

572 1198 698 1256 bum
711 1200 952 1255 veritatis
978 1215 1044 1254 ex
1069 1201 1197 1255 ore?
1219 1199 1333 1255 Hoc
1358 1200 1602 1256 diabolus
1631 1200 1774 1265 facit,
1800 1199 1937 1273 tollit
1958 1198 2150 1253 verita-

576 1299 704 1358 tem,
737 1300 793 1346 et
818 1292 981 1346 mittit
1009 1291 1358 1347 mendacium.
1390 1291 1528 1359 Quid
1555 1306 1684 1361 ergo
1709 1291 1820 1346 Deo
1846 1290 2037 1360 loquar
2062 1304 2152 1344 os-

1657 557 1883 624 Quterite
1929 573 2142 628 regnum

478 1391 480 1395 ’
575 1385 753 1441 tende.
787 1386 917 1455 Ego,
971 1387 1159 1456 inquit,
1185 1385 1309 1441 volo
1336 1384 1663 1456 respondere
1706 1383 2152 1454 exprobrantibus

576 1477 706 1531 mihi
745 1476 987 1540 verbum,
1020 1476 1144 1546 quia
1185 1476 1237 1530 in
1266 1477 1599 1531 sermonibus
1628 1475 1720 1531 Dei
1749 1490 1990 1546 sperans,
2019 1473 2154 1543 nihil

578 1566 806 1635 cogitavi
832 1566 900 1622 de
927 1575 1138 1629 ventre,
1169 1565 1261 1620 sed
1289 1565 1356 1620 de
1381 1573 1590 1631 mente;
1614 1564 1743 1618 nihil
1779 1564 1846 1620 de
1874 1573 2036 1627 terra,
2059 1561 2154 1617 sed

578 1657 645 1712 de
669 1658 824 1714 coelo.
849 1656 981 1712 Cum
1003 1671 1131 1726 ergo
1157 1657 1422 1714 dicerem:
1452 1659 1592 1714 Deus
1614 1658 1791 1713 omnia
1813 1664 1968 1727 parat
1985 1656 2155 1712 servis

579 1752 708 1818 suis,
740 1752 848 1817 illi,
887 1751 938 1806 id
965 1759 1048 1808 est
1075 1751 1350 1816 increduli,
1379 1751 1492 1806 sive
1521 1750 1777 1805 immundi
1809 1750 2027 1818 spiritus
2054 1749 2154 1803 hu-

2245 560 2448 615 verbum
2493 569 2655 615 tuum.
2709 559 2999 614 Bonitatem
3027 569 3076 614 et
3115 558 3442 629 disciplinam
3483 567 3528 612 et
3560 561 3840 614 scientiam

2245 645 2372 705 doce
2397 667 2494 717 me,
2517 652 2636 722 quia
2661 651 2924 705 mandatis
2945 651 3046 704 tuis
3074 649 3290 704 credidi.
3315 648 3626 722 Priusquam
3666 651 3842 704 humi-

2246 742 2404 796 liarer
2427 733 2520 814 ego
2551 742 2759 815 deliqui,
2802 750 3074 815 propterea
3103 742 3359 814 eloquium
3386 749 3528 795 tuum
3558 743 3836 796 custodiri.

2248 835 2422 891 Bonus
2450 847 2503 890 es
2533 843 2606 900 tu,
2632 845 2682 890 et
2708 837 2763 890 in
2789 834 3018 891 bonitate
3063 841 3154 888 tua
3181 833 3306 888 doce
3333 851 3414 887 me
3433 833 3842 904 justiﬁcationes

2249 935 2384 981 tuas.
2414 925 2768 998 Multiplicata
2802 933 2879 981 est
2907 943 3060 999 super
3090 942 3172 980 me
3210 924 3457 996 iniquitas
3485 924 3839 995 superborum,

2247 1035 2343 1092 ego
2364 1026 2535 1072 autem
2579 1018 2638 1072 in
2660 1024 2768 1072 toto
2796 1015 2952 1072 corde
2987 1031 3098 1070 meo
3144 1014 3412 1069 scrutabor
3431 1013 3684 1069 mandata
3725 1024 3838 1068 tua.

2251 1111 2591 1186 Coagulatum
2636 1119 2712 1167 est
2747 1111 2880 1166 sicut
2927 1109 3009 1164 lac
3046 1125 3134 1164 cor
3159 1125 3351 1173 eorum,
3383 1124 3476 1179 ego
3514 1124 3629 1161 vero
3676 1107 3842 1178 legem

2253 1214 2394 1259 tuam
2413 1204 2689 1259 meditatus
2718 1219 2850 1258 sum.
2884 1199 3086 1257 Bonum
3113 1201 3239 1256 mihi
3267 1202 3388 1273 quia
3416 1199 3704 1253 ltumiliasti
3737 1215 3841 1262 me,

2249 1303 2306 1349 ut
2333 1295 2530 1350 discam
2552 1295 2956 1368 justiﬁcationes
2997 1301 3135 1347 tuas.
3187 1291 3390 1347 Bonum
3430 1290 3559 1344 mihi
3599 1290 3685 1344 lea:
3735 1291 3847 1344 oris

2252 1387 2344 1453 tui,
2374 1403 2528 1458 super
2552 1385 2718 1440 millia
2746 1382 2863 1438 auri
2880 1391 2931 1438 et
2954 1382 3177 1454 argenti.

2324 1480 2516 1536 Manus
2546 1490 2646 1536 tua:
2670 1481 3001 1552 feceruntgme
3027 1486 3077 1531 et
3096 1478 3476 1548 psalmauerunt
3497 1491 3595 1540 me,
3616 1474 3685 1528 da
3713 1473 3844 1528 mihi

2253 1574 2562 1629 intellectum
2590 1580 2646 1626 ut
2673 1571 2870 1626 discam
2895 1569 3145 1625 mandata
3166 1578 3272 1622 tua.
3306 1567 3406 1632 Qui
3436 1569 3616 1622 timent
3639 1575 3684 1620 te
3705 1566 3848 1620 vide-

2255 1663 2380 1718 bunt
2406 1672 2554 1718 meet
2582 1661 2913 1727 lwtabuntur,
2940 1661 3061 1732 quia
3085 1661 3140 1714 in
3170 1657 3318 1714 verba
3348 1667 3437 1712 tua
3465 1660 3842 1728 supersperari.

2257 1754 2498 1827 Cognovi,
2531 1753 2776 1821 Domine,
2799 1755 2919 1825 quia
2940 1755 3154 1826 aquilas
3173 1751 3373 1824 judicia
3399 1758 3487 1804 tua
3504 1790 3520 1814 ,
3551 1760 3602 1804 et
3628 1751 3683 1804 in
3709 1752 3844 1804 reri-

580 1841 664 1911 jus
693 1842 1085 1913 praedicationis
1113 1843 1392 1897 veritatem
1441 1842 1828 1898 convertebant
1857 1841 1909 1896 in
1939 1839 2162 1896 menda-
2188 1840 2239 1902 Β
2265 1857 2369 1901 tate
2396 1857 2480 1901 tua
2503 1847 2783 1902 humiliasti
2803 1862 2902 1900 me.
2935 1841 3058 1898 Fiat
3081 1841 3434 1898 misericordia
3455 1850 3545 1895 tua
3571 1850 3630 1893 ut
3657 1857 3845 1895 conso-

581 1938 742 1992 cium.
768 1936 846 1990 Tu
869 1949 1016 2014 ergo,
1050 1936 1291 2001 Domine,
1324 1951 1444 1991 cum
1472 1935 1826 2006 compleveris
1852 1933 1996 2004 quod
2021 1933 2087 1988 de
2107 1940 2161 1988 te

579 2027 708 2081 dum
733 2027 1006 2084 crederem
1038 2027 1338 2097 repromisl,
1371 2035 1426 2082 et
1453 2027 1557 2082 illis
1583 2025 1921 2096 respondebo
1961 2039 2160 2096 expro-

581 2118 1002 2174 brantibusmihi
1023 2121 1262 2184 verbum,
1287 2127 1340 2172 et
1367 2135 1472 2175 non
1499 2128 1582 2174 est
1600 2119 1806 2175 ablatus
1827 2135 1894 2174 ex
1923 2132 2018 2173 ore
2037 2131 2161 2172 meo

582 2224 762 2263 sermo
793 2209 1033 2264 veritatis
1061 2225 1466 2280 usquequaque,
1497 2211 1622 2279 quia
1647 2210 1786 2265 bene
1816 2209 1918 2266 feci
1949 2218 2007 2264 ut
2033 2223 2159 2279 spe-

581 2315 756 2358 rarem
793 2303 848 2357 in
868 2303 1203 2357 sermonibus
1232 2302 1503 2381 tuis.lNon
1525 2317 1652 2372 ergo
1681 2302 1978 2359 custodiam
2007 2317 2161 2356 num-

584 2411 700 2451 mos
750 2410 920 2460 meos,
951 2412 1058 2451 non
1091 2395 1304 2452 divitias
1330 2411 1496 2461 meas,
1528 2412 1635 2451 non
1664 2396 1885 2466 gloriam
1923 2397 2156 2460 inanem,

543 2522 552 2536 .
584 2484 678 2538 sed
709 2483 1006 2539 custodiam
1036 2485 1209 2552 legem
1237 2493 1382 2539 tuam
1409 2501 1622 2556 semper
1659 2485 1712 2540 in
1739 2494 2017 2540 aeternum.
2048 2484 2161 2538 Διιι

586 2573 814 2629 divimus
853 2590 997 2630 nunc
1023 2575 1150 2645 quid
1195 2575 1446 2645 estquod
1485 2576 1628 2630 dicat
1673 2591 1732 2631 se
1779 2576 2079 2631 ambulasse
2107 2577 2162 2632 in

584 2664 880 2732 latitudine,
928 2667 1051 2738 quia
1089 2666 1336 2721 mandata
1367 2666 1461 2721 Dei
1498 2667 1760 2736 qumsivit,
1791 2681 1910 2722 cum
1937 2665 2161 2723 latitudo

585 2759 651 2814 ad
680 2768 908 2815 mortem
940 2759 1117 2816 ducat.
1142 2758 1258 2815 Non
1289 2760 1359 2814 ita
1389 2767 1471 2815 est
1500 2760 1600 2814 ista
1629 2759 1874 2815 latitudo.
1906 2759 1997 2815 Vis
2023 2760 2162 2816 scire

585 2850 853 2919 quomodo
881 2852 1116 2906 ambulat
1142 2852 1305 2907 homo
1333 2852 1387 2906 in
1412 2851 1728 2906 latitudine?
1747 2850 1880 2918 Quia
1911 2851 2160 2906 mandata

587 2940 682 2994 Dei
711 2941 958 3010 exquirit.
991 2941 1179 2997 Latum
1204 2943 1440 2997 ambulat
1462 2958 1619 3013 quem
1648 2942 1870 2998 affectus
1897 2959 2003 2999 non
2033 2943 2161 3012 ligat

586 3032 780 3094 carnis,
807 3034 1066 3103 spatiatur
1085 3048 1243 3102 quem
1268 3049 1448 3089 rerum
1475 3035 1696 3089 sarcinae
1724 3050 1830 3090 non
1859 3043 2154 3090 coarctant.

587 3121 846 3193 Loquitur
868 3127 1171 3181 testimonia
1221 3125 1318 3180 Dei
1345 3127 1504 3182 etiam
1533 3128 1584 3182 in
1631 3136 1921 3197 conspectu
1948 3143 2155 3198 regum,

2263 1939 2396 1994 letur
2421 1957 2521 2003 me,
2549 1938 2827 1993 secundum
2847 1937 3102 2010 eloquium
3132 1944 3272 1988 tuum
3311 1950 3452 1988 servo
3482 1942 3589 1987 tuo.
3623 1931 3846 1988 Veniant

2262 2032 2387 2087 mihi
2415 2032 2772 2085 miserationes
2801 2038 2900 2084 tua:
2920 2037 2969 2082 et
2992 2029 3175 2091 vivam,
3201 2029 3320 2094 quia
3355 2027 3439 2081 lex
3464 2036 3554 2079 tua
3579 2026 3844 2080 meditatio

2262 2140 2377 2178 mea
2390 2131 2485 2177 est.
2502 2121 2899 2194 Confundantur
2921 2120 3143 2192 superbi,
3167 2121 3287 2191 quia
3311 2119 3504 2189 injuste
3523 2118 3843 2188 iniquitatem

2263 2217 2491 2288 fecerunt
2535 2215 2589 2267 in
2618 2230 2717 2278 me,
2747 2230 2840 2285 ego
2869 2221 3037 2266 autem
3066 2208 3405 2265 exerceborin
3432 2208 3693 2262 mandatis
3723 2209 3844 2260 tuis.

2262 2306 2634 2362 Convertuntur
2657 2304 2783 2359 mihi
2805 2305 3036 2358 timentes
3065 2311 3132 2367 te,
3161 2310 3209 2355 et
3233 2303 3317 2372 qui
3346 2309 3594 2353 noverunt
3615 2299 3844 2352 testim0<

2261 2401 2350 2454 nia
2381 2406 2487 2452 tua.
2519 2395 2643 2450 Fiat
2664 2413 2750 2450 cor
2777 2411 2942 2449 meum
2980 2394 3364 2449 immaculatum
3384 2392 3438 2446 in
3455 2389 3841 2461 justiﬁcationi-

2263 2490 2354 2545 bus
2376 2492 2494 2555 tuis,
2516 2499 2572 2543 ut
2593 2505 2696 2542 non
2719 2487 3029 2560 confundor.

2832 2635 3268 2676 COIIENTAMIYM.

2334 2756 2603 2813 Hactenus
2631 2772 2660 2812 a
2691 2757 2869 2828 capite
2915 2773 3053 2813 unus
3080 2765 3162 2812 est
3189 2770 3395 2811 sensus.
3448 2751 3622 2810 Aliter
3669 2753 3842 2825 incipit

2262 2858 2442 2905 textus
2462 2850 2689 2914 orantis,
2719 2863 2826 2918 quo
2855 2849 2930 2903 ait
2957 2868 2970 2902 :
3001 2847 3291 2912 Memento,
3324 2845 3573 2912 Domine,
3598 2845 3744 2901 verbi
3775 2844 3845 2901 tui

2261 2957 2419 2997 servo
2447 2949 2560 3007 tuo,
2591 2941 2643 2996 in
2671 2955 2779 3011 quo
2804 2941 2934 2995 mihi
2973 2955 3122 3010 spem
3148 2938 3360 2994 dedisti.
3387 2937 3447 2993 ln
3472 2938 3577 2993 hac
3604 2938 3846 2993 Oratione

2263 3047 2423 3087 omne
2450 3032 2727 3087 hominem
2751 3031 3064 3102 deplorabat
3090 3044 3275 3099 genus.
3305 3027 3549 3085 Perierat
3575 3045 3734 3085 omne
3761 3043 3846 3099 ge—

2265 3138 2365 3178 nus
2390 3123 2669 3178 hominum
2695 3123 2750 3178 in
2779 3121 3220 3194 prtevaricatione
3249 3119 3397 3184 Adae,
3445 3128 3502 3175 et
3529 3120 3846 3190 promissum

587 3223 642 3270 et
688 3215 832 3270 nulla
875 3215 1187 3272 confusione
1233 3216 1442 3272 dicetur
1489 3219 1538 3272 ei
1581 3236 1593 3272 :
1626 3217 1704 3272 Tu
1751 3218 2008 3289 possides,
2040 3219 2167 3289 quid
2190 3209 2241 3276 α
2271 3214 2445 3269 fuerat
2468 3213 2702 3270 Verbum
2732 3214 2827 3270 Dei
2854 3221 3138 3270 venturum
3169 3213 3222 3268 ίη
3261 3215 3446 3278 εἴπειέ,
3471 3221 3527 3267 ει
3553 3228 3655 3282 ρει·
3681 3213 3846 3282 ipsum

587 3315 957 3378 contemptum
985 3308 1244 3379 prmdicas
1267 3309 1487 3365 mundi?
1523 3308 1675 3366 Nulla
1706 3310 2008 3381 trepidatio,
2040 3311 2163 3380 quia

586 3415 686 3455 nec
729 3399 952 3470 gloriam
996 3401 1064 3457 ab
1091 3416 1178 3468 eo,
1223 3417 1323 3458 nec
1367 3417 1585 3458 censum
1614 3411 1919 3474 exspectat,
1958 3403 2051 3458 sed
2097 3401 2165 3456 ad

586 3489 754 3547 Deum
773 3493 946 3548 solum
975 3493 1118 3549 levat
1137 3509 1326 3549 manus
1353 3510 1496 3560 suas,
1519 3509 1678 3566 quem
1702 3493 1873 3549 solum
1895 3493 2083 3562 diligit,
2111 3501 2166 3548 et

589 3590 870 3637 exercetur
898 3583 949 3636 in
974 3582 1445 3652 justificationibus
1471 3585 1604 3654 ejus,
1633 3586 1725 3656 qui
1767 3593 1954 3654 regnat
1982 3586 2036 3641 in
2066 3601 2166 3641 sae-

588 3672 707 3730 cula
733 3664 1063 3732 surculorum.
1096 3674 1285 3732 Amen.

885 3805 1194 3865 PSALMUS
1230 3807 1437 3865 cxvm
1476 3810 1624 3882 (vers.
1655 3809 1861 3884 49.80).

611 4017 614 4020 q
658 3939 860 3999 Memor
884 3953 994 4000 esto
1033 3944 1168 4000 verbi
1199 3947 1272 4000 tui
1318 3962 1460 4002 serra
1491 3954 1597 4011 tuo,
1640 3947 1692 4000 in
1741 3963 1838 4019 quo
1873 3945 2000 4002 mihi
2028 3963 2167 4018 spem

495 4056 500 4061 ι
591 4033 796 4089 dedisti.
825 4033 955 4090 Han:
981 4053 1062 4090 me
1081 4037 1347 4091 consolata
1373 4044 1450 4091 est
1485 4038 1540 4091 in
1569 4038 1855 4092 humilitate
1886 4055 2018 4103 mea,
2048 4039 2169 4110 quia

591 4128 843 4198 eloquium
872 4135 1012 4182 tuum
1039 4127 1317 4198 viviﬁcabit
1360 4146 1457 4182 me.
1492 4128 1708 4200 Superbi
1753 4130 1926 4201 inique
1952 4129 2172 4201 agebant

593 4230 964 4287 usquequaque,
996 4233 1029 4268 a
1070 4215 1177 4286 lege
1206 4224 1373 4270 autem
1404 4223 1492 4269 tua
1528 4233 1633 4270 non
1670 4217 1940 4270 declinavi.
1973 4216 2174 4272 Memor

593 4306 670 4377 fui
699 4305 1006 4372 iudiciorum
1027 4315 1228 4361 tuorum
1255 4325 1288 4360 a
1307 4307 1514 4370 swculo,
1548 4307 1785 4372 Domine,
1814 4317 1862 4361 et
1881 4308 2172 4364 consolatus

594 4408 724 4448 sum.
759 4392 993 4466 Defectio
1014 4395 1173 4448 tenuit
1193 4412 1292 4462 me,
1320 4411 1413 4466 pro
1441 4397 1787 4467 peccatoribus
1817 4397 2172 4469 derelinquen-

595 4484 727 4540 tibus
750 4486 911 4557 legem
939 4495 1099 4541 tuam.
1133 4486 1426 4542 Cantabiles
1455 4489 1582 4544 mihi
1609 4498 1760 4543 erant
1772 4491 2174 4561 justi/icationes

2266 3321 2435 3375 genus
2481 3315 2724 3362 nostrum
2773 3314 3213 3379 recuperaturum
3242 3307 3296 3360 in
3339 3305 3550 3360 melius.
3583 3303 3847 3360 Clamatur

2266 3411 2431 3466 ergo:
2477 3397 2746 3454 Memento
2771 3399 2920 3454 verbi
2950 3399 3026 3454 tui
3054 3414 3212 3454 servo
3261 3407 3376 3463 tuo,
3407 3397 3459 3452 id
3506 3406 3623 3460 ρει,
3666 3398 3847 3466 generi

2265 3486 2522 3555 humano,
2571 3488 2626 3542 in
2663 3502 2771 3558 quo
2809 3488 2939 3544 mihi
2977 3504 3128 3560 spem
3181 3486 3389 3542 dedisti.
3434 3485 3558 3542 limo
3609 3502 3735 3556 spes
3763 3502 3850 3540 me

2266 3579 2546 3635 consolata
2575 3588 2659 3636 est
2687 3581 2741 3636 in
2769 3581 3069 3636 humilitate
3105 3596 3248 3645 mea,
3271 3580 3387 3635 dum
3415 3577 3631 3648 superbi
3659 3578 3847 3646 inique

2267 3679 2492 3742 agerent
2510 3685 2922 3744 usquequaque;
2966 3671 3016 3727 id
3045 3681 3148 3738 est,
3199 3672 3316 3726 dum
3342 3667 3592 3724 immundi
3621 3667 3841 3737 spiritus

2269 3762 2342 3818 ita
2370 3763 2601 3834 superbe
2623 3772 2865 3833 agerent,
2891 3772 2950 3819 ut
2968 3773 3020 3820 et
3041 3764 3292 3835 capitolia
3313 3761 3410 3818 sibi
3435 3769 3490 3816 et
3512 3759 3713 3830 templa
3738 3757 3850 3814 alta

2269 3863 2662 3911 construerent.
2705 3854 2820 3924 Ego
2856 3871 3066 3912 memor
3100 3855 3174 3911 fui
3227 3852 3548 3924 indiciorum
3598 3860 3851 3916 tuorum,

2269 3947 2395 4016 quia
2415 3946 2711 4018 promisisti
2731 3945 2964 4002 Verbum
3004 3953 3155 4002 tuum
3198 3945 3384 4002 venire
3412 3943 3478 3998 ad
3527 3941 3852 3998 destructio-

2271 4051 2395 4093 nem
2424 4052 2631 4093 eorum.
2661 4035 2778 4094 Hoc
2822 4053 3032 4094 memor
3057 4037 3152 4103 fui,
3183 4045 3239 4093 et
3265 4034 3575 4092 consolatus
3601 4048 3741 4097 sum,
3770 4041 3853 4087 ta-

2269 4142 2393 4184 men
2415 4128 2468 4184 iu
2497 4129 2769 4199 praesenti,
2800 4127 3031 4184 defectio
3053 4128 3216 4199 animi
3237 4127 3410 4182 tenuit
3427 4141 3517 4181 me
3542 4140 3644 4197 pro
3667 4137 3853 4195 peccat

2273 4222 2480 4278 toribus
2507 4222 3001 4294 derelinquentibus
3029 4222 3199 4291 legem
3230 4230 3399 4287 tuam,
3429 4229 3487 4274 et
3513 4218 3765 4274 euntibus
3789 4213 3854 4271 ad

2273 4313 2446 4381 legem
2465 4312 2786 4381 daemonum,
2815 4329 2934 4384 qua:
2977 4313 3232 4382 agebatur
3251 4313 3305 4367 in
3330 4312 3576 4383 templis;
3611 4309 3741 4365 mihi
3772 4318 3853 4364 ta-
3877 4315 3880 4317 ‘

2275 4419 2395 4459 men
2424 4404 2718 4461 cantabiles
2743 4413 2898 4460 erant
2920 4403 3327 4476 iustificationes
3351 4412 3459 4458 tuae
3482 4403 3535 4457 in
3565 4402 3682 4457 loco
3704 4415 3856 4472 pere.

2276 4495 2591 4563 grinationis
2617 4511 2771 4561 mem,
2801 4496 2889 4550 ubi
2920 4495 3125 4551 advena
3169 4495 3583 4566 comprobabar.
3615 4491 3857 4563 Denique

596 4589 698 4635 tua:
725 4581 779 4633 in
802 4580 914 4633 loco
942 4581 1371 4650 peregrinationis
1397 4597 1538 4636 mean
1565 4581 1765 4636 Memor
1793 4585 1866 4655 [ui
1907 4593 2052 4638 nocte
2079 4602 2176 4640 no-
2204 4583 2257 4646 D
2281 4588 2410 4643 tolle
2451 4587 2629 4643 subito
2655 4585 3037 4652 Christianum,
3071 4597 3125 4643 et
3162 4603 3304 4659 pone
3347 4587 3490 4641 inter
3513 4584 3732 4640 Judasos
3771 4590 3861 4638 aut

594 4672 746 4727 minis
774 4668 1128 4737 tui,'Domine,
1161 4678 1211 4724 et
1231 4671 1479 4725 custodivi
1507 4671 1666 4743 legem
1694 4679 1854 4727 tuam.
1887 4672 2003 4727 Hac
2033 4675 2173 4746 facta

565 4773 569 4776 ‘
596 4769 668 4815 est
689 4761 834 4827 mihi,
850 4763 969 4833 quia
984 4761 1384 4832 justiﬁeationes
1412 4769 1526 4816 tuas
1547 4762 1812 4834 exquisivi.

665 4849 848 4904 Portio
886 4867 1021 4914 mea,
1072 4849 1312 4917 Domine,
1340 4851 1452 4905 dixi
1497 4851 1755 4906 custodire
1800 4855 1956 4925 legem
2011 4863 2178 4910 tuam.‘

598 4937 910 5010 Deprecatus
930 4957 1041 4994 sum
1067 4941 1250 5011 faciem
1271 4951 1412 4996 tuam
1452 4942 1506 4996 in
1541 4951 1648 4997 toto
1675 4944 1827 4998 corde
1860 4962 1992 5009 meo,
2023 4947 2175 5000 mise-

597 5049 711 5086 rere
737 5032 838 5086 mei
856 5032 1132 5086 secundum
1151 5035 1405 5106 eloquium
1434 5043 1594 5089 tuum.
1621 5034 1851 5108 Cogitavi
1876 5038 1984 5092 vias
2013 5025 2180 5103 meas,

597 5134 646 5180 et
674 5123 897 5178 converti
915 5125 1066 5195 pedes
1098 5141 1234 5179 meos
1264 5126 1318 5179 in
1352 5129 1646 5182 testimonia
1676 5136 1782 5182 tua.
1816 5127 2042 5184 Paratus
2062 5146 2174 5184 sum

597 5226 645 5270 et
673 5233 775 5271 non
799 5232 910 5269 sum
931 5215 1183 5280 turbatus,
1208 5224 1262 5268 ut
1283 5218 1564 5271 custodiam
1594 5218 1840 5272 mandata
1861 5226 1967 5273 tua.
2001 5217 2176 5273 Funes

599 5309 924 5376 peccatorum
957 5306 1288 5376 circumplea‘i
1321 5314 1440 5360 sunt
1472 5324 1570 5372 me,
1603 5316 1650 5362 et
1679 5308 1842 5379 legem
1890 5317 2027 5362 tuam
2073 5325 2178 5363 non

600 5412 712 5450 sum
756 5397 960 5451 oblitus.
1012 5396 1188 5451 Media
1235 5406 1382 5452 nocte
1426 5397 1693 5470 surgebam
1721 5399 1791 5452 ad
1834 5400 2203 5470 conﬁtendum,

603 5488 713 5551 tibi,
739 5505 891 5559 super
923 5488 1124 5559 judicia
1165 5488 1559 5560 justificationis
1605 5497 1725 5543 tua’.
1773 5488 2042 5560 Particeps
2083 5507 2178 5562 ego

605 5592 716 5630 sum
748 5579 976 5632 omnium
1018 5581 1300 5634 timentium
1336 5587 1404 5643 te,
1436 5587 1484 5633 et
1512 5578 1904 5633 custodientium
1931 5583 2177 5634 mandata

607 5671 713 5718 tua.
743 5666 1099 5723 Misericordia
1125 5678 1231 5736 tua,
1264 5670 1505 5736 Domine,
1536 5671 1690 5743 plena
1725 5679 1801 5726 est
1837 5679 1996 5738 terra,
2021 5673 2180 5743 justi-

594 5753 871 5840 jicationes
902 5768 1014 5813 tuas
1041 5761 1168 5815 doce
1193 5779 1289 5816 me.

2272 4679 2518 4747 gentiles,
2540 4694 2718 4734 nonne
2742 4679 2947 4734 advena
2966 4679 3194 4742 videtur,
3223 4678 3347 4733 licet
3372 4677 3424 4731 in
3452 4691 3548 4731 sua
3574 4674 3712 4729 urbe
3735 4689 3862 4730 con-

2273 4771 2460 4826 sistat?
2488 4770 2584 4836 lbi,
2617 4771 2806 4840 inquit,
2837 4780 3016 4827 tamen
3048 4770 3339 4826 cantabiles
3368 4769 3499 4823 mihi
3520 4776 3683 4823 erant
3705 4767 3863 4836 justi-

2271 4862 2545 4917 licationes
2591 4871 2714 4927 tum,
2757 4871 2812 4916 et
2861 4863 3058 4932 injuste
3102 4862 3380 4930 agentibus
3427 4875 3534 4914 non
3577 4860 3852 4914 tacebam.

2275 4953 2481 5009 Memor
2511 4969 2658 5008 eram
2711 4955 2764 5008 in
2795 4962 2954 5009 nocte
2996 4953 3225 5008 nominis
3252 4952 3348 5017 tui,
3401 4951 3649 5015 Domine,
3680 4950 3739 5005 id
3766 4957 3865 5012 est.

2277 5045 2327 5099 in
2353 5044 2650 5119 tenebrosis
2676 5044 2951 5099 hominum
2973 5042 3214 5099 conciliis
3226 5043 3448 5114 positus,
3473 5055 3693 5096 memor
3721 5055 3869 5095 eram

2277 5134 2510 5189 nominis
2540 5135 2638 5201 tui,
2666 5143 2720 5188 et
2745 5134 3007 5189 custodiri
3040 5133 3211 5203 legem
3234 5142 3404 5197 tuam,
3434 5147 3541 5185 non
3571 5145 3664 5185 me
3692 5146 3874 5186 exem-

2277 5224 2364 5294 pla
2397 5224 2686 5279 multorum
2713 5240 2742 5279 a
2773 5232 2920 5280 recto
2949 5235 3137 5279 tenore
3163 5223 3509 5278 revocabant.
3555 5219 3694 5276 lizec
3724 5221 3876 5275 deni-

2279 5331 2384 5385 que
2433 5317 2547 5371 sola
2578 5317 2708 5370 mihi
2741 5315 2879 5371 facta
2927 5325 3008 5370 est
3054 5315 3250 5386 portio,
3281 5315 3404 5383 quia
3445 5309 3877 5381 iustificationes

2281 5417 2397 5463 tuas
2419 5409 2700 5478 exquisivi,
2732 5423 2852 5464 cum
2880 5407 3141 5463 discerem
3173 5398 3444 5463 custodire
3484 5403 3663 5472 legem
3698 5413 3873 5457 tuam.

2281 5497 2405 5554 Haec
2432 5499 2546 5554 sola
2570 5499 2707 5554 facta
2738 5508 2820 5566 est
2840 5499 2968 5554 mihi
2992 5499 3186 5570 portio.
3219 5497 3352 5554 Cum
3386 5495 3528 5551 enim
3551 5495 3629 5550 illi
3661 5495 3774 5550 sibi
3797 5495 3877 5549 di-

2279 5590 2521 5644 viderent
2548 5604 2723 5659 agros,
2755 5590 2965 5655 domus,
2998 5591 3200 5656 vineas,
3233 5588 3538 5658 gloriasque
3558 5585 3761 5641 mundi
3791 5585 3878 5640 di-

2279 5695 2480 5746 versas,
2511 5696 2598 5736 me
2631 5681 2888 5736 inermem
2917 5697 2948 5735 a
2995 5697 3094 5737 suo
3119 5678 3471 5737 contubernio
3499 5675 3875 5745 reliquerunt,

2279 5769 2554 5826 dicentes:
2582 5768 2639 5826 Si
2667 5786 2774 5826 non
2822 5772 2875 5826 in
2908 5787 3047 5843 pane
3082 5769 3263 5827 vivere
3288 5779 3462 5841 potes,
3487 5766 3581 5822 sed
3608 5767 3670 5822 in
3701 5767 3882 5826 verbo
