4088 6346
211 347 316 403 515

1128 345 1599 413 COMMENTARII
1637 359 1705 415 IN
1743 361 2070 420 PSALMOS.
2115 365 2304 422 PSAL.
2347 370 2569 427 CXVIII.

3387 343 3493 436 1m

209 463 324 526 Dei.
356 463 472 520 haec
490 461 693 519 sola'sit
713 464 806 519 tibi
831 466 1025 536 portio.
1050 465 1118 522 Et
1139 483 1241 539 ego
1260 468 1372 524 dixi
1395 470 1522 526 tibi:
1549 471 1796 540 Domine,
1826 477 1878 539 Α
1904 487 2106 544 autem,
2149 480 2244 546 ait,
2279 497 2384 537 non
2415 484 2614 541 recessi
2641 499 2672 538 a
2701 485 2982 556 patientia,
3014 487 3109 544 sed
3136 490 3325 562 emptis
3363 493 3491 549 insi-

207 553 464 609 miserere
491 553 596 610 mei
649 556 944 612 secundum
973 558 1250 629 eloquium
1281 569 1451 617 tuum.
1485 562 1562 618 Tu
1593 565 1797 635 promi-

206 646 321 701 sisti
351 654 412 700 ut
431 646 564 701 nihil
595 647 786 702 borum
807 651 1167 721 requiramus;
1191 669 1298 709 non
1329 655 1460 710 mibi
1487 658 1799 727 promissio-

207 752 331 793 nem
357 745 506 792 tuam
537 747 758 809 peccata
783 755 901 796 mea
928 742 1242 813 impediant,
1272 746 1397 816 quia
1425 747 1657 818 cogitavi
1685 750 1798 808 vias

209 839 345 886 tuas.
381 829 449 886 Et
495 833 734 888 converti
780 833 945 905 pedes
999 852 1152 892 meos
1187 838 1256 893 ad
1313 841 1615 898 testimonia
1681 851 1790 899 tua.

206 923 360 980 Nunc
380 932 561 980 autem
587 935 807 996 paratus
849 943 988 997 sum,
1017 937 1074 985 et
1112 947 1221 988 non
1249 949 1368 988 sum
1394 936 1656 1005 turbatus,
1685 954 1794 995 non

204 1032 293 1073 me
333 1017 555 1074 tun-bet:
587 1019 822 1076 triticum
865 1038 972 1078 non
1003 1032 1086 1080 est
1125 1024 1178 1079 in
1207 1025 1425 1093 horreo,
1455 1029 1634 1086 oleum
1685 1047 1793 1087 non

204 1116 288 1164 est
335 1109 391 1164 in
444 1111 684 1176 vasculo,
739 1128 986 1169 nummus
1028 1131 1135 1172 non
1181 1127 1265 1174 est
1293 1119 1345 1174 in
1396 1121 1632 1188 sacculo,
1672 1137 1794 1179 ves-

205 1201 492 1256 timentum
514 1201 573 1257 in
595 1203 827 1260 conditis
853 1219 958 1261 non
989 1216 1088 1275 est,
1111 1211 1392 1281 expeditus
1411 1228 1549 1281 sum,
1575 1223 1796 1286 paratus

203 1311 348 1364 sum,
383 1305 442 1352 et
470 1298 525 1354 in
547 1289 551 1294 ’
572 1299 673 1356 hac
697 1311 1018 1373 paupertate
1052 1321 1158 1362 non
1197 1324 1315 1365 sum
1340 1312 1600 1369 turbatus.
1632 1313 1700 1370 Et
1726 1315 1794 1371 ad

125 1395 138 1410 ‘
201 1389 332 1459 quid
362 1398 584 1460 paratus
604 1393 699 1448 es?
721 1391 791 1448 Ut
813 1396 1134 1466 custodiam,
1174 1400 1364 1471 inquit,
1396 1405 1650 1461 mandata
1677 1414 1790 1472 tua,

201 1487 258 1535 et
285 1481 418 1538 licet
440 1482 594 1540 funes
620 1494 877 1555 peccator
897 1487 950 1544 in
974 1491 1360 1550 tenebrositate
1387 1495 1662 1565 distendit,
1689 1513 1792 1569 ego

200 1583 259 1631 et
286 1575 504 1635 funibus
527 1587 869 1648 peccatorum
899 1582 1310 1656 circumplexus,
1343 1597 1398 1644 et
1423 1589 1476 1644 in
1491 1591 1684 1648 mediis
1712 1601 1794 1649 te-

200 1667 389 1723 nebris
417 1670 643 1740 positus,
670 1673 954 1742 surgebam
975 1675 1044 1730 ad
1072 1676 1434 1737 conﬁtendum
1451 1683 1566 1751 tibi,
1591 1684 1792 1741 vadens

199 1776 372 1832 super
392 1761 592 1832 judicia
633 1762 854 1833 iustitia:
884 1774 1007 1823 tuae.
1043 1769 1422 1829 Desiderabam
1451 1776 1595 1831 enim
1625 1778 1790 1848 parti-

1899 576 2066 635 stens,
2092 570 2144 625 in
2175 578 2290 627 toto
2319 573 2486 629 corde
2509 590 2634 630 meo
2661 578 2943 632 scrutabar
2981 578 3153 648 legem
3179 588 3345 636 tuam.
3379 583 3485 640 Ve-

1898 677 2015 717 rum
2043 665 2166 734 quia
2189 665 2451 720 orandum
2481 675 2565 722 est
2586 677 2642 722 ut
2661 671 2888 740 quietam
2908 680 2959 726 et
2981 673 3317 746 tranquile
3332 678 3489 732 vitam

1896 771 2109 826 agamus
2141 755 2201 826 (l
2227 755 2357 811 Tim.
2393 758 2482 826 ιι),
2507 758 2596 813 isti
2624 775 2655 814 a
2679 776 2767 815 me
2809 771 3141 819 avertantur.
3174 764 3242 820 Et
3265 782 3489 824 conver-

1896 853 2081 901 tantur
2108 847 2178 901 ad
2198 863 2286 904 me
2313 849 2405 918 qui
2436 849 2625 907 timent
2646 859 2720 914 te,
2745 860 2801 908 et
2826 854 2919 923 qui
2947 865 3219 913 noverunt
3243 860 3489 916 testimo-

1897 937 1985 994 nia
2013 947 2123 1007 tua,
2155 941 2280 1010 quia
2324 957 2423 1013 per
2465 943 2782 1000 societatem
2820 946 3083 1003 bonorum
3133 949 3361 1008 elﬁcitur
3395 968 3490 1009 eor

1897 1039 2138 1088 nostrum
2159 1034 2436 1100 mundum,
2463 1035 2515 1091 in
2538 1035 3012 1106 justiﬁeationibus
3039 1039 3272 1109 Domini,
3298 1052 3356 1099 ut
3382 1060 3489 1103 non

1894 1122 2302 1181 oonfundamur.
2330 1125 2444 1183 Hoc
2466 1136 2644 1184 autem
2684 1138 2901 1200 prazstat
2939 1131 3053 1203 ipse
3079 1133 3259 1200 solus,
3289 1135 3382 1206 qui
3407 1142 3488 1194 est

1895 1213 1949 1270 in
1976 1215 2197 1272 dextera
2219 1216 2412 1284 Patris,
2430 1220 2521 1290 qui
2551 1220 2856 1293 interpellat
2881 1240 2982 1295 pro
3010 1225 3186 1293 nobis,
3203 1228 3290 1283 cui
3317 1229 3487 1297 gloria

1893 1306 2053 1362 simul
2078 1322 2202 1364 cum
2230 1308 2389 1367 Patre
2408 1319 2463 1367 et
2489 1311 2691 1384 Spiritu
2719 1322 2908 1372 sancto
2935 1317 2988 1372 in
3011 1319 3216 1378 unitate
3235 1320 3478 1390 Deitatis,

1893 1412 1992 1469 per
2014 1399 2196 1456 omnia
2216 1401 2407 1457 srecula
2427 1403 2764 1460 saeculorum.
2792 1405 2980 1463 Amen.

2163 1532 2478 1594 PSALMUS
2515 1537 2722 1624 cxvm
2761 1542 2913 1610 (vers.
2946 1542 3198 1615 8l-l76).

1962 1665 2166 1738 Deiecit
2204 1670 2260 1722 in
2308 1671 2526 1725 salutari
2575 1680 2660 1727 tuo
2714 1674 2892 1727 anima
2939 1691 3070 1741 mea,
3101 1687 3150 1730 et
3195 1679 3244 1730 in
3285 1678 3484 1734 verbum

1892 1765 2032 1811 tuum
2077 1760 2449 1830 supersperavi.
2476 1759 2790 1834 Defecerunt
2831 1764 2966 1818 oculi
2995 1766 3092 1819 mei
3139 1767 3192 1819 in
3232 1767 3484 1838 eloquium

199 1867 335 1924 ceps
383 1851 498 1909 ﬁeri
547 1855 848 1912 timentium
879 1867 952 1927 te,
981 1869 1037 1915 et
1079 1864 1495 1925 custodientium
1540 1869 1790 1927 mandata

1894 1858 2054 1915 tuum,
2084 1850 2311 1907 dicentes
2339 1873 2358 1912 :
2389 1852 2609 1918 Quando
2637 1856 2984 1912 consolaberis
3027 1875 3123 1912 me.
3159 1857 3292 1923 Quia
3322 1864 3486 1932 [actus

201 1954 316 2000 tua.
346 1943 764 2004 Considerabam
796 1957 974 2007 tamen
1004 1964 1225 2023 peccata
1273 1973 1412 2025 mea,
1444 1960 1538 2015 sed
1586 1963 1794 2020 miseri-

197 2035 443 2091 cordiam
488 2045 633 2093 tuam
663 2041 875 2110 plenius
902 2044 1205 2112 cogitabam
1236 2056 1292 2103 et
1337 2048 1581 2106 dicebam
1615 2071 1626 2106 :
1659 2037 1816 2121 Quia.

198 2127 575 2184 misericordia
601 2139 691 2186 tua
721 2133 879 2202 plena
908 2143 991 2190 est
1020 2144 1184 2191 terra.
1215 2139 1353 2207 Quid
1393 2150 1495 2208 est,
1527 2143 1684 2213 plena
1714 2154 1798 2201 est

203 2226 354 2272 terra
383 2219 752 2276 misericordia
802 2221 934 2279 Dei?
964 2224 1408 2285 Medicamentum
1446 2242 1531 2288 est
1581 2235 1791 2291 animat.

195 2307 660 2367 Medicamentum
706 2322 886 2369 autem
933 2317 1148 2388 quando
1193 2321 1502 2380 vulneribus
1545 2325 1818 2397 mittitur,

193 2399 306 2455 nisi
355 2400 688 2471 impleverit,
733 2405 955 2461 vulnera
1010 2423 1118 2463 non
1150 2421 1426 2468 curantur.
1457 2415 1622 2472 Terra
1667 2435 1796 2490 ergo

190 2489 404 2563 corpus
427 2502 668 2549 nostrum
699 2504 802 2562 est,
832 2498 974 2567 quod
999 2515 1097 2571 per
1115 2503 1294 2559 omnia
1325 2507 1562 2563 membra
1588 2489 1796 2580 spirita-

191 2581 275 2636 lia
303 2583 528 2637 vulnera
557 2586 926 2644 contrahendo
955 2606 1091 2661 opus
1118 2592 1301 2650 habuit
1321 2595 1675 2664 Saliatorem.
1699 2619 1792 2658 cu-

197 2672 302 2742 jus
331 2673 698 2731 misericordia
725 2677 1037 2749 impleretur
1065 2691 1225 2750 terra,
1265 2694 1321 2742 et
1347 2688 1580 2746 salvatos
1594 2692 1790 2761 justiﬁ-

190 2762 452 2818 cationes
477 2780 602 2820 suas
630 2766 868 2824 doceret.
899 2770 1141 2843 Denique
1162 2776 1235 2831 ita
1266 2779 1542 2850 sequitur:
1590 2781 1658 2838 Ut
1685 2785 1786 2842 bos

191 2853 426 2910 nitatem
456 2862 510 2910 et
551 2856 884 2928 disciplinam
923 2871 977 2917 et
1018 2865 1328 2935 scientiam,
1357 2869 1562 2941 inquit,
1592 2872 1789 2933 doceas

192 2959 307 3000 me.
341 2944 476 3013 Quia
497 2948 760 3005 mandatis
790 2951 892 3007 tuis
913 2955 1112 3011 credidi
1137 2972 1258 3028 ego,
1283 2960 1473 3033 inquit,
1499 2965 1591 3033 qui
1616 2967 1790 3035 prius-

193 3053 363 3109 quam
393 3037 487 3093 tibi
517 3039 828 3098 humiliarer
854 3043 1076 3118 deliqui.
1110 3048 1262 3106 Nunc
1283 3060 1410 3109 vero
1438 3054 1563 3124 quia
1583 3055 1791 3112 miseri-

194 3131 385 3187 cordia
416 3140 505 3187 tua
535 3135 691 3205 plena
715 3144 799 3192 est
830 3146 992 3204 terra,
1019 3149 1306 3213 propterea
1340 3145 1553 3216 eloquia
1580 3155 1673 3202 tua
1697 3165 1791 3204 cu-

1895 1959 2007 1996 sum
2037 1944 2170 1998 sicut
2196 1954 2309 1998 uter
2337 1945 2392 1999 in
2437 1947 2646 2016 pruina,
2673 1949 3077 2018 justiﬁcatianes
3110 1959 3222 2004 tuas
3247 1966 3347 2004 non
3376 1969 3486 2006 sum

1894 2033 2101 2088 oblitus.
2135 2033 2270 2101 Quot
2293 2046 2418 2090 sunt
2433 2038 2540 2093 dies
2571 2040 2702 2094 servi
2732 2041 2826 2105 tui,
2856 2041 3062 2111 quando
3085 2043 3243 2113 facies
3285 2042 3346 2097 de
3373 2060 3489 2114 per-

1893 2123 2218 2194 sequentibus
2247 2143 2326 2180 me
2347 2127 2618 2197 judicium.
2656 2127 3017 2184 Narrarerunt
3048 2132 3176 2186 mihi
3217 2134 3378 2205 iniqui
3407 2135 3488 2205 fa-

1897 2215 2203 2283 bulationes,
2233 2219 2324 2273 sed
2350 2236 2452 2274 non
2479 2231 2533 2274 ut
2560 2221 2644 2276 lex
2665 2232 2770 2276 tua.
2798 2221 2988 2278 Omnia
3016 2227 3264 2280 mandata
3285 2237 3372 2282 tua
3401 2246 3486 2282 re-

1896 2308 2047 2372 ritas,
2072 2310 2236 2382 iniqui
2263 2313 2512 2380 persecuti
2533 2321 2654 2368 sunt
2681 2331 2779 2380 me,
2803 2315 2992 2387 adjuva
3020 2334 3118 2372 me.
3148 2317 3489 2376 Paulominus

1894 2401 2325 2470 conﬁrmaverunt
2364 2421 2444 2459 me
2479 2406 2535 2458 in
2577 2415 2748 2472 terra,
2779 2424 2872 2480 ego
2901 2419 3072 2464 autem
3111 2428 3215 2466 non
3242 2412 3488 2486 dereliqui

1893 2491 2146 2547 mandata
2185 2501 2293 2548 tua.
2339 2494 2633 2551 Secundum
2662 2500 3071 2556 misericordiam
3115 2510 3253 2557 tuam
3284 2504 3488 2574 uiviﬁca

1891 2601 1988 2650 me,
2019 2594 2070 2639 et
2096 2587 2381 2642 custodiam
2413 2591 2703 2646 testimonia
2723 2593 2829 2647 oris
2852 2595 2944 2647 tui.
2988 2593 3053 2648 In
3075 2605 3341 2663 internum,
3374 2595 3485 2652 Do-

1895 2679 2053 2746 mine,
2085 2680 2290 2736 verbum
2321 2693 2460 2738 tuum
2500 2695 2766 2755 permanet
2786 2688 2841 2741 in
2881 2688 3027 2743 carlo.
3063 2689 3126 2743 In
3157 2693 3486 2761 generatione

1887 2779 1936 2826 et
1985 2775 2365 2843 generationem
2394 2778 2581 2830 veritas
2620 2787 2737 2843 tua;
2769 2779 3001 2850 fundasti
3031 2790 3240 2847 terram,
3269 2791 3319 2837 et
3364 2801 3482 2853 per-

1888 2872 2081 2918 manet.
2138 2863 2483 2921 Ordinatione
2537 2878 2624 2921 tua
2671 2880 2998 2939 perseverant
3053 2872 3193 2935 dies,
3242 2876 3485 2944 quoniam

1891 2955 2068 3009 omnia
2115 2959 2340 3011 serviunt
2371 2957 2478 3012 tibi.
2513 2957 2634 3014 Nisi
2675 2960 2814 3032 quod
2839 2961 2924 3016 lex
2953 2974 3041 3017 tua
3079 2965 3344 3022 meditatio
3370 2984 3485 3022 mea

1897 3058 1991 3114 est,
2028 3057 2145 3102 tunc
2185 3050 2318 3120 forte
2362 3052 2626 3122 periissem
2655 3054 2708 3108 in
2737 3054 3024 3109 humilitate
3065 3074 3195 3112 mea.
3240 3057 3306 3112 In
3335 3068 3484 3114 aster-

1893 3155 2014 3195 num
2043 3159 2145 3196 non
2174 3141 2445 3198 obliviscar
2473 3144 2874 3214 justiﬁcationes
2923 3156 3068 3214 tuas,
3109 3151 3230 3222 quia
3253 3151 3484 3222 injpsis

192 3225 416 3282 stodivi.
450 3226 518 3282 Et
545 3229 671 3284 licet
710 3223 1096 3302 multiplicetur
1119 3250 1282 3306 super
1307 3241 1394 3304 me
1415 3239 1667 3310 iniquitas
1694 3257 1788 3297 su-
1813 3226 1860 3290 C
1891 3234 2155 3304 viviﬁcain
2177 3248 2274 3289 me.
2307 3234 2442 3290 Tuus
2474 3253 2587 3291 sum
2607 3254 2721 3310 ego,
2752 3242 2950 3293 salvum
2990 3257 3070 3296 me
3097 3243 3202 3312 fac.
3231 3243 3473 3314 quoniam

193 3319 514 3389 perborum,
544 3321 597 3376 id
614 3330 716 3388 est,
742 3323 867 3379 licet
895 3326 1318 3397 multiplicentur
1344 3331 1472 3387 mihi
1501 3337 1789 3404 suggestio-

194 3424 300 3465 nes
321 3409 646 3480 daemonum,
659 3429 762 3483 ego
783 3423 960 3472 tamen
983 3417 1034 3473 in
1055 3426 1168 3476 toto
1183 3420 1345 3479 corde
1366 3439 1488 3481 meo
1509 3429 1789 3486 scrutabor

195 3501 376 3572 legem
404 3511 572 3559 tuam.
599 3503 667 3560 Et
690 3506 815 3563 licet
834 3510 1151 3578 coaguletur
1189 3513 1329 3570 sicut
1354 3515 1438 3572 lac
1464 3533 1558 3573 cor
1577 3534 1783 3586 eorum,

194 3609 306 3664 ego
347 3604 524 3652 tamen
569 3598 740 3669 legem
790 3607 937 3657 tuam
984 3605 1276 3663 meditatus
1299 3625 1436 3664 sum.
1469 3610 1674 3668 Bonum
1705 3623 1790 3670 est

195 3685 349 3740 enim
376 3686 505 3742 mihi
546 3689 689 3758 quod
717 3691 1009 3749 humiliasti
1039 3711 1150 3760 me,
1197 3705 1254 3751 ut
1299 3698 1500 3755 discam
1538 3704 1788 3759 mandata

196 3784 318 3832 tua.
343 3777 460 3834 Non
485 3787 567 3834 est
585 3779 805 3838 alllictio
820 3785 1117 3855 corporalis
1138 3788 1191 3843 in
1212 3789 1441 3846 miseriis
1461 3791 1788 3863 deputanda,

197 3868 251 3923 si
293 3869 448 3924 nobis
494 3871 656 3926 etiam
702 3873 1012 3931 nolentibus
1056 3879 1256 3932 veniat.
1288 3879 1422 3934 Vide
1473 3882 1615 3936 enim
1662 3883 1792 3952 quid

196 3961 345 4015 dixit
378 3979 390 4013 :
419 3961 652 4030 bonum,
702 3965 905 4033 inquit,
951 3967 1082 4021 mihi
1110 3969 1235 4037 quia
1272 3970 1563 4027 humiliasti
1591 3989 1695 4039 me,
1735 3982 1795 4028 ut

200 4052 414 4107 discam
440 4053 691 4108 mandata
717 4062 826 4108 tua.
857 4055 959 4110 Alii
987 4058 1316 4127 possideant,
1347 4068 1401 4114 ct
1428 4061 1480 4115 in
1509 4063 1618 4116 suis
1647 4063 1795 4118 locu-

201 4143 598 4216 pletationibus
623 4147 941 4216 glorientur,
965 4149 1096 4204 mihi
1122 4151 1312 4206 melior
1339 4160 1420 4207 est
1449 4153 1535 4208 lex
1563 4155 1674 4210 oris
1696 4156 1790 4222 tui,

197 4251 375 4307 super
394 4237 559 4292 millia
581 4238 698 4296 auri
723 4247 779 4294 et
799 4239 1025 4308 argenti.
1043 4240 1232 4296 Manus
1253 4243 1392 4298 enim
1423 4252 1525 4300 tum
1553 4245 1796 4302 fecerunt

198 4342 329 4394 me;
360 4327 465 4383 hoc
493 4344 702 4385 memor
719 4338 859 4400 esto,
878 4332 1000 4402 quia
1032 4349 1154 4389 cum
1183 4336 1360 4390 omnia
1387 4337 1551 4393 verbo
1579 4337 1789 4406 feceris,

195 4434 296 4475 me
315 4433 502 4474 manus
524 4427 628 4475 luit:
643 4420 709 4475 ad
732 4429 876 4476 tuam
898 4423 1124 4492 elligiem
1141 4425 1557 4495 psalmaverunt.
1572 4427 1646 4483 Da
1663 4444 1791 4499 ergo

196 4509 340 4565 mihi
371 4509 699 4567 intellectum
714 4520 770 4568 et
793 4512 993 4569 discam
1020 4515 1268 4572 mandata
1300 4525 1408 4582 tua,
1437 4520 1538 4574 ista
1564 4521 1788 4591 cupien-

1881 3325 2284 3398 justiﬁcdtiones
2315 3337 2429 3381 tuas
2449 3330 2718 3400 exquisivi.
2744 3328 2833 3382 He
2858 3340 3279 3402 exspectaverunt
3303 3350 3482 3403 pecca-

1891 3427 2022 3474 tores
2064 3430 2119 3476 ut
2157 3419 2424 3491 perderent
2473 3432 2574 3485 tne,
2607 3422 2896 3475 testimonia
2938 3431 3025 3475 tua
3060 3423 3312 3477 intellexi.
3356 3423 3482 3477 0m-

1890 3513 1970 3566 nis
2001 3512 2452 3569 consummationis
2473 3511 2575 3566 vidi
2605 3511 2790 3580 ﬁnem,
2824 3512 2985 3566 latum
3014 3513 3313 3568 mandatum
3342 3523 3482 3569 tuum

1890 3606 2062 3660 nimis.

1965 3695 2232 3760 Quomodo
2261 3695 2417 3751 dilexi
2457 3697 2621 3769 legem
2654 3705 2813 3762 tuam,
2847 3693 3087 3764 Domine,
3121 3708 3230 3754 tota
3259 3701 3344 3755 die
3371 3719 3478 3757 me-

1894 3789 2080 3843 ditatio
2123 3806 2234 3842 mea
2263 3799 2356 3843 est.
2409 3789 2579 3861 Super
2623 3791 2861 3845 inimicos
2907 3807 3044 3845 meos
3083 3792 3381 3861 prudentem
3403 3811 3482 3848 me

1894 3883 2060 3954 fecisti
2087 3881 2331 3935 mandato
2377 3889 2484 3945 tuo,
2513 3883 2636 3952 quia
2662 3883 2714 3934 in
2744 3890 2993 3936 aeternum
3032 3882 3158 3936 mihi
3185 3893 3281 3936 est.
3315 3883 3482 3954 Super

1893 3991 2070 4028 omnes
2097 3973 2333 4028 docentes
2354 3991 2434 4028 me
2461 3974 2711 4038 intellexi,
2734 3974 2855 4045 quia
2886 3975 3174 4029 testimonia
3205 3983 3290 4028 tua
3319 3977 3482 4030 medi-

1895 4065 2022 4119 latio
2051 4082 2164 4118 nica
2193 4073 2289 4117 est.
2324 4064 2492 4135 Super
2521 4081 2667 4119 senes
2688 4065 2936 4129 intellexi,
2965 4066 3084 4137 quia
3117 4066 3365 4120 mandata
3393 4075 3482 4121 tua

1895 4156 2122 4226 qitwsivi.
2154 4153 2231 4207 Ab
2257 4156 2396 4209 omni
2443 4157 2527 4210 ria
2567 4155 2708 4209 mala
2757 4155 2995 4226 prohibui
3040 4157 3192 4227 pedes
3221 4175 3378 4227 meos,
3425 4168 3480 4214 ut

1893 4247 2178 4302 custodiant
2199 4245 2347 4301 verba
2371 4256 2475 4301 tua.
2501 4247 2543 4300 Α
2565 4246 2780 4317 judiciis
2803 4249 2906 4301 tuis
2934 4264 3036 4303 non
3065 4247 3336 4315 declinavi,
3359 4252 3480 4322 quia

1894 4345 1949 4390 tu
1968 4336 2128 4408 legem
2153 4337 2368 4408 posuisti
2388 4337 2533 4390 mihi.
2569 4334 2737 4402 Quam
2758 4336 2931 4392 dulcia
2964 4337 3197 4410 faucibus
3217 4339 3343 4395 meis
3371 4342 3480 4397 elo-

1891 4431 2010 4501 quia
2040 4439 2126 4484 tua
2155 4446 2308 4502 super
2335 4431 2434 4484 mel
2461 4430 2541 4484 ori
2559 4446 2689 4484 meo.
2720 4429 2765 4483 Α
2794 4430 3052 4484 mandatis
3083 4431 3184 4486 tuis
3227 4431 3475 4516 intellexi,

1891 4531 2160 4592 propterea
2181 4519 2316 4576 odivi
2344 4536 2545 4575 omnem
2572 4521 2709 4575 viam
2741 4520 3049 4592 iniquitatis.

197 4609 336 4665 tem,
368 4601 466 4656 ista
496 4601 893 4660 desiderantem
921 4607 1012 4676 qui
1053 4608 1244 4663 t'unent
1291 4619 1345 4666 te
1393 4611 1647 4668 videbunt
1674 4629 1779 4679 me,
1812 4596 1862 4656 Ῑ)
1909 4664 1912 4668 ,
1967 4611 2196 4667 Lucerna
2225 4611 2437 4684 pedibus
2456 4613 2585 4668 meis
2604 4612 2807 4668 verbum
2829 4620 2988 4680 tuum,
3018 4623 3067 4668 et
3093 4615 3263 4671 lumen
3284 4619 3479 4674 semitis

194 4701 258 4748 et
303 4692 642 4749 laitabuntur.
672 4694 805 4762 Quia
853 4698 906 4752 in
953 4701 1288 4757 sermonibus
1330 4703 1432 4759 tuis
1470 4706 1697 4776 speravi.
1726 4706 1784 4762 In

195 4784 336 4856 ipsis
364 4785 504 4840 enim
530 4787 758 4856 cognovi
793 4790 917 4858 quia
956 4791 1180 4862 mquitas
1212 4791 1411 4861 judicia
1458 4802 1568 4850 tua.
1600 4796 1667 4851 Et
1694 4813 1786 4854 ve-

195 4877 367 4933 ritate
394 4877 684 4933 bnmiliasti
738 4896 853 4948 me;
897 4881 946 4936 id
991 4892 1090 4949 est,
1128 4899 1255 4938 vera
1283 4901 1442 4942 causa
1495 4888 1699 4942 exstitit
1727 4899 1788 4942 ut

195 4967 518 5024 bumiliares
545 4985 648 5024 me.
679 4969 906 5042 Propter
951 4973 1286 5044 iniquitatem
1315 4979 1456 5031 enim
1483 4979 1788 5049 corripuisti

197 5072 316 5113 me.
346 5056 464 5113 Fiat
510 5075 674 5115 nunc~
705 5062 1070 5118 misericordia
1112 5073 1222 5132 tua,
1256 5074 1316 5119 ut
1340 5068 1648 5122 consoletur
1678 5083 1785 5133 me,

197 5146 501 5204 secundum
529 5150 800 5222 eloquium
850 5161 998 5207 tuum
1040 5169 1196 5209 servo
1245 5164 1358 5210 tuo.
1391 5155 1621 5212 Veniant
1659 5159 1788 5213 mihi

196 5240 582 5299 miserationes
629 5253 752 5308 tum,
785 5256 839 5301 et
879 5248 1075 5314 vivam,
1117 5248 1241 5317 quia
1266 5249 1351 5304 lex
1397 5259 1486 5305 tua
1514 5250 1790 5308 meditatio

196 5345 330 5387 mea
351 5340 452 5388 est.
495 5332 801 5390 Cavendum
827 5352 953 5393 sane
977 5347 1033 5394 et
1057 5339 1473 5411 prmvidendum,
1504 5343 1626 5414 quia
1655 5359 1792 5414 quo-

198 5425 527 5494 tiescunque
547 5425 631 5481 lex
662 5425 754 5482 Dei
783 5428 1060 5485 meditatio
1079 5441 1259 5487 nostra
1289 5440 1389 5499 est,
1423 5442 1549 5491 tunc
1575 5437 1790 5506 superbi

201 5513 524 5583 iniquitates
543 5525 838 5587 operantur
865 5519 918 5572 in
947 5520 1119 5575 nobis.
1152 5521 1364 5588 Quanto
1393 5526 1536 5580 enim
1565 5541 1663 5582 nos
1687 5527 1788 5582 hu-

202 5604 452 5662 miliores
479 5615 701 5678 propter
747 5605 916 5662 Deum
939 5624 1057 5664 esse
1085 5592 1431 5682 voluerinius,
1466 5625 1614 5672 tanto
1636 5619 1792 5674 nobis

204 5698 429 5768 superbi
459 5699 744 5770 nequiores
757 5698 1009 5754 existunt.
1035 5699 1469 5770 Conlundantur,
1495 5708 1684 5776 inquit,
1703 5725 1792 5765 su-

207 5780 385 5860 perbi,
401 5792 535 5862 quia
567 5791 760 5864 injuste
796 5790 1130 5861 iniquitatem
1177 5791 1417 5851 fecerunt
1451 5796 1504 5853 in
1547 5813 1651 5854 me.
1681 5798 1790 5872 Ego

1889 4705 2032 4760 meis.
2060 4702 2245 4758 luravi
2280 4713 2330 4758 et
2376 4706 2534 4759 statui
2573 4703 2832 4759 custodire
2848 4705 3052 4774 judicia
3089 4707 3310 4777 justitia:
3339 4697 3472 4766 tute.

1890 4795 2209 4850 Ilumiliatus
2249 4812 2361 4848 sum
2387 4811 2760 4866 usquequaque,
2783 4793 3020 4858 Domine,
3044 4797 3246 4866 vivi/ica
3291 4814 3370 4852 me
3397 4815 3479 4854 se-

1891 4887 2113 4941 cundum
2139 4884 2343 4941 verbum
2365 4896 2521 4940 tuum.
2563 4884 2872 4939 Voluntaria
2900 4886 3005 4940 oris
3033 4887 3131 4940 mei
3159 4886 3478 4960 beneplacita

1891 4980 1994 5050 (ac,
2027 4979 2265 5044 Domine,
2296 4986 2347 5031 et
2375 4977 2580 5047 judicia
2621 4985 2708 5030 tua
2754 4975 2879 5030 doce
2904 4993 3002 5032 me.
3033 4979 3221 5035 Anima
3260 4999 3373 5038 mea
3419 4984 3474 5037 in

1894 5069 2127 5124 manibus
2151 5070 2276 5124 meis
2302 5085 2520 5140 semper,
2561 5076 2613 5123 et
2651 5068 2810 5140 legem
2839 5079 2976 5124 tuam
2999 5088 3103 5126 non
3125 5091 3238 5129 sum
3266 5075 3471 5130 oblitus.

1897 5162 2188 5216 Posuerunt
2241 5169 2532 5233 peccatores
2580 5162 2814 5234 laqueum
2853 5164 2979 5218 mihi
2995 5204 3012 5230 ,
3041 5173 3090 5219 et
3117 5166 3181 5221 de
3219 5166 3478 5220 mandatis

1898 5255 1997 5307 tuis
2023 5269 2125 5307 non
2164 5255 2348 5308 erravi.
2393 5252 2717 5309 ereditate
2763 5256 3007 5328 acquisiui
3053 5256 3347 5309 testimonia
3389 5262 3478 5306 tua

1896 5347 1950 5400 in
1974 5354 2241 5411 wternum,
2269 5346 2388 5418 quia
2413 5347 2686 5402 exsultatio
2715 5346 2886 5402 cordis
2923 5347 3022 5399 mei
3049 5354 3188 5398 sunt.
3221 5343 3477 5398 Inclinari

1899 5455 1986 5494 cor
2009 5456 2172 5493 meum
2201 5437 2270 5493 ad
2287 5440 2552 5511 faciendas
2565 5441 2967 5513 justiﬁcationes
2990 5447 3102 5492 tuas
3123 5438 3178 5490 in
3203 5444 3473 5503 (sternunt,

1898 5539 2106 5604 propter
2131 5531 2536 5588 retributionem.

1972 5621 2182 5694 lniquos
2211 5624 2330 5678 odio
2359 5625 2529 5687 habui,
2565 5629 2616 5675 et
2660 5621 2823 5692 legem
2864 5627 3003 5671 tuam
3047 5617 3225 5674 dilexi.
3257 5619 3476 5692 Adjutor

1900 5725 1948 5768 et
1976 5726 2238 5786 susceptor
2266 5733 2405 5768 meus
2437 5731 2490 5768 es
2534 5724 2605 5776 tu,
2631 5723 2678 5765 et
2707 5714 2759 5764 in
2788 5710 2991 5765 verbum
3031 5718 3172 5768 tuum
3208 5731 3475 5788 superspe.

1903 5808 2028 5861 rari.
2064 5808 2329 5863 Declinate
2367 5824 2398 5859 α
2437 5821 2533 5872 me,
2572 5804 2804 5876 maligni,
2837 5810 2886 5860 et
2923 5805 3190 5868 scrutabor
3230 5809 3476 5866 mandata
