4088 6346
632 326 740 421 $15
1985 329 2258 397 ARNOBH
2294 332 2606 395 ΠΕΝωωῦ
3799 345 3913 405 516

633 442 735 500 Dei
750 443 876 513 mei.
907 442 1123 515 Suscipe
1135 441 1506 501 mesecundum
1518 443 1778 515 eloquium
1801 436 1941 501 tu'tnn
1961 454 2010 502 et
2034 449 2218 516 vivam,
2248 456 2298 519 Α
2324 453 2502 509 cordia
2538 463 2629 509 tua
2664 456 2863 526 vivi/ica
2907 472 3006 512 me.
3049 454 3374 532 Principium
3410 460 3677 519 mbas-st
3704 471 3911 522 uterum

629 546 683 592 et
706 552 813 592 non
851 531 1140 606 confundas
1187 549 1268 589 me
1306 533 1371 589 ab
1402 537 1787 606 exspectatione
1839 554 1975 593 mea.
2014 538 2218 610 Adjuva
2323 545 2528 609 veritas,
2558 545 2615 600 in
2642 554 2886 603 aeternum
2908 548 3082 603 omnia
3101 531 3304 621 judicia
3324 552 3549 623 iustitia:
3572 562 3713 610 hic.

629 645 712 693 me
739 637 791 681 et
813 626 982 681 saluus
1010 642 1117 691 ero,
1151 634 1199 689 et
1230 623 1516 694 meditabor
1540 628 1595 681 in
1621 628 2081 700 justiﬁcationibus
2115 633 2217 687 luis
2389 633 2657 707 Principes
2696 640 2952 708 persecuti
2996 649 3223 696 suntme
3248 644 3414 713 gratis
3431 684 3447 708 ,
3474 651 3527 698 et
3552 661 3587 699 α
3613 644 3780 703 mltis
3803 651 3907 705 tuis

624 737 846 791 semper.
880 717 1135 791 Sprevisti
1182 735 1361 787 omnes
1415 718 1737 800 discedentes
1769 738 1801 775 a
1830 722 2044 794 judiciis
2090 727 2213 793 tuis,
2318 725 2612 796 formidavit
2638 745 2728 782 cor
2758 745 2945 785 mentm.
2977 729 3215 787 ιωωὸον
3241 749 3336 803 ego
3358 750 3527 803 super
3549 734 3756 807 elogia
3795 748 3903 806 tua,

623 815 742 888 quia
776 812 974 883 hausta
1013 812 1256 885 cogitatio
1300 828 1493 871 eorum.
1534 812 1950 879 Prwvaricantes
1985 819 2220 886 reputavi
2314 818 2446 891 siau
2465 820 2550 889 qui
2568 820 2763 875 invenit
2779 821 2948 891 spolia
2976 822 3157 876 multa.
3184 821 3519 894 luiquitatau
3541 826 3663 881 odio
3682 828 3905 887 lubuiel

623 920 799 963 omnes
848 912 1148 975 peccatores
1176 912 1347 971 terrae,
1378 904 1496 961 ideo
1547 906 1710 963 dilexi
1748 910 2046 967 testimonia
2096 918 2208 966 tua.
2314 906 2639 975 abominatus
2660 928 2796 977 sum,
2826 912 2987 984 legem
3024 921 3193 969 autem
3228 924 3371 969 tuam
3619 916 3826 989 Septies
3853 924 3905 977 in

623 995 835 1073 Conligit
864 996 1048 1057 limare
1088 1005 1175 1055 tuo
1214 1014 1396 1063 carnes
1420 1016 1600 1065 meas,
1633 1017 1665 1053 α
1695 1000 1909 1072 judiciis
1945 1005 2082 1059 enim
2110 1005 2213 1061 tuis
2314 1000 2397 1055 die
2426 1001 2637 1063 laudem
2660 1003 2771 1059 dixi
2799 1004 2910 1069 tibi,
2939 1021 3092 1075 super
3123 1004 3328 1076 judicia
3360 1005 3583 1077 iustitia:
3620 1017 3744 1082 tua.
3783 1010 3898 1069 Pas

618 1089 787 1143 timui.
2313 1094 2479 1147 multa
2499 1094 2828 1167 diligentibus
2856 1097 3017 1167 legem
3043 1106 3205 1161 tuam,
3224 1105 3275 1151 et
3302 1114 3407 1153 non
3433 1108 3513 1153 est
3540 1100 3646 1155 illis
3672 1103 3895 1157 scanda-

689 1179 815 1235 Feci
830 1181 1083 1254 judicium
1103 1189 1152 1236 et
1163 1183 1445 1256 justitiam,
1463 1200 1566 1239 non
1587 1185 1768 1241 tradas
1787 1203 1866 1242 me
1884 1188 2182 1245 calumniari

2314 1184 2441 1239 lum.
2482 1180 2864 1255 Exspectabam
2890 1186 3119 1240 salutare
3162 1196 3332 1251 tuum,
3362 1185 3615 1252 Domine,
3661 1198 3713 1243 et
3752 1209 3895 1245 utan-

622 1273 754 1329 tibus
780 1293 877 1330 me.
912 1274 1129 1347 Suscipe
1158 1293 1357 1331 servum
1386 1285 1528 1335 tuum
1547 1279 1601 1333 in
1622 1279 1829 1345 bonum,
1864 1298 1969 1336 non
2007 1282 2209 1337 calum-
2311 1277 2434 1331 data
2458 1286 2548 1332 tua
2577 1278 2753 1333 dilexi.
2786 1277 3070 1333 Custodivit
3106 1280 3283 1334 anima
3324 1297 3443 1335 mea
3483 1282 3783 1336 testimonia
3812 1293 3891 1338 tua

622 1367 831 1420 nientur
858 1382 939 1419 me
967 1365 1189 1436 superbi.
1221 1365 1371 1420 Oculi
1410 1369 1509 1423 mei
1553 1368 1847 1440 defecerunt
1881 1372 1942 1425 in
1983 1372 2209 1427 sahttare
2308 1378 2356 1424 et
2386 1370 2566 1427 dilexit
2583 1388 2643 1425 ea
2671 1370 3009 1425 vehementer.
3043 1370 3255 1426 Servavi
3282 1372 3533 1427 mandata
3555 1383 3645 1428 tata
3667 1384 3718 1429 et
3750 1377 3888 1429 testi-

621 1468 782 1524 tuum,
798 1460 921 1513 etin
941 1460 1193 1530 eloquium
1207 1459 1427 1531 justitiw
1449 1469 1568 1516 tute.
1588 1460 1700 1515 Fac
1720 1478 1834 1517 cum
1859 1480 2002 1519 servo
2024 1474 2109 1520 tuo
2134 1483 2211 1519 se-
2307 1462 2482 1515 monia
2502 1469 2609 1525 tua,
2632 1463 2753 1534 quia
2783 1478 2961 1518 omnes
2980 1463 3074 1516 via:
3109 1478 3237 1523 mea!
3262 1464 3319 1517 in
3340 1474 3616 1536 conspectu
3641 1473 3753 1521 tuo.

618 1550 841 1605 cundum
860 1550 1265 1605 misericordiam
1286 1560 1446 1617 tuum,
1465 1560 1513 1605 et
1527 1552 1925 1624 justiﬁcationes
1943 1564 2063 1609 tuas
2084 1555 2206 1611 doce
2377 1553 2760 1626 Appropiitquet
2780 1554 3068 1625 deprecatio
3094 1571 3210 1609 mea
3237 1555 3293 1608 in
3321 1565 3592 1628 conspeau
3630 1566 3740 1621 tuo,
3785 1557 3883 1612 Do-

618 1658 716 1696 me.
750 1640 942 1697 Servus
965 1651 1080 1696 tuus
1100 1658 1210 1697 sum
1228 1660 1343 1714 ego,
1367 1643 1436 1699 do
1464 1644 1592 1699 milii
1612 1645 1945 1711 intellectum,
1966 1656 2022 1700 ut
2038 1649 2201 1702 sciam
2304 1646 2458 1709 mine,
2483 1645 2641 1716 juxta
2669 1646 2920 1718 eloquium
2943 1653 3085 1700 tuum
3108 1646 3177 1703 da
3200 1646 3328 1723 milii
3355 1646 3692 1703 intellectum.
3727 1641 3882 1704 Intret

619 1735 905 1789 testimonia
926 1742 1036 1788 tua.
1057 1732 1275 1806 Tempus
1297 1736 1543 1807 faciendi,
1559 1734 1804 1803 Domine,
1827 1737 2203 1810 dissipaverunt
2303 1734 2585 1806 postulatio
2608 1752 2720 1790 mea
2757 1737 2813 1790 in
2853 1744 3124 1807 conspectu
3168 1746 3273 1799 tuo,
3316 1738 3605 1792 secundum
3639 1740 3877 1810 eloquium

614 1825 775 1899 legem
803 1836 959 1881 tuam.
994 1826 1121 1884 Ideo
1146 1827 1309 1885 dilati
1350 1830 1599 1885 mandata
1640 1840 1728 1885 tua
1766 1847 1922 1902 super
1948 1849 2131 1889 auritus
2151 1843 2201 1887 et
2228 1822 2278 1883 Β
2305 1838 2443 1881 tuum
2472 1828 2611 1899 eripe
2646 1844 2744 1881 me.
2791 1825 3114 1882 Eructabunt
3142 1827 3281 1882 labia
3328 1846 3442 1883 mea
3470 1829 3737 1900 hymnum,
3777 1848 3875 1885 ctua

615 1920 874 1990 topazion.
905 1917 1189 1991 Propterea
1222 1919 1293 1975 ad
1318 1922 1494 1975 omnia
1521 1921 1770 1979 mandata
1800 1931 1890 1977 tua
1918 1924 2197 1995 dirigebar,

612 2028 814 2084 omnem
838 2014 972 2068 viam
997 2014 1229 2085 iniquam
1258 2014 1376 2069 odio
1402 2013 1576 2071 habui.

677 2103 947 2175 llirabilia
980 2106 1275 2163 testimonia
1316 2114 1428 2171 tua,
1442 2105 1562 2165 ideo
1594 2114 1829 2163 scrutata
1847 2116 1923 2162 est
1940 2124 2004 2163 ea
2022 2110 2201 2165 anim

611 2212 746 2251 mea.
776 2192 1075 2253 Declaratio
1104 2213 1397 2252 sermonum
1427 2207 1631 2255 litorum
1658 2198 1938 2264 illuminat,
1967 2201 2196 2256 etintel-

610 2291 792 2351 lectum
817 2291 916 2346 dat
939 2292 1186 2363 parvulis.
1214 2290 1289 2351 0s
1317 2309 1485 2347 meum
1508 2293 1690 2363 aperui
1732 2301 1782 2348 et
1813 2295 2009 2349 attraxi
2035 2296 2196 2365 spiri-

612 2392 736 2447 tum,
754 2384 878 2455 quia
916 2382 1164 2441 mandata
1190 2392 1282 2436 tua
1309 2383 1683 2445 desiderabam.
1708 2384 1894 2454 Aspice
1924 2385 1978 2453 in
2014 2401 2095 2439 me
2112 2424 2127 2450 ,
2147 2394 2199 2440 et

610 2474 850 2547 miserere
882 2475 985 2528 mei
1027 2473 1306 2529 secundum
1337 2472 1591 2545 judicium
1632 2474 1961 2545 diligentiam
2008 2491 2197 2535 nomen

611 2572 769 2627 tuum.
803 2556 1018 2625 Crassus
1039 2580 1176 2621 meos
1200 2563 1367 2634 dirige
1382 2563 1663 2627 secundum
1689 2564 1946 2636 eloquium
1964 2575 2127 2631 tuum,
2147 2574 2198 2621 et

594 2671 715 2715 non
762 2655 1055 2721 declinem:-
1104 2656 1201 2710 mei
1251 2656 1419 2711 omnis
1467 2655 1746 2727 injustitia.
1781 2654 1997 2719 Redime
2038 2674 2119 2713 me
2163 2675 2197 2710 α

608 2750 877 2809 calumniis
896 2749 1175 2814 hominum,
1199 2756 1255 2802 ut
1275 2746 1559 2805 custodiam
1580 2746 1828 2807 mandata
1852 2756 1961 2801 tua.
1977 2747 2194 2805 Faciem

606 2850 745 2897 tuam
765 2840 1002 2897 illumiua
1030 2857 1183 2911 super
1200 2855 1401 2895 seruum
1429 2847 1590 2905 tuum,
1615 2848 1665 2894 et
1682 2839 1810 2894 doce
1831 2855 1912 2897 me
1928 2839 2192 2912 ῥαδιίρω-

605 2932 768 2989 tiones
791 2940 922 2985 tuas.
946 2931 1136 2987 Exitus
1157 2946 1409 3003 aquarum
1429 2928 1751 2985 deductor-sust
1768 2929 1903 2987 oculi
1921 2930 2041 2996 mei,
2072 2933 2192 3003 quia

605 3039 706 3078 rion
734 3024 1083 3085 custodierunt
1108 3024 1268 3096 legem
1294 3032 1455 3079 tuam.

674 3114 855 3171 Justus
883 3132 955 3180 es,
985 3114 1227 3179 Domine,
1259 3123 1309 3177 et
1336 3122 1527 3171 rectum
1555 3113 1811 3186 judicium
1848 3122 2008 3169 tuum.
2034 3113 2190 3173 Mau-

2303 1920 2534 1974 docueris
2574 1936 2655 1975 me
2684 1921 3091 1991 justiﬁcationes
3120 1931 3253 1989 tuas,
3298 1919 3667 1976 Pronuntiabit
3712 1923 3871 1994 lingua

2299 2027 2413 2065 mea
2439 2011 2693 2082 eloquium
2722 2019 2882 2077 tuum,
2913 2012 3034 2083 quia
3059 2012 3233 2066 omnia
3258 2012 3506 2067 mandata
3542 2024 3628 2067 tua
3650 2017 3866 2086 wquitas.

2299 2101 2426 2157 Fiat
2450 2120 2635 2156 manus
2665 2112 2753 2155 tua
2780 2112 2837 2156 ut
2877 2102 3040 2158 solvet
3084 2119 3197 2169 me,
3235 2106 3480 2176 quoniam
3512 2105 3760 2158 mandata
3794 2115 3866 2158 tua

2301 2194 2449 2266 elegi.
2475 2179 2751 2266 Concupivi
2782 2194 3012 2248 salutare
3041 2204 3201 2260 tuum,
3226 2193 3466 2261 Domine,
3487 2206 3536 2249 et
3554 2196 3638 2250 lex
3662 2205 3749 2250 tua
3766 2214 3861 2251 me-

2299 2285 2481 2342 ditatio
2528 2303 2641 2340 mea
2685 2290 2781 2341 est.
2843 2285 2982 2342 Vivet
3026 2288 3201 2342 animo
3228 2304 3341 2342 mea
3380 2296 3429 2342 et
3477 2287 3703 2343 laudabit
3736 2298 3863 2352 te,et

2290 2377 2492 2449 judicia
2516 2388 2601 2431 tua
2623 2377 2695 2432 ad
2690 2377 2943 2449 juvabunt
2962 2395 3059 2431 me.
3092 2376 3279 2432 Errari
3298 2380 3431 2432 sicut
3454 2379 3561 2432 oris
3575 2394 3679 2450 qua'
3691 2380 3848 2448 periit,

2298 2476 2466 2543 quivre
2486 2488 2686 2528 servum
2707 2480 2867 2538 tuum,
2890 2473 3010 2544 quia
3036 2472 3282 2526 mandata
3301 2481 3394 2543 tua
3415 2489 3520 2528 non
3541 2488 3640 2526 sum
3660 2470 3851 2526 oblitus.

2870 2619 3306 2660 COIIENTARIUI.

2368 2734 2617 2793 Cucurrit
2665 2750 2834 2807 usque
2882 2710 3141 2793 ad‘istum
3188 2738 3512 2793 versiculum
3558 2754 3687 2793 unus
3726 2738 3851 2793 idem

2296 2842 2506 2893 sensus,
2532 2845 2673 2885 nunc
2694 2830 2881 2901 incipit
2906 2829 3042 2886 alius
3061 2830 3152 2901 qui
3174 2846 3242 2887 ex
3265 2832 3384 2903 ipso
3403 2848 3561 2888 cursu
3581 2832 3848 2889 descendit.

2294 2920 2570 2977 lncboavit
2598 2922 2779 2992 itaque
2801 2922 2853 2978 in
2884 2923 2987 2978 isto
3016 2939 3173 2979 sensu
3206 2940 3366 2981 omne
3392 2924 3677 2981 humanum
3701 2940 3853 2994 genus

2294 3010 2517 3067 dicens:
2549 3010 2753 3067 Memor
2781 3022 2863 3068 est
2891 3015 3038 3068 verbi
3069 3014 3179 3079 tui,
3225 3015 3278 3069 in
3321 3031 3431 3085 quo
3477 3017 3607 3072 mihi
3648 3030 3849 3088 recupe-

2293 3104 2447 3160 randi
2495 3120 2644 3177 spem
2692 3105 2904 3161 dedisti.
2964 3106 3088 3162 llsec
3140 3124 3262 3177 spes
3310 3124 3398 3163 me
3453 3110 3716 3165 consolata
3762 3118 3846 3173 est.

605 3207 741 3269 άαεεί
760 3195 1018 3279 justitiam
1042 3207 1331 3263 testimonia
1354 3214 1460 3271 tua,
1485 3215 1534 3259 ει
1558 3207 1820 3260 veritatem
1846 3214 1985 3261 suam
2008 3208 2183 3277 nimis:
2208 3192 2264 3261 ,α
2291 3195 2507 3279 quando
2536 3196 2752 3267 superbi
2782 3198 2962 3268 inique
2991 3199 3219 3269 agebant
3244 3199 3297 3254 in
3320 3215 3430 3256 me.
3462 3200 3613 3258 Nunc
3638 3201 3701 3256 ad
3727 3202 3847 3256 banc

606 3294 882 3355 Tabescere
906 3314 987 3353 me
1011 3298 1132 3369 fecit
1160 3296 1297 3357 zelus
1322 3312 1497 3361 meus,
1535 3297 1658 3368 quia
1697 3295 1839 3352 obliti
1878 3307 2000 3353 sunt
2040 3297 2191 3353 verba

607 3398 694 3445 tua
714 3389 920 3461 ininsici
934 3389 1057 3454 mei.
1084 3386 1314 3463 Ignitum
1335 3388 1593 3462 eloquium
1613 3398 1755 3445 tuum
1782 3388 2114 3454 vehementer,
2141 3400 2192 3445 et

601 3496 772 3543 scmus
802 3480 1114 3547 tuusth
1136 3478 1283 3535 illud.
1307 3479 1732 3539 Adulescentulus
1754 3497 1867 3536 sitm
1882 3498 1974 3553 ego
1995 3491 2045 3536 et
2066 3499 2190 3538 con-

602 3581 839 3644 temptus,
856 3574 1267 3645 justiﬁcntiones
1294 3582 1407 3627 tuas
1442 3589 1545 3627 non
1587 3590 1700 3627 sum
1737 3573 1943 3628 oblitus.
1975 3573 2189 3629 Iustitia

604 3673 709 3729 tua,
730 3663 937 3735 justitia
959 3665 1011 3718 in
1042 3672 1319 3730 ceternum,
1350 3674 1399 3719 et
1424 3664 1507 3721 lea:
1545 3672 1633 3718 tua
1661 3665 1868 3721 veritas.
1904 3662 2188 3719 Tribulatio

600 3763 649 3809 et
673 3755 915 3829 angustia
947 3756 1249 3815 invenerunt
1268 3771 1368 3822 me,
1402 3754 1653 3813 mandata
1675 3763 1762 3809 tua
1781 3753 2046 3810 meditatio
2074 3772 2190 3810 mea

598 3856 697 3904 est.
726 3845 976 3919 Equites
1006 3848 1299 3904 testimonia
1339 3856 1427 3907 tua
1452 3847 1509 3903 in
1552 3854 1827 3911 attentum,
1872 3844 2189 3917 intellectum

599 3939 667 3992 du
694 3938 819 3995 mihi
854 3946 903 3993 el
925 3939 1107 4005 vivam.

666 4028 895 4087 Clamavi
919 4031 973 4087 in
1000 4038 1102 4085 toto
1132 4029 1317 4096 corde,
1347 4028 1537 4089 exaudi
1571 4045 1682 4096 me,
1714 4026 1965 4097 Domine;
1987 4029 2205 4103 justiﬁ-v

602 4124 829 4177 cationes
851 4122 1264 4194 luaslrequiram.
1296 4119 1530 4177 Clamavi
1551 4121 1621 4176 ad
1649 4129 1717 4188 te,
1748 4123 1945 4178 salvum
1970 4139 2052 4177 me
2077 4124 2182 4195 fac,

597 4223 652 4265 ut
676 4212 961 4269 custodiam
991 4214 1240 4271 mandata
1268 4222 1374 4269 tua.
1419 4213 1656 4270 Prwveni
1695 4216 1747 4270 in
1783 4218 2098 4283 maturitate,
2134 4225 2186 4270 et

597 4304 831 4370 clamavi,
857 4306 977 4375 quia
1003 4306 1057 4360 in
1088 4304 1239 4360 verba
1280 4312 1368 4363 tua
1406 4308 1781 4377 supersperavi.
1812 4306 2184 4364 Praevenerunt

596 4395 731 4449 oculi
758 4396 856 4449 mei
893 4395 963 4451 ad
993 4403 1040 4449 te
1059 4394 1305 4461 diluculo,
1333 4405 1391 4451 ut
1411 4396 1690 4455 meditarer
1710 4397 1909 4470 eloquia
1938 4406 2044 4453 tua.
2082 4399 2184 4457 Vo-

597 4502 703 4539 cem
725 4497 890 4539 meam
904 4485 1025 4540 audi
1044 4486 1325 4547 cacuminat
1338 4488 1745 4545 misericordiam
1759 4496 1922 4555 tuam,
1939 4490 2179 4559 Domine,

2294 3276 2537 3346 eamdem
2565 3290 3269 3362 exspectationisdefectum
3299 3293 3382 3347 sui
3423 3295 3662 3350 evenisse
3685 3309 3848 3350 causa.

2291 3392 2408 3448 tus,
2452 3382 2644 3436 iterum
2687 3382 2920 3437 clamat:
2953 3380 3183 3449 Deiecit,
3216 3382 3421 3451 inquit,
3451 3385 3504 3438 in
3530 3384 3734 3439 salutari
3762 3391 3842 3438 tuo

2292 3474 2468 3528 ultima
2498 3490 2638 3539 mea,
2662 3484 2716 3528 et
2736 3474 2787 3529 in
2813 3474 2979 3530 verbo
3004 3484 3096 3529 tuo
3123 3477 3370 3546 speravi;
3401 3476 3701 3532 deiecerunt
3720 3475 3849 3531 oculi

2291 3567 2397 3621 mei
2421 3566 2472 3620 in
2494 3568 2708 3638 eloquio
2730 3576 2841 3632 tuo,
2873 3567 3112 3623 dicentes
3137 3586 3148 3620 :
3174 3567 3397 3635 Quando
3428 3570 3618 3633 venies,
3644 3567 3849 3637 quando

2290 3659 2616 3714 restaurabis
2660 3675 2775 3723 me,
2810 3658 3022 3730 quando
3068 3659 3423 3715 consolaberis
3448 3661 3568 3713 me?
3604 3660 3717 3728 quia
3748 3674 3849 3727 per

2290 3753 2783 3824 pricvaricationem
2806 3753 2933 3808 Adae
2954 3752 3124 3810 factus
3143 3770 3260 3811 sum
3281 3754 3411 3809 sicut
3428 3762 3543 3808 uter
3561 3754 3612 3806 in
3638 3751 3843 3823 pruina,

2290 3845 2436 3900 intus
2465 3860 2657 3900 vacuus
2675 3885 2690 3911 ,
2724 3862 2752 3900 a
2800 3843 2928 3900 foris
2957 3861 3085 3901 vero
3113 3854 3437 3909 contractus,
3464 3843 3851 3915 iustiﬁcationes

2289 3945 2470 3992 tamen
2501 3945 2620 3992 tuas
2640 3952 2752 3992 non
2775 3952 2891 3993 sum
2911 3937 3127 3992 oblitus.
3152 3937 3349 3994 Verum
3368 3938 3494 4010 quia
3515 3938 3618 3992 vita
3636 3928 3852 3991 hominis

2287 4044 2454 4101 parva
2482 4038 2564 4085 est
2591 4044 2753 4100 super
2797 4037 2936 4085 terra
2960 4069 2977 4095 ,
3030 4029 3215 4101 quanti
3262 4029 3381 4085 dies
3426 4037 3628 4089 restant
3668 4027 3851 4083 mundo

2287 4135 2445 4176 servo
2472 4128 2597 4187 tuo,
2625 4129 2684 4177 ut
2712 4118 2945 4186 ﬁniatur,
2975 4121 3191 4190 quando
3218 4120 3382 4176 facies
3410 4120 3478 4176 de
3506 4119 3849 4192 persequenti-

2284 4214 2388 4271 bus
2431 4230 2555 4270 eum
2577 4214 2875 4283 judicium?
2904 4212 3039 4280 Quia
3079 4221 3300 4268 narrant
3345 4213 3641 4269 idololatrm
3667 4211 3849 4266 fabula-

2287 4305 2493 4369 tiones,
2524 4303 2620 4359 sed
2667 4319 2771 4358 non
2802 4311 2861 4358 ut
2903 4304 2989 4358 lex
3018 4312 3138 4369 tua;
3187 4303 3353 4373 iniqui
3386 4304 3655 4358 d:cm0nes
3679 4315 3846 4372 perse-

2284 4402 2523 4464 quuntur
2565 4409 2707 4449 cum.
2755 4392 2959 4464 Adjuva
3007 4409 3160 4458 eum,
3210 4393 3473 4461 Domine;
3525 4409 3646 4451 ecce
3683 4391 3847 4447 mundi

2288 4486 2409 4543 ﬁnis
2435 4502 2601 4558 prope
2630 4494 2730 4553 est,
2757 4495 2811 4541 et
2830 4485 3042 4542 modico
3068 4487 3242 4542 minus
3270 4486 3718 4541 consummabitur
3740 4483 3845 4552 ipse

595 4586 643 4631 et
660 4576 937 4639 secundum
958 4577 1214 4649 judicium
1244 4587 1384 4639 tuum
1409 4580 1612 4650 uiviﬁca
1650 4598 1749 4637 me.
1781 4583 2179 4657 Appropinqua-
2209 4564 2259 4627 θ
2281 4581 2512 4636 mundus
2539 4580 2593 4635 in
2622 4586 2785 4635 terra.
2820 4579 2985 4647 Veni,
3017 4580 3241 4635 Domine
3259 4619 3273 4643 ,
3301 4580 3428 4650 quia
3458 4595 3561 4651 ego
3587 4580 3669 4649 qui
3696 4578 3747 4633 in
3771 4578 3848 4633 bis

593 4678 770 4724 verunt
798 4678 1161 4743 persequentes
1206 4687 1287 4729 me
1323 4672 1603 4743 iniquitati,
1652 4690 1683 4726 a
1728 4674 1838 4747 lege
1882 4684 2049 4731 autem
2090 4684 2179 4731 tua
2282 4673 2458 4740 doleo,
2488 4673 2543 4728 id
2571 4681 2671 4739 est,
2695 4674 2891 4728 chorus
2918 4672 3155 4748 omnium
3183 4680 3517 4738 sanctorum,
3550 4686 3651 4727 non
3672 4668 3848 4724 dereli-

592 4760 742 4834 longe
762 4762 886 4834 [acti
905 4759 1043 4817 simi.
1066 4760 1311 4833 Propees
1333 4771 1404 4829 tu,
1426 4761 1669 4831 Domine,
1695 4774 1744 4819 et
1769 4782 1944 4820 omnes
1964 4768 2058 4822 via:
2079 4777 2180 4823 tua:
2280 4767 2373 4836 qui
2402 4767 2650 4822 mandata
2679 4774 2788 4823 tua.
2819 4763 2888 4820 Ut
2926 4766 3220 4822 secundum
3265 4765 3689 4821 misericordiam
3718 4771 3851 4817 tuam

592 4851 796 4905 veritas.
826 4849 990 4911 Initio
1012 4854 1221 4925 cognovi
1244 4852 1307 4911 de
1328 4852 1633 4915 testimoniis
1660 4856 1782 4922 tuis,
1804 4858 1922 4929 quia
1942 4859 1997 4912 in
2027 4867 2177 4917 azter-
2279 4860 2453 4914 vivam
2483 4868 2537 4915 et
2577 4858 2874 4915 custodiam
2903 4856 3209 4915 testimonia
3237 4856 3348 4912 oris
3377 4857 3475 4911 tui.
3508 4856 3711 4924 Quibus
3736 4868 3850 4926 pro-

592 4957 715 4997 ”"m
743 4941 976 5011 [κηάαδεί
1003 4962 1082 4999 εα·
1202 5019 1207 5021 Α
2279 4951 2471 5006 misisti
2524 4959 2578 5006 te
2630 4950 2786 5006 nobis
2839 4949 3191 5021 pereuntibus
3240 4948 3458 5003 mittere
3511 4947 3850 5007 Salvatorem.

671 5035 799 5095 Vide
818 5036 1155 5095 humilitatem
1175 5019 1340 5097 meant
1362 5047 1412 5094 et
1432 5039 1572 5110 eripe
1592 5056 1690 5106 me,
1710 5042 1829 5112 quia
1851 5041 2010 5114 legem
2030 5051 2172 5098 tuam
2279 5043 2471 5099 Certus
2500 5058 2616 5099 sum
2646 5043 2790 5098 enim
2817 5019 2964 5112 quod
2990 5042 3044 5096 in
3087 5048 3351 5097 teternum
3380 5040 3721 5112 permanebit
3745 5055 3854 5094 vcr-

560 5124 691 5189 ‘non
720 5146 833 5189 sum
862 5122 1066 5187 oblitus.
1096 5128 1287 5185 Iudico
1307 5131 1563 5204 judicium
1596 5149 1763 5189 meum
1789 5142 1838 5187 et
1858 5134 2051 5190 redime
2069 5153 2168 5202 me,
2276 5137 2404 5192 bum
2428 5144 2575 5190 tuum
2599 5135 2650 5190 in
2675 5135 2833 5191 coelo.
2858 5132 2961 5200 Qui
2981 5133 3107 5189 licet
3125 5147 3249 5189 cum
3268 5132 3580 5188 hominibus
3601 5130 3853 5194 rideatur,

585 5233 796 5297 propter
823 5225 1077 5299 eloquium
1105 5232 1244 5281 tuum
1268 5226 1469 5296 viviﬁca
1496 5243 1596 5281 me.
1622 5225 1803 5299 Longe
1829 5245 1863 5282 a
1890 5230 2171 5300 peccatori-

582 5316 676 5371 bus
704 5317 876 5382 salus,
916 5317 1036 5388 quia
1057 5317 1457 5387 justiﬁcatiattet
1490 5327 1617 5375 .lttas
1663 5334 1767 5373 non
1796 5321 2164 5392 exquisierunt.

2279 5235 2340 5283 ut
2364 5226 2674 5297 promisisti,
2694 5225 2761 5281 de
2789 5225 2927 5282 cmlo
2950 5231 3127 5279 tamen
3156 5237 3428 5293 nunquam
3460 5221 3724 5278 abscedit.
3753 5220 3857 5276 Sic-

2278 5328 2457 5374 utnec
2482 5317 2676 5373 ﬂuvius
2695 5333 2815 5397 cum
2852 5331 3003 5372 mare
3031 5314 3346 5385 ingreditur,
3369 5322 3425 5369 et
3455 5314 3647 5371 circuit
3672 5321 3856 5378 terras,

582 5406 958 5467 Misericordiae
987 5417 1087 5463 tute
1106 5407 1311 5473 mulae,
1332 5407 1571 5474 Domine,
1608 5409 1888 5464 secundum
1912 5411 2168 5481 judicium
2276 5410 2343 5466 de
2368 5410 2487 5466 sinu
2507 5410 2591 5465 sui
2612 5409 2772 5466 fontis
2794 5424 3029 5481 unquam
3058 5415 3139 5464 est
3160 5407 3373 5463 absens.
3402 5406 3483 5461 lta
3511 5405 3860 5479 proculdubio

584 5509 721 5555 tuum
750 5503 946 5572 viviﬁca
987 5519 1086 5556 me.
1119 5499 1271 5555 Multi
1299 5502 1385 5574 qui
1427 5513 1794 5574 persequuntur
1820 5519 1901 5557 me
1926 5512 1974 5557 et
2003 5501 2133 5557 tribu
2150 5534 2165 5543 -

583 5592 694 5647 lant
710 5609 818 5659 me,
842 5612 873 5647 a
894 5596 1199 5652 testimoniis
1230 5597 1328 5651 tuis
1351 5612 1452 5655 non
1473 5594 1745 5649 declinavi.
1782 5593 1899 5648 Vidi
1918 5597 2166 5665 prmvari-

584 5691 757 5737 cautes
776 5693 825 5736 et
845 5685 1177 5759 tabescebam,
1196 5689 1313 5759 quia
1335 5686 1537 5757 eloquia
1562 5694 1647 5738 tua
1668 5701 1768 5738 non
1792 5685 2159 5740 custodierunt.

594 5769 722 5829 Vide
741 5776 976 5840 quoniam
1002 5777 1247 5837 maudata
1270 5788 1355 5831 tua
1379 5776 1571 5834 dilexi.
1605 5774 1841 5838 Domine,
1875 5776 1926 5827 in
1966 5776 2163 5830 miseri-

2272 5500 2495 5555 verbum
2520 5506 2684 5564 tuum,
2709 5514 2829 5555 cum
2850 5497 2918 5553 ad
2937 5513 3037 5553 nos
3056 5496 3283 5563 venerit,
3307 5494 3374 5551 de
3395 5496 3516 5550 sinu
3539 5502 3657 5558 tuo,
3682 5500 3861 5550 sancte

2273 5590 2452 5655 Pater,
2482 5605 2752 5660 nunquam
2778 5590 3034 5645 abscedit.
3065 5588 3204 5656 Quid
3228 5588 3456 5644 moraris
3478 5602 3601 5642 eum
3626 5587 3859 5652 mittere,

2272 5685 2362 5755 qui
2393 5685 2495 5740 huc
2522 5684 2741 5739 veniens
2769 5698 2929 5753 super
2951 5691 3146 5738 terram
3176 5680 3241 5735 de
3270 5680 3410 5736 cmlo
3441 5693 3717 5749 nunquam
3745 5678 3862 5732 abs-

2273 5776 2426 5831 cedit.
2461 5774 2651 5831 Vcniat
2681 5782 2737 5831 ut
2767 5774 3055 5831 liberemur
3089 5771 3461 5843 repromissio,
3486 5784 3603 5838 quae
3646 5768 3862 5824 mentiri
