4088 6346
601 336 708 392 519

1953 339 2224 397 ΑΠΝΟΒΠ
2262 341 2566 399 JUNIORIS

3775 372 3895 433 520

597 466 810 508 carnem
838 449 1306 507 calumniabantur
1345 449 1474 506 mibi
1504 451 1744 522 superbi.
1790 449 1974 522 Elige,
2006 470 2190 524 quaeso
2220 456 2273 518 Α
2299 457 2486 522 etatis,
2518 459 2734 528 quando
2774 460 2937 516 habet
2969 462 3131 534 Virgo
3171 481 3227 522 in
3270 474 3426 524 utero
3463 487 3783 546 concipere,
3839 498 3903 540 ει

597 535 684 609 lc,
719 543 970 607 Domine,
1013 541 1150 610 elige
1177 555 1418 606 servum,
1459 541 1512 596 id
1551 548 1665 608 est,
1700 551 1871 599 totum
1892 545 2182 611 mundum;

598 638 732 704 elige
762 650 882 690 eum
907 635 960 688 in
981 634 1144 698 bono,
1169 631 1221 687 id
1243 641 1344 698 est,
1370 633 1425 688 in
1449 633 1684 689 Christo.
1717 634 1832 690 Non
1853 636 2186 692 calumnien-

597 699 691 781 tur
712 727 759 781 ei
805 724 1052 795 superbi,
1086 724 1137 779 id
1167 731 1281 790 est,
1313 724 1573 780 immundi
1600 726 1848 796 spiritus,
1880 728 1972 796 qui
2002 736 2186 784 tenent

594 815 1011 884 rhirographum
1040 815 1266 885 peccati.
1299 813 1465 881 Veni,
1499 815 1757 884 Domine,
1802 825 1858 872 et
1884 817 2004 874 dele
2031 819 2180 884 illud,

593 904 885 962 excludens
933 904 1239 960 inimicitias
1279 907 1656 976 superborum.
1707 906 1859 963 Oculi
1905 909 2048 964 enim
2079 910 2183 966 mei

588 972 908 1050 defecerunt
936 995 990 1071 in
1018 995 1239 1050 salutari
1268 972 1381 1052 tuo.
1408 995 1738 1069 Exspectans
1765 1015 1979 1071 semper
2007 1010 2184 1058 atten-

505 1110 514 1114 -
593 1085 687 1140 det
708 1095 774 1140 .ut
813 1062 1118 1142 venientem
1149 1087 1395 1157 aspiciat,
1429 1062 1538 1160 quo
1564 1100 1809 1146 morante
1838 1091 1968 1148 dicit
1993 1111 2004 1146 :
2033 1091 2183 1150 Oculi

591 1178 698 1234 mei
730 1177 1043 1234 defecerunt
1089 1179 1142 1234 in
1188 1182 1594 1251 exspectatione
1641 1183 1777 1254 ejus.
1810 1184 1948 1252 Fac,
1979 1201 2182 1256 quaeso,

592 1285 713 1324 cum
741 1284 898 1325 servo
945 1280 1070 1336 tuo,
1103 1269 1157 1325 id
1184 1279 1296 1338 est,
1350 1287 1473 1328 cum
1518 1275 1717 1330 saeculo
1757 1284 1849 1333 tuo
1888 1279 2182 1334 secundum

592 1357 1015 1417 misericordiam
1045 1371 1212 1429 tuam,
1242 1371 1298 1419 et
1319 1353 1733 1434 justiﬁcationes
1764 1377 1882 1425 tuas
1909 1370 2045 1426 doce
2071 1386 2178 1427 me.

593 1451 827 1522 Tempus
855 1461 938 1509 est
965 1461 1023 1508 ut
1052 1454 1254 1521 venias,
1285 1457 1638 1529 perdissipata
1667 1468 1746 1514 est
1777 1461 1845 1516 ab
1875 1461 2069 1532 iniquis
2095 1463 2182 1520 lex

596 1550 709 1608 tua,
744 1543 793 1598 id
826 1553 927 1610 est,
961 1560 990 1598 ει
1019 1543 1238 1614 «Ιιιὰιεὶε,
1269 1548 1362 1618 qui
1391 1563 1512 1604 eam
1538 1551 1863 1622 accipientes
1889 1554 2184 1627 dissipave-

587 1622 720 1690 runt
747 1649 895 1698 eam,
928 1651 1024 1691 sua
1051 1647 1346 1710 prreccpta,
1380 1641 1518 1697 sicut
1541 1643 1718 1712 arguit
1746 1622 2037 1714 Dominus,
2066 1657 2178 1704 sta-

593 1736 824 1795 tuentes,
860 1737 916 1784 et
943 1729 1256 1788 traditiones
1281 1733 1559 1790 hominum
1579 1737 1974 1805 custodientes,
2007 1741 2178 1810 legem

2287 565 2479 620 parere
2503 552 2652 609 vobis
2671 551 3096 613 Emmanuelem.
3118 559 3251 616 Veni
3275 576 3424 631 ergo,
3450 564 3701 636 Domine,
3726 580 3784 626 et
3799 590 3898 630 re-

2287 641 2430 698 dime
2457 658 2543 698 me
2586 659 2616 698 a
2661 645 2941 703 calumniis
2984 649 3292 720 hominum,
3345 662 3400 710 et
3446 661 3749 720 custodiam
3791 676 3894 724 tua

2286 734 2558 803 mandata,
2592 737 3025 795 non'hominum.
3050 740 3186 798 Cum
3213 743 3407 802 faciem
3438 759 3586 806 tuam
3616 753 3894 815 illumina-

2287 829 2427 885 veris
2453 846 2617 902 super
2661 847 2878 890 servum
2918 843 3099 900 tuum,
3151 837 3202 894 id
3252 849 3368 907 est,
3421 860 3588 915 super
3629 851 3892 910 saaculum

2285 927 2454 975 tuum.
2478 919 2629 979 Tunc
2646 923 2809 981 doces
2830 941 2930 982 nos
2951 943 3050 998 per
3071 928 3269 986 Filium
3298 942 3447 990 tuum
3467 936 3891 1006 justiﬁcationes

2287 1019 2428 1066 tuas.
2452 1012 2868 1072 Consideremus
2888 1033 3030 1076 nunc
3049 1034 3316 1080 summum
3337 1027 3564 1095 gradum
3594 1033 3878 1092 orationis.

2284 1099 2536 1160 Summus
2564 1105 2762 1173 gradus
2789 1108 2933 1164 enim
2975 1113 3238 1169 orationis
3272 1124 3385 1182 est,
3417 1120 3636 1190 quando
3665 1123 3720 1178 in
3747 1143 3874 1182 ora-

2294 1191 2441 1247 tione
2468 1194 2702 1264 positus,
2734 1212 2922 1267 preces
2963 1201 3123 1256 simul
3161 1211 3217 1259 et
3246 1204 3510 1280 lacrymas
3539 1209 3735 1269 fundis.
3770 1216 3884 1272 lm-

2284 1284 2538 1354 possibile
2564 1288 2707 1341 enim
2735 1298 2816 1344 est
2845 1299 2903 1345 ut
2929 1307 3037 1349 non
3083 1296 3226 1351 oculi
3260 1298 3338 1353 tui
3370 1311 3656 1370 peccatum
3699 1307 3880 1366 incur-

2283 1374 2472 1430 rerint.
2493 1373 2658 1432 0mm:
2679 1379 2822 1434 enim
2845 1381 2982 1454 quod
2999 1384 3056 1438 in
3070 1386 3264 1442 mundo
3285 1398 3380 1456 est,
3400 1400 3464 1446 ut
3483 1394 3562 1448 ait
3583 1400 3879 1468 apostolus,

2283 1468 2699 1538 concupiscentia
2728 1471 2994 1528 oculorum
3032 1485 3140 1542 est,
3189 1488 3239 1532 et
3285 1480 3499 1539 ambitio
3527 1489 3730 1554 seculi,
3773 1507 3881 1563 qua

2285 1576 2391 1614 non
2419 1571 2496 1615 est
2523 1579 2556 1616 a
2585 1560 2749 1620 Patre
2769 1565 2842 1636 (ll
2865 1565 3021 1622 Joan.
3047 1567 3126 1638 ιι).
3153 1571 3248 1628 Dic
3275 1587 3404 1644 ergo
3429 1592 3553 1633 cum
3581 1560 3876 1653 propheta:

2283 1652 2470 1710 Exitus
2513 1671 2774 1726 aquarum
2835 1660 3172 1719 deduxerunt
3219 1667 3360 1722 oculi
3402 1671 3542 1738 mei,
3595 1676 3724 1744 quia
3773 1695 3870 1734 non

2281 1746 2655 1802 custodierunt
2684 1749 2855 1820 legem
2899 1759 3066 1808 tuam.
3119 1755 3262 1812 Dixit
3289 1761 3540 1829 equidem
3571 1767 3871 1824 misericor-

588 1813 721 1873 vero
751 1818 843 1874 Dei
887 1821 1324 1878 contemnebant.
1356 1823 1758 1896 Dissipaverunt
1798 1828 1964 1900 iniqui
2005 1830 2177 1901 legem
2207 1832 2257 1894 Β
2281 1837 2424 1893 diam
2454 1846 2633 1906 tuam,
2664 1849 2720 1896 et
2737 1813 2868 1912 spes
2895 1859 3015 1900 mea
3044 1849 3220 1904 omnis
3258 1850 3310 1905 in
3338 1813 3456 1923 ipsa
3485 1866 3586 1912 est.
3619 1860 3727 1915 Sed
3753 1863 3869 1930 quid

592 1917 754 1976 tuam,
784 1911 958 1966 nullus
981 1911 1177 1980 credit,
1209 1929 1397 1970 omnes
1423 1916 1846 1974 declinaverunt.
1875 1920 2035 1988 Veni,
2068 1922 2178 1978 Do-

590 2002 764 2065 mine,
795 2003 918 2073 quia
948 2011 1159 2074 tempus
1186 2003 1416 2061 faciendi
1444 2007 1898 2077 misericordiam;
1929 2012 2179 2068 conclude

587 2075 765 2149 (inania
794 2096 848 2149 in
877 2095 1196 2162 credulitate,
1221 2106 1278 2151 ut
1297 2097 1530 2154 omnibus
1554 2101 1848 2156 miserearis
1871 2102 2049 2175 (Rom.
2078 2107 2172 2176 xi).

589 2184 797 2242 Memor
824 2195 942 2242 esto
969 2188 1061 2258 qui
1101 2189 1265 2260 legis,
1313 2191 1437 2261 quia
1477 2208 1664 2249 vocem
1705 2194 1938 2252 diximus
1978 2198 2067 2254 hic
2092 2199 2178 2269 agi

590 2278 831 2340 omnium
859 2280 1261 2350 prophetarum,
1291 2284 1383 2353 qui
1403 2292 1458 2340 et
1479 2284 1747 2356 praeconia
1767 2304 1864 2344 sua
1891 2290 2180 2348 voluerunt

594 2367 663 2423 ad
690 2368 938 2425 etfectum
967 2370 1157 2428 adduci
1186 2389 1284 2444 per
1303 2375 1590 2432 adventum
1617 2379 1846 2448 Domini,
1870 2390 1924 2437 et
1942 2383 2177 2442 humano

582 2453 776 2527 generi
805 2460 1094 2517 subveniri.
1127 2461 1226 2520 Hic
1253 2480 1416 2536 ergo,
1464 2468 1516 2522 id
1564 2479 1676 2537 est,
1709 2474 2094 2544 prophetarum
2123 2485 2180 2533 et

589 2557 898 2605 sanctorum
925 2551 1122 2608 chorus
1149 2554 1387 2624 loquitur
1413 2575 1425 2610 :
1454 2558 1656 2626 Dilexi,
1694 2562 1893 2634 inquit,
1926 2566 2176 2624 mandata

588 2645 679 2694 tua
707 2655 871 2712 super
897 2657 1086 2698 aurum
1115 2653 1170 2700 et
1200 2648 1474 2717 topazion,
1507 2650 1558 2706 id
1587 2661 1688 2719 est,
1714 2669 1877 2724 super
1903 2672 2092 2713 aurum
2121 2667 2178 2716 et

589 2732 825 2802 lapidem
855 2735 1170 2804 pretiosum.
1203 2737 1293 2794 Sic
1332 2742 1548 2812 repetiit
1575 2744 1628 2798 in
1663 2749 1957 2804 centesimo
1983 2758 2174 2809 octavo

582 2823 822 2892 decimo,
873 2826 1014 2884 sicut
1059 2829 1114 2884 in
1165 2839 1357 2887 octavo
1401 2833 1611 2891 decimo
1651 2836 1763 2906 jam
1813 2841 2075 2911 pucdi‘xit.
2109 2843 2177 2900 Et

583 2926 870 2988 propterea
890 2959 906 2985 ,
937 2920 1142 2992 inquit,
1173 2922 1238 2978 ad
1275 2927 1455 2982 omnia
1485 2928 1736 2984 mandata
1764 2939 1854 2986 tua
1883 2932 2168 3004 dirigebar.

581 3007 652 3064 Et
677 3027 893 3066 omnem
920 3013 1063 3067 viam
1090 3013 1328 3086 iniquam
1366 3019 1492 3074 odio
1533 3020 1722 3086 habui,
1753 3023 1879 3093 quia
1910 3025 2172 3083 mirabilia

581 3102 890 3159 testimonia
919 3112 1030 3160 tua.
1080 3106 1272 3177 Pinge,
1314 3110 1474 3179 pinge
1525 3121 1650 3168 ante
1697 3117 1883 3173 oculos
1931 3126 2052 3174 tuos
2079 3120 2172 3190 qui

580 3193 698 3250 haec
719 3203 905 3252 cantas
928 3196 1134 3268 aliquas
1159 3199 1408 3256 fabricas.
1441 3202 1675 3270 Quales?
1703 3206 1824 3262 Illas
1850 3223 1984 3277 quas
2011 3212 2173 3267 inira.

479 3284 485 3292 ’
577 3280 774 3343 bantur
802 3289 1030 3360 apostoli
1051 3330 1066 3355 ,
1097 3290 1256 3362 pinge
1282 3293 1536 3359 thermas,
1570 3297 1728 3367 pinge
1756 3298 1872 3354 fora
1897 3309 1951 3355 et
1978 3304 2174 3360 mmnia

574 3377 630 3435 in
661 3380 860 3436 vertice
887 3381 1104 3438 excelso
1133 3385 1425 3454 surgentia.
1461 3385 1529 3441 Et
1556 3388 1683 3443 dum
1713 3390 1814 3446 ista
1837 3393 2169 3462 consideras,

578 3479 854 3527 memento
874 3473 1071 3528 casulae
1092 3475 1462 3547 cujuscunque
1482 3495 1548 3534 ex
1572 3479 1840 3539 frondium
1867 3495 2022 3556 septo
2042 3503 2171 3544 con-

574 3656 790 3720 quanto‘
821 3651 921 3707 ista
970 3655 1232 3712 mirabilia
1268 3663 1554 3730 stupueris.
1589 3663 1733 3734 Ergo
1781 3667 1826 3723 is
1863 3670 2169 3743 quicunque

573 3740 748 3820 legem
777 3744 875 3801 Dei
903 3747 1168 3805 rationem
1207 3753 1408 3826 habere
1436 3759 1578 3826 vult,
1623 3768 1794 3816 totum
1824 3767 1977 3834 quasi
2006 3740 2164 3826 vilem

571 3835 810 3891 casulam
848 3836 1074 3910 despicit
1112 3843 1398 3914 mundum,
1430 3855 1488 3904 et
1517 3851 1630 3906 sola
1669 3853 1934 3911 mirabilia
1964 3858 2168 3918 habens

558 3929 874 4000 “testimonia
895 3930 1032 4012 ejus,
1053 3932 1176 3990 ideo
1195 3946 1468 3995 scrutatur
1487 3956 1550 3996 ea
1573 3943 1748 3999 anima
1771 3946 1916 4016 ejus;
1933 3965 2165 4021 cumque

565 4018 864 4104 declaratio
898 4038 1206 4103 sermonum
1235 4029 1352 4100 ejus
1376 4031 1429 4086 in
1459 4033 1621 4091 rebus
1643 4040 1861 4095 teternis
1897 4018 2162 4100 illumina-

565 4112 704 4167 verit
721 4128 864 4180 eum,
888 4123 943 4170 et
963 4119 1200 4187 parvulis
1221 4123 1744 4184 considerationibus
1772 4130 1888 4200 ejus
1909 4149 2160 4203 magnum

566 4202 816 4258 tribuerit
845 4205 1206 4276 intellectum,
1259 4215 1466 4282 aperiet
1506 4233 1568 4272 os
1613 4235 1770 4274 suum
1816 4223 1868 4277 in
1917 4202 2160 4283 laudibus

565 4289 692 4358 Dei,
724 4301 780 4348 et
803 4295 1026 4351 attrahit
1053 4299 1320 4368 spiritum,
1347 4304 1400 4359 id
1429 4315 1540 4374 est,
1571 4311 1815 4379 suspiriis
1843 4327 2155 4387 occupatur,

564 4381 690 4453 quia
715 4384 966 4440 mandata
994 4387 1089 4444 Dei
1117 4387 1413 4461 desiderat,
1436 4405 1490 4451 et
1510 4397 1698 4470 incipit
1723 4402 1802 4458 sic
1829 4381 2154 4478 desiderare,

564 4482 756 4554 ut-prae
775 4477 1044 4537 desiderio
1066 4497 1175 4559 non
1199 4484 1450 4557 dormiat,
1475 4501 1637 4562 atque
1656 4508 1835 4551 escam
1858 4506 2154 4574 potumque

562 4551 663 4622 Sibi
692 4583 760 4623 ac
783 4568 1020 4626 laetitiam
1049 4557 1392 4648 subtrahens,
1424 4551 1826 4652 prae-desiderio
1851 4551 1934 4646 sui
1962 4551 2151 4664 peclo-
2181 4581 2234 4644 ι)

561 4656 637 4713 ris
663 4658 899 4716 clamet:
928 4659 1127 4735 Aspice
1153 4682 1273 4736 me,
1321 4679 1376 4726 et
1420 4673 1680 4735 miserere
1721 4681 1830 4736 mei
1858 4685 2153 4743 secundum

559 4749 814 4820 judicium
833 4754 1168 4826 diligentium
1191 4777 1387 4820 nomen
1412 4773 1560 4823 tuum
1582 4769 1730 4827 :bmc
1750 4773 1916 4830 totius
1935 4776 2155 4838 humani

556 5117 757 5173 inveni.
795 5117 876 5176 Tu
903 5123 1058 5191 veni,
1089 5125 1346 5198 Domine,
1394 5141 1451 5189 et
1494 5150 1594 5206 per
1636 5145 1691 5195 te

553 5208 722 5291 dirige
751 5213 1049 5271 secundum
1075 5219 1301 5277 verbum
1328 5230 1499 5295 tuum,
1523 5231 1667 5300 quod
1707 5208 1798 5290 ille
1823 5241 2146 5307 praevarica-

554 5289 638 5360 tus
681 5312 796 5370 est,
840 5313 897 5362 et
935 5307 1101 5364 vitam
1141 5309 1412 5372 inveniam
1441 5289 1648 5389 per-te,
1679 5289 1849 5394 quan;
1869 5345 1968 5400 per
1992 5331 2140 5388 illum

552 5392 724 5448 amisi.
756 5393 1044 5468 Exspecto,
1075 5399 1322 5470 Domine,
1345 5408 1489 5476 veni,
1521 5417 1576 5467 et
1602 5392 1712 5470 non
1735 5392 2034 5478 confundas
2056 5439 2145 5480 me

553 5482 620 5536 ab
650 5487 1057 5555 exspectatione
1076 5506 1218 5548 mea.
1249 5492 1306 5550 Si
1327 5497 1469 5554 enim
1498 5504 1732 5573 veneris,
1763 5523 1871 5563 non
1899 5511 2143 5569 domina-

554 5570 696 5656 bitur
724 5577 829 5632 mei
857 5581 1033 5638 omnis
1061 5575 1347 5656 iniquitas,
1397 5591 1601 5650 scilicet
1642 5570 1962 5658 daemonum.
2013 5605 2146 5665 Nam

558 5664 812 5724 increduli
842 5671 1087 5733 homines
1115 5680 1396 5740 credentes
1420 5687 1836 5762 calumniantur,
1866 5695 2140 5757 dicentes:

555 5754 694 5824 Quid
721 5763 927 5836 necatis
953 5767 1084 5830 deos
1109 5775 1365 5846 gentium,
1413 5789 1469 5838 et
1494 5780 1724 5856 Virginis
1747 5754 1917 5848 filium
1950 5754 2140 5867 εις»ρᾆ

2280 1925 2470 1984 faciam
2488 1969 2504 1996 ,
2534 1930 2658 1999 quia
2683 1931 2795 1987 scio
2833 1934 2958 2003 quia
2981 1935 3158 2005 justus
3185 1954 3272 2006 es,
3303 1942 3560 2014 Domine,
3591 1959 3648 2004 et
3674 1925 3866 2010 rectum

2275 2018 2534 2089 judicium
2564 2031 2732 2079 tuum.
2765 2023 2834 2080 Et
2859 2029 3126 2088 mandasti
3155 2031 3416 2102 justitiam
3445 2047 3621 2108 tuam,
3651 2051 3707 2097 ct
3729 2047 3865 2101 testi-

2281 2113 2461 2168 monia
2483 2123 2594 2183 tua,
2614 2119 2811 2190 quibus
2822 2123 3169 2182 comminaris
3187 2135 3450 2187 internum
3472 2135 3795 2205 incendium,
3814 2149 3861 2196 et

2278 2206 2392 2262 scio
2413 2207 2467 2262 in
2489 2209 2704 2280 loquela
2727 2219 2820 2269 tua
2841 2215 3126 2272 veritatem
3148 2220 3323 2276 nimis.
3349 2223 3477 2282 Ideo
3498 2242 3629 2298 ergo
3651 2229 3861 2288 fundunt

2279 2300 2420 2355 oculi
2435 2315 2620 2372 aquas,
2637 2319 2758 2374 quae
2772 2305 2994 2362 abluant
3007 2308 3272 2379 plorando
3286 2315 3433 2384 quod
3448 2317 3860 2390 concupiSeendo

2277 2391 2604 2462 polluerunt.
2655 2394 2811 2451 Zelor
2851 2403 3324 2488 tamen‘mundum
3373 2411 3626 2479 tuum\ab
3663 2410 3811 2467 idolis
3832 2453 3846 2477 ,

2276 2481 2402 2550 quia
2431 2483 2664 2552 gaudent
2687 2495 2852 2557 super
2883 2503 3008 2545 eum
3034 2481 3232 2549 inimici
3261 2497 3372 2562 tui,
3411 2507 3468 2553 et
3495 2500 3569 2555 ita
3589 2501 3711 2558 hinc
3733 2502 3852 2558 inde

2280 2576 2629 2647 bacchantur,
2662 2591 2721 2637 ut
2740 2582 2893 2639 obliti
2915 2585 3024 2640 sint
3047 2588 3206 2643 verba
3237 2599 3327 2645 tua
3357 2590 3460 2662 ipsi
3487 2593 3682 2650 inimici
3711 2610 3854 2666 gene-

2280 2667 2356 2724 ris
2402 2668 2642 2726 humani.
2683 2672 2872 2730 Sciunt
2916 2677 3059 2734 enim
3109 2687 3164 2735 et
3212 2680 3519 2752 intelligunt
3558 2701 3716 2742 voces
3739 2703 3852 2758 pro-

2281 2761 2586 2832 phetarum,
2617 2767 2669 2822 in
2696 2769 2890 2838 quibus
2913 2772 3074 2828 verba
3104 2782 3193 2829 tua
3221 2776 3549 2846 pollicentur
3566 2783 3730 2837 nostri
3757 2781 3851 2838 Re-

2277 2852 2574 2927 demptoris
2602 2858 2908 2917 adventum.
2967 2864 3074 2922 Sed
3105 2873 3314 2924 tantum
3341 2873 3593 2942 moraris,
3624 2874 3848 2940 Domine,

2275 2953 2334 3001 ut
2360 2949 2514 3005 obliti
2561 2951 2670 3007 sint
2699 2955 2861 3010 verba
2905 2955 3022 3027 ipsa
3062 2961 3435 3030 promissionis
3471 2966 3630 3037 hujus
3668 2967 3850 3026 inimici

2275 3041 2402 3096 mei.
2446 3041 2616 3100 Porro
2644 3053 2825 3102 autem
2865 3048 3087 3118 ignitum
3117 3062 3201 3110 est
3232 3056 3510 3129 eloquium
3540 3069 3683 3118 tuum
3700 3064 3849 3120 vehe-

2225 3185 2233 3194 ,
2273 3139 2503 3197 menter,
2542 3134 2768 3203 ignitum
2793 3147 2878 3194 est
2916 3145 3237 3200 amatorium
3260 3187 3276 3212 ,
3326 3150 3620 3209 excludens
3655 3169 3848 3211 amores

2201 3209 2246 3272 C
2276 3223 2584 3279 mortiferas
2611 3234 2669 3280 et
2696 3227 2820 3282 vitae
2847 3236 3062 3287 aeternae
3091 3209 3306 3293 amores
3333 3239 3633 3300 includens.
3659 3243 3849 3314 Adjecit

2277 3323 2562 3385 postquam
2601 3317 2828 3386 ignitum
2873 3320 3116 3379 dixerat:
3164 3325 3232 3382 Et
3271 3343 3461 3388 servus
3487 3339 3639 3399 tuus,
3670 3335 3844 3406 inquit,

2273 3405 2462 3462 dilexit
2489 3409 2651 3476 illud;
2696 3412 3093 3474 adolescentior
3120 3434 3222 3490 ego
3249 3439 3399 3492 sum,
3443 3436 3499 3483 et
3525 3437 3846 3502 contemptus

2272 3697 2584 3744 noscuntur.
2641 3691 2735 3748 His
2780 3708 2911 3764 ergo
2957 3697 3346 3761 adolescentior
3391 3721 3486 3776 pro
3529 3716 3836 3782 contempto

2269 3776 2492 3847 habeor,
2539 3781 2667 3838 dum
2709 3784 3123 3854 justiticationes
3183 3803 3301 3852 tuas
3339 3798 3573 3868 exquiro.
3629 3776 3844 3860 iustitia

2266 3869 2410 3923 enim
2459 3880 2549 3928 tua
2593 3883 2772 3935 certus
2817 3894 2934 3934 sum
2979 3882 3124 3951 quod
3159 3885 3369 3955 justitia
3393 3889 3463 3945 sit
3489 3890 3541 3945 iu
3567 3898 3841 3950 aeternum.

2264 3959 2333 4015 Et
2363 3963 2475 4019 scio
2503 3966 2630 4035 quia
2655 3967 2744 4023 lex
2776 3977 2863 4024 tua
2888 3973 3087 4031 veritas
3115 3977 3216 4044 sit,
3239 3987 3295 4034 et
3325 3979 3446 4036 ideo
3467 3997 3553 4039 me
3581 3983 3845 4041 tribulatio

2265 4060 2321 4107 et
2367 4058 2626 4124 angustia:
2671 4059 3012 4120 invenerunt.
3054 4067 3188 4135 Quia
3218 4071 3473 4128 mandata
3511 4083 3598 4130 tua
3625 4077 3843 4134 medita-

2265 4146 2342 4201 tio
2363 4148 2481 4204 mea
2505 4159 2606 4206 est.
2649 4149 2774 4209 Non
2806 4157 2948 4212 enim
2978 4157 3179 4217 faciunt
3205 4164 3578 4224 tribulationes
3605 4178 3660 4225 et
3681 4185 3842 4243 angu-

2259 4240 2391 4295 stias
2427 4240 2729 4310 daemones,
2781 4248 2882 4304 nisi
2920 4249 3004 4306 his
3026 4266 3186 4322 quam
3215 4258 3452 4313 maxime
3481 4259 3573 4329 qui
3598 4240 3837 4319 mandata

2265 4331 2478 4389 Domini
2516 4337 2862 4396 meditantur.
2895 4341 2964 4398 Et
2990 4343 3110 4402 ideo
3137 4347 3397 4423 clamavi,
3429 4352 3618 4423 inquit,
3650 4355 3704 4410 in
3733 4365 3838 4413 toto

2261 4425 2426 4482 corde
2450 4441 2571 4484 meo
2597 4447 2610 4482 :
2643 4428 2850 4488 Exaudi
2870 4449 2986 4503 me,
3024 4436 3268 4507 Domine,
3295 4422 3701 4511 justificationes
3729 4455 3840 4503 tuas

2259 4516 2559 4584 exquiram.
2600 4519 2677 4575 lta
2707 4538 2859 4580 meos
2885 4542 3066 4584 mores
3085 4529 3140 4584 in
3170 4539 3264 4588 tuo
3292 4548 3482 4591 amore
3509 4536 3755 4608 dispone,
3782 4548 3842 4595 ut

2257 4605 2388 4660 nihil
2415 4607 2483 4664 de
2508 4609 2611 4666 hoc
2631 4615 2830 4672 mundo
2857 4631 3115 4688 quaeram,
3147 4622 3242 4678 sed
3271 4625 3417 4681 solas
3449 4634 3568 4684 tuas
3589 4605 3844 4698 justiﬁca-

2262 4697 2439 4755 tiones
2473 4703 2773 4773 exquiram.
2817 4705 3060 4768 Pracveni
3083 4715 3227 4769 enim
3255 4716 3308 4770 in
3336 4697 3648 4776 maturitate
3677 4730 3734 4777 et
3753 4738 3844 4778 ex-

2257 4790 2486 4848 clamavi
2511 4811 2523 4848 :
2550 4794 2646 4850 Fui
2663 4812 2815 4868 puer,
2843 4811 3032 4871 postea
3058 4805 3394 4876 adolescens,
3427 4811 3669 4886 itemque
3693 4815 3841 4887 juve-

2258 4883 2371 4949 nis;
2403 4901 2548 4945 nunc
2575 4902 2701 4945 ecce
2720 4889 2833 4961 jam
2861 4897 3013 4951 senui
3032 4937 3047 4963 ,
3087 4907 3142 4954 et
3175 4901 3297 4977 vita:
3331 4918 3469 4959 meae
3498 4883 3660 4963 finem
3689 4917 3848 4964 atten-

2259 4976 2412 5045 dens,
2437 4979 2491 5034 in
2519 4980 2622 5037 hac
2646 4986 2956 5044 maturitate
2983 4991 3191 5073 positus
3217 4993 3411 5062 clamo,
3442 5006 3501 5053 et
3520 5003 3850 5070 praeveniunt

2197 5125 2207 5134 ,
2261 5069 2404 5124 oculi
2449 5072 2556 5128 mei
2601 5073 2668 5129 ad
2715 5084 2768 5132 te
2792 5069 3132 5149 diluculo,’id
3162 5093 3278 5152 est,
3312 5069 3605 5160 antequam
3634 5094 3774 5150 alius
3800 5103 3850 5151 te

1732 5154 1946 5209 ετθεευε
1997 5162 2149 5206 meos
2253 5176 2410 5218 orare
2440 5163 2675 5236 incipiat.
2729 5167 2924 5226 Lucem
2954 5173 3123 5244 ipsam
3153 5175 3259 5232 diei
3287 5179 3599 5239 venientem
3647 5201 3850 5257 ιιι-σιτο-

1732 5233 1794 5257 η,
1823 5241 2072 5257 “AM-
2295 5253 2306 5257 _
2487 5255 2497 5257 μ

2254 5253 2408 5308 niunt
2435 5255 2501 5310 ad
2531 5264 2585 5312 te
2609 5259 2752 5315 oculi
2780 5262 2908 5328 mei,
2938 5272 2995 5319 ut
3024 5280 3213 5322 vocem
3239 5282 3414 5324 meam
3444 5253 3853 5332 audias'secun-

2252 5343 2379 5399 dum
2421 5361 2671 5416 magnam
2711 5352 3136 5412 misericordiam
3161 5366 3342 5428 tuam,
3372 5362 3500 5432 quia
3528 5380 3706 5437 prope
3733 5377 3853 5424 sunt

2249 5435 2342 5505 qui
2387 5449 2785 5511 persequuntur
2829 5461 2934 5501 me.
2985 5447 3299 5519 Iniquitates
3344 5453 3478 5509 mihi
3729 5470 3852 5516 sunt

2254 5527 2378 5596 quia
2408 5545 2439 5584 a
2470 5530 2586 5600 lege
2615 5541 2706 5590 tua
2735 5536 2894 5607 longe
2921 5537 3048 5595 facti
3077 5552 3233 5608 sunt,
3263 5544 3315 5600 id
3337 5553 3452 5614 est,
3495 5527 3778 5609 daemones
3806 5554 3855 5609 in

2256 5618 2442 5686 idolis,
2474 5631 2529 5678 et
2571 5625 2790 5696 Spiritus
2838 5629 3098 5688 immundi
3140 5634 3193 5689 in
3221 5636 3645 5707 cogitationibus
3675 5645 3850 5701 malis.

2253 5711 2315 5766 lli
2345 5717 2912 5787 appropinquaverunt
2938 5737 3324 5797 persequentes
3351 5747 3469 5799 me,
3513 5741 3782 5803 putantes
3806 5749 3854 5796 te

2254 5805 2427 5864 adhuc
2468 5809 2627 5879 longe
2673 5827 2828 5882 esse;
2879 5826 2934 5872 tu
2982 5829 3161 5876 autem
3193 5837 3466 5894 propees,
3500 5825 3770 5902 Domine,
3803 5843 3854 5890 et
