4088 6346
264 438 358 493 Sil

1204 432 1672 496 COMMENTARII
1718 434 1784 491 1N
1826 436 2152 497 PSALMOS.
2196 439 2386 497 PSAL.
2428 442 2605 498 CXIX.

3424 444 3535 507 522

261 557 439 612 omnia
477 556 734 614 mandata
779 564 864 612 tua
884 594 901 621 ,
950 556 1144 628 quibus
1180 556 1445 612 mandasti
1476 564 1624 610 tuum
1653 567 1843 624 exspe-
1868 553 1920 615 A
1946 554 2017 608 mi
2048 552 2251 626 Spiritu
2271 566 2477 628 septem
2504 557 2755 616 Ecclesiis
2772 564 2978 617 textum
3000 561 3291 633 superioris
3316 561 3531 620 fabricat

260 649 513 705 claudum
541 650 830 707 adventum
850 688 869 717 ,
897 650 1079 721 omnia
1106 648 1357 704 mandata
1396 656 1488 703 tua
1517 647 1730 702 veritas.
1764 644 1844 699 Ab

259 742 408 797 initio
436 742 669 812 cognovi
696 743 765 799 de
792 742 1110 799 testimoniis
1137 741 1260 821 tuis,
1284 742 1410 811 quia
1438 741 1515 795 sic
1542 738 1691 795 ﬁrma
1720 744 1846 793 sunt

256 833 518 904 promissa
569 844 688 901 tua,
742 841 802 890 ut
841 834 897 890 in
942 841 1203 890 aeternum
1250 832 1554 889 lundaveris
1577 848 1661 888 ea.
1711 829 1845 886 Vide

257 942 383 997 ergo
434 928 798 983 humilitatem
857 942 1053 982 meam.
1118 925 1332 982 Chorus
1384 934 1690 982 sanctorum
1744 939 1843 995 pro

257 1019 454 1075 mundo
503 1020 762 1077 universo
808 1028 1014 1076 exorat.
1074 1018 1207 1074 Vide
1253 1018 1606 1093 humilitatem
1644 1031 1839 1082 meam,

257 1120 309 1167 et
335 1112 485 1184 eripe
512 1128 633 1179 me,
662 1113 788 1184 quia
813 1113 987 1181 legem
1014 1120 1160 1168 tuam
1188 1128 1297 1168 non
1325 1127 1443 1168 sum
1473 1110 1689 1174 oblitus,
1715 1124 1845 1180 pro-

254 1204 472 1261 missam
492 1205 725 1262 salutem
746 1204 1007 1261 adventus
1026 1206 1123 1261 tui.
1162 1203 1347 1261 Judica
1362 1203 1621 1273 judicium
1642 1215 1839 1265 meum,

254 1310 309 1357 et
351 1301 565 1358 redime
605 1316 695 1358 me
722 1309 943 1373 propter
987 1301 1256 1370 eloquium
1304 1308 1473 1355 tuum.
1544 1296 1615 1353 Ut
1657 1310 1843 1352 verum

256 1393 382 1449 illud
412 1394 683 1451 universis
731 1409 839 1450 non
883 1391 1223 1450 credentibus
1266 1390 1593 1455 manifestes,
1623 1396 1844 1460 propter

254 1485 534 1555 eloquium
580 1494 729 1543 tuum
765 1486 914 1558 eripe
936 1500 1057 1541 me.
1089 1484 1272 1554 Longe
1298 1492 1381 1540 est
1413 1500 1445 1538 a
1472 1481 1845 1553 peccatoribus

252 1578 399 1634 salus
421 1618 439 1646 ,
489 1578 608 1635 sive
633 1580 725 1650 qui
753 1586 1036 1634 venturum
1064 1593 1173 1634 non
1201 1576 1467 1642 credunt,
1496 1590 1594 1631 seu
1618 1573 1711 1645 qui
1732 1572 1845 1644 jam

252 1670 473 1727 venisse
504 1685 614 1726 non
641 1670 884 1726 credunt.
935 1669 1118 1739 Longe
1158 1676 1243 1724 est
1272 1669 1455 1739 utique
1478 1667 1626 1723 salus
1652 1666 1720 1721 ab
1744 1666 1842 1732 eis,

253 1762 380 1833 quia
404 1762 647 1833 justitias
673 1770 795 1818 tuas
819 1779 929 1818 non
966 1762 1355 1833 exquisierunt.
1397 1760 1525 1816 Tuae
1544 1767 1727 1817 autem
1745 1759 1847 1815 mi-

252 1856 559 1911 serationes
584 1856 764 1911 multa:
790 1863 933 1918 sunt,
962 1855 1209 1919 Domine,
1230 1870 1351 1910 cum
1370 1869 1480 1910 non
1508 1853 1846 1923 requirentes

1948 649 2307 705 exstruebam.
2360 648 2510 706 Sicut
2535 652 2679 707 enim
2705 652 2936 713 diximus
2963 656 3017 710 in
3037 655 3307 713 veteribus
3331 659 3533 715 sanctis

1946 738 2216 795 Christum
2247 741 2301 795 in
2329 740 2678 798 fundamento
2723 742 2976 801 Ecclesia:
3002 754 3310 818 operatum,
3355 749 3426 804 ita
3472 751 3529 805 in

1946 832 2212 888 mmnibus
2239 834 2392 889 novis
2420 841 2701 905 operatum
2728 852 2826 906 per
2851 852 2988 907 quos
3017 855 3154 896 unus
3182 840 3534 912 ejusdemque

1947 923 2277 981 lundamenti
2298 942 2465 998 usque
2484 928 2551 984 ad
2572 929 2735 985 linem
2752 931 2935 986 steculi
2959 948 3112 989 arces
3131 944 3451 1006 exsurgunt;
3476 934 3531 990 in

1948 1018 2141 1087 quibus
2150 1020 2259 1090 pax‘
2272 1022 2438 1078 multa
2456 1023 2797 1093 diligentibus
2817 1042 3012 1084 nomen
3030 1036 3200 1097 tuum,
3213 1030 3459 1099 Domine,
3477 1040 3537 1088 et

1949 1126 2057 1166 non
2087 1120 2169 1167 est
2197 1113 2301 1170 illis
2324 1114 2668 1184 scandalum;
2701 1118 2755 1173 in
2780 1119 2976 1188 quibus
3002 1130 3348 1192 exspectatur
3388 1124 3539 1181 salus

1948 1210 2041 1258 tua
2064 1244 2079 1270 ,
2111 1204 2367 1273 Domine,
2417 1216 2474 1263 et
2516 1208 2767 1266 mandata
2812 1212 3215 1282 custodiuntur;
3255 1215 3310 1271 in
3336 1216 3539 1288 quibus

1950 1294 2116 1351 intrat
2162 1298 2453 1367 postulatio
2499 1310 2683 1358 nostra
2724 1303 2778 1358 in
2816 1314 3108 1376 conspectu
3137 1314 3252 1375 tuo,
3283 1307 3534 1375 Domine,

1949 1398 2007 1444 et
2047 1390 2341 1448 secundum
2394 1394 2618 1451 verbum
2658 1404 2806 1454 tuum
2855 1398 3023 1455 libera
3065 1416 3195 1467 nos;
3243 1401 3299 1457 in
3336 1402 3538 1472 quibus

1950 1492 2197 1541 eructant
2224 1486 2367 1543 labia
2392 1495 2578 1547 nostra
2604 1490 2861 1563 hymnum
2880 1532 2896 1559 ,
2944 1509 3066 1550 cum
3091 1493 3350 1551 docemur
3370 1493 3535 1565 justi-

1951 1573 2231 1633 ﬁcationes
2257 1585 2405 1647 tuas;
2438 1581 2492 1636 in
2533 1582 2727 1651 quibus
2772 1586 3085 1653 pronuntiat
3121 1585 3301 1657 lingua
3348 1594 3536 1643 nostra

1950 1666 2163 1737 eloquia
2204 1676 2293 1723 tua
2314 1709 2331 1737 ,
2382 1678 2437 1725 et
2481 1670 2705 1727 docetur
2751 1674 2897 1743 quod
2940 1676 3120 1731 omnia
3162 1677 3409 1733 mandata
3437 1688 3536 1734 tua

1950 1758 2058 1813 sint
2080 1760 2333 1829 aequitas;
2365 1762 2417 1817 in
2444 1762 2639 1832 quibus
2664 1780 2855 1819 manus
2875 1772 2999 1832 tua,
3029 1766 3131 1822 illa:
3149 1783 3268 1840 quae
3287 1769 3341 1824 in
3372 1786 3538 1827 cruce

1954 1848 2073 1905 ﬁxa:
2099 1848 2333 1919 luerunt,
2356 1852 2485 1923 ipsa:
2512 1854 2690 1910 salvos
2718 1872 2819 1911 nos
2839 1856 3062 1926 iaciunt,
3094 1858 3140 1914 si
3166 1860 3417 1916 mandata
3441 1870 3536 1919 tua

253 1948 563 2019 terequiris
584 1988 600 2014 ,
647 1964 768 2005 cum
816 1956 1216 2019 contemptores
1265 1956 1385 2004 tuos
1429 1946 1666 2003 exaudis.
1708 1946 1844 2014 Quia
1872 1940 1923 2003 Β
1947 1940 2216 2011 diligimus
2238 1982 2255 2007 ,
2305 1951 2359 1999 et
2406 1946 2834 2017 concupiscimus
2877 1949 3110 2005 salutare
3156 1958 3335 2016 tuum,
3366 1960 3423 2006 et
3447 1952 3537 2009 lex

253 2053 385 2110 ergo
422 2040 528 2094 illis
573 2039 997 2095 misericordiam
1040 2040 1263 2119 exhibes
1301 2040 1395 2109 qui
1422 2038 1728 2094 testimonia
1752 2044 1846 2092 tua

256 2150 369 2189 non
411 2134 817 2204 exquisierunt,
865 2142 1068 2204 quanto
1114 2133 1285 2203 magis
1320 2140 1377 2188 et
1411 2133 1543 2187 mihi
1569 2133 1846 2197 miserere,

251 2226 346 2296 qui
377 2242 411 2281 a
462 2226 781 2282 testimoniis
822 2225 927 2279 tuis
973 2239 1081 2279 non
1109 2223 1391 2279 declinavi.
1457 2222 1593 2288 Hoc,
1620 2228 1681 2277 ut
1708 2237 1851 2293 stupe

141 2314 158 2327 ’
248 2317 514 2384 dicimus,
542 2318 743 2373 chorus
770 2323 1081 2372 sanctorum
1110 2314 1351 2370 omnium
1378 2321 1729 2385 protestatur,
1758 2312 1851 2383 qui

244 2417 306 2464 et
334 2398 595 2479 adjecit:
628 2408 750 2464 Vidi
792 2424 900 2463 non
946 2414 1224 2463 servantes
1245 2414 1494 2478 pactum,
1526 2415 1581 2462 et
1607 2406 1849 2463 tabesce-

243 2501 401 2568 bam,
437 2502 560 2573 quia
584 2500 823 2570 justitias
853 2508 975 2555 tuas
1004 2514 1112 2556 non
1140 2500 1544 2567 custodierunt:
1576 2502 1849 2571 quomodo

254 2592 526 2649 distabuit
552 2591 765 2664 Moyses
794 2593 847 2647 in
873 2592 1073 2664 populo
1100 2592 1545 2665 praevaricatore;
1575 2591 1847 2662 quomodo

249 2679 493 2740 Phinees
514 2723 530 2750 ,
571 2683 840 2754 quomodo
870 2683 1071 2741 Chaleb
1100 2682 1239 2739 ﬁlius
1264 2682 1533 2755 Jephsne,
1572 2682 1846 2754 quomodo

247 2772 419 2833 Jesus
445 2774 591 2833 Nave
619 2774 791 2845 ﬁlius,
819 2776 1094 2847 quomodo
1118 2775 1335 2833 Samuel
1367 2776 1422 2831 in
1443 2775 1623 2832 Saule.
1661 2773 1848 2831 Omnis

243 2881 386 2939 ergo
434 2868 632 2925 chorus
678 2876 989 2926 sanctorum
1034 2877 1161 2925 ante
1187 2868 1475 2925 adventum
1505 2868 1735 2934 Domini,
1764 2868 1847 2923 vi-

245 2962 390 3019 dens
434 2974 545 3018 non
590 2970 869 3017 servantes
914 2970 1161 3032 paetum,
1190 2961 1523 3026 tabescebat,
1551 2968 1607 3016 et
1633 2960 1850 3017 dicebat

245 3052 522 3137 Domino:
554 3053 687 3111 Vide
720 3056 847 3127 quia
872 3056 1037 3111 dilexi
1064 3055 1239 3125 legem
1268 3063 1413 3111 tuam
1434 3095 1450 3121 ,
1480 3055 1536 3110 in
1564 3062 1656 3110 tua
1683 3054 1847 3109 mise-

246 3151 487 3209 ricordia
520 3146 731 3208 viviﬁCa
756 3168 862 3207 me.
912 3150 1030 3207 Hoc
1056 3159 1238 3207 autem
1263 3188 1278 3214 ,
1317 3149 1465 3220 quod
1491 3149 1723 3205 diximus
1745 3162 1847 3204 ste-

245 3257 580 3317 penumero,
628 3250 940 3299 sanctorum
980 3242 1049 3297 ab
1076 3241 1211 3297 Abel
1240 3257 1410 3311 usque
1438 3241 1507 3296 ad
1546 3240 1769 3296 Mariam
1793 3246 1851 3296 et

240 3332 457 3407 Ioseph
487 3352 675 3392 omnes
704 3335 921 3408 quidem
950 3336 1004 3389 in
1027 3334 1145 3404 lege
1173 3334 1339 3391 veteri
1369 3334 1713 3405 placuerunt,
1754 3348 1845 3389 us-

246 3440 360 3501 que
386 3429 456 3485 ad
495 3429 788 3497 Abraham,
821 3429 993 3500 legem
1022 3434 1225 3484 natura:
1252 3436 1549 3495 servantes,
1583 3427 1651 3483 ab
1672 3426 1843 3483 Abra-

245 3522 383 3581 ham
402 3537 573 3593 usque
608 3520 675 3577 ad
711 3521 931 3601 Moysen
958 3520 1133 3591 legem
1160 3528 1368 3577 natura:
1401 3528 1457 3576 et
1480 3519 1843 3577 circumcisio-

248 3614 338 3671 nis
361 3655 376 3681 ,
426 3627 458 3669 a
503 3611 688 3687 Moyse
726 3628 895 3683 usque
939 3611 1011 3669 ad
1049 3612 1333 3670 Dominum
1360 3610 1544 3669 Iesum
1571 3612 1842 3670 Christum

247 3707 427 3778 legem
459 3713 681 3774 natum,
710 3707 1133 3764 circumcisionis
1161 3715 1218 3762 et
1240 3707 1404 3775 legis;
1438 3720 1627 3763 omnes
1653 3706 1710 3760 hi
1730 3704 1843 3775 jam

250 3807 383 3854 tunc
407 3813 475 3853 ex
502 3798 804 3869 semetipsis
831 3795 1238 3853 fundamentum
1267 3796 1522 3854 Ecclesiae
1548 3797 1844 3853 constitue-

249 3888 404 3955 bant,
436 3889 586 3957 cujus
612 3885 977 3944 dedicatorem
1014 3896 1071 3943 et
1110 3888 1517 3958 adimpletorem
1556 3886 1843 3943 Dominum

250 3979 678 4049 exspectabant,
725 3978 818 4047 qui
864 3978 1166 4048 compleret
1202 3978 1349 4049 quod
1386 3978 1661 4047 iuraverat
1687 3993 1845 4033 servo

254 4084 357 4124 suo
386 4068 634 4135 Abrahae,
666 4064 812 4139 quod
839 4068 893 4123 in
915 4070 1123 4124 semine
1150 4070 1266 4137 ejus
1292 4064 1636 4125 hmreditaret
1657 4084 1846 4125 omnes

255 4166 469 4229 gentes.
502 4157 602 4214 Hic
627 4157 824 4214 chorus
871 4159 1112 4215 omnium
1150 4168 1459 4216 sanctorum
1490 4159 1604 4229 jam
1632 4160 1729 4217 Dei
1755 4159 1844 4215 Fi-

253 4248 387 4305 lium
434 4264 503 4306 ex
548 4264 645 4322 ore
691 4248 868 4306 Patris
912 4249 1173 4306 didicerat
1218 4258 1403 4307 natum
1426 4290 1441 4315 ,
1484 4261 1543 4307 ut
1570 4252 1846 4308 evidenter

250 4341 458 4397 diceret
486 4339 633 4398 Patri
657 4359 671 4396 :
714 4338 1046 4413 Principium
1069 4342 1355 4398 verborum
1384 4351 1596 4399 tuorum
1623 4344 1839 4400 veritas.

250 4432 393 4502 Quid
421 4434 598 4491 minus
642 4436 732 4492 hic
770 4449 935 4506 quam
978 4435 1270 4506 Evangelia
1311 4435 1618 4493 declaravit.
1674 4437 1732 4493 In
1761 4438 1844 4495 his

248 4542 384 4598 ergo
408 4527 521 4599 jam
549 4536 677 4588 tunc
704 4527 950 4586 Christus
975 4545 1098 4586 cum
1125 4520 1287 4587 Patre
1328 4538 1383 4587 et
1424 4530 1626 4603 Spiritu
1653 4540 1843 4589 sancto

1949 2042 2041 2089 tua
2070 2035 2350 2092 meditatio
2378 2045 2564 2093 nostra
2592 2046 2694 2094 est.
2726 2038 3023 2097 Credentes
3046 2041 3193 2112 quod
3220 2043 3384 2101 etiam
3410 2057 3537 2099 cor-

1948 2139 2084 2195 pore
2130 2134 2320 2183 nostro
2360 2128 2506 2185 vivet
2550 2130 2727 2186 anima
2756 2140 2939 2188 nostra
2958 2174 2974 2201 ,
3005 2141 3062 2189 et
3089 2133 3271 2189 laudet
3298 2142 3383 2201 te;
3416 2145 3537 2190 ere-

1949 2215 2139 2273 dentes
2173 2218 2320 2288 quod
2355 2219 2558 2289 judicia
2596 2228 2690 2278 tua
2733 2224 2986 2294 adjuvent
3030 2242 3152 2283 nos.
3207 2226 3539 2284 Conﬁtentes

1950 2308 2095 2378 quod
2122 2312 2452 2381 erravimus,
2502 2315 2643 2372 sicut
2668 2316 2787 2373 ovis
2814 2317 2903 2373 illa
2931 2333 3051 2390 quae
3073 2318 3251 2390 periit,
3283 2326 3539 2390 rogantes

1949 2410 2010 2457 ut
2032 2405 2277 2475 requiras
2302 2422 2451 2476 eam,
2482 2415 2539 2465 et
2565 2409 2804 2467 humeris
2838 2411 3141 2482 imponens,
3182 2414 3331 2483 gregi
3360 2413 3537 2484 appli-

1948 2508 2038 2552 ces
2066 2500 2401 2568 permanenti
2426 2502 2718 2559 secundum
2745 2503 3066 2575 promissum
3094 2514 3244 2561 tuum
3262 2543 3279 2571 ,
3308 2504 3537 2563 Domine

1946 2586 2074 2645 Jesu
2098 2587 2331 2660 Christe,
2352 2594 2446 2664 qui
2464 2600 2659 2667 regnas
2677 2610 2801 2652 cum
2821 2594 2984 2654 Patre
3009 2605 3066 2654 et
3090 2594 3295 2670 Spiritu
3321 2607 3533 2666 sancto,

1946 2695 2045 2753 per
2073 2684 2255 2740 omnia
2274 2686 2468 2744 sacula
2496 2688 2837 2745 saculorum.

2416 2892 2429 2897 g
2472 2819 2789 2878 psamus
2815 2820 2999 2877 cxnx.

2442 2926 2724 2989 Canticum
2749 2933 3031 3003 graduum.

2018 3042 2105 3098 Ad
2129 3041 2413 3100 Dominum
2456 3061 2572 3100 cum
2620 3045 2895 3103 tribularer
2920 3030 3159 3115 clamavi,
3188 3056 3239 3103 et
3276 3048 3537 3104 exaudivit

1948 3152 2047 3191 ine.
2080 3134 2322 3205 Domine,
2353 3138 2516 3194 libera
2543 3141 2774 3195 animant
2800 3158 2971 3197 meatu
2996 3159 3029 3196 a
3056 3141 3207 3198 labiis
3235 3144 3425 3217 iniquis
3441 3186 3457 3211 ,
3483 3153 3536 3200 et

1949 3245 1983 3284 a
2010 3230 2186 3305 lingua
2229 3231 2430 3289 dolosa.
2475 3229 2616 3299 Quid
2642 3233 2790 3289 detur
2820 3233 2910 3290 tibi
2927 3274 2943 3300 ,
2980 3244 3071 3289 aut
3098 3237 3222 3310 quid
3243 3247 3536 3308 apponatur

1875 3319 1924 3387 C
1952 3324 2044 3382 tibi
2064 3325 2135 3381 ad
2160 3324 2393 3399 linguam
2410 3326 2665 3384 dolosam.
2698 3327 2920 3399 Sagitta:
2938 3330 3157 3399 potentis
3184 3338 3380 3391 acuta,
3417 3347 3535 3384 cum

1940 3416 2250 3475 carbonibus
2275 3418 2622 3475 desolatoriis.
2644 3417 2761 3473 Heu
2789 3419 2951 3475 mihi!
2977 3422 3098 3492 quia
3118 3420 3372 3474 incolatus
3392 3437 3539 3475 meus

1942 3515 2281 3584 prolongata
2306 3518 2386 3566 est
2400 3526 2419 3564 :
2442 3510 2672 3564 habitaoi
2692 3524 2808 3563 eum
2826 3508 3179 3564 habitantibus
3193 3509 3379 3574 Cedar,
3402 3513 3537 3565 mul-

1944 3609 2052 3656 tum
2074 3601 2249 3657 incola
2276 3601 2378 3674 fuit
2400 3601 2579 3655 animo
2604 3616 2739 3655 mea.
2790 3597 2918 3654 Cum
2959 3598 3040 3656 his
3066 3601 3153 3672 qui
3191 3600 3411 3656 oderunt
3438 3620 3534 3673 pa-

1943 3707 2055 3747 cetn
2090 3707 2236 3747 eram
2269 3692 2551 3763 paciﬁcus;
2580 3707 2698 3746 cunt
2723 3688 2966 3764 loquebar
2998 3690 3131 3759 illis,
3162 3692 3534 3764 impugnabant

1942 3800 2026 3839 nte
2051 3784 2237 3856 gratis.

2521 3868 2955 3911 COIIBN‘I'ARIUI.

2015 3966 2237 4022 Cantica
2279 3966 2538 4035 graduum
2567 3965 2777 4023 cantica
2817 3962 3195 4021 ascensionum
3224 3972 3366 4020 sunt.
3425 3965 3535 4023 Ve.

1946 4058 2043 4115 luti
2072 4059 2118 4114 si
2152 4058 2309 4115 alicui
2335 4058 2429 4130 qui
2455 4059 2511 4116 in
2548 4058 2762 4116 foveam
2798 4055 3078 4126 ceciderit,
3111 4069 3343 4133 ponatur
3370 4062 3532 4129 scala,

1947 4160 2006 4205 ut
2032 4150 2157 4206 inde
2203 4149 2528 4208 ascendendi
2567 4151 2747 4221 capiat
2772 4148 3100 4207 facultatem.
3156 4150 3215 4208 In
3244 4150 3396 4209 fovea
3428 4154 3530 4209 ita-

1946 4260 2054 4315 que
2079 4244 2407 4315 captivitatis
2434 4259 2557 4300 cum
2584 4244 2817 4317 populus
2854 4243 3178 4302 Israeliticus
3204 4246 3527 4318 devenisset,

1944 4353 2067 4395 eum
2095 4337 2442 4393 tribularetur
2465 4338 2691 4395 clamavi
2718 4338 2786 4395 ad
2816 4338 3124 4407 Dominum,
3168 4349 3223 4397 et
3249 4340 3532 4398 exauditus

1943 4437 2044 4496 est,
2073 4429 2217 4486 unde
2243 4437 2300 4486 et
2325 4430 2526 4501 plorat,
2564 4430 2787 4488 dicens:
2819 4430 2936 4487 Heu
2960 4447 3047 4487 me
3072 4430 3084 4483 ι
3112 4432 3239 4501 quia
3284 4434 3529 4504 peregri-

1943 4522 2093 4579 natio
2118 4538 2239 4579 mea
2266 4522 2424 4593 longa
2453 4522 2593 4581 facta
2622 4531 2724 4580 est.
2767 4521 2836 4579 Et
2862 4523 3095 4594 adjecit:
3128 4524 3376 4583 Habitavi
3404 4544 3530 4584 cum

248 4620 531 4688 regnabat.
582 4620 699 4676 Non
742 4622 886 4677 enim
928 4628 1144 4693 poterat
1188 4622 1303 4678 ﬁeri
1344 4631 1404 4677 ut
1430 4632 1691 4695 cuperent
1716 4640 1839 4681 eum
1866 4691 1894 4695 Δ
1944 4618 2309 4675 habitantibus
2354 4617 2547 4676 Cedar.
2606 4617 2786 4675 Cedar
2827 4636 2968 4682 unus
2996 4637 3061 4677 ex
3092 4620 3213 4677 ﬁliis
3237 4622 3403 4679 Israel
3430 4624 3534 4680 fuit

247 4718 304 4767 et
324 4710 718 4768 conﬁterentur
738 4727 881 4778 eum,
904 4691 1010 4769 nisi
1032 4715 1227 4769 mentis
1248 4730 1358 4770 suae
1372 4691 1542 4771 oculis
1568 4716 1685 4786 ejus
1712 4717 1836 4788 pul-
1864 4691 1922 4756 υ
1943 4710 2038 4781 qui
2065 4711 2299 4767 obtinuit
2345 4708 2689 4768 solitudinem
2730 4712 2785 4766 in
2814 4713 3035 4781 regione
3060 4710 3318 4779 Orientis,
3351 4730 3470 4783 quae
3496 4732 3529 4771 a

247 4803 614 4862 chritudinem
653 4806 1001 4876 aspexissent.
1052 4804 1110 4860 In
1137 4806 1264 4878 ipsis
1288 4820 1419 4877 ergo
1452 4807 1564 4878 jam
1591 4807 1835 4867 Ecclesia

244 4894 455 4950 Christi
482 4894 558 4951 ita
584 4910 703 4966 quae
729 4904 854 4950 sunt
880 4895 1055 4951 futura
1083 4896 1451 4969 praeloquitur,
1482 4906 1539 4954 ut
1563 4901 1835 4970 praeterita

243 5002 512 5045 enarrare
535 4988 815 5044 videatur:
848 4986 1153 5060 Principes,
1185 4990 1386 5059 inquit,
1419 4993 1685 5061 persecuti
1712 5000 1839 5048 sunt

239 5095 343 5135 me
372 5080 539 5148 gratis
561 5118 577 5145 ,
626 5080 720 5136 sed
744 5120 761 5147 ,
807 5088 1129 5150 contempta
1146 5082 1518 5151 persecutione
1541 5095 1757 5147 eorum,
1805 5097 1838 5138 a

236 5170 435 5227 Verbis
462 5172 568 5228 tuis
593 5170 899 5227 formidavit
933 5186 1029 5227 cor
1055 5186 1254 5227 meum.
1316 5171 1406 5227 Eis
1430 5172 1634 5228 scilicet
1659 5172 1841 5229 verbis

240 5261 453 5333 quibus
479 5262 658 5319 dixisti
683 5281 696 5318 :
730 5260 909 5319 Nolite
936 5264 1111 5318 timere
1125 5264 1211 5335 qui
1238 5261 1482 5319 occidunt
1510 5279 1725 5336 corpus,
1751 5263 1844 5319 sed

244 5357 475 5427 cumqui
495 5364 659 5428 potest
685 5370 867 5427 corpus
886 5363 937 5409 et
967 5357 1200 5411 animam
1225 5354 1440 5427 perdere
1474 5356 1531 5409 in
1557 5356 1843 5429 gehennam

254 5444 414 5519 (Luc.
443 5449 560 5520 xu).
615 5446 829 5504 Habetis
874 5460 1003 5517 ergo
1049 5448 1104 5503 in
1150 5448 1330 5505 verbis
1376 5448 1484 5504 tuis
1512 5448 1759 5506 timorem
1786 5456 1843 5505 et

252 5536 501 5594 lattitiam
526 5581 541 5607 ,
582 5540 721 5596 sicut
764 5538 857 5609 qui
902 5539 1104 5594 invenit
1148 5541 1320 5610 spolia
1344 5540 1517 5595 multa
1539 5582 1555 5608 ,
1596 5548 1842 5611 tempore

256 5645 372 5702 quo
400 5632 734 5703 iniquitatem
764 5631 888 5687 odio
916 5630 1099 5696 habui,
1130 5631 1185 5686 id
1211 5640 1320 5701 est,
1353 5632 1512 5689 idolis
1537 5632 1843 5688 sacriﬁcare

255 5726 561 5798 contempsi
582 5766 599 5793 ,
630 5732 685 5782 et
709 5724 895 5781 videns
922 5724 1257 5793 iniquitatem
1282 5765 1297 5789 ,
1341 5726 1678 5782 abominatus
1705 5742 1845 5795 sum,

258 5816 337 5873 ita
365 5825 425 5875 ut
450 5817 726 5891 suppliciis
748 5816 972 5873 diversis
998 5823 1301 5873 maceratus
1329 5815 1665 5873 excederem.
1697 5816 1850 5875 Tunc

262 5910 454 5984 utique
477 5910 679 5983 septies
703 5910 759 5967 in
786 5908 873 5966 die
892 5908 1102 5967 laudem
1124 5908 1234 5967 dixi
1247 5908 1495 5975 tibi,cum
1517 5908 1572 5968 in
1596 5908 1847 5985 septifor—

549 6005 821 6068 Ps'rsos.
863 6002 1023 6070 ιω.

1942 4801 2159 4860 deserto
2187 4801 2486 4858 Palaestina:
2511 4816 2682 4872 usque
2709 4800 2776 4855 ad
2817 4808 2991 4856 terras
3016 4798 3301 4858 Persarum
3341 4814 3531 4862 exten-

1940 4894 2107 4960 ditur,
2136 4896 2192 4951 in
2216 4910 2321 4965 qua
2348 4903 2502 4966 parte
2530 4909 2672 4950 nunc
2710 4892 2965 4949 Saraceni
3005 4893 3266 4963 habitant,
3299 4914 3531 4968 quorum

1941 4994 2100 5058 pater
2142 4985 2317 5043 Cedar
2366 4983 2505 5040 ﬁlius
2559 4983 2747 5039 lsmael
2796 4998 2914 5039 esse
2960 4985 3257 5055 reperietur
3296 4988 3530 5045 lectione

1942 5078 2237 5136 Ceneseos.
2269 5077 2336 5133 Ili
2364 5078 2610 5133 odientes
2642 5092 2828 5147 pacem
2859 5094 3096 5151 eousque
3122 5082 3438 5153 probantur,
3470 5092 3529 5137 ut

1944 5184 2219 5240 nunquam
2246 5184 2370 5225 cum
2398 5176 2559 5239 gente
2588 5168 2767 5239 aliqua
2796 5168 2967 5228 fedus
2994 5173 3213 5231 inierint
3240 5175 3417 5243 pacis,
3460 5187 3530 5230 ex

1942 5277 2052 5333 quo
2078 5263 2183 5318 orti
2211 5271 2337 5318 sunt
2363 5278 2533 5333 usque
2561 5263 2629 5320 ad
2657 5274 2975 5335 praesentem
3001 5267 3163 5322 diem.
3196 5264 3367 5331 Quam
3397 5278 3528 5332 gen-

1944 5365 2053 5411 tem
2079 5368 2181 5424 ego
2208 5354 2537 5411 daemonibus
2575 5371 2913 5428 comparans,
2944 5356 3014 5411 ad
3040 5370 3218 5410 meum
3255 5353 3529 5424 captivum

1943 5447 2142 5505 accedo
2166 5466 2179 5502 :
2212 5445 2529 5521 fugiensque
2554 5465 2736 5506 moras
2770 5449 3042 5505 historica
3069 5446 3394 5502 narrationis
3415 5486 3430 5512 ,
3477 5447 3530 5505 ei

1943 5541 2037 5612 qui
2064 5540 2255 5597 cecidit
2300 5540 2354 5596 in
2400 5541 2608 5612 peccati
2637 5539 2848 5595 foveam
2876 5540 3036 5593 istum
3062 5534 3328 5608 psalmum
3355 5552 3528 5610 expo-

1946 5650 2046 5702 no;
2074 5634 2197 5692 dico
2223 5635 2311 5691 ei:
2358 5634 2674 5698 Tribulare,
2722 5632 2849 5700 quia
2894 5628 3035 5683 male
3079 5629 3289 5686 [attatus
3316 5645 3393 5687 es.
3460 5630 3531 5695 Et

1948 5741 2071 5782 cum
2126 5725 2467 5782 tribulantem
2513 5731 2566 5777 te
2612 5720 2799 5777 iecerit
2846 5718 3161 5790 panitentia
3185 5760 3200 5786 ,
3250 5722 3423 5779 clama
3461 5724 3530 5790 ad

1950 5818 2255 5884 Dominum,
2286 5815 2511 5871 credens
2539 5812 2683 5883 quod
2703 5820 2758 5869 te
2786 5808 3070 5881 exaudiat;
3101 5813 3190 5871 dic
3216 5814 3267 5871 ei
3290 5832 3302 5869 ε
3336 5813 3529 5876 Libera

1954 5910 2186 5968 annnam
2232 5922 2408 5987 meam
2434 5922 2470 5963 a
2494 5905 2651 5965 labiis
2694 5904 2917 5979 iniquis,
2950 5911 3005 5961 et
3053 5922 3084 5963 a
3112 5906 3293 5977 lingua
3318 5906 3526 5965 dolosa.
