4088 6346
531 401 633 455 527

1753 361 1762 371 ’
1839 391 2110 450 morsu
2146 392 2469 466 wulolus.

3680 397 3786 453 δυ

531 516 604 570 ad
645 513 1126 570 consummationem
1172 511 1348 566 saeculi
1386 508 1564 582 (Matt.
1606 507 1825 578 xxvul);
1858 509 1972 579 ipse
1998 525 2109 564 non
2134 513 2190 572 Α
2212 519 2267 566 et
2305 510 2447 566 unde
2487 524 2586 566 nos
2611 509 2663 568 ei
2689 508 3024 566 exhibuimus
3061 504 3252 566 ﬂentes
3293 515 3455 580 atque
3496 508 3785 577 tristantes,

531 608 864 678 derelinquet
905 605 1106 672 virgam
1153 603 1546 666 haereticorum,
1596 617 1756 672 super
1794 609 1994 657 sortem
2021 616 2112 657 ca-

533 698 868 754 tholicorum.
922 694 1204 764 Egreditur
1246 695 1389 750 enim
1434 695 1582 764 virga
1629 694 1761 763 legis
1805 701 2000 749 nostrae
2044 692 2114 763 de

531 805 693 850 manu
719 787 1058 858 legislatoris,
1090 794 1146 842 et
1185 785 1377 842 effecta
1417 785 1581 841 draco
1607 785 1883 841 devoravit
1909 784 2113 852 virgam

532 895 738 943 eorum,
770 888 829 934 ut
870 894 979 934 non
1018 876 1310 933 extendant
1335 877 1621 933 orthodoxi
1649 876 1718 932 ad
1743 876 1988 932 haeresim
2015 890 2112 930 va-

530 987 655 1028 nam
674 978 889 1028 sanctas
916 986 1104 1026 manus
1142 985 1284 1037 suas,
1316 954 1499 1034 idest,
1531 985 1696 1040 opera
1723 984 1820 1025 sua
1848 967 2115 1024 haereticis

529 1079 641 1119 non
667 1061 975 1118 extendant.
1007 1061 1208 1117 Verum
1252 1061 1377 1132 quia
1419 1069 1544 1120 sunt
1570 1061 1732 1131 aliqui
1759 1075 1989 1130 quorum
2021 1075 2116 1116 cor

530 1156 607 1210 illi
624 1161 958 1222 pervertunt,
981 1161 1198 1209 sanctus
1217 1153 1448 1224 Spiritus
1474 1169 1574 1225 pro
1600 1153 1763 1209 rectis
1788 1151 1950 1208 corde
1973 1159 2112 1207 orat.

531 1246 874 1304 Declinantes
909 1245 965 1300 in
1005 1247 1360 1302 anathematis
1400 1247 1779 1317 obligationem
1807 1243 2033 1300 adducet
2060 1243 2116 1299 in

532 1339 673 1395 diem
697 1339 885 1410 judicii
911 1353 1034 1395 cum
1062 1340 1407 1409 operantibus
1434 1339 1791 1408 iniquitatem.
1821 1336 1901 1392 Sit
1927 1352 2033 1408 pax
2060 1336 2117 1391 in

531 1429 694 1486 Israel
735 1445 835 1502 per
871 1424 1158 1485 Dominum
1196 1439 1438 1487 nostrum
1485 1429 1666 1486 Jesum
1705 1428 1993 1494 Christum,
2023 1427 2117 1497 qui

533 1530 723 1592 regnat
754 1523 812 1578 in
838 1521 1044 1578 unitate
1071 1523 1294 1579 Deitatis
1319 1539 1442 1578 cum
1486 1521 1644 1578 Patre
1669 1528 1724 1577 et
1760 1519 1964 1591 Spiritu
1989 1535 2115 1576 san-

534 1623 646 1684 cto,
671 1631 770 1688 per
795 1616 1046 1673 universa
1073 1617 1266 1672 saecula
1294 1615 1635 1672 saeculorum.
1665 1615 1854 1670 Amen.

1045 1747 1358 1805 PSALMUS
1392 1747 1601 1805 CXXV.

1031 1863 1310 1920 Canticum
1343 1864 1619 1934 graduum.

607 1975 678 2034 In
695 1975 1033 2035 convertenda
1058 1975 1310 2031 Dominus
1333 1977 1680 2046 captivitatem
1709 1973 1860 2038 Sion,
1890 1973 2016 2045 facti
2033 1988 2122 2027 su-

536 2086 650 2125 mus
667 2067 937 2125 consolati.
965 2066 1107 2121 Tunc
1126 2067 1368 2137 repletum
1389 2075 1464 2121 est
1491 2065 1681 2137 gaudio
1709 2082 1766 2120 os
1794 2072 2042 2128 nostrum,
2073 2072 2124 2118 et

533 2161 716 2236 lingua
752 2169 933 2217 nostra
972 2159 1333 2215 exsultatione.
1367 2157 1511 2212 Tunc
1547 2157 1718 2212 dicent
1744 2157 1879 2211 inter
1919 2164 2122 2227 gentes:

534 2251 892 2324 Hagnificavit
910 2250 1165 2306 Dominus
1186 2252 1356 2322 facere
1374 2264 1489 2302 cum
1517 2248 1609 2302 eis.
1633 2246 1993 2321 Magniﬁcavit
2013 2245 2124 2301 Do-

535 2343 704 2398 minus
731 2344 900 2414 facere
920 2341 1200 2406 nobiscum,
1225 2341 1348 2410 facti
1368 2355 1542 2394 sumus
1572 2338 1826 2394 laetantes.
1857 2337 2120 2403 Converte,

537 2431 780 2496 Domine,
807 2433 1155 2503 captivitatem
1180 2438 1430 2495 nostram,
1455 2432 1588 2484 sicut
1617 2441 1816 2486 torrens
1843 2430 1897 2483 in
1925 2438 2119 2483 austro.

540 2521 642 2588 Qui
669 2526 923 2579 seminant
950 2526 1004 2578 in
1026 2523 1288 2593 lacrymis,
1310 2523 1365 2574 in
1385 2521 1727 2576 exsultatione
1741 2527 1948 2574 metent.
1973 2517 2122 2572 Eun-

538 2621 614 2670 tes
641 2613 785 2669 ibant
824 2621 874 2668 et
908 2613 1121 2682 ﬂebant,
1161 2614 1414 2666 mittentes
1453 2612 1652 2665 semina
1691 2627 1802 2665 sua.
1853 2609 2124 2664 Venientes

421 2775 431 2787 ⁸
538 2711 711 2760 mrtem
748 2704 947 2759 venient
987 2719 1102 2758 cum
1141 2702 1499 2768 exsultatione,
1542 2709 1803 2773 portantes
1832 2700 2125 2772 manipulos

539 2813 680 2853 W08.

1103 2881 1537 2922 COIIENTARIUI.

606 2979 826 3036 Cantica
854 2978 1112 3050 graduum
1141 2987 1268 3035 sunt
1308 2987 1476 3050 portae
1516 2979 1637 3034 ραδιί
1675 2977 1926 3049 patentis.
1955 2974 2122 3032 Jacob

539 3070 883 3140 requiescens
911 3070 1060 3125 videt
1094 3070 1150 3124 in
1185 3069 1393 3124 visione
1420 3084 1516 3123 sua
1544 3068 1827 3124 Dominum
1847 3082 2008 3138 super
2032 3082 2126 3123 ca-

537 3167 656 3233 put,
684 3161 833 3217 cmlis
873 3161 1196 3231 patentibus,
1238 3161 1607 3226 accubantem,
1650 3159 1803 3229 cujus
1847 3159 2124 3229 superiora

2214 605 2338 660 inde
2385 618 2485 661 nos
2529 602 2688 661 faciat
2734 603 2852 674 ipse
2900 602 3142 662 laetantes
3173 610 3335 673 atque
3379 601 3689 673 gaudentes.
3732 602 3788 659 Si

2214 698 2358 754 enim
2379 697 2643 770 lacrymas
2660 697 3040 753 seminavimus
3061 695 3409 768 paenitentiae,
3431 694 3661 752 fecunda
3677 695 3790 752 sine

2213 789 2377 846 dubio
2399 789 2588 846 messis
2609 788 2762 846 nobis
2786 787 3126 859 indulgentiae
3145 789 3366 854 orietur,
3383 802 3451 843 ex
3469 801 3574 858 qua
3595 803 3790 843 exeun-

2215 891 2297 938 tes
2335 883 2404 938 de
2443 897 2689 954 corpore,
2719 882 2998 939 venientes
3041 881 3108 937 ad
3146 881 3430 938 Dominum
3473 879 3528 935 in
3554 881 3788 936 exsulta-

2215 975 2382 1043 tione,
2413 975 2613 1032 erimus
2655 989 2776 1032 cum
2823 975 3022 1031 sanctis
3063 981 3341 1045 portantes
3366 971 3672 1043 manipulos
3696 988 3788 1028 no-

2214 1075 2373 1122 stros.
2419 1066 2552 1122 Nam
2600 1066 2692 1122 ubi
2735 1065 2811 1121 illi
2857 1065 3164 1136 gaudebunt
3187 1065 3452 1131 coronati,
3488 1079 3589 1120 nos
3616 1063 3790 1118 exsul-

2216 1159 2448 1215 tabimus
2511 1159 2754 1225 liberati,
2815 1174 2913 1230 per
2969 1157 3255 1214 Dominum
3317 1165 3560 1213 nostrum
3615 1153 3789 1212 Jesum

2215 1247 2484 1306 Christum
2515 1251 2607 1320 qui
2633 1256 2824 1322 regnat
2851 1249 2905 1304 in
2935 1249 3126 1306 saecula
3154 1249 3491 1306 saeculorum.
3521 1248 3713 1304 Amen.
3816 1259 3822 1284 ν

2713 1379 3030 1438 PSALMUS
3063 1379 3296 1438 CXXVI.

2552 1493 2829 1550 Canticum
2857 1493 3117 1563 graduum
3141 1492 3462 1550 Salomonis.

2257 1603 2411 1672 _'Nisi
2436 1603 2688 1661 Dominus
2717 1605 3050 1676 redi/icavelit
3075 1604 3302 1670 domum,
3329 1605 3386 1659 in
3427 1621 3619 1659 vanum
3655 1605 3786 1660 labo-

2217 1702 2460 1750 raverunt
2484 1696 2571 1766 qui
2601 1694 2867 1766 aedificant
2891 1711 3025 1749 eam.
3069 1692 3193 1749 Nisi
3219 1693 3474 1749 Dominus
3502 1695 3786 1750 custodierit

2218 1787 2498 1854 civitatem,
2529 1788 2725 1860 [rustra
2749 1787 2930 1860 vigilat
2955 1788 3042 1858 qui
3073 1787 3297 1842 custodit
3319 1804 3452 1841 eam.
3491 1787 3699 1842 Vanum
3721 1795 3787 1843 est

2143 1888 2194 1950 Β
2218 1877 2358 1936 vobis
2387 1889 2506 1934 ante
2543 1879 2706 1934 lucem
2743 1897 2986 1952 surgere;
3024 1880 3217 1952 surgite
3241 1889 3510 1952 postquam
3549 1881 3783 1946 sederitis,
3888 1930 3899 1938 .

2223 1973 2306 2044 qui
2345 1972 2670 2027 manducatis
2714 1989 2901 2042 panem
2939 1971 3150 2027 doloris.
3201 1969 3329 2026 Cum
3366 1972 3575 2027 dederit
3609 1973 3783 2027 dilectis

2223 2066 2329 2119 suis
2348 2081 2583 2119 somnum
2608 2081 2724 2119 ecce
2743 2065 3017 2120 hereditas
3037 2063 3270 2130 Domini,
3299 2065 3431 2136 ﬁlii;
3454 2081 3670 2132 merces,
3691 2070 3786 2138 {ru—

2223 2165 2332 2211 ctus
2359 2158 2567 2212 ventris.
2610 2155 2757 2212 Sicut
2799 2157 3004 2230 sagitta
3045 2160 3102 2213 in
3141 2175 3299 2214 manu
3324 2158 3576 2229 potentis,
3610 2160 3679 2212 ita
3705 2159 3786 2228 ﬁlii

2223 2265 2572 2306 exclusorum.
2605 2247 2795 2304 Beatus
2822 2250 2899 2304 vir
2924 2251 3011 2321 qui
3045 2249 3272 2320 implevit
3310 2248 3628 2304 desiderium
3662 2266 3786 2303 suum

2223 2357 2288 2396 ea:
2315 2341 2462 2412 ipsis,
2493 2357 2598 2397 non
2617 2339 2962 2413 confundetur
2987 2355 3103 2395 cum
3121 2340 3351 2412 loquetur
3370 2339 3604 2395 inimicis
3622 2341 3719 2394 suis
3741 2341 3785 2394 is

2225 2438 2397 2500 porta.

2793 2517 3225 2558 ωηιξη-ωσι.

2295 2612 2447 2668 Multi
2501 2613 2656 2672 istius
2699 2615 2891 2686 psalmi
2936 2615 3078 2672 male
3123 2615 3474 2686 explauantes
3522 2611 3783 2686 principia.

2225 2706 2394 2764 otium
2415 2706 2710 2778 praedicant
2726 2723 2826 2778 pro
2852 2707 3056 2764 labore.
3083 2706 3249 2763 Aiunt
3266 2721 3495 2777 namque
3521 2721 3675 2762 casso
3694 2719 3786 2760 cev

2226 2796 2428 2852 tamine
2454 2803 2672 2853 sanctos
2689 2797 2934 2853 homines
2958 2796 3147 2854 studiis
3169 2798 3439 2869 occupari.
3465 2796 3576 2854 Sed
3595 2804 3648 2853 et
3666 2809 3784 2852 vana

2222 2903 2340 2959 spe,
2369 2889 2480 2944 suis
2521 2889 2727 2959 aliquid
2767 2889 3042 2945 hominem
3072 2890 3275 2945 nisibus
3309 2889 3618 2960 impetrare,
3647 2895 3698 2944 et
3728 2901 3783 2942 ex

2224 2979 2616 3036 medicamento
2656 2981 2852 3037 vulnus
2898 2980 3118 3047 faciunt,
3167 2983 3272 3038 hoc
3313 2978 3476 3038 modo
3521 2981 3781 3037 dicentes:

2223 3070 2337 3126 Nisi
2377 3070 2634 3127 Dominus
2669 3071 3032 3139 aediﬁcaverit,
3070 3073 3126 3127 in
3173 3087 3372 3127 vanum
3404 3070 3650 3128 mdiﬁcas.
3689 3067 3783 3126 Nisi

2223 3161 2481 3218 Dominus
2529 3162 2860 3228 custodierit,
2900 3163 2955 3218 in
2990 3178 3184 3218 vanum
3213 3163 3418 3232 vigilas.
3451 3161 3693 3218 Poteram
3717 3160 3783 3214 la<

539 3254 596 3308 in
625 3253 820 3310 omium
847 3248 1177 3318 incumbunt,
1209 3266 1306 3322 per
1330 3267 1449 3322 qua:
1484 3251 1699 3322 respicit
1734 3250 2008 3318 Dominus,
2040 3251 2123 3305 in-
2146 3257 2194 3319 C
2225 3253 2429 3311 ciniosa
2478 3255 2843 3326 disputatione
2895 3255 3260 3312 reditioationis
3303 3255 3479 3324 hujus,
3521 3263 3570 3309 et
3611 3252 3784 3309 funda-

537 3345 736 3402 feriora
764 3347 818 3401 in
847 3355 989 3402 terra
1017 3354 1143 3402 sunt
1173 3345 1264 3401 ubi
1302 3345 1553 3401 dormivit
1591 3347 1770 3401 homo.
1802 3343 1940 3412 Quid
1969 3345 2123 3400 istius

538 3441 698 3496 scala:
721 3454 972 3496 ascensus
997 3439 1065 3494 ad
1093 3439 1376 3494 Dominum
1400 3437 1565 3494 dicit?
1606 3437 1850 3510 Benefac,
1883 3437 2123 3504 Domine,

540 3531 686 3586 bonis
706 3540 756 3585 et
781 3532 933 3586 rectis
961 3529 1135 3585 corde.
1166 3529 1463 3585 Audierunt
1498 3529 1642 3584 enim
1683 3527 1785 3585 sibi
1811 3545 1844 3584 a
1870 3527 2123 3585 sacerdo-

540 3624 684 3678 tibus
728 3623 982 3678 clamari:
1014 3622 1239 3678 Sursum
1280 3639 1393 3690 cor,
1422 3631 1478 3678 et
1507 3622 1758 3679 dixerunt
1781 3622 1894 3678 Deo
1925 3641 1940 3676 :
1967 3621 2050 3676 Ad
2075 3628 2127 3676 te

541 3714 700 3769 levavi
727 3714 901 3769 oculos
948 3729 1106 3778 meos,
1152 3715 1238 3784 qui
1278 3713 1478 3768 habitas
1522 3715 1578 3768 in
1622 3715 1746 3770 caelo
1779 3713 1895 3785 (Ps.
1925 3714 2122 3786 cun);

541 3805 833 3871 ascendite,
877 3805 1001 3875 quia
1047 3803 1316 3860 benefacit
1359 3804 1614 3860 Dominus
1654 3805 1811 3862 bonis
1865 3814 1920 3860 et
1963 3805 2127 3862 rectis

541 3899 720 3955 corde.
752 3898 1085 3954 Declinantes
1113 3906 1283 3953 autem
1311 3906 1368 3954 et
1399 3898 1734 3955 discedentes
1760 3915 1789 3953 a
1819 3897 1932 3954 Deo
1958 3897 2126 3952 addu-

541 3990 609 4044 cit
629 3992 682 4046 in
707 3989 1088 4062 obligationem,
1113 3996 1170 4045 et
1191 3989 1415 4061 deputat
1440 4006 1556 4044 cum
1579 3989 1906 4063 operantibus
1933 3990 2125 4061 iniqui-

541 4088 713 4136 tatem.
745 4079 933 4152 Surge,
965 4079 1148 4146 lsrael,
1170 4081 1264 4150 qui
1289 4081 1532 4137 dormisti
1561 4082 1771 4152 evigila.
1807 4080 1956 4151 Unge
1983 4081 2122 4152 lapi-

540 4172 662 4226 dem
706 4171 1015 4239 angularem
1043 4172 1166 4226 oleo
1194 4171 1408 4236 iustitiae,
1441 4187 1548 4243 pax
1573 4180 1770 4228 tecum.
1821 4171 1940 4226 Filii
1980 4172 2124 4227 enim

544 4260 618 4312 tui
658 4259 725 4312 de
771 4258 1081 4328 captivitate
1110 4258 1318 4314 liberati
1344 4275 1442 4329 per
1466 4261 1755 4322 Christum,
1788 4260 1927 4314 istud
1955 4261 2126 4315 canti-

544 4365 664 4406 cum
704 4349 965 4418 graduum
1007 4349 1336 4415 cecinerunt,
1371 4351 1610 4406 dicentes
1641 4371 1653 4404 :
1681 4353 1738 4406 ln
1764 4355 2124 4410 convertendo

543 4436 798 4494 Dominus
825 4438 1190 4508 captivitatem
1215 4437 1366 4504 Sion,
1399 4438 1526 4495 facti
1551 4457 1732 4497 sumus
1769 4443 1906 4498 sicut
1933 4459 2126 4501 conso-

544 4525 654 4582 lati.
678 4525 952 4583 Gradatim
980 4544 1010 4582 a
1031 4528 1372 4584 tribulatione
1396 4509 1553 4600 primi
1575 4533 1769 4587 cantici
1788 4533 1855 4588 ad
1875 4522 2126 4602 gaudium

2223 3354 2427 3411 menta,
2455 3353 2510 3401 et
2532 3347 2786 3416 parietes,
2817 3354 2872 3401 et
2895 3354 3056 3413 tecta,
3088 3354 3144 3402 et
3174 3348 3370 3402 muenia
3397 3346 3780 3409 demonstrare;

2226 3437 2322 3493 sed
2351 3437 2457 3493 alio
2483 3438 2761 3509 proposito
2789 3447 2877 3492 res
2904 3437 3098 3506 agitur.
3127 3435 3344 3504 Egimus
3371 3437 3508 3492 enim
3533 3435 3597 3490 ab
3620 3433 3780 3498 initio,

2224 3535 2286 3584 ut
2308 3529 2542 3584 breviter
2564 3529 2897 3599 strictimque
2925 3528 3286 3598 loqueremur,
3316 3534 3488 3583 tamen
3511 3539 3782 3596 parumper

2225 3622 2513 3688 circumeo,
2545 3629 2601 3678 et
2637 3622 2744 3677 cito
2783 3621 2854 3676 ad
2889 3628 2945 3676 te
2983 3621 3170 3676 redibo
3204 3621 3296 3690 qui
3321 3620 3560 3690 psalmum
3587 3630 3773 3684 exspe-

2225 3724 2360 3774 ctas.
2394 3716 2477 3773 Ab
2513 3717 2665 3772 initio
2705 3715 2883 3772 saeculi
2911 3715 3215 3784 quicunque
3239 3713 3398 3772 sancti
3423 3711 3666 3773 vixerant,
3695 3707 3768 3762 ci-

2224 3811 2450 3865 vitatem
2487 3807 2718 3863 Domino
2762 3812 3194 3862 construxerunt.
3255 3803 3513 3873 Siquidem
3559 3798 3777 3855 civitatis

2224 3899 2414 3956 futura:
2441 3901 2638 3956 mmnia
2665 3898 2834 3955 sancti
2858 3906 3035 3954 erunt.
3063 3895 3366 3952 Ediﬁcavit
3399 3892 3549 3982 Abel,
3581 3889 3780 3982 Enoch,

2226 3995 2359 4060 Noe,
2400 3993 2687 4059 Abraham,
2730 3991 2896 4057 Isaac,
2947 3990 3132 4057 Jacob,
3175 3987 3394 4060 Joseph,
3426 3981 3641 4057 Moyses,
3670 3981 3787 4037 lesu

2225 4085 2390 4150 Nave,
2421 4093 2477 4140 et
2508 4099 2696 4141 omnes
2726 4083 2899 4138 sancti
2941 4073 3350 4138 :ediﬁcaverunt
3366 4079 3598 4142 domum,
3626 4084 3680 4131 et
3703 4089 3789 4129 cu-

2227 4177 2527 4232 stodierunt
2571 4175 2862 4230 civitatem.
2911 4172 3016 4228 Sed
3054 4173 3156 4228 nisi
3183 4171 3459 4236 Dominus,
3501 4167 3552 4224 id
3579 4175 3675 4232 est,
3703 4164 3790 4220 Dei

2227 4270 2392 4325 Filius
2411 4268 2633 4324 veniens
2646 4265 2961 4322 aediﬁcasset
2979 4265 3158 4320 omnia
3182 4277 3302 4334 quae
3322 4261 3399 4318 illi
3420 4259 3792 4316 :ediﬁcaverant

2230 4358 2501 4432 (Probata.
2523 4366 2608 4414 est
2642 4373 2748 4414 vox
2777 4355 2894 4427 ejus
2920 4354 3142 4411 dicentis
3173 4371 3186 4406 :
3213 4350 3339 4409 Non
3375 4352 3490 4406 veni
3530 4351 3786 4409 destruere,

2229 4451 2321 4507 sed
2347 4450 2629 4522 adimplere
2653 4449 2877 4524 [κακὴ.
2921 4445 3046 4521 v]).
3076 4447 3135 4504 Si
3162 4459 3290 4516 ergo
3320 4445 3426 4501 illis
3461 4443 3786 4500 fundamenta

2229 4544 2581 4608 mittentibus,
2613 4551 2669 4598 et
2695 4543 2929 4614 parietes
2972 4540 3354 4598 aedificantibus
3401 4553 3515 4595 non
3559 4537 3789 4600 venisset.

545 4618 897 4685 ascendimus,
929 4625 984 4674 et
1031 4619 1124 4688 qui
1166 4619 1239 4674 ibi
1286 4620 1665 4677 seminavimus
1708 4622 1987 4695 lacrymas,
2036 4625 2126 4680 hic
2151 4622 2204 4684 D
2228 4634 2320 4703 qui
2347 4641 2488 4690 tecta
2514 4639 2868 4699 construeret,
2899 4640 2956 4688 et
2991 4631 3170 4687 omnia
3210 4631 3354 4686 intus
3379 4637 3624 4695 ornaret,
3655 4626 3724 4683 illi
3747 4625 3796 4680 in

544 4709 733 4777 Βαναία
758 4716 1040 4774 metemus,
1073 4717 1129 4764 et
1163 4709 1255 4794 qui
1297 4709 1370 4765 ibi
1411 4711 1608 4781 captivi
1647 4712 2016 4780 semebamus.
2039 4713 2122 4768 di-
2228 4725 2423 4781 vanum
2479 4725 2856 4781 laboraverant
2906 4721 3232 4780 aediﬁcantes
3282 4723 3526 4778 domum.
3578 4721 3799 4789 Denique

544 4807 726 4855 centes
754 4818 767 4852 :
800 4799 917 4855 Heu
944 4802 1056 4856 me!
1083 4803 1204 4873 quia
1240 4802 1497 4858 incolatus
1525 4819 1666 4858 meus
1686 4805 2017 4876 prolongatus
2045 4814 2124 4860 est
2177 4815 2192 4824 ’

543 4888 662 4959 (Ps.
694 4890 861 4960 cxlx),
888 4891 975 4948 hic
995 4893 1233 4964 repletur
1258 4894 1452 4964 gaudio
1481 4909 1542 4950 os
1570 4905 1830 4962 nostrum,
1861 4905 1916 4952 et
1942 4896 2122 4967 lingua

545 4988 730 5035 nostra
757 4982 1129 5038 exsultatione.
1159 4982 1297 5040 Ecce
1337 4986 1478 5040 enim
1512 4986 1696 5041 dicunt
1724 4987 1864 5042 inter
1889 4996 2075 5056 gentes
2103 5006 2117 5041 :

543 5069 900 5142 Magniﬁcavit
937 5072 1195 5129 Dominus
1237 5074 1413 5132 facere
1441 5091 1564 5132 cum
1601 5077 1724 5134 illis.
1765 5077 2123 5148 Magniﬁcavit

543 5161 802 5218 Dominus
830 5161 1004 5219 facere
1031 5164 1326 5231 nobiscum,
1356 5165 1483 5222 facti
1511 5184 1692 5224 sumus
1719 5169 1976 5226 laetantes.
2007 5170 2122 5227 Me-

543 5272 722 5314 mores
749 5271 868 5314 esse
909 5256 1182 5324 debemus,
1213 5258 1338 5328 quia
1384 5259 1615 5316 diximus
1659 5261 1997 5320 acdiﬂcationi
2023 5279 2123 5321 no-

544 5358 666 5405 stne
716 5351 984 5422 applicare
1028 5352 1227 5419 omnia,
1272 5367 1390 5422 quae
1435 5341 1660 5426 mystico
1697 5364 1890 5422 tractu,
1930 5364 2022 5413 aut
2055 5358 2122 5413 ad

547 5441 826 5510 Dominum
852 5445 1071 5510 ducunt,
1104 5453 1198 5500 aut
1221 5444 1289 5500 ad
1317 5446 1432 5514 ejus
1460 5455 1720 5518 martyres
1750 5450 1986 5503 trahunt.
2015 5448 2125 5504 No-

549 5544 659 5588 tum
682 5546 764 5591 est
789 5539 931 5612 enim
951 5539 1200 5594 omnibus
1223 5540 1419 5595 sanctis
1445 5540 1545 5595 ista
1573 5549 1896 5610 competere.
1922 5540 2000 5595 Ad
2024 5557 2125 5596 nos

547 5635 676 5676 vero
701 5624 769 5678 ab
791 5641 975 5682 eorum
1002 5630 1250 5699 passione
1272 5631 1442 5686 rivum
1464 5631 1736 5696 ducentes,
1761 5631 2124 5701 captivitatem

553 5717 785 5766 nostram
814 5731 912 5783 per
939 5721 1307 5787 paenitentiam
1354 5725 1588 5779 evasisse
1630 5725 1973 5793 gratulemur,
2003 5740 2123 5780 cre-

553 5801 738 5858 dentes
777 5807 921 5874 quod
971 5813 1269 5881 magniﬁcct
1318 5815 1571 5871 Dominus
1612 5818 1784 5873 facere
1815 5818 2122 5883 nobiscum;

2157 5913 2191 5942 Υ

2231 4819 2389 4875 hodie
2407 4817 2687 4891 Synagoga
2713 4817 2833 4874 ideo
2860 4833 2998 4872 vana
3021 4825 3122 4884 est,
3145 4818 3271 4886 quia
3293 4815 3521 4872 aediﬁcia
3550 4816 3802 4888 parietum

2230 4910 2410 4976 habet,
2441 4919 2498 4966 et
2536 4917 2735 4966 tectum
2772 4925 2882 4965 non
2920 4908 3100 4974 habet,
3131 4914 3186 4963 et
3229 4907 3283 4962 in
3332 4907 3676 4978 protectione
3718 4903 3804 4958 Dei

2231 5003 2355 5059 coeli
2393 5018 2499 5057 non
2537 5007 2920 5058 commoratur.
2962 4994 3135 5055 Habet
3161 4998 3391 5069 parietes
3417 5013 3562 5067 quos
3590 4995 3807 5053 adifica-

2231 5101 2356 5148 runt
2383 5092 2570 5157 sancti,
2602 5091 2697 5147 sed
2725 5099 2922 5147 tectum
2951 5105 3056 5144 non
3085 5089 3247 5144 habet
3273 5087 3417 5159 quod
3443 5085 3698 5144 Christus
3724 5103 3808 5141 ex-

2230 5181 2416 5252 plevit.
2447 5168 2620 5236 Habet
2663 5180 2845 5246 limen,
2888 5178 2983 5234 sed
3029 5179 3082 5232 in
3119 5177 3301 5232 limine
3343 5177 3463 5245 agni
3499 5179 3810 5247 sanguinem

2232 5287 2340 5327 non
2369 5271 2549 5326 habet.
2582 5271 2716 5325 Dum
2748 5270 2969 5340 meperit
2996 5268 3181 5338 pluere
3209 5282 3369 5337 super
3393 5277 3715 5337 peccatores
3741 5266 3813 5320 la-

2232 5379 2431 5432 queum
2459 5363 2594 5429 ignis
2620 5371 2676 5417 et
2701 5362 2990 5431 sulphuris,
3023 5359 3110 5415 isti
3137 5360 3253 5414 sine
3288 5367 3434 5415 tecto
3473 5370 3673 5430 patent
3699 5358 3815 5414 huic

2233 5451 2444 5524 pluviae.
2469 5452 2603 5506 Dum
2622 5453 2843 5522 coeperit
2866 5449 3089 5519 angelus
3114 5458 3394 5520 percutere
3417 5452 3712 5521 primitias,
3735 5451 3814 5506 isti

2234 5543 2492 5612 sanguine
2533 5543 2656 5612 agni
2700 5543 3069 5613 percussorem
3115 5541 3362 5608 angelum
3407 5557 3517 5596 non
3560 5543 3814 5598 evadunt.

2235 5639 2371 5706 Quid
2395 5655 2522 5710 ergo
2547 5640 2838 5706 aediﬁcatis,
2869 5639 3069 5694 iudici?
3089 5637 3245 5705 Quid,
3269 5637 3527 5703 hicnetici,
3553 5633 3817 5705 vigilatis!

2237 5732 2364 5786 Sine
2392 5750 2551 5788 causa
2589 5734 2700 5788 lucc
2741 5732 2931 5795 facitis,
2972 5732 3097 5800 quia
3139 5731 3412 5786 vobiscum
3454 5747 3558 5784 nec
3593 5725 3820 5784 ludificat

2241 5839 2338 5878 nec
2355 5824 2536 5892 vigilat
2567 5825 2836 5879 Dominus.
2857 5824 2960 5879 Vos
2989 5809 3187 5889 autem,
3212 5821 3516 5885 orthodoxi,
3543 5822 3822 5877 Christum
