4088 6346
1235 409 1705 474 cumtum
1740 409 1808 466 IN
1845 406 2175 467 PSALMOS.
2221 413 2411 471 PSAL.
2454 416 2724 477 CXXVIII.

3504 429 3609 485 530

327 528 386 586 in
415 529 818 602 incorruptione
856 535 1120 596 amantes,
1159 525 1327 584 nolite
1354 525 1565 591 timere,
1592 523 1767 580 securi
1794 522 1922 577 καί·
1947 522 1996 581 A
2023 524 2187 579 vitam
2217 535 2524 584 manentem
2553 533 2606 586 in
2634 542 2705 598 te,
2737 533 2927 591 beatus
2955 538 3046 606 sis,
3079 546 3131 592 et
3176 541 3312 594 bene
3358 539 3452 595 tibi
3479 542 3602 597 erit.

329 621 508 689 ﬁcate,
531 621 656 693 quia
675 621 951 678 vobiscum
969 618 1198 678 mdiﬁcat
1226 619 1501 675 Dominus.
1529 617 1626 673 Dei
1644 618 1782 673 enim
1798 619 1920 672 estis

328 715 630 789 adiﬁcatio,
660 713 758 770 Dei
786 716 988 770 cultura
1012 716 1134 770 estis
1175 711 1218 785 (I
1246 710 1367 768 Cor.
1397 710 1498 782 In),
1530 710 1766 780 vigilate,
1794 710 1920 780 quia

325 826 441 866 non
469 810 644 865 solum
671 809 948 865 vobiscum
988 808 1193 878 vigilat,
1224 805 1319 862 sed
1342 803 1670 861 dormientes
1697 802 1917 868 excitat,

323 900 514 958 dicens
543 920 556 955 :
593 900 817 973 Vigilate
842 917 1058 963 mecum,
1100 898 1306 971 vigilate
1341 906 1393 952 et
1429 905 1592 962 orate,
1623 913 1690 951 ne
1721 896 1923 951 intretis

321 996 385 1049 in
411 995 746 1048 tentationcm
775 992 954 1064 (Matt.
989 990 1157 1063 xxvi).
1191 989 1321 1046 Tale
1348 996 1433 1046 est
1465 987 1624 1059 quale
1651 987 1698 1043 si
1725 987 1870 1043 dicat
1902 1003 1915 1040 :

322 1087 390 1143 In
419 1103 616 1142 vanum
641 1087 933 1157 vigilaretis
965 1087 1011 1142 si
1045 1101 1146 1156 ego
1176 1100 1285 1141 non
1313 1084 1588 1154 vigilarem
1618 1083 1915 1139 vobiscum.

324 1177 486 1232 Nunc
507 1184 686 1232 autem
714 1179 848 1233 satis
876 1177 1114 1247 iniquum
1142 1184 1224 1232 est
1252 1182 1329 1242 ut,
1355 1190 1444 1231 me
1467 1175 1724 1245 vigilante
1750 1173 1924 1230 vobis-

323 1284 475 1335 cum,
509 1283 608 1324 vos
635 1283 829 1324 somno
856 1267 1208 1338 occupemini.
1241 1265 1397 1322 Unde
1420 1273 1476 1321 et
1504 1265 1794 1337 Apostolus
1811 1265 1923 1321 cla-

322 1369 444 1417 mat
477 1379 490 1415 :
522 1359 813 1432 Ediﬁcate
857 1361 1161 1415 alterutrum
1201 1359 1245 1429 (1
1277 1356 1455 1414 Thess.
1503 1357 1578 1429 v).
1611 1356 1763 1412 Vana
1791 1371 1922 1426 ergo

322 1460 474 1509 esset
516 1450 820 1518 aediﬁcatio,
865 1452 911 1506 si
951 1452 1206 1506 Dominus
1252 1465 1361 1506 non
1407 1446 1715 1505 mdiﬁearet.
1755 1447 1922 1504 Vana}

322 1544 540 1613 vigiliae,
584 1544 631 1598 si
657 1542 916 1598 Dominus
946 1557 1054 1598 non
1083 1542 1408 1608 custodiret;
1446 1541 1707 1596 Dominus
1734 1547 1920 1596 custo-

321 1636 426 1702 dit,
451 1642 505 1690 et
533 1649 683 1690 vana:
703 1650 812 1690 non
833 1642 978 1689 sunt.
1008 1633 1065 1690 ln
1092 1649 1288 1689 vanum
1314 1641 1398 1688 est
1420 1632 1575 1689 vobis
1601 1639 1727 1688 ante
1748 1631 1921 1687 lucem

325 1741 572 1796 surgere,
603 1725 654 1780 id
681 1734 783 1791 est,
813 1726 903 1780 lux
932 1725 1178 1781 Christus
1200 1733 1303 1790 est,
1331 1733 1388 1780 et
1407 1740 1503 1780 vos
1529 1724 1624 1794 qui
1650 1730 1776 1779 ante
1799 1738 1922 1779 eum

323 1819 564 1888 surgitis,
607 1833 805 1873 vanum
859 1825 943 1873 est
996 1819 1151 1874 vobis
1197 1824 1323 1873 ante
1370 1832 1494 1873 eum
1539 1830 1781 1886 surgere,
1830 1815 1922 1886 qui

2024 613 2173 671 Tunc
2201 631 2340 672 uxor
2364 627 2474 685 tua,
2507 619 2558 674 id
2585 630 2686 688 est,
2717 639 2846 680 caro
2893 635 3002 693 tua,
3043 629 3182 684 sicut
3217 630 3340 685 vitis
3373 630 3611 688 abundat

2021 709 2073 763 in
2104 709 2359 766 lateribus
2385 711 2577 767 domus
2600 723 2722 782 tute,
2755 726 2898 785 tunc,
2931 720 3167 790 inquam,
3198 722 3468 792 quomodo
3487 726 3612 780 vitis
3673 752 3680 784 ε

2019 802 2226 874 profert
2263 804 2573 876 botryones,
2606 809 2678 863 ita
2721 825 2789 866 ex
2821 813 3027 870 actibus
3053 818 3298 888 corporis
3327 817 3402 871 tui
3441 820 3609 890 proﬁ-

2021 895 2168 949 ciunt
2197 894 2290 950 ﬁlii
2317 899 2423 964 tui;
2455 907 2511 953 et
2536 907 2591 954 te
2617 899 2754 956 sicut
2787 903 2896 958 vite
2925 903 3240 974 proﬁciente
3269 909 3321 963 in
3352 910 3613 977 sanguine

2021 984 2242 1055 Christi,
2274 989 2350 1045 illi
2378 992 2519 1046 sicut
2559 995 2785 1050 novellas
2813 997 3076 1055 olivarum
3105 999 3393 1070 proﬁciunt
3420 1002 3474 1056 in
3504 1003 3612 1056 cir-

2023 1079 2169 1134 cuitu
2199 1096 2399 1136 meusre
2425 1094 2550 1149 tuae,
2583 1085 2885 1158 ubicunque
2936 1090 3242 1146 convivium
3285 1092 3389 1147 illis
3439 1094 3615 1148 verbis

2023 1170 2120 1226 Dei
2150 1172 2474 1230 exhibueris.
2523 1174 2614 1233 Sic
2659 1178 2800 1232 enim
2839 1180 3186 1237 benedicetur
3229 1186 3404 1239 omnis
3449 1185 3615 1239 homo

2022 1263 2113 1334 qui
2144 1265 2295 1321 timet
2322 1266 2624 1334 Dominum,
2663 1269 2715 1324 id
2743 1278 2853 1333 est,
2885 1272 2977 1340 qui
3004 1273 3081 1327 sic
3109 1275 3300 1340 egerit,
3346 1276 3423 1331 sic
3451 1275 3614 1330 bene-
3701 1340 3711 1350 ,

2022 1356 2247 1423 dicetur,
2280 1366 2339 1412 ut
2364 1357 2573 1414 dicatur
2598 1361 2649 1415 ei
2679 1377 2709 1415 a
2738 1361 2940 1432 Spiritu
2975 1375 3163 1421 sancto
3197 1385 3210 1419 :
3244 1365 3536 1422 Benedicat
3561 1375 3615 1424 te

2023 1444 2282 1502 Dominus
2309 1462 2376 1502 ex
2424 1447 2575 1515 Sion,
2607 1450 2659 1504 id
2701 1460 2802 1516 est,
2836 1468 2904 1506 ex
2934 1451 3170 1509 Ecclesia
3204 1470 3320 1521 sua,
3352 1465 3407 1510 et
3432 1456 3615 1512 videas

2021 1539 2165 1594 bona
2186 1537 2483 1595 Jerusalem
2511 1543 2762 1597 omnibus
2790 1544 2978 1599 diebus
3005 1546 3128 1601 vita:
3150 1555 3272 1602 tuac.
3298 1545 3365 1601 Et
3392 1548 3530 1602 sicut
3558 1557 3614 1604 tu

2025 1632 2138 1688 Deo
2166 1632 2304 1688 ﬁlios
2331 1634 2582 1702 genuisti,
2615 1636 2689 1690 ita
2719 1634 2813 1691 ﬁlii
2842 1638 2920 1691 tui
2947 1647 3224 1707 generent,
3255 1649 3314 1694 ut
3352 1641 3535 1696 videas
3559 1643 3614 1701 in

2023 1734 2317 1796 conspectu
2357 1725 2571 1782 Domini
2602 1728 2740 1784 filios
2770 1726 3002 1784 ﬁliorum
3046 1740 3277 1797 tuorum,
3306 1749 3426 1787 eum
3455 1749 3614 1788 acce-

2024 1817 2166 1888 perit
2194 1833 2385 1889 pacem
2413 1817 2594 1886 Israel,
2627 1835 2750 1874 cum
2779 1822 3068 1876 accesserit
3099 1830 3307 1891 tempus
3335 1823 3437 1879 hoc
3464 1821 3614 1888 belli,

325 1911 666 1968 manducatis
690 1925 888 1982 panem
916 1911 1139 1968 doloris.
1171 1910 1285 1967 Nisi
1313 1911 1456 1966 enim
1484 1911 1575 1968 ille
1593 1910 1804 1966 venerit
1827 1909 1921 1980 qui
1950 1897 1999 1958 Β
2023 1917 2080 1964 ει
2105 1909 2316 1964 venerit
2343 1916 2556 1980 tempus
2595 1911 2762 1981 pacis.
2808 1909 2992 1966 Gloria
3033 1910 3280 1979 ᾸΞιει-ιιο,
3311 1914 3402 1982 qui
3428 1922 3613 1982 regnat

327 2019 525 2075 panem
573 2003 752 2072 gaudii
799 2005 1031 2068 tribuat,
1086 2019 1182 2060 vos
1232 2005 1288 2058 in
1339 2020 1538 2060 vanum
1590 2003 1915 2060 surrexistis.

327 2094 556 2162 Quando
585 2104 764 2150 autem
792 2096 1012 2150 veniet?
1038 2093 1173 2148 Cum
1204 2094 1434 2164 dederit,
1478 2095 1670 2164 inquit,
1712 2095 1922 2150 dilectis

326 2187 441 2242 suis
469 2201 739 2253 somnum,
777 2186 885 2242 hoc
922 2194 1025 2252 est,
1064 2197 1194 2241 tunc
1234 2186 1436 2250 veniet,
1469 2185 1683 2255 quando
1713 2185 1800 2238 isti
1827 2183 1922 2253 qui

329 2293 472 2335 nunc
495 2279 666 2334 sancti
702 2284 833 2332 sunt
868 2292 1118 2332 somnum
1164 2276 1311 2347 pacis
1339 2275 1664 2346 acceperint.
1697 2273 1767 2329 Ut
1793 2274 1922 2343 quid
2001 2353 2006 2355 _

328 2370 546 2425 veniet?
574 2367 646 2426 Ut
685 2371 742 2424 in
785 2368 1183 2424 resurrectione
1230 2367 1517 2422 hereditas
1565 2367 1776 2422 Domini
1822 2366 1918 2421 de-

327 2473 680 2528 monstretur,
711 2465 766 2518 in
793 2479 900 2533 qua
927 2477 1117 2518 omnes
1146 2461 1239 2517 ﬁlii
1270 2461 1366 2516 Dei
1395 2461 1664 2532 accipiunt
1691 2460 1918 2516 haeredi-

330 2563 518 2620 tatem,
547 2556 595 2609 si
622 2563 805 2610 tamen
836 2552 929 2609 ﬁlii
959 2555 1161 2611 ventris
1187 2554 1305 2623 ejus
1332 2554 1550 2617 fuerint,
1583 2554 1634 2608 id
1663 2561 1763 2619 est,
1794 2555 1837 2608 si
1862 2554 1915 2608 in

332 2650 483 2702 fonte
510 2648 783 2704 catholiae
811 2647 932 2703 ﬁdei
960 2647 1158 2702 fuerint
1182 2646 1456 2717 baptizati.
1496 2644 1592 2701 Ubi
1621 2654 1703 2702 est
1726 2655 1918 2701 venter

330 2735 600 2806 Ecclesiae,
652 2739 744 2809 qui
791 2739 868 2794 illi
915 2737 1054 2794 ﬁlios
1099 2739 1258 2809 parit,
1303 2738 1415 2808 qui,
1448 2739 1585 2794 sicut
1618 2739 1808 2808 sagitta
1846 2737 1915 2794 de

328 2844 491 2888 manu
543 2833 779 2902 potentis
830 2847 1084 2897 excussa,
1142 2831 1220 2886 sic
1269 2832 1556 2886 vulnerant
1606 2831 1909 2897 inimicum,

326 2922 541 2991 quando
584 2923 809 2994 implent
854 2922 1178 2978 desiderium
1217 2939 1371 2978 suum
1408 2924 1464 2978 in
1499 2923 1677 2988 bonis,
1719 2931 1778 2977 ut
1805 2939 1912 2978 non

323 3016 722 3072 confundantur
756 3017 883 3072 dum
913 3025 1112 3072 exeunt
1158 3018 1226 3073 de
1274 3032 1521 3087 corpore.
1572 3016 1724 3072 Tune
1770 3017 1914 3071 enim

324 3107 605 3164 inveniunt
646 3109 889 3164 inimicos
935 3124 1062 3163 suos
1107 3109 1160 3163 in
1209 3117 1382 3178 porta,
1413 3123 1535 3163 eum
1569 3105 1916 3176 egrediuntur

322 3215 518 3270 corpus
538 3201 591 3255 in
611 3216 720 3270 quo
740 3200 1013 3256 diabolum
1041 3209 1382 3271 superarunt.
1407 3199 1712 3255 Notandum
1733 3207 1912 3256 tamen

2025 2004 2078 2060 in
2104 2004 2297 2058 smeula
2327 2004 2666 2060 saeculorum.
2701 2004 2892 2060 Amen.

2507 2139 2825 2197 PSALMUS
2861 2142 3140 2198 CXXVIII.

2524 2254 2810 2312 Canticum
2836 2256 3118 2326 graduum.

2097 2370 2250 2442 Sarpe
2268 2380 2690 2442 expugnaverunt
2710 2387 2792 2426 me
2820 2389 2852 2424 a
2871 2371 3140 2441 juventute
3158 2388 3292 2436 mea,
3318 2371 3457 2424 dicat
3483 2388 3616 2425 nunc

2021 2459 2212 2515 Israel.
2245 2458 2400 2532 Sape
2429 2463 2852 2532 expugnaverunt
2889 2478 2970 2515 me
3003 2479 3035 2514 a
3069 2463 3337 2532 juventute
3370 2479 3505 2528 mea,
3540 2473 3616 2516 et-

2017 2554 2155 2607 enim
2176 2568 2281 2606 non
2303 2561 2578 2622 potuerunt
2600 2553 2745 2606 mihi.
2767 2552 2942 2625 Supra
2965 2554 3176 2607 dorsum
3195 2569 3362 2606 meum
3385 2553 3615 2625 fabrica-

2015 2653 2198 2716 verunt
2237 2655 2549 2718 peccatores,
2599 2647 3038 2719 prolongaverunt
3083 2649 3404 2719 iniquitatem
3446 2664 3610 2701 suam.

2016 2735 2272 2792 Dominus
2293 2736 2470 2808 justus
2495 2739 2731 2792 concidet
2768 2741 2986 2793 cervices
3021 2748 3366 2810 peccatorum,
3397 2740 3615 2810 confun-

2017 2826 2210 2882 dantur
2252 2830 2303 2881 el
2345 2837 2709 2883 convertantur
2755 2838 3032 2884 retrorsum
3071 2847 3244 2885 omnes
3272 2831 3358 2903 qui
3397 2830 3615 2884 oderunt

2018 2917 2170 2973 Sion.
2213 2916 2379 2972 Fiant
2421 2921 2554 2973 sicut
2595 2922 2768 2993 fenum
2819 2930 3084 2986 tectorum,
3135 2922 3271 2995 quod
3315 2923 3612 2996 priusquam

2017 3008 2264 3064 evellatur
2282 3012 2505 3065 exaruit.
2531 3009 2612 3066 De
2629 3029 2728 3084 quo
2751 3029 2855 3068 non
2875 3014 3104 3084 implevit
3124 3027 3333 3070 manum
3352 3032 3500 3071 suam
3521 3019 3608 3089 qui

2015 3112 2188 3169 metet,
2229 3112 2280 3157 et
2314 3105 2485 3159 sinum
2511 3121 2657 3160 suum
2686 3107 2771 3177 qui
2811 3107 3104 3178 manipulos
3149 3109 3361 3180 colligit.
3395 3105 3466 3162 Et
3502 3125 3608 3163 non

2017 3195 2263 3251 dixerunt
2308 3198 2394 3268 qui
2438 3194 2774 3268 preteribant
2810 3214 2828 3252 :
2862 3195 3158 3253 Benedictio
3202 3197 3415 3257 Domini
3454 3215 3610 3272 super

323 3300 406 3346 est
431 3291 554 3361 quia
577 3291 631 3346 in
651 3291 809 3347 titulo
830 3293 908 3347 sic
934 3293 1115 3358 habet,
1139 3291 1418 3348 Canticum
1439 3307 1695 3348 ascensus
1720 3291 1912 3348 domus
1937 3276 1986 3344 α
2013 3302 2119 3356 vos,
2152 3285 2510 3349 benediximus
2541 3287 2680 3343 vobis
2709 3291 2766 3344 in
2795 3291 3003 3344 nomine
3032 3288 3264 3349 Domini.

323 3381 648 3450 Salomonis,
691 3392 749 3438 ut
796 3384 1111 3440 historicum
1149 3399 1365 3439 sensum
1406 3390 1592 3438 teneas
1629 3392 1687 3439 tu
1726 3384 1905 3450 hodie,

323 3477 520 3532 dictum
563 3485 692 3533 tunc
731 3475 1009 3533 Salomoni
1042 3496 1054 3531 :
1086 3477 1131 3532 0
1159 3478 1570 3549 prudentissime
1615 3477 1903 3534 Salomon!

325 3569 555 3624 fabricas
581 3568 799 3638 quidem
829 3568 1046 3623 domum
1076 3569 1209 3636 Deo,
1237 3570 1332 3625 sed
1361 3570 1464 3625 nisi
1494 3570 1752 3625 Dominus
1776 3568 1908 3624 mdi-

324 3660 562 3714 ﬁcaverit
590 3659 829 3726 domum,
858 3661 996 3716 sicut
1021 3661 1135 3730 ipse
1174 3661 1372 3725 dixisti,
1405 3661 1529 3730 quia
1560 3661 1786 3732 aediﬁcat
1823 3676 1912 3712 sa-

325 3755 518 3826 pientia
543 3751 640 3807 sibi
670 3754 895 3819 domum,
927 3763 976 3808 et
999 3762 1154 3826 ponet
1175 3751 1420 3827 [excidet]
1435 3754 1699 3807 columnas
1721 3760 1912 3823 septem

327 3845 510 3918 (Prov.
540 3849 640 3915 ix).
674 3846 784 3901 Nisi
812 3861 940 3915 ergo
973 3848 1088 3917 ipse
1115 3847 1204 3917 qui
1233 3847 1498 3917 sapientia
1527 3847 1724 3901 dicitur
1747 3842 1914 3900 aediﬁ-

328 3936 530 3989 caverit
556 3935 792 4000 domum,
825 3943 884 3990 ιιι
909 3937 967 3990 in
994 3943 1191 3991 vanum
1220 3937 1496 3991 laborasti.
1519 3936 1652 3991 Nam
1674 3938 1728 3990 in
1752 3936 1914 3990 domo

331 4038 489 4092 quam
517 4021 791 4079 mdiﬁcasti
818 4025 956 4094 lapis
982 4005 1145 4096 super
1170 4025 1404 4096 lapidem
1428 4042 1534 4080 non
1561 4028 1911 4095 relinquetur.

332 4115 532 4170 Domus
577 4124 756 4172 autem
803 4131 967 4187 quam
1012 4119 1240 4176 aediﬁcat
1286 4121 1544 4176 Dominus
1582 4123 1823 4178 ascendit
1861 4124 1916 4179 iu

330 4209 515 4277 caries,
549 4218 603 4264 et
642 4211 696 4264 in
734 4225 797 4266 ea
835 4207 1152 4281 gloriabitur
1192 4213 1308 4270 Rex
1352 4214 1612 4272 Dominus
1640 4217 1695 4272 in
1725 4218 1916 4273 szecula

328 4302 668 4357 smculorum.
702 4301 894 4360 Amen.

822 4393 1140 4455 PSALMUS
1173 4397 1426 4454 CXXVII.

823 4491 1106 4548 Canticum
1133 4493 1412 4562 graduum.

401 4586 754 4670 Beati'omnes
779 4609 865 4678 qui
895 4606 1074 4660 timent
1114 4601 1414 4671 Dominum,
1444 4608 1530 4679 qui
1567 4607 1833 4662 ambulant
1855 4609 1911 4661 in

321 4695 420 4750 viis
453 4697 581 4767 ejus.
615 4694 844 4752 Labores
878 4713 1122 4752 manuum
1156 4707 1357 4753 tuarum
1385 4699 1506 4771 quia
1542 4699 1908 4766 manducabis;

323 4785 504 4841 beatus
524 4804 577 4842 es
605 4795 654 4842 et
673 4787 798 4842 bene
822 4787 912 4842 tibi
931 4789 1046 4842 erit.
1079 4786 1226 4843 Uxor
1252 4797 1337 4843 tua
1358 4790 1489 4844 sicut
1507 4790 1621 4844 vitis
1643 4789 1913 4846 abundans

323 4881 379 4933 in
408 4878 650 4935 lateribus
671 4879 849 4935 domm
881 4890 996 4934 tua.
1027 4877 1152 4934 Filii
1183 4884 1255 4936 tui
1274 4884 1404 4936 sicut
1423 4882 1636 4935 novellae
1663 4883 1912 4937 olivarum

323 4971 383 5024 in
413 4972 625 5025 circuitu
652 4988 843 5026 mensa:
882 4980 1000 5026 tuae.
1033 4967 1170 5025 Ecce
1200 4973 1274 5026 sic
1303 4972 1624 5026 benedicetur
1650 4973 1799 5027 homo
1827 4974 1914 5044 qui

324 5062 472 5115 timet
515 5061 812 5118 Dominum.
857 5061 1139 5116 Benedicat
1166 5062 1258 5116 tibi
1299 5061 1554 5116 Dominus
1582 5077 1647 5115 ea:
1684 5061 1836 5125 Sion,
1865 5069 1917 5115 et

323 5155 501 5210 videas
543 5155 677 5212 bona
711 5156 1002 5212 Jerusalem
1045 5155 1280 5210 omnibus
1324 5153 1498 5209 diebus
1527 5157 1644 5210 vita:
1682 5164 1802 5211 tua.
1843 5154 1915 5208 Et

325 5247 505 5304 videas
523 5249 662 5320 ﬁlios
688 5249 919 5320 ﬁliorum
941 5257 1144 5303 tuorum
1170 5263 1350 5319 pacem
1375 5264 1525 5319 super
1545 5245 1732 5301 Israel.

896 5395 1332 5437 COIIEN'I'ARIUI.

401 5497 538 5552 Nihil
568 5499 709 5552 valet
751 5497 794 5551 si
834 5499 1026 5552 timeas
1067 5497 1370 5565 Dominum,
1403 5499 1525 5569 quia
1555 5505 1608 5553 et
1647 5499 1916 5554 dzemones

326 5603 452 5644 eum
480 5589 689 5644 timent.
719 5585 827 5642 Sed
853 5586 1044 5642 beatus
1069 5589 1176 5642 eris
1209 5590 1254 5642 si
1283 5590 1360 5644 sic
1389 5589 1579 5643 timeas
1606 5587 1910 5655 Dominum,

326 5688 392 5735 ut
418 5679 660 5734 ambules
685 5677 828 5732 viam
856 5676 992 5745 ejus.
1024 5675 1081 5731 Si
1120 5678 1263 5731 enim
1306 5677 1663 5731 ambulaveris
1693 5679 1744 5731 in
1773 5679 1914 5733 viam

326 5771 465 5843 ejus,
489 5771 541 5826 id
563 5779 665 5839 est,
694 5770 748 5825 in
772 5766 929 5824 ﬁdem
956 5767 1296 5834 catholicam,
1320 5767 1393 5822 ibi
1418 5767 1628 5822 labores
1647 5765 1913 5824 fructuum

326 5869 548 5920 tuorum
575 5861 940 5925 manducabis,
961 5873 1180 5916 carnem
1208 5857 1301 5912 ﬁlii
1322 5858 1573 5921 hominis,
1604 5866 1680 5922 ut,
1712 5859 1914 5916 habens

1938 4652 1991 4714 Ι)

2543 3450 2551 3457 “
2585 3438 3026 3480 COIIINTAIIUI.

2083 3558 2200 3614 Non
2229 3557 2434 3628 patitur
2467 3570 2724 3628 pugnam,
2757 3557 2859 3612 nisi
2885 3557 2939 3613 in
2961 3556 3241 3628 iuventute
3267 3557 3490 3632 positus.
3525 3562 3605 3618 Tu

2011 3664 2143 3718 ergo
2181 3650 2293 3720 qui,
2337 3649 2632 3704 secundum
2671 3650 3102 3722 explanationem
3145 3654 3376 3709 nominis
3416 3653 3600 3719 Israel,

2009 3742 2197 3797 videre
2227 3741 2416 3812 incipis
2444 3740 2613 3797 Deum
2659 3757 2758 3813 per
2800 3743 3118 3798 munditiam
3158 3737 3354 3809 cordis,
3399 3759 3605 3814 pugnas

2013 3846 2233 3888 necesse
2258 3840 2341 3886 est
2368 3839 2428 3886 ut
2455 3831 2758 3886 daemonum
2800 3832 3040 3902 patiaris.
3078 3831 3184 3888 S'ed
3212 3848 3433 3888 securus
3462 3843 3600 3897 esto,

2015 3926 2140 3994 quia
2169 3926 2246 3980 sic
2275 3935 2374 3995 pro
2402 3932 2457 3978 te
2482 3923 2740 3978 Dominus
2767 3932 2991 3994 pugnat,
3016 3932 3076 3977 ut
3102 3924 3352 3978 concidat
3370 3924 3605 3980 cervices

2016 4030 2227 4081 eorum,
2251 4017 2296 4070 si
2322 4022 2504 4069 tamen
2526 4021 2584 4068 tu
2613 4029 2720 4069 nou
2749 4015 3045 4070 cessaveris
3070 4013 3318 4085 prteliari,
3347 4023 3406 4070 ut
3433 4015 3607 4084 possis

2018 4109 2200 4165 dicere
2233 4129 2245 4163 :
2277 4109 2397 4164 Non
2441 4114 2732 4179 potuerunt
2782 4103 2912 4162 mihi
2936 4146 2951 4171 ,
3001 4107 3127 4163 licet
3178 4121 3339 4178 super
3389 4105 3607 4162 dorsum

2018 4219 2200 4258 meum
2229 4202 2626 4257 fabricaverunt
2649 4208 2992 4272 peccatores;
3016 4201 3068 4256 id
3091 4210 3191 4265 est,
3217 4200 3342 4256 licet
3367 4199 3607 4272 pondera

2017 4297 2199 4368 gravia
2231 4295 2632 4351 tribulationum
2663 4310 2827 4365 super
2853 4309 2940 4349 me
2972 4301 3254 4366 ponentes,
3289 4294 3606 4350 incurvave-

2017 4390 2127 4444 rint
2172 4405 2276 4455 me,
2318 4397 2372 4442 et
2408 4387 2846 4458 prolongaverint
2893 4386 3202 4456 iniquitates
3249 4393 3390 4452 suas,
3423 4384 3475 4439 id
3504 4395 3604 4448 est,

2017 4499 2198 4538 moras
2225 4481 2452 4537 fecerint
2491 4481 2546 4535 in
2585 4478 2964 4536 afflictionibus
3009 4480 3142 4545 suis,
3171 4478 3364 4548 quibus
3390 4492 3478 4532 me
3506 4477 3607 4531 tri-

2017 4575 2355 4629 bulaverunt.
2388 4572 2648 4628 Dominus
2667 4581 2844 4628 autem
2862 4572 3008 4640 justo
3023 4571 3224 4641 judicio
3245 4586 3344 4626 suo
3363 4570 3612 4626 concidet

2015 4668 2252 4722 cervices
2281 4680 2488 4721 eorum.
2523 4663 2770 4720 Habeant
2789 4672 2997 4734 partem
3026 4679 3147 4718 eum
3170 4663 3249 4716 eis
3274 4660 3528 4718 Pharismi
3555 4669 3612 4717 et

2018 4758 2254 4813 haeretici
2302 4773 2508 4821 omnes,
2539 4757 2632 4827 qui
2671 4755 2858 4810 odiunt
2899 4752 3049 4821 Sion,
3082 4752 3135 4806 id
3173 4761 3276 4819 est,
3305 4752 3397 4824 qui
3423 4752 3613 4809 odiunt

2016 4848 2312 4905 Ecelesiam
2353 4848 2570 4903 Christi.
2613 4845 2771 4901 Fiant
2817 4845 2956 4900 sicut
3000 4843 3181 4900 fenum
3210 4851 3496 4911 tectorum,
3523 4846 3609 4902 vel

2017 4943 2385 5004 azdiﬁciorum,
2428 4938 2574 5011 quod
2611 4940 2924 5008 priusquam
2965 4936 3227 4993 evellatur
3252 4939 3464 4994 arescit.
3498 4937 3612 4994 Hoc

2019 5035 2140 5090 loco
2187 5042 2391 5088 tectum
2439 5033 2526 5087 vel
2571 5029 2855 5087 rediﬁcium
2897 5033 3159 5099 nominat,
3191 5034 3316 5105 quia
3363 5031 3610 5087 maximae

2021 5134 2202 5196 partes
2251 5125 2626 5180 hmretieorum
2672 5124 2739 5178 ad
2786 5139 3044 5195 personas
3093 5127 3227 5181 altas
3266 5124 3486 5183 vadunt,
3519 5121 3613 5178 ubi

1948 5268 1958 5278 ,
2015 5217 2169 5288 quasi
2196 5215 2358 5271 falces
2387 5215 2511 5272 fena
2539 5218 2835 5272 secantium
2865 5220 3203 5276 sacerdotum
3234 5215 3483 5277 evadant,
3515 5212 3610 5267 sed

2017 5310 2096 5364 sic
2123 5309 2195 5364 ibi
2225 5316 2513 5380 antequam
2547 5310 2845 5367 evellantur
2880 5319 3143 5367 arescent.
3176 5309 3294 5364 Non
3335 5305 3477 5360 enim
3507 5305 3609 5360 im-

2019 5403 2130 5474 plet
2153 5418 2369 5458 manum
2392 5419 2545 5459 suam
2571 5418 2638 5460 ex
2667 5404 2746 5460 eis
2769 5404 2862 5473 qui
2889 5410 3054 5457 metet
3082 5402 3242 5456 verba
3273 5413 3481 5464 eorum,
3505 5414 3610 5455 nec

2019 5497 2168 5550 sinus
2194 5511 2320 5552 suos
2348 5497 2574 5567 implent
2593 5496 2633 5550 ii
2659 5496 2751 5565 qui
2780 5493 3086 5563 manipulos
3113 5481 3299 5546 eorum
3329 5490 3607 5562 colligunt.

2020 5590 2098 5647 Ex
2129 5591 2378 5647 omnibus
2402 5592 2546 5645 enim
2575 5589 2667 5656 qui
2695 5585 3044 5659 prmteribunt
3064 5585 3132 5638 ab
3152 5583 3411 5655 apostolis
3439 5589 3611 5650 sancti

2020 5702 2187 5755 usque
2232 5684 2414 5749 hodie,
2460 5683 2575 5737 sive
2620 5681 2713 5749 qui
2758 5685 2903 5741 sunt,
2953 5691 3048 5733 seu
3083 5678 3176 5749 qui
3215 5679 3590 5750 praeterierunt

2020 5777 2196 5831 nullus
2242 5788 2338 5828 eos
2382 5769 2658 5827 benedixit
2698 5772 2752 5826 in
2795 5769 3014 5827 nomine
3062 5771 3294 5830 Domini.
3338 5771 3407 5828 Et
3446 5775 3540 5846 qui
3568 5765 3612 5836 'a

2021 5863 2084 5916 B.
2133 5862 2382 5929 apostolo
2423 5860 2606 5927 Petro,
2654 5871 2748 5918 aut
2780 5863 2848 5919 ab
2885 5865 3164 5934 apostolis,
3195 5865 3280 5922 vel
3317 5879 3350 5921 a
3377 5865 3610 5936 posteris
