4088 6346
509 453 611 512 ssi
1103 441 1106 444 ’
1145 423 1147 425 ’
1579 523 1582 527 _
1834 447 2102 504 nsonu

2211 447 2447 506 monts
3684 435 3781 505 δῇ

496 507 697 629 Lorum
722 566 1150 625 benedictionem
1191 579 1299 619 non
1338 568 1564 636 accepit,
1595 573 1650 619 et
1687 582 1764 622 snc
1787 539 2100 638 plebeculas
2125 571 2178 630 Α
2203 579 2391 642 putant
2419 585 2477 626 se
2505 571 2620 630 sine
2648 569 2865 626 Christo
2891 567 3245 642 Christianos,
3278 582 3400 624 cum
3441 563 3606 627 homo
3643 571 3778 640 quod

502 651 691 721 docuit
717 676 852 731 quas
889 657 1118 728 decepit,
1150 657 1276 728 quia
1322 650 1757 720 benedictionem
1781 655 2090 733 usurpavit,

502 753 938 815 maledictionem
968 748 1212 814 incurrit,
1245 763 1342 819 per
1369 763 1530 820 quam
1558 749 1868 819 priusquam
1897 747 2094 806 evella-

407 861 411 864 ’
488 853 613 920 tur,
646 839 700 898 id
727 850 828 907 est,
855 841 1164 920 priusquam
1211 841 1475 895 moriatur
1513 841 1725 907 arescit,
1758 839 1810 894 id
1839 849 1940 908 est,
1969 839 2094 896 dum

486 917 688 994 ivivere
731 921 944 998 videtur
995 917 1059 989 inv
1095 950 1347 1006 corpore,
1378 932 1491 1004 jam
1531 935 1583 988 in
1624 935 1814 1006 spiritu
1843 935 1985 990 aruit
2018 953 2030 987 :
2063 951 2094 990 a

483 1030 697 1101 ,quibus
727 1044 826 1084 nos
863 1027 1117 1100 separati,
1170 1023 1329 1081 ﬁdem
1377 1027 1698 1084 catholicam
1752 1027 2096 1098 integerrime

484 1107 864 1196 3continentes,
904 1121 1069 1177 vitam
1122 1121 1425 1176 invenimus
1476 1129 1732 1182 aeternam
1769 1138 1868 1202 per
1912 1121 2095 1178 Jesum

475 1213 775 1300 lChristum
818 1214 1105 1272 Dominum
1145 1221 1407 1280 nostrum,
1438 1213 1528 1284 qui
1574 1222 1764 1286 regnat
1807 1214 1861 1272 in
1903 1214 2097 1270 saecula

507 1309 844 1365 saeculorum.
879 1309 1070 1364 Amen.

1007 1397 1322 1455 PSALMUS
1355 1397 1588 1454 CXXIX.

1007 1489 1286 1546 Canticum
1309 1489 1590 1562 graduum.

581 1584 656 1640 De
675 1582 951 1658 profundis
979 1583 1199 1637 clamavi
1213 1583 1282 1636 ad
1309 1591 1377 1649 te,
1403 1574 1644 1650 Domine,
1671 1577 1890 1636 Domine
1908 1583 2098 1637 exaudi

505 1693 677 1731 vocem
697 1691 882 1729 meam.
906 1673 1069 1730 Fiant
1097 1691 1249 1728 aures
1270 1683 1371 1729 tua:
1390 1673 1716 1728 intendentes
1735 1675 1789 1728 in
1810 1690 1980 1728 vocem
2010 1674 2096 1727 de-

505 1769 820 1841 precationis
844 1782 990 1820 mere.
1037 1763 1099 1820 Si
1126 1767 1426 1824 iniquitates
1454 1764 1819 1829 observaveris,
1852 1762 2091 1834 Domine,

506 1859 746 1926 Domine,
770 1861 881 1934 quis
897 1857 1203 1914 sustinebit?
1227 1855 1362 1922 Quia
1383 1858 1524 1930 apud
1546 1867 1594 1911 te
1612 1859 1912 1934 propitiatio
1929 1869 2023 1928 est,
2047 1868 2097 1913 et

2199 664 2398 718 bonum
2446 663 2633 728 fecerit
2661 664 2728 720 ad
2757 665 3020 721 honorem
3067 678 3224 718 suum
3272 661 3466 728 fecisse
3507 660 3774 736 doceatur,

2201 756 2346 826 quod
2401 744 2581 818 aute'm
2629 757 2767 812 bene
2814 754 3118 824 crediderit,
3168 752 3236 809 ad
3262 753 3526 810 honorem
3555 757 3778 826 pertinet

2197 851 2310 914 Dei,
2343 849 2566 919 Magnus
2594 849 2683 914 ille
2711 864 2900 914 servus
2928 855 3031 916 est,
3061 836 3152 916 qui
3177 845 3244 902 de
3266 846 3474 902 honore
3508 861 3608 902 suo
3637 839 3778 902 forti-

2196 952 2281 1004 ter
2306 945 2491 1014 gessit,
2515 952 2570 1002 et
2597 943 2800 1008 domini
2829 943 2913 1004 sui
2933 943 3194 998 honorem
3218 939 3484 1010 neglexit;
3507 939 3632 998 huic
3653 956 3777 1012 pra-

2165 1041 2174 1050 "
2196 1044 2428 1109 ponetur
2450 1046 2702 1114 peccator
2728 1036 3018 1100 vilissimus
3039 1029 3393 1104 Christianus,
3416 1032 3508 1108 qui
3534 1048 3594 1087 se
3622 1032 3776 1088 credit

2194 1144 2294 1200 per
2321 1127 2478 1192 [idem
2507 1128 2576 1188 ad
2604 1127 3030 1194 misericordiam
3048 1125 3332 1200 pervenire
3353 1123 3468 1196 ejus
3489 1124 3582 1206 qui
3603 1131 3776 1204 regnat

2197 1221 2251 1277 in
2279 1223 2473 1282 saecula
2503 1223 2837 1288 saeculorum.
2869 1220 3058 1278 Amen.

2703 1332 3020 1398 PSALMUS
3056 1330 3270 1398 CXXX.

2691 1427 2978 1484 Canticum
3001 1425 3287 1496 graduum.

2269 1522 2508 1588 Domine,
2541 1537 2644 1582 non
2691 1530 2768 1575 est
2803 1521 3093 1576 exaltatum
3130 1536 3220 1574 cor
3260 1534 3449 1584 meum,
3483 1535 3647 1590 neque
3669 1518 3777 1577 olei

2197 1625 2316 1671 sunt
2341 1615 2476 1674 oculi
2503 1615 2623 1674 mei.
2653 1612 2835 1684 Neque
2881 1611 3138 1668 ambulavi
3182 1612 3237 1665 in
3284 1610 3509 1682 magnis,
3538 1621 3706 1680 neque
3729 1610 3775 1666 in

2201 1706 2528 1765 mirabilibus
2553 1722 2707 1776 super
2720 1721 2822 1762 me.
2857 1704 2918 1760 8i
2945 1719 3048 1760 non
3069 1702 3332 1758 humiliter
3351 1699 3656 1763 sentiebam,
3698 1699 3775 1754 sed

2199 1798 2429 1854 esattaoi
2453 1799 2680 1856 animum
2702 1812 2890 1856 meum.
2923 1793 3072 1850 Sicut
3093 1792 3384 1852 ablactatus
3403 1801 3481 1846 est
3507 1807 3662 1862 super
3685 1807 3775 1847 ma-

2202 1898 2330 1946 trem
2373 1905 2540 1955 suam,
2582 1890 2659 1948 ita
2708 1886 2976 1948 retributio
3023 1887 3078 1940 in
3126 1885 3356 1940 utintam
3387 1898 3582 1940 meum.
3613 1879 3774 1954 Sperat

506 1959 713 2024 prapter
724 1951 883 2022 legem
903 1939 1041 2005 tuam
1055 1951 1276 2004 sustinui
1298 1957 1365 2013 te,
1384 1947 1625 2003 Domine.
1644 1947 1902 2005 Sustinuit
1922 1951 2098 2004 anima
2129 1951 2176 2012 B
2203 1939 2717 2047 0;
2739 1939 3094 2036 Vuvvm‘inc
3119 1987 3350 2050 um
3369 1977 3424 2036 in
3451 1939 3711 2034 meum.

506 2061 621 2098 mea
640 2046 696 2097 in
724 2042 874 2098 verba
923 2043 1055 2114 ejus,
1098 2043 1322 2114 speravit
1368 2042 1546 2096 anima
1565 2057 1679 2095 mea
1706 2042 1761 2095 in
1790 2041 2027 2096 Domino.
2054 2042 2096 2093 A

507 2136 743 2190 custodia
791 2136 1042 2189 matutina
1089 2151 1250 2205 usque
1294 2135 1363 2187 a'd
1402 2142 1621 2200 noctem,
1653 2143 1821 2205 speret
1849 2132 2018 2188 Israel
2045 2137 2099 2187 in

505 2227 748 2283 Domino.
777 2223 910 2290 Quia
940 2227 1078 2298 apud
1111 2227 1387 2282 Dominum
1408 2226 1786 2291 misericordia,
1810 2233 1857 2279 et
1887 2227 2096 2296 copiosa

507 2320 648 2390 apud
668 2335 783 2372 eum
810 2317 1116 2389 redemptio.
1145 2316 1216 2370 Et
1261 2321 1373 2389 ipse
1394 2319 1610 2372 redimet
1643 2317 1810 2370 Israel
1838 2333 1902 2371 ea?
1930 2320 2098 2374 omni-

510 2411 601 2464 bus
630 2409 986 2483 iniquitatibus
1007 2409 1138 2480 ejus.

1072 2517 1508 2558 COIIENTARIUI.

584 2595 856 2651 Plenitens
882 2609 1034 2649 meus
1056 2593 1112 2650 in
1139 2594 1282 2648 bono
1299 2593 1409 2666 jam
1435 2593 1642 2666 positus
1668 2593 1969 2668 praeteritos
1996 2591 2104 2648 cla-

511 2703 693 2742 mores
717 2686 923 2743 recolit.
958 2685 1096 2740 Audi
1121 2685 1264 2740 enim
1280 2684 1379 2740 sibi
1408 2685 1580 2740 virum
1603 2685 1899 2757 sapientem
1920 2683 2104 2740 dicen-

507 2791 618 2840 ,tem
637 2800 648 2833 :
668 2779 786 2844 Fili,
812 2779 1066 2856 peccasti,
1094 2794 1164 2835 ne
1183 2779 1405 2850 adjicias
1428 2778 1644 2850 iterum,
1672 2778 1765 2834 sed
1795 2783 1849 2842 et
1870 2795 1968 2850 pro
1989 2779 2101 2850 pri—

511 2876 664 2930 stinis
693 2875 1003 2952 deprecare.
1037 2873 1131 2929 Ille
1159 2889 1346 2936 servus
1370 2872 1514 2928 utilis
1535 2880 1637 2941 est,
1659 2871 1754 2943 qui
1776 2872 1960 2943 culpas
1979 2887 2105 2928 suas

512 2983 726 3040 semper
753 2966 961 3022 recolit.
990 2961 1110 3020 Non
1140 2967 1282 3020 enim
1302 2965 1500 3020 bonam
1528 2964 1840 3038 patientiam
1863 2970 1918 3019 et
1943 2963 2106 3027 mise-

514 3059 798 3124 ricordiam
829 3059 1039 3115 Domini
1070 3058 1150 3113 sui
1180 3057 1334 3112 aliter
1359 3057 1762 3123 memorabitur,
1795 3058 1897 3113 nisi
1952 3072 2105 3114 suam

517 3153 908 3226 impatientiam
935 3159 990 3206 et
1018 3152 1360 3222 iniquitatem
1389 3149 1547 3205 fuerit
1574 3149 1888 3206 recordatus
1921 3168 1932 3202 :
1977 3147 2104 3204 illud
2145 3174 2151 3186 -

518 3247 639 3312 feci,
673 3245 799 3300 illud
828 3245 987 3314 gessi,
1018 3251 1206 3304 contra
1251 3242 1553 3314 jussionem
1580 3243 1793 3306 Domini
1823 3242 1948 3307 mei.
2001 3243 2107 3296 Do-

518 3338 682 3403 mine,
727 3337 771 3391 si
826 3337 992 3391 velles
1039 3334 1384 3390 considerare
1429 3341 1799 3404 contemptum
1843 3342 2104 3400 nostrum,
2135 3335 2180 3396 C

520 3430 646 3485 olim
703 3429 936 3484 delesses
962 3427 1240 3491 mundum,
1269 3427 1366 3482 sed
1393 3428 1525 3482 satis
1548 3427 1687 3498 apud
1714 3435 1766 3482 te
1792 3427 2106 3498 propitiatio

521 3532 601 3579 est
629 3543 640 3576 :
671 3535 892 3596 propter
919 3523 1091 3600 legem
1121 3531 1266 3584 tuam
1317 3524 1546 3582 sustinui
1587 3531 1660 3594 te,
1705 3523 1951 3588 Domine,
1974 3522 2107 3580 Nam

519 3630 849 3670 recesseram
893 3629 924 3670 a
977 3623 1050 3680 te,
1103 3630 1212 3668 non
1257 3623 1308 3670 te
1336 3622 1726 3686 exspectaram,
1759 3614 1852 3672 sed
1899 3615 1988 3674 lex
2018 3625 2108 3677 tua

519 3705 650 3760 mihi
679 3704 814 3764 dixit
837 3703 907 3762 de
934 3711 1010 3768 te,
1041 3704 1166 3774 quia
1197 3705 1399 3768 nullum
1427 3706 1606 3775 perire
1651 3706 1751 3772 vis,
1797 3705 1892 3762 sed
1931 3722 2108 3768 omnes

521 3797 752 3852 homines
774 3796 942 3852 salvos
968 3796 1042 3852 vis
1071 3796 1244 3867 facere
1269 3792 1431 3870 [ﬁeri]
1454 3794 1498 3866 (Ι
1543 3795 1674 3850 Tim.
1707 3796 1787 3868 ιι).
1815 3795 2109 3869 Propterea

519 3890 770 3958 sustinuit
795 3889 974 3948 anima
1003 3903 1123 3944 mea
1151 3889 1372 3947 verbum
1405 3896 1574 3956 tuum,
1605 3889 1658 3954 id
1679 3899 1780 3955 est,
1804 3891 2108 3947 venientem

517 3983 712 4040 Filium
734 3990 905 4050 tuum,
935 3984 1028 4054 qui
1057 3970 1388 4053 promittitur
1415 3980 1480 4042 ad
1501 3982 1605 4042 hoc
1631 3983 1833 4048 venire,
1867 3990 1925 4038 ut
1954 3983 2106 4044 tollat

517 4084 735 4147 peccata
764 4074 966 4136 mundi.
1019 4071 1118 4138 llic
1147 4075 1322 4132 veniet
1361 4090 1391 4128 a
1421 4073 1663 4136 custodia
1682 4077 1965 4140 matutina.
1997 4074 2106 4132 Cu-

517 4167 688 4224 stodia
718 4181 843 4236 una,
875 4175 1065 4238 quarta
1083 4181 1209 4238 pars
1221 4167 1403 4237 noctis
1431 4172 1530 4230 est.
1558 4165 1700 4236 Ergo
1723 4168 1899 4244 prima
1927 4178 2110 4232 custo-

516 4257 603 4316 dia
631 4273 662 4310 a
684 4272 908 4327 vespere
936 4258 1151 4335 incipit;
1181 4258 1416 4321 secunda
1446 4257 1514 4313 ad
1541 4259 1776 4339 medium
1823 4262 1998 4321 noctis
2027 4270 2108 4318 at-

516 4349 699 4417 tingit;
753 4349 905 4404 tertia
932 4347 1200 4418 pullorum
1238 4357 1426 4406 cautus
1456 4351 1677 4418 transit;
1709 4359 1899 4420 quarta
1926 4352 2106 4419 vigilia

516 4441 801 4507 matutina,
842 4455 962 4510 qua:
1011 4441 1065 4494 in
1096 4448 1273 4498 ortum
1304 4441 1521 4504 luminis
1546 4442 1885 4514 adimpletur,
1919 4446 1973 4500 in
1999 4460 2106 4516 qua

514 4531 760 4588 custodia
791 4532 1052 4590 matutina
1081 4541 1267 4596 natum
1298 4531 1581 4596 Dominum
1633 4541 1876 4594 nostrum
1931 4537 2106 4605 angeli

514 4625 822 4700 pastoribus
843 4625 1178 4681 nuntiarunt.
1211 4622 1317 4684 Sed
1346 4638 1446 4686 nos
1464 4625 1706 4686 dicamus
1729 4627 1965 4696 vigiliam
1985 4643 2103 4682 ma-

515 4718 740 4774 tutinam
771 4717 888 4773 luce
917 4726 1172 4780 nascente
1193 4725 1565 4788 memoratam,
1589 4719 1643 4772 in
1662 4731 1767 4790 qua
1796 4719 1915 4774 luce
1934 4734 2103 4790 usque
2131 4712 2182 4773 D

515 4810 583 4866 ad
611 4819 842 4887 noctem,
886 4812 938 4866 id
985 4819 1087 4878 est,
1121 4826 1290 4882 usque
1318 4826 1442 4869 cum
1470 4808 1631 4870 tinem
1655 4812 1902 4881 accipiat,
1937 4827 2103 4884 usque

513 4909 644 4954 tunc
665 4907 842 4971 speret
869 4900 1031 4958 Israel
1053 4901 1106 4960 in
1127 4899 1378 4974 Domino,
1406 4902 1492 4968 vel
1519 4902 1756 4973 quandiu
1784 4903 1898 4974 ipse
1937 4903 2100 4960 homo

512 5000 596 5054 est
619 4993 672 5050 in
702 5008 930 5064 corpore
950 5001 1148 5066 speret,
1178 4996 1302 5067 quia
1324 5003 1406 5054 est
1431 4997 1578 5070 apud
1598 4995 1768 5060 Deum
1792 4998 2101 5058 misericor-

511 5087 616 5146 dia.
662 5087 798 5164 Agat
843 5088 1235 5157 paenitentiam,
1294 5095 1467 5146 cesset
1513 5105 1544 5150 a
1573 5097 1800 5162 peccato
1840 5105 2010 5169 usque
2034 5090 2101 5156 ad

509 5191 794 5250 vesperum
815 5179 896 5234 sui
927 5179 994 5235 ab
1016 5181 1147 5242 hora
1176 5182 1454 5250 matutina,
1479 5197 1547 5246 ex
1574 5197 1682 5253 quo
1709 5183 1760 5238 ei
1781 5182 2100 5244 illuminatio

509 5279 627 5330 orta
671 5279 755 5334 est
782 5270 1094 5334 Salvatoris.
1128 5271 1286 5334 Nullo
1311 5273 1471 5335 modo
1512 5274 1709 5352 peribit
1738 5275 1783 5330 si
1810 5275 2102 5338 cessaverit
2160 5268 2175 5281 “

505 5379 538 5422 a
559 5374 781 5436 peccato
809 5373 863 5438 et
890 5365 1222 5440 pmnituerit,
1246 5366 1371 5440 quia
1388 5367 1604 5438 grandis
1624 5355 1768 5442 apud
1795 5368 1964 5432 Deum
1993 5370 2099 5424 mi-

505 5459 816 5526 sericordia,
861 5468 916 5516 et
957 5461 1071 5531 ipse
1099 5461 1326 5520 redimet
1353 5459 1538 5524 Israel.
1579 5460 1756 5524 Alium
1800 5464 1942 5517 enim
1989 5479 2098 5520 non

504 5549 754 5618 redimet,
787 5553 890 5608 nisi
917 5551 1188 5622 Israelem,
1218 5553 1270 5616 id
1302 5561 1404 5620 est,
1464 5553 1568 5608 nisi
1616 5553 1942 5622 baptizatum
1991 5569 2097 5608 non

503 5637 749 5698 redimet.
777 5640 910 5702 Nam
939 5644 984 5700 si
1003 5643 1142 5706 forte
1170 5646 1497 5715 pmniteatur
1517 5643 1573 5700 in
1595 5644 1751 5706 malis
1771 5643 1927 5697 factis
1947 5645 2095 5714 quis-

432 5777 436 5781 ,
502 5729 677 5804 piam,
711 5738 765 5788 et
793 5732 845 5786 in
871 5733 1027 5790 bonis
1055 5737 1307 5814 oper-ibus
1335 5753 1395 5794 se
1422 5737 1706 5804 miriﬁcum
1725 5737 1981 5808 praebeat,
2005 5736 2094 5793 hic

501 5823 549 5892 si
573 5821 738 5904 istae!
770 5831 877 5888 non
907 5824 1085 5894 fuerit,
1118 5830 1162 5890 si
1191 5844 1299 5888 non
1324 5831 1626 5906 baptizatus
1652 5830 1836 5894 fuerit,
1870 5846 1977 5886 non
2008 5846 2094 5885 re-

504 5917 724 5976 dimitur
750 5919 817 5972 ab
847 5917 1215 5987 iniquitatibus
1243 5921 1371 5981 suis.
1406 5919 1544 5980 Sunt
1583 5922 1724 5980 enim
1754 5922 1967 5999 quidam
1999 5921 2088 5998 qui

2771 2087 3212 2158 ςιοιιιεκτλιιιυι.

2275 2169 2484 2228 Usitata
2510 2170 2670 2238 vulgo
2718 2169 2986 2228 sententia
3027 2175 3113 2224 est
3140 2182 3260 2237 quas
3281 2166 3413 2224 dicit
3433 2163 3595 2235 juxta
3619 2179 3771 2221 mores

2201 2267 2408 2322 domini
2425 2265 2686 2322 familiam
2708 2265 3075 2323 constitutam.
3100 2261 3226 2322 Hec
3251 2263 3520 2320 sententia
3541 2262 3675 2322 sicut

2205 2370 2287 2414 ter
2305 2359 2556 2414 dominos
2575 2365 2629 2412 et
2656 2372 2864 2424 servos.
2895 2357 2975 2414 sic
3001 2357 3141 2416 inter
3166 2355 3439 2414 Christum
3460 2362 3518 2414 et
3535 2352 3763 2412 εδιὶςεὶθς

2203 2463 2325 2513 nos,
2349 2449 2398 2505 si
2428 2448 2654 2507 haberet
2683 2446 2954 2512 eﬂ‘eetum,
3000 2446 3121 2516 jure
3176 2462 3277 2502 nos
3321 2444 3524 2502 Christi
3577 2444 3762 2502 famulos

2205 2539 2523 2598 diceremus.
2543 2539 2637 2598 llle
2659 2553 2782 2598 cum
2812 2539 3069 2599 Dominus
3087 2538 3210 2598 cali
3233 2546 3290 2592 et
3313 2545 3470 2592 terra:
3487 2544 3648 2603 esset,
3667 2532 3766 2590 Non

2205 2630 2446 2701 rapinam
2465 2629 2751 2690 arbitratus
2771 2640 2848 2690 est
2871 2646 2988 2690 esse
3008 2646 3064 2688 se
3083 2628 3333 2702 aequalem
3349 2626 3478 2694 Deo,
3501 2627 3595 2682 sed
3615 2633 3770 2682 sanct-

2206 2726 2374 2794 ipsum
2412 2723 2725 2788 escirzanivit,
2755 2733 2805 2780 et
2835 2727 3055 2794 formam
3086 2724 3219 2778 servi
3246 2722 3534 2792 suscipiens
3567 2718 3770 2789 (Philip.

2206 2817 2264 2884 ιι)
2288 2815 2457 2874 dixit:
2483 2815 2728 2879 Domine,
2756 2830 2863 2872 non
2889 2823 2972 2870 est
2993 2813 3286 2872 exaltatum
3312 2827 3409 2868 cor
3430 2824 3626 2870 ineunt.
3656 2810 3767 2876 Age,

2207 2923 2412 2973 servus,
2449 2907 2602 2978 juxta
2629 2921 2811 2964 mores
2843 2906 3054 2966 domini
3083 2905 3192 2972 tui;
3234 2919 3357 2960 cum
3377 2903 3452 2964 sis
3473 2911 3658 2958 natura
3682 2901 3770 2955 hu-

2207 2997 2365 3064 milis,
2389 2997 2516 3067 quid
2534 2997 2829 3056 exaltaris?
2856 2995 3026 3054 iudex
3049 2995 3138 3052 ille
3164 2995 3396 3051 refertur
3439 2992 3666 3058 humilis,
3685 3005 3771 3048 nos

2208 3089 2453 3159 superbi;
2485 3089 2573 3150 ille
2597 3089 2938 3158 ingloriosus,
2965 3103 3063 3143 nos
3086 3101 3119 3143 e
3139 3086 3412 3142 contrario
3431 3085 3676 3160 gloriosi;
3697 3081 3772 3142 ille

2211 3183 2264 3237 in
2289 3181 2498 3250 magnis
2525 3197 2633 3236 non
2665 3180 2922 3248 ambulat,
2954 3195 3056 3238 nos
3093 3180 3148 3234 in
3180 3179 3388 3249 magnis
3409 3177 3646 3248 personis
3668 3187 3770 3230 am»

2209 3274 2406 3341 bimus,
2438 3282 2493 3330 et
2520 3275 2574 3328 in
2604 3289 2670 3329 eo
2685 3273 2832 3344 quod
2860 3289 2959 3330 nos
2984 3272 3214 3330 adorant
3234 3280 3327 3330 aut
3344 3270 3567 3342 diligunt
3586 3268 3771 3324 nobiles

2213 3367 2522 3437 gloriamur,
2555 3366 2600 3427 si
2629 3373 2812 3420 tamen
2832 3365 3081 3434 diligunt,
3111 3373 3166 3426 et
3195 3380 3303 3420 non
3323 3360 3547 3424 ridiculo
3570 3363 3772 3417 abutum

2211 3469 2314 3524 tur,
2343 3458 2500 3528 quasi
2530 3459 2835 3526 ignoremus
2865 3458 2994 3513 illud
3025 3476 3038 3512 :
3079 3457 3152 3514 Os
3178 3458 3323 3529 quod
3348 3473 3446 3514 nos
3471 3457 3771 3513 occultatum

2210 3560 2292 3610 est
2321 3552 2616 3618 venientes,
2669 3553 2723 3608 in
2771 3561 3029 3623 quantum
3059 3567 3157 3608 nos
3205 3551 3403 3608 laceret
3421 3548 3763 3606 abscedentes.

2208 3643 2315 3700 Nos
2345 3652 2524 3700 autem
2542 3645 2944 3704 exhonoramus
2965 3659 3276 3715 pauperem,
3306 3641 3448 3710 citius
3491 3641 3537 3694 in
3563 3653 3619 3692 se
3642 3651 3761 3706 per-

2209 3752 2395 3798 sonam
2421 3735 2666 3796 Christus
2703 3737 2933 3806 excepit,
2950 3743 3008 3796 et
3033 3743 3138 3792 non
3158 3735 3479 3798 ambulamus
3499 3732 3550 3790 in
3569 3728 3754 3799 parvis,

2208 3831 2302 3896 sed
2352 3831 2404 3886 in
2429 3831 2637 3900 magnis
2661 3839 2718 3886 et
2746 3830 3078 3887 mirabilibus
3105 3845 3268 3900 super
3291 3844 3406 3895 nos,
3428 3835 3481 3882 et
3503 3831 3766 3880 cantamus

2208 3923 2482 3978 humiliter
2527 3924 2728 3980 sentire
2775 3939 2893 3989 nos,
2943 3931 2997 3977 et
3028 3937 3132 3978 non
3173 3921 3412 3978 exaltare
3433 3919 3649 3981 animam
3675 3928 3771 3968 no-

2209 4020 2395 4079 stram,
2427 4014 2773 4070 immemores
2801 4013 3031 4083 apostoli
3059 4012 3326 4068 hortantis
3349 4018 3506 4080 atque
3529 4005 3774 4062 dicentis:

2213 4105 2478 4178 Tanquam
2524 4107 2727 4178 parvuli
2755 4106 2837 4161 lac
2883 4106 3247 4178 concupiscite,
3291 4105 3423 4158 utin
3451 4118 3509 4158 eo
3551 4096 3788 4154 cresc'atit

2211 4197 2254 4268 (Ι
2280 4197 2399 4254 Pet.
2424 4198 2512 4268 n);
2543 4197 2689 4270 quod
2715 4197 2760 4256 si
2783 4196 3100 4262 faceremus,
3119 4207 3363 4254 essemus
3382 4192 3622 4265 profecto
3641 4187 3780 4261 quasi

2209 4292 2460 4346 ablactati
2506 4307 2670 4361 super
2698 4300 2869 4345 matre
2899 4306 3014 4344 sua.
3046 4288 3386 4358 Agnoscebat
3434 4288 3488 4349 in
3519 4283 3671 4342 nobis
3695 4295 3780 4340 sua

2208 4383 2533 4437 nutrimenta
2563 4390 2734 4438 mater
2751 4381 3012 4446 Ecclesia,
3041 4390 3100 4442 et
3119 4381 3277 4453 quasi
3316 4379 3589 4433 ablactato
3610 4374 3780 4430 Eccle«

2207 4476 2299 4531 sive
2327 4491 2453 4542 sum,
2485 4477 2556 4530 ita
2585 4477 2914 4534 retribuebat
2943 4476 3098 4534 nobis
3122 4490 3233 4538 sua:
3252 4471 3501 4528 Christus
3523 4467 3776 4528 charitatis

2208 4566 2478 4634 effectura,
2513 4569 2563 4623 in
2586 4585 2693 4639 quo
2720 4576 2903 4640 sperat
2931 4567 3113 4633 lsrael,
3147 4567 3201 4621 id
3227 4575 3328 4632 est,
3361 4563 3598 4621 mundus
3619 4557 3779 4622 corde.

2207 4659 2330 4728 quia
2355 4659 2467 4730 ipse
2495 4668 2576 4714 est
2603 4655 2786 4724 Israel,
2818 4657 2960 4729 quod
2984 4659 3367 4732 interpretatur
3383 4648 3583 4714 bidens
3611 4651 3781 4708 Deum.

2207 4751 2343 4825 Spes
2369 4755 2510 4810 enim
2541 4755 2656 4828 ejus
2686 4753 2789 4807 alia
2819 4770 2925 4816 non
2948 4763 3048 4822 est,
3083 4753 3185 4808 nisi
3215 4759 3274 4816 ut
3302 4750 3368 4806 ad
3406 4758 3690 4822 aspectum
3714 4743 3788 4801 di-

2206 4845 2392 4902 vinum
2439 4845 2684 4914 attingat.
2720 4843 2869 4898 Tunc
2907 4843 3052 4898 enim
3081 4843 3381 4910 satiabitur,
3407 4856 3535 4896 cum
3558 4841 3608 4898 ei
3635 4850 3788 4910 appa-

2206 4936 2375 4990 ruerit
2423 4936 2595 5008 gloria
2650 4935 2763 5004 ejus
2791 4935 2883 5014 qui
2913 4945 3101 5003 regnat
3149 4934 3203 4988 in
3233 4931 3427 4988 smcula
3453 4931 3789 4987 saeculorum.

2206 5028 2398 5086 Amen.

2710 5089 3028 5152 PSALMUS
3055 5091 3289 5150 CXXXI.

2701 5187 2979 5244 Canticum
3009 5187 3288 5257 graduum.

2279 5281 2560 5344 Memento,
2609 5277 2847 5346 Domine,
2883 5277 3067 5344 David,
3113 5290 3161 5333 et
3189 5282 3356 5333 omnis
3383 5279 3801 5334 mansuetudinis

2207 5376 2338 5447 ejus.
2366 5374 2512 5428 Sicut
2523 5374 2721 5444 juravit
2749 5373 2994 5438 Domino,
3026 5384 3196 5436 votum
3219 5375 3350 5427 vovit
3374 5372 3487 5428 Deo
3525 5373 3715 5428 Jacob.
3748 5371 3803 5424 Si

2206 5466 2454 5522 introiere
2491 5466 2546 5520 in
2569 5465 2958 5522 tabernaculum
2986 5465 3169 5522 domus
3196 5481 3342 5532 mete,
3374 5466 3418 5518 si
3439 5465 3732 5522 ascendere
3753 5463 3802 5515 in

2207 5560 2390 5614 lectum
2440 5559 2590 5624 strati
2641 5560 2758 5613 mei.
2795 5558 2855 5614 Si
2885 5558 3072 5614 dedero
3100 5574 3335 5625 somnum
3378 5557 3549 5622 oculis
3581 5559 3732 5620 meis,
3761 5559 3806 5632 et

2205 5650 2462 5724 palpebris
2491 5651 2615 5706 meis
2657 5651 3092 5712 dormitationem,
3123 5649 3193 5710 Et
3223 5651 3445 5724 requiem
3489 5646 3805 5722 temporibus

2201 5745 2346 5810 meis,
2398 5743 2558 5805 donec
2604 5745 2864 5798 inveniam
2905 5745 3073 5804 locum
3129 5741 3372 5807 Domino,
3408 5730 3807 5810 tabernaculum

2201 5833 2309 5889 Deo
2331 5832 2513 5888 Iacob.
2539 5831 2674 5886 Ecce
2695 5833 2979 5892 audivimus
3003 5850 3116 5896 eam
3139 5835 3189 5888 in
3223 5832 3477 5912 [fg/truta,
3513 5813 3808 5894 invenimus

2199 5941 2313 5983 eam
2355 5925 2408 5982 in
2457 5925 2654 5980 carneis
2704 5922 2863 5982 silvas.
2923 5922 3257 5985 Introibimus
3309 5924 3361 5983 in
3405 5918 3810 5982 tabernaculum
