4088 6346
330 385 439 438 555

1246 383 1714 441 COMMENTARII
1755 387 1822 440 ις
1861 387 2184 443 I'SAIMOS.
2229 390 2417 447 PSAL.
2463 393 2683 448 CXXXI.

3501 398 3603 452 534

322 504 458 576 ejus,
515 500 843 553 adorabintus
891 501 940 553 in
995 500 1103 552 loco
1157 497 1242 552 ubi
1291 507 1538 552 steterunt
1595 499 1748 570 pedes
1779 500 1907 570 ejus.
1940 504 1990 562 Α
2018 511 2091 554 est
2126 503 2368 558 Salvator
2398 509 2654 571 omnium,
2689 512 2851 563 ethoc
2897 510 3030 564 vobis
3074 514 3272 582 signum
3298 513 3410 566 erit.
3451 511 3600 567 Inre-

323 594 517 664 Snrge,
548 591 783 656 Domine,
814 594 868 645 in
899 593 1118 663 requiem
1149 603 1324 646 tuam:
1355 604 1406 644 tu
1435 601 1484 644 et
1528 608 1651 646 arca
1681 595 1912 663 sanctiﬁ-

319 688 545 740 cationis
592 696 709 740 tum.
760 684 1068 746 Sacerdotes
1125 686 1200 744 tui
1247 685 1530 746 induantur
1551 684 1830 755 justitiam,
1863 696 1911 738 et

317 780 492 832 sancti
515 780 588 832 tui
616 778 889 834 exsultent.
915 777 1136 850 Propter
1170 778 1342 832 David
1367 794 1568 834 seruum
1619 788 1759 832 tuum
1803 796 1906 833 non

315 880 527 926 avertas
551 872 735 941 facient
766 870 955 925 Christi
978 873 1071 930 tui.
1093 871 1296 930 Iuravit
1317 871 1571 926 Dominus
1599 871 1770 926 David
1827 891 1911 927 ue-

313 962 525 1014 ritatem
573 971 620 1016 et
667 978 768 1014 non
800 960 1130 1036 (rustrabitur
1169 978 1321 1015 eam:
1345 961 1408 1016 de
1435 964 1908 1032 fructuuentristui

311 1069 508 1120 ponam
533 1041 684 1122 super
704 1052 873 1110 sedero
897 1062 1054 1106 tuam.
1083 1054 1144 1108 Si
1172 1053 1620 1126 custodierintﬁlii
1650 1056 1722 1107 tui
1753 1063 1907 1108 testa-

310 1155 544 1198 mentum
575 1161 758 1208 meum,
791 1153 839 1197 et
869 1145 1159 1201 testimonia
1187 1162 1300 1199 mea
1325 1149 1434 1200 lucc
1453 1162 1567 1217 quis
1588 1144 1775 1200 docebo
1795 1163 1901 1200 eos.

309 1233 358 1286 Ε
366 1247 382 1286 ι
405 1236 504 1305 ﬁlii
529 1253 706 1289 eorum
735 1254 893 1308 usque
919 1239 972 1290 in
1002 1239 1245 1292 sarculum
1273 1235 1517 1291 sedebant
1555 1256 1707 1309 super
1735 1243 1904 1294 sedem

309 1337 477 1378 tuam.
505 1325 760 1389 Quoniam
785 1329 936 1398 elegit
957 1327 1208 1398 Dominus
1235 1328 1387 1394 Sion,
1413 1331 1564 1400 elegit
1593 1348 1706 1384 eam
1735 1332 1786 1384 in
1811 1332 1904 1384 ha-

307 1415 612 1470 bitationem
641 1416 756 1470 sibi.
792 1416 921 1472 Hac
973 1421 1167 1491 requies
1196 1438 1308 1474 mea
1348 1423 1402 1474 in
1431 1422 1675 1476 swculum
1704 1423 1900 1487 surculi,

306 1507 396 1562 hic
437 1509 695 1574 habitabo,
738 1513 980 1576 quoniam
1007 1513 1137 1583 elegi
1162 1530 1295 1568 eam.
1338 1513 1557 1568 Viduam
1586 1507 1720 1586 ejus‘
1747 1515 1901 1568 bene-

307 1601 496 1668 dicens
540 1600 854 1668 benedicam,
905 1621 1154 1676 pauperes
1207 1607 1320 1676 ejus
1366 1603 1612 1660 saturabo
1659 1605 1896 1674 panibus.

306 1691 622 1748 Sacerdotes
645 1694 753 1767 ejus
776 1693 986 1748 induam
1009 1696 1250 1760 salutari,
1285 1706 1333 1749 et
1355 1698 1522 1750 sancti
1541 1696 1652 1764 ejus
1672 1697 1900 1749 exsulta-

306 1789 451 1844 tione
478 1788 820 1843 exsultabant.
848 1787 980 1844 Illuc
1002 1790 1283 1859 producam
1310 1806 1468 1844 cornu
1509 1788 1697 1854 Darid,
1722 1792 1898 1860 parari

2014 599 2165 650 nietis
2187 615 2397 669 puerum
2421 602 2699 656 involutum
2722 606 2929 673 pannis,
2953 613 2999 657 et
3029 605 3247 673 positum
3271 606 3325 658 in
3347 609 3599 676 presepio

2018 686 2168 757 (Luc.
2196 689 2272 757 ιι).
2307 689 2453 744 lianc
2484 704 2613 759 ergo
2636 692 3019 749 habitationem
3041 695 3131 750 ubi
3152 697 3204 749 in
3226 704 3483 750 internum
3505 697 3598 750 ha-

2009 778 2149 832 bitat
2171 781 2328 845 Deus,
2358 782 2713 837 indicantibus
2739 787 2951 855 angelis
2963 795 3210 858 pastores
3236 787 3414 858 adepti
3439 797 3593 843 sunt:

2016 876 2071 921 et
2103 886 2208 924 non
2238 879 2480 940 pastores
2504 873 2685 928 talium
2715 876 2952 944 qualium
2991 878 3274 950 pecudum,
3299 879 3393 934 sed
3417 879 3596 935 ovium

2011 966 2240 1026 tantum,
2295 978 2393 1016 nec
2439 964 2837 1033 dormientium,
2871 968 3354 1038 sedvigllantinm;
3403 979 3458 1026 et
3499 973 3594 1043 qui

2012 1065 2121 1104 non
2169 1051 2514 1118 dormientes,
2547 1055 2637 1109 sed
2677 1057 2958 1125 vigilantes
2989 1060 3189 1116 inventi
3215 1069 3373 1128 sunt;
3422 1076 3593 1131 neque

2008 1141 2360 1210 negligentes,
2385 1145 2478 1199 sed
2499 1147 2710 1202 solliciti
2729 1166 2742 1215 ;
2764 1164 2936 1220 neque
2957 1153 3184 1219 remissi,
3205 1154 3300 1208 sed
3322 1155 3587 1208 timentes.

2012 1231 2251 1302 Denique
2279 1235 2401 1291 inde
2427 1240 2647 1306 angelus
2667 1242 2828 1311 capit
2850 1243 3066 1312 alloqui,
3089 1244 3179 1298 ubi
3201 1246 3406 1300 timoris
3428 1259 3565 1315 agno

2009 1324 2193 1378 scebat
2223 1332 2521 1382 terrorem:
2556 1327 2752 1395 Nolite,
2811 1332 2999 1401 inquit,
3050 1334 3243 1398 timere,
3301 1335 3451 1404 quasi
3497 1348 3586 1404 qui

2008 1413 2152 1469 dicat
2186 1433 2196 1468 :
2229 1415 2364 1482 Quia
2390 1419 2638 1487 vigilatis,
2684 1428 2736 1475 et
2777 1423 2905 1476 estis
2933 1423 3144 1477 solliciti
3190 1425 3332 1478 circa
3368 1438 3584 1492 gregem

2009 1507 2451 1573 mansuetudinis,
2505 1518 2558 1568 et
2586 1512 2804 1582 pascitis
2831 1513 2885 1566 in
2912 1515 3112 1586 campis
3141 1514 3373 1583 pectoris
3400 1514 3562 1568 vestri

2006 1594 2083 1648 lbi
2114 1606 2239 1651 sunt
2267 1600 2408 1654 enim
2437 1603 2609 1674 campi
2639 1603 2803 1658 silvaa.
2837 1603 2968 1672 Quia
2996 1620 3123 1678 ergo
3147 1606 3422 1661 custoditis
3466 1621 3560 1674 gre

2006 1701 2128 1756 gem
2178 1690 2474 1758 vigilanter,
2510 1703 2904 1761 pernoctanter,
2953 1712 3018 1749 ne
3047 1712 3199 1750 ovem
3228 1706 3580 1761 mansuetam,

2005 1780 2118 1835 sive
2147 1782 2481 1851 patientiam,
2514 1785 2626 1840 sive
2654 1788 2990 1853 charitatem,
3015 1789 3126 1842 sive
3147 1789 3582 1866 hospitalitatem,

307 1879 571 1936 lucernam
593 1880 794 1936 Christo
811 1899 939 1937 meo.
958 1881 1204 1936 Inimicos
1217 1883 1327 1952 ejus
1343 1882 1554 1936 induam
1575 1883 1889 1954 confusione,

2005 1873 2120 1927 sive
2149 1876 2466 1942 castitatem,
2492 1887 2783 1934 etaeteras
2807 1881 2981 1936 socias
3006 1896 3353 1950 earum,quas
3369 1884 3584 1952 pascitis

307 1990 466 2044 super
483 1976 647 2046 ipsum
669 1983 838 2029 autem
867 1973 1108 2047 eﬂlorebit
1136 1977 1482 2046 sanctiﬁcatio
1508 1992 1641 2030 mea.

878 2124 1314 2170 COIIENTADIUI.
1365 2147 1382 2168 ν

386 2249 672 2316 Memento,
721 2248 964 2312 Domine,
999 2247 1182 2309 David,
1221 2262 1330 2300 non
1360 2256 1418 2300 ut
1439 2246 1506 2300 ab
1535 2246 1806 2303 oblivione
1833 2250 1900 2304 ad

309 2342 626 2406 memoriam
647 2340 852 2396 redeat.
878 2339 1019 2393 Deus
1046 2340 1114 2402 ab
1140 2339 1361 2393 homine
1389 2349 1783 2405 commonetur,
1807 2342 1900 2396 sed

311 2436 536 2489 ducetur
565 2437 728 2488 homo
767 2433 998 2504 qualiter
1025 2432 1286 2488 Divinitas
1312 2433 1453 2488 votis
1479 2433 1775 2490 delectetur
1803 2437 1901 2492 hu-

313 2526 506 2582 manis.
535 2523 622 2594 Ut,
653 2523 896 2594 deposita
926 2521 1155 2589 feritate,
1181 2538 1300 2593 qua;
1328 2525 1632 2590 iracundias
1656 2535 1893 2594 generat,

315 2616 605 2671 discordias
626 2615 811 2684 nutrit,
836 2615 1140 2692 superbiam
1161 2616 1346 2684 gignit,
1397 2615 1495 2671 sub
1524 2632 1658 2672 onus
1688 2617 1895 2672 Domini

315 2713 668 2760 mansuescat.
705 2703 836 2760 Leve
862 2721 992 2762 onus
1014 2711 1108 2769 est,
1145 2713 1300 2776 porta
1345 2713 1658 2773 mansueta;
1708 2707 1891 2778 jugum

312 2813 465 2849 suave
488 2794 700 2868 (Matth.
728 2797 821 2866 XI),
858 2796 1029 2859 trahe,
1055 2793 1377 2860 Christiane,
1407 2797 1529 2852 hoc.
1557 2796 1616 2853 in
1639 2806 1692 2853 te
1712 2814 1892 2854 recor-

237 2873 242 2876 ’
308 2886 519 2946 dabitur
563 2886 838 2954 Dominus,
888 2886 1029 2956 quod
1058 2886 1125 2940 ad
1155 2887 1417 2957 portanda
1447 2896 1717 2959 praecepta
1749 2889 1886 2957 ejus,

307 2985 640 3040 mansuetum
671 2994 836 3052 pecus
857 2986 1026 3040 tuum,
1062 2977 1113 3032 id
1135 2985 1238 3045 est,
1261 2995 1460 3049 corpus
1488 2988 1658 3045 tuum,
1703 2988 1758 3034 et
1786 2995 1893 3035 non

305 3072 732 3127 recalcitrantem
765 3072 988 3127 exhibes
1022 3069 1260 3130 Christo.
1295 3071 1504 3126 Memor
1543 3073 1646 3127 erit
1675 3075 1751 3127 tui
1786 3073 1893 3126 Do-

306 3162 501 3226 minus,
549 3163 594 3230 si
623 3162 1062 3218 mansuetudines
1108 3169 1213 3224 tum
1242 3161 1359 3231 ejus
1378 3164 1694 3217 memoriam
1725 3165 1893 3218 inter-

2005 1966 2172 2021 vcrbo
2201 1967 2315 2035 Dei,
2345 1971 2466 2040 quia
2517 1973 2714 2027 timetis
2759 1974 3040 2028 Dominum
3069 1974 3263 2043 gregis,
3295 1983 3349 2027 et
3375 1975 3584 2030 solliciti

2007 2057 2155 2120 estis,
2174 2075 2239 2112 ne
2259 2061 2382 2129 quid
2399 2063 2551 2116 vobis
2582 2063 2763 2119 feritas
2785 2065 3026 2136 luporum
3043 2065 3278 2129 invadat,
3289 2064 3398 2133 jam
3421 2064 3585 2119 nolite

2005 2147 2217 2213 timere,
2245 2151 2368 2217 quia
2399 2153 2518 2209 talis
2540 2165 2718 2223 pastor
2745 2165 2897 2210 natus
2925 2165 3024 2220 est,
3059 2157 3144 2229 qui
3191 2157 3414 2210 animam
3443 2172 3585 2210 suam

2006 2249 2165 2308 ponat
2176 2259 2268 2311 pro
2279 2244 2451 2296 ovibus
2468 2247 2573 2299 suis
2597 2246 2773 2317 (Joan.
2792 2247 2868 2318 ι).
2883 2248 3032 2303 Nunc
3059 2249 3447 2316 interrogamus
3471 2264 3582 2313 vos,

2007 2346 2042 2384 ο
2058 2335 2328 2401 pastores!
2346 2335 2506 2392 dicite
2524 2338 2693 2402 nobis,
2710 2339 2752 2393 si
2772 2341 3046 2395 invenistis
3057 2357 3277 2411 puerum
3289 2341 3425 2396 sicut
3438 2340 3587 2396 vobis

2007 2423 2180 2491 angeli
2212 2424 2528 2480 indicarunt.
2559 2428 2636 2483 Ad
2660 2431 2770 2484 hinc
2799 2431 2871 2484 illi
2895 2431 3277 2502 respondentes
3299 2431 3580 2488 dixerunt:

2003 2512 2344 2571 lntrolvimus
2396 2518 2448 2572 in
2503 2520 2904 2576 tabernaculum
2950 2523 3083 2591 ejus,
3142 2522 3483 2577 adoravimus
3529 2522 3582 2577 in

2001 2601 2178 2658 locum
2231 2606 2321 2660 ubi
2367 2615 2632 2663 steterunt
2688 2611 2851 2680 pedes
2878 2611 3012 2682 ejus.
3045 2612 3206 2668 Certe
3229 2613 3500 2682 iacentem
3525 2613 3580 2666 in

1999 2696 2261 2766 prmsepio
2287 2697 2453 2752 visuri
2483 2702 2810 2770 perrexistis,
2836 2703 3108 2772 quomodo
3126 2713 3359 2760 stantem
3391 2720 3489 2759 vos
3504 2706 3579 2758 vi-

1997 2785 2141 2841 disse
2173 2789 2443 2844 testamini
2470 2802 2509 2843 :‘
2531 2790 2656 2857 Nos,
2691 2793 2952 2862 inquiunt,
3005 2795 3304 2858 credentes,
3347 2803 3578 2849 stantem

1997 2881 2248 2946 vidimus,
2281 2897 2389 2935 non
2411 2881 2699 2949 jacentem,
2734 2886 3018 2939 incredulis
3046 2893 3100 2939 et
3130 2885 3302 2939 dubiis
3325 2884 3509 2952 jaeens
3527 2894 3578 2939 at

1998 2972 2192 3040 pannis
2232 2973 2502 3026 involutus
2543 2976 2862 3042 ostenditur,
2891 2976 3230 3032 credentibus
3256 2991 3351 3031 rex
3393 2976 3577 3031 diade-

1997 3070 2176 3116 matus
2195 3061 2610 3119 demonstratur.
2648 3065 2888 3138 Denique
2910 3075 3110 3122 tantam
3151 3069 3576 3124 comseatlonem

1997 3154 2158 3222 regia:
2187 3153 2300 3223 ejus
2347 3155 2619 3224 dignitatis
2657 3158 2981 3228 aspeximus,
3025 3168 3082 3214 ut
3127 3174 3232 3215 non
3261 3159 3574 3217 auderemus

305 3253 593 3334 pellatione
635 3262 818 3310 sancta
850 3253 1207 3334 pulsaverint;
1239 3253 1285 3308 si
1333 3251 1607 3323 proiecisti
1648 3253 1714 3309 de
1741 3270 1894 3309 man-
1919 3257 1968 3323 ς
1999 3245 2170 3315 ipsum
2201 3248 2445 3314 adorare,
2473 3249 2566 3303 sed
2597 3252 2818 3319 vestigia
2848 3252 2933 3306 illa
2965 3253 3325 3316 adoravimus,
3358 3254 3412 3308 in
3455 3253 3575 3321 qui-

303 3345 607 3414 suetudine,
632 3347 832 3418 proﬁce
852 3345 920 3400 de
945 3345 1251 3400 devotione.
1302 3343 1527 3410 Iuravit,
1560 3345 1750 3416 inquit,
1784 3347 1892 3401 Do-

302 3437 470 3504 mino,
503 3444 558 3493 et
575 3443 759 3500 votum
789 3437 936 3492 vovit
964 3435 1076 3500 Deo
1095 3433 1280 3491 Jacob.
1312 3435 1448 3492 Audi
1478 3438 1889 3494 sollicitudinem

304 3527 568 3591 voveatis,
624 3534 678 3581 et
724 3528 796 3581 ita
852 3526 1064 3583 demum
1122 3536 1174 3585 te
1236 3532 1550 3603 participem
1610 3534 1890 3606 psallentis

302 3619 546 3678 ostende.
571 3617 765 3677 Postea
795 3622 937 3680 enim
968 3638 1128 3693 quam
1149 3631 1335 3692 votum
1355 3626 1502 3682 vovit
1524 3626 1653 3691 Deo,
1685 3645 1793 3683 non
1816 3629 1892 3683 in-

301 3713 464 3766 travit
483 3712 883 3769 tabernaculum
912 3713 1102 3770 domus
1125 3731 1254 3784 sum,
1285 3733 1394 3772 non
1422 3717 1664 3772 ascendit
1687 3719 1889 3774 lectum

301 3808 504 3856 stratus
548 3803 651 3870 sui,
685 3819 790 3857 non
817 3803 964 3858 dedit
995 3821 1240 3876 somnum
1281 3807 1471 3873 oeulis,
1494 3822 1604 3862 non
1627 3807 1886 3864 dormita-

302 3894 506 3948 tionem
535 3893 806 3962 palpebris
829 3896 956 3960 suis,
1015 3896 1190 3951 donec
1244 3897 1512 3974 inveniret
1555 3899 1733 3954 locum
1782 3899 1888 3955 Do-

304 3985 472 4049 mino,
518 3984 920 4048 tabernaculum
945 3984 1059 4052 Deo
1087 3985 1274 4052 Iacob.
1323 3985 1640 4042 Sollicitudo
1678 3989 1887 4057 integra

305 4082 362 4130 et
408 4073 646 4144 perfecta
683 4072 867 4128 tandiu
898 4083 980 4130 est
1025 4076 1139 4132 Deo
1169 4092 1198 4130 a
1228 4077 1577 4147 promittente
1605 4080 1884 4147 servanda,

303 4165 540 4246 quapdiu
589 4166 827 4238 inveniat
865 4167 1041 4223 locum
1079 4167 1328 4230 Domino.
1380 4170 1637 4226 Dominus
1657 4179 1888 4234 :etemus

299 4263 402 4332 est,
434 4263 490 4310 et
536 4255 688 4326 locus
724 4255 839 4338 ejus
885 4259 1199 4336 temporalis
1228 4275 1335 4316 non
1383 4267 1563 4340 potest
1585 4276 1720 4316 esse.
1751 4262 1887 4329 Quid

297 4349 592 4420 quaerimus
621 4351 935 4422 temporalia
965 4351 1211 4422 ioca_,qui
1239 4360 1495 4408 :eternum
1524 4354 1884 4420 habitatorem

300 4439 658 4508 inquirimus?
703 4439 760 4495 Si
791 4457 916 4511 vero
943 4451 1203 4506 aeternum
1233 4452 1334 4501 est.
1375 4444 1519 4516 quod
1567 4447 1793 4502 sollicite
1829 4458 1884 4504 et

296 4529 581 4598 vigilanter
627 4529 943 4599 inquirimus
965 4521 967 4524 ’
988 4541 1307 4610 perpetuum
1338 4537 1738 4612 comprobatur,
1773 4554 1878 4594 non

294 4711 463 4766 rimus
492 4712 732 4786 invenire
755 4729 1079 4774 mereamur.
1111 4715 1245 4796 Quid
1278 4726 1453 4773 tamen
1483 4720 1674 4788 qumrit
1729 4719 1877 4776 Psal-

293 4804 452 4868 mista
476 4805 841 4872 sanctissimus
856 4807 1146 4866 videamus.
1171 4807 1392 4872 Locum,
1428 4811 1616 4878 inquit,
1642 4811 1730 4866 ubi
1779 4813 1874 4868 ha-

294 4894 430 4952 bitet
451 4895 590 4950 Deus
617 4895 799 4958 Jacob.
824 4896 891 4951 Et
917 4897 1114 4969 adjecit
1139 4919 1149 4952 :
1175 4898 1325 4968 Hanc
1345 4902 1751 4970 habitationem,
1777 4905 1871 4971 ait,

294 4987 593 5050 audivimus
620 4989 670 5043 in
703 4988 955 5062 Ephrata.
984 4992 1284 5066 Ephrateus
1329 4993 1564 5048 llelcana
1595 4997 1686 5064 qui
1715 5007 1875 5066 caput

293 5079 554 5146 regalium
579 5081 909 5138 voluminum
932 5091 1098 5148 tenet,
1115 5091 1270 5158 pater
1295 5093 1377 5137 est
1401 5082 1682 5148 Samuelis,
1700 5085 1751 5137 in
1766 5100 1873 5154 quo

291 5170 593 5228 audivimus
642 5187 827 5226 vocem
874 5172 1081 5227 Domini
1111 5173 1383 5230 dicentis:
1431 5173 1702 5228 Suscitabo
1749 5176 1871 5229 mihi

289 5272 613 5320 sacerdotem
641 5265 866 5335 ﬁdelem,
891 5267 978 5338 qui
998 5267 1158 5344 juxta
1182 5283 1270 5320 cor
1296 5284 1464 5321 meum
1484 5269 1660 5322 omnia
1687 5269 1870 5340 faciat,

289 5365 345 5408 et
371 5357 468 5426 ipsi
494 5354 760 5426 aediﬁcabo
795 5358 1019 5424 domum,
1063 5368 1112 5413 et
1141 5357 1424 5415 ambulabit
1468 5377 1643 5415 coram
1673 5361 1873 5415 Christo

289 5449 348 5500 ia
378 5456 626 5514 (eternum
656 5448 699 5520 (ι
731 5448 856 5520 Reg.
890 5451 971 5519 ιι).
1000 5451 1148 5516 Hanc
1185 5467 1314 5524 ergo
1343 5469 1530 5508 vocem
1559 5470 1718 5526 quam
1747 5463 1873 5508 tunc

291 5538 348 5590 in
404 5535 671 5608 Ephrateo
720 5537 1034 5606 audivimus,
1087 5557 1234 5608 nunc
1281 5543 1579 5597 invenimus
1625 5544 1678 5596 in
1730 5545 1874 5614 cepis

290 5628 458 5696 silvm,
511 5629 598 5696 ubi
649 5637 899 5699 pastores
927 5632 1103 5684 ovium
1134 5633 1308 5702 angeli
1342 5633 1561 5692 allocuti
1611 5642 1752 5698 sunt,
1789 5635 1871 5688 di-

289 5730 477 5778 centes
502 5739 513 5774 :
549 5719 864 5775 Nuntiamus
891 5721 1028 5788 vobis
1047 5723 1288 5800 gaudium
1309 5741 1572 5793 magnum,
1614 5725 1750 5798 quod
1776 5728 1874 5780 erit

287 5811 432 5871 omni
450 5811 662 5886 papula,
685 5813 806 5883 quia
833 5821 984 5867 natus
1012 5822 1087 5866 est
1134 5809 1272 5866 vobis
1301 5813 1452 5868 hodie
1483 5811 1749 5878 Dominus,
1781 5818 1864 5891 qui

1997 3335 2098 3394 bus
2123 3345 2386 3394 steterunt
2411 3339 2575 3410 pedes
2596 3341 2731 3408 ejus.
2750 3340 2888 3408 Quid
2908 3356 3036 3410 ergo
3057 3351 3253 3397 terram
3273 3341 3573 3398 adorastist

1993 3425 2236 3496 Terram,
2269 3433 2532 3500 inquiunt,
2561 3442 2800 3487 sanctam
2838 3433 3083 3501 corporis
3110 3431 3236 3486 Jesu
3269 3432 3490 3498 Christi,
3519 3433 3573 3492 ia

1993 3535 2099 3590 qua
2128 3529 2270 3575 terra
2312 3522 2467 3575 nobis
2504 3531 2629 3575 sunt
2671 3531 2887 3575 ostensa
2915 3523 3136 3591 vestigia
3167 3523 3278 3588 Dei,
3309 3523 3434 3577 dum
3464 3524 3571 3578 vir-

1992 3613 2153 3680 gineo
2201 3611 2311 3666 fetu
2359 3612 2555 3667 editum
2603 3613 2906 3667 videremus
2951 3611 3225 3678 infantem,
3269 3616 3353 3670 cui
3399 3616 3570 3684 angeli

1992 3705 2188 3760 choros
2218 3705 2502 3772 ducebant,
2525 3706 2663 3775 coelo
2695 3714 2952 3778 terraeque
2981 3722 3077 3777 per
3102 3722 3224 3762 eum
3252 3720 3437 3778 pacem
3458 3707 3570 3764 fore

1991 3805 2289 3852 cantantes.
2325 3796 2458 3852 Huic
2485 3798 2710 3852 dicimus
2732 3798 2967 3866 quotidie
2994 3816 3006 3850 :
3033 3797 3290 3865 Etsurge,
3323 3797 3569 3865 Domina.

1987 3889 2046 3944 in
2074 3891 2314 3956 requiem
2343 3897 2508 3942 tuam.
2543 3888 2774 3956 Requies
2795 3889 2889 3941 Dei
2913 3889 2962 3940 in
2987 3886 3111 3940 Jesu
3133 3888 3350 3942 evidens
3375 3896 3431 3943 et
3448 3903 3568 3958 spe-

1993 3981 2142 4035 cialis
2161 3989 2262 4043 est,
2289 3980 2340 4032 in
2369 3993 2477 4048 quo
2502 3986 2584 4032 est
2606 3994 2747 4043 arca,
2775 3979 2826 4032 id
2857 3986 2959 4043 est,
2992 3992 3244 4031 arcanum
3273 3978 3568 4036 sanctiﬁca-

1991 4073 2153 4126 tionis
2181 4073 2314 4141 ejus,
2347 4086 2445 4140 per
2463 4086 2623 4140 quem
2654 4071 2883 4140 apostoli
2914 4078 3038 4126 sunt
3065 4070 3236 4124 induti
3260 4070 3485 4139 justitla,
3514 4081 3568 4128 et

1991 4165 2159 4220 sancti
2208 4179 2394 4219 omnes
2440 4164 2706 4219 exsultant
2757 4171 2979 4235 pr0pter
3008 4163 3171 4217 David
3193 4178 3409 4218 servum
3451 4164 3566 4230 Dei,

1989 4257 2112 4326 quia
2141 4255 2207 4311 de
2237 4255 2407 4311 fructu
2435 4257 2634 4311 ventris
2678 4257 2794 4326 ejus
2819 4257 2997 4326 posuit
3027 4255 3168 4310 Deus
3195 4270 3358 4326 super
3382 4257 3565 4311 sedem

1986 4365 2156 4415 suam,
2208 4363 2305 4420 per
2349 4363 2508 4416 quem
2555 4348 2861 4402 custodiunt
2905 4345 3000 4401 lilii
3026 4347 3144 4415 eius
3179 4354 3563 4402 testamentum

1981 4440 2100 4507 Dei,
2134 4441 2184 4495 id
2212 4449 2312 4505 est,
2345 4441 2573 4511 apostoli
2603 4457 2669 4495 ex
2699 4439 2899 4495 femore
2948 4437 3096 4494 ιυύώ
3121 4439 3412 4495 secundum
3435 4456 3552 4496 ear-

1985 4548 2106 4588 nem
2143 4533 2439 4597 venientes,
2471 4531 2560 4600 qui
2603 4546 2707 4585 non
2754 4531 2925 4585 solum
2973 4530 3342 4587 custodierunt
3393 4540 3560 4585 testa-

181 4607 196 4613 ’
294 4622 570 4684 cessamus
590 4622 954 4692 strenuissime
979 4607 1237 4706 quaerere,
1263 4607 1540 4697 quousque
1566 4629 1709 4699 quod
1737 4647 1882 4702 quae-
1903 4622 1960 4683 Β
1985 4635 2224 4682 mentum
2247 4626 2457 4681 Domini
2481 4627 2647 4679 nostri
2669 4625 2794 4680 Jesu
2822 4623 3042 4688 Christi,
3064 4623 3158 4679 sed
3178 4633 3232 4678 et
3253 4623 3557 4678 testimonia

1978 4719 2095 4788 ejus
2123 4733 2241 4790 qum
2268 4719 2450 4774 docuit
2477 4734 2590 4773 eos.
2623 4718 2770 4773 Nunc
2811 4717 2903 4771 lilii
2950 4731 3136 4770 eorum
3184 4729 3352 4782 usque
3400 4714 3564 4772 hodie

1977 4810 2167 4865 sedent
2185 4825 2348 4879 super
2374 4809 2556 4863 sedem
2578 4823 2784 4870 eorum,
2817 4806 3074 4860 habentes
3105 4813 3161 4858 et
3181 4803 3284 4873 ipsi
3316 4803 3556 4859 solvendi

1975 4901 2281 4971 ligandique
2328 4908 2673 4970 potestatem.
2735 4899 2849 4952 Hoc
2895 4903 3074 4950 autem
3120 4897 3200 4951 eis
3240 4911 3555 4953 concessum

1977 5003 2078 5060 est,
2110 4994 2233 5062 quia
2255 4992 2521 5046 recusavit
2551 4991 2806 5044 Dominus
2834 4987 3169 5060 Synagogam
3212 4988 3478 5055 falsitatis,
3502 4996 3557 5043 et

1977 5086 2138 5154 elegit
2187 5085 2315 5139 Sion
2364 5092 2624 5146 sanctam,
2676 5083 2876 5137 scilicet
2906 5081 3027 5137 ﬁdei
3055 5081 3554 5145 redanclesiam,

1976 5190 2134 5246 quam
2156 5174 2427 5245 praeelegit
2447 5174 2696 5244 pmscius
2717 5175 2769 5228 in
2797 5175 3182 5229 habitationem
3203 5172 3304 5226 sibi
3326 5190 3339 5236 ;
3372 5173 3424 5224 in
3445 5185 3552 5237 qua

1977 5277 2058 5322 est
2106 5268 2316 5337 requies
2340 5267 2435 5322 Dei
2463 5269 2515 5320 in
2545 5269 2792 5322 smculum
2847 5269 3059 5332 szeculi;
3107 5269 3163 5320 in
3191 5277 3294 5332 qua
3325 5261 3550 5323 habitat.

1977 5362 2228 5432 quoniam
2259 5361 2529 5432 prieelegit
2557 5377 2707 5426 eam;
2739 5362 2790 5414 in
2821 5377 2926 5430 qua
2949 5359 3119 5413 viduae
3168 5350 3552 5406 benedicentur

1976 5452 2028 5506 in
2059 5452 2336 5520 castitate;
2366 5453 2420 5506 in
2447 5467 2551 5520 qua
2574 5466 2837 5520 pauperes
2875 5449 3137 5502 satiantur
3175 5440 3410 5510 panibus
3445 5441 3552 5510 pia.

1977 5543 2128 5607 tatis;
2162 5541 2213 5596 in
2239 5557 2343 5611 qua
2372 5523 2680 5596 sacerdotes
2724 5538 3015 5591 induuntur
3051 5530 3286 5599 justitia;
3339 5529 3400 5584 in
3423 5537 3550 5601 qua

1974 5635 2144 5690 sancti
2174 5633 2531 5690 exsultatione
2555 5630 2853 5688 exsultant;
2879 5627 2930 5677 in
2969 5637 3073 5689 qua
3123 5620 3442 5692 productam
3463 5631 3549 5681 ast

1975 5741 2159 5780 cornu.
2193 5724 2317 5778 Ideo
2342 5724 2410 5775 sit
2434 5733 2654 5786 regnum
2703 5714 2888 5769 David.
2913 5713 3036 5782 ipsa
3055 5721 3138 5768 est
3159 5712 3381 5770 lucerna
3407 5727 3547 5783 qua,

1975 5831 2136 5884 super
2156 5812 2476 5868 candelabro
2497 5809 2690 5878 posita,
2722 5808 2861 5861 lucet
2887 5805 3137 5862 omnibus
3177 5807 3273 5877 qui
3301 5807 3357 5862 in
3383 5806 3546 5862 dona
