4088 6346
1865 256 1940 268 ...ι-

1083 305 1125 320 ,4

536 358 640 415 5ὕὸ

1778 348 2047 408 ARNOBII
2084 346 2388 405 JUNIOIIIS

535 482 679 539 sunt,
703 472 756 527 id
776 480 879 537 est,
904 470 996 541 qui
1020 468 1075 523 in
1097 466 1202 523 llde
1228 474 1353 522 sunt
1379 464 1505 521 lesu
1532 463 1729 521 Christi
1763 482 1775 519 :
1806 474 1867 521 ut
1892 481 1924 521 e
1974 480 2104 521 con-
2130 468 2187 530 Δ
2208 463 2457 521 extende.
2496 462 2575 521 Ibi
2638 465 2783 522 enim
2832 465 3106 523 mandavit
3149 465 3407 524 Dominus
3458 466 3797 525 benedictio-

534 566 701 621 trario
746 564 919 619 omnis
962 560 1188 617 assertio
1226 566 1421 631 praeter
1448 559 1586 614 hanc
1638 558 1780 613 lucet
1806 558 2024 629 quidem
2050 559 2106 615 in

533 657 731 720 verbis,
762 663 819 711 et
836 653 998 710 habet
1014 652 1270 709 materias
1289 650 1691 708 acclamationis
1709 657 1764 705 et
1789 649 2106 705 admiratio-

529 750 616 806 nis
636 747 914 813 humana;
941 745 1057 810 sed,
1087 744 1188 801 sub
1205 743 1387 800 modio
1414 743 1610 815 posita,
1635 758 1741 798 non
1768 742 1910 798 lucet
1929 741 1994 798 iis
2012 742 2107 812 qui

527 843 585 899 in
613 840 776 896 domo
802 845 947 903 sunt,
1001 836 1096 893 sed
1122 852 1260 908 quos
1307 836 1573 891 invenerit
1613 835 1801 891 subtus
1843 832 2103 890 modium.

530 931 732 989 Subtus
757 928 995 987 modium
1021 928 1167 984 enim
1203 928 1423 998 degunt,
1451 928 1543 998 qui
1588 942 1891 983 mensuram
1944 932 2109 981 recta

532 1023 659 1081 ﬁdei
692 1030 916 1078 utuntur
968 1022 1255 1088 inversam,
1284 1021 1377 1091 qui
1427 1028 1552 1076 sunt
1599 1019 1799 1075 inimici
1852 1019 2103 1084 lucernae,

526 1129 689 1185 quam
716 1113 950 1186 Spiritus
980 1119 1197 1168 sanctus
1234 1127 1335 1182 per
1360 1110 1632 1181 apostolos
1658 1111 1869 1181 paravit
1893 1106 2107 1166 Christo

526 1220 628 1262 suo
674 1206 902 1262 Domino
947 1212 1153 1262 nostro.
1196 1202 1445 1260 Inimicos
1482 1217 1610 1273 ergo
1639 1201 1755 1272 ejus
1783 1203 1954 1259 induit
1976 1219 2108 1259 con-

525 1296 739 1353 fusione
757 1296 1134 1362 anathematis,
1158 1302 1215 1351 et
1239 1310 1400 1367 super
1422 1294 1692 1350 Christum
1712 1293 1887 1350 lloriet
1904 1295 2105 1353 sancti-

528 1388 709 1449 ﬁcatio
736 1388 872 1459 ejus,
894 1404 994 1460 per
1019 1387 1198 1445 omnia
1226 1388 1415 1445 saecula
1443 1388 1777 1444 saculorum.
1804 1386 1992 1445 Amen.

1008 1519 1320 1577 PSALMUS
1355 1520 1609 1577 CXXXII.

1015 1632 1295 1688 Canticum
1322 1632 1601 1703 graduum.

598 1748 734 1804 Ecce
749 1765 902 1822 quam
921 1749 1107 1803 bonum
1126 1756 1177 1802 et
1194 1763 1346 1819 quam
1357 1747 1645 1819 jucundum
1664 1748 1898 1803 habitare
1916 1751 2104 1821 fratres

2210 570 2355 622 nem,
2385 563 2443 612 et
2472 562 2731 613 aeternam
2758 558 2926 613 vitam
2952 570 3122 629 usque
3148 558 3204 615 in
3232 558 3425 616 secula
3453 559 3793 619 saeculonuu.

2210 646 2403 704 Amen.

2670 716 2985 775 PSALMUS
3018 717 3299 776 CXXXIII.

2697 810 2974 868 Canticum
3012 814 3291 881 graduum.

2281 923 2419 981 Ecce
2443 941 2580 981 nunc
2604 924 2884 981 benedicite
2911 923 3156 991 Domino,
3180 942 3360 981 omnes
3377 926 3514 981 serui
3558 925 3793 983 Domini.

2212 1012 2317 1083 Qui
2334 1017 2486 1073 statis
2503 1017 2560 1072 in
2587 1016 2741 1073 domo
2761 1015 2993 1082 Domini,
3016 1017 3075 1070 in
3101 1016 3253 1070 atriis
3273 1016 3457 1071 domus
3476 1013 3585 1070 Dei
3605 1018 3792 1071 nostri.

2210 1106 2280 1163 In
2300 1106 2533 1164 noctibus
2555 1107 2787 1164 extollite
2804 1123 2990 1163 manus
3017 1115 3216 1163 uestras
3242 1108 3296 1162 in
3317 1115 3519 1175 sancta,
3567 1116 3617 1163 et
3643 1107 3796 1163 bene-

2211 1201 2366 1256 dicite
2390 1199 2634 1257 Domino.
2660 1199 2938 1257 Benedicat
2956 1198 3212 1256 Dominus
3232 1208 3281 1256 te
3297 1216 3362 1256 ea:
3391 1200 3545 1269 Sion,
3566 1202 3651 1273 qui
3674 1202 3795 1273 fecit

2211 1294 2392 1351 calum
2417 1300 2468 1349 et
2495 1301 2706 1350 terram.

2772 1379 3206 1422 οοιιιικτηιυι.

2281 1479 2532 1549 Ρθυοηίῑ
2556 1480 2751 1550 gradus
2777 1480 2845 1536 ad
2870 1480 3207 1547 charitatem,
3231 1486 3286 1535 et
3298 1478 3391 1535 ubi
3409 1478 3657 1550 superius
3687 1479 3793 1537 iret

2209 1588 2320 1630 non
2347 1572 2571 1629 invenit.
2602 1571 2735 1627 Nam
2754 1571 3013 1643 quidquid
3033 1572 3142 1642 egit
3161 1579 3385 1642 quartus
3412 1570 3650 1628 decimus
3667 1583 3792 1640 gra«

2209 1666 2329 1733 dus,
2372 1666 2428 1721 in
2473 1666 2663 1736 quinto
2711 1664 2922 1722 decimo
2969 1662 3183 1736 prolicit
3233 1662 3660 1721 ascendentibus.
3711 1662 3793 1721 Ad

2208 1758 2526 1815 charitatem
2553 1758 2699 1814 enim
2725 1773 2758 1813 a
2789 1756 3054 1814 discordia
3082 1755 3390 1812 fraternitas
3410 1753 3581 1810 divisa
3607 1769 3794 1810 rever-

525 1843 583 1898 in
606 1837 961 1895 unum.’Sicut
980 1846 1293 1911 unguentum
1318 1840 1374 1893 in
1402 1839 1587 1909 capite,
1611 1839 1745 1911 quod
1767 1840 2027 1896 descendit
2044 1844 2099 1898 in
2129 1850 2180 1914 Β
2207 1850 2353 1917 titur,
2384 1858 2441 1906 et
2479 1848 2613 1904 ﬁunt
2637 1864 2824 1905 omnes
2867 1848 2995 1905 boni
3018 1847 3111 1918 qui
3157 1846 3373 1903 fuerant
3410 1861 3601 1903 omnes
3633 1845 3789 1901 mali.

525 1933 737 1993 barbam
758 1974 774 1999 ,
824 1930 1035 1987 barbam
1078 1931 1288 1997 Aaron;
1337 1932 1473 2003 quod
1532 1930 1791 1986 descendit
1841 1933 1897 1986 in
1959 1950 2107 1988 oram

522 2027 808 2087 uestimenti
853 2027 984 2097 ejus.
1028 2024 1177 2081 Sicut
1224 2042 1309 2081 ros
1350 2024 1583 2079 Hermon
1628 2027 1713 2097 qui
1754 2025 2011 2080 descendit
2047 2028 2104 2082 in

524 2123 749 2178 montem
772 2116 921 2174 Sion.
949 2117 1204 2183 Quoniam
1232 2119 1339 2174 illic
1363 2117 1627 2173 mandavit
1656 2116 1909 2173 Dominus
1952 2118 2103 2174 bene-

523 2209 817 2278 dictionem,
840 2219 889 2264 et
909 2212 1065 2266 vitam
1093 2226 1250 2283 usque
1277 2211 1333 2266 in
1360 2211 1623 2267 sarculum.

1084 2313 1517 2356 COIIENTABIUI.

592 2402 653 2458 In
679 2403 853 2473 primo
872 2402 1082 2458 cantico
1102 2401 1360 2470 graduum
1388 2402 1549 2471 positi
1570 2401 1623 2456 in
1652 2401 1963 2472 captivitate
1988 2402 2103 2458 cla-

523 2508 733 2549 mamus
771 2492 1089 2548 tribulantes
1135 2493 1205 2547 ad
1232 2492 1419 2557 Deum,
1449 2500 1505 2547 et
1536 2491 1755 2547 exaudit
1776 2507 1894 2548 nos.
1922 2492 1982 2547 In
2009 2508 2100 2549 se-

521 2582 698 2640 cundo
717 2581 887 2651 gradu
914 2580 983 2636 ad
1009 2589 1221 2637 montes
1248 2581 1433 2638 oculos
1452 2582 1761 2647 levavimus,
1785 2582 1928 2639 unde
1954 2584 2103 2639 venit

520 2672 778 2729 auxilium
830 2670 1060 2737 Domini,
1091 2688 1199 2743 quo
1240 2670 1571 2727 custodimur
1624 2672 1692 2727 ab
1739 2673 1888 2729 omni
1934 2674 2095 2731 malo.

519 2761 703 2819 Tertio
730 2761 897 2832 gradu
917 2744 1265 2817 ascendentes
1281 2762 1525 2819 venimus
1542 2762 1611 2818 ad
1629 2762 1846 2818 domum
1866 2764 2096 2819 Domini.

519 2854 782 2919 Quartum
827 2850 1050 2922 gradum
1100 2853 1354 2922 aggressi,
1403 2853 1589 2909 oculos
1632 2867 1769 2923 quos
1796 2852 1863 2908 ad
1889 2862 2100 2911 montes

516 2943 903 3012 levaveramus,
929 2954 1057 3001 tunc
1085 2946 1379 3001 levavimus
1409 2946 1478 3002 ad
1506 2947 1693 3003 cmlos.
1724 2946 1784 3003 In
1802 2948 1991 3018 quinto
2012 2949 2097 3004 in—

519 3036 763 3092 venimus
812 3037 1215 3107 persecutiones
1269 3037 1574 3102 hominum,
1624 3048 1680 3093 et
1732 3037 2099 3094 defensionem

518 3128 635 3185 Dei.
668 3129 727 3184 In
778 3138 932 3185 sexto
980 3130 1262 3185 haereticos
1286 3128 1616 3184 declinantes
1656 3130 1711 3183 in
1751 3129 2094 3199 obligatione,

2210 1942 2370 1999 Modo
2396 1941 2557 1997 dicite
2591 1940 2741 2007 mihi,
2765 1938 2894 2011 quid
2922 1938 3250 1997 convenistis
3289 1952 3477 1993 omnes
3519 1936 3575 1992 in
3623 1950 3793 1993 unum

2207 2052 2326 2103 vos,
2364 2035 2457 2108 qui
2485 2033 2679 2090 fratres
2716 2032 3093 2099 nominamini,
3120 2039 3215 2087 aut
3240 2029 3383 2087 unde
3418 2030 3549 2086 estis
3576 2044 3791 2096 omnes,

2205 2127 2421 2195 fratres,
2461 2124 2747 2184 ostendite.
2783 2125 2861 2181 De
2896 2140 3026 2192 uno,
3065 2124 3259 2195 inquit,
3282 2121 3443 2178 Patre
3465 2121 3704 2187 Christo,
3738 2131 3791 2178 et

2205 2221 2275 2277 de
2321 2235 2426 2277 una
2470 2227 2645 2277 matre
2689 2217 2951 2275 Ecclesia.
2996 2216 3124 2274 Ideo
3166 2231 3295 2287 ergo
3339 2215 3689 2273 convenimus
3735 2218 3791 2274 in

2204 2318 2391 2380 unum,
2421 2312 2547 2383 quia
2572 2326 2674 2367 nos
2700 2325 2886 2367 servos
2911 2309 3227 2379 agnovimus
3250 2308 3484 2365 Domini.
3506 2307 3670 2362 Datur
3685 2323 3788 2362 no-

2203 2405 2287 2461 bis
2314 2418 2652 2475 responsum,
2679 2409 2735 2457 et
2761 2400 2955 2457 dicitur
2981 2418 2996 2453 :
3027 2398 3182 2456 Nunc
3212 2412 3342 2468 ergo
3367 2398 3495 2468 quia
3529 2397 3577 2451 in
3617 2412 3781 2454 unum

2204 2497 2531 2555 convenistis
2558 2511 2764 2561 omnes,
2789 2494 3093 2550 benedicite
3119 2492 3425 2558 Dominum,
3455 2506 3659 2557 omnes,
3699 2493 3787 2546 in-

2202 2589 2339 2660 quit,
2368 2587 2510 2644 servi
2532 2585 2762 2641 Domini.
2794 2582 2863 2640 Et
2888 2582 3011 2655 quia
3040 2589 3221 2655 potest
3244 2582 3368 2648 dici,
3397 2597 3587 2638 omnes
3609 2582 3790 2638 homi-

2201 2694 2301 2737 nes
2333 2678 2475 2735 servi
2501 2677 2714 2733 Domini
2740 2682 2883 2742 sunt,
2922 2673 3201 2745 respondit
3237 2692 3250 2727 :
3282 2672 3398 2743 Ego
3438 2675 3591 2730 vobis
3618 2675 3792 2731 servis

2201 2769 2344 2836 dico,
2373 2768 2466 2839 qui
2489 2767 2643 2823 statis
2663 2767 2717 2822 in
2745 2765 2907 2822 domo
2926 2763 3162 2829 Domini,
3185 2764 3277 2836 qui
3304 2765 3576 2821 meruistis
3604 2764 3789 2835 ingre-

2201 2862 2256 2919 di
2275 2862 2514 2927 domum,
2544 2860 2599 2915 in
2625 2874 2732 2930 qua
2759 2857 3048 2928 requies¢it
3075 2856 3217 2912 Deus
3255 2871 3378 2912 cum
3418 2856 3607 2912 amicis
3650 2858 3785 2923 suis,

2200 2962 2257 3011 et
2282 2951 2530 3025 epulatur
2564 2965 2687 3007 cum
2726 2948 2983 3021 apoétolis
3010 2948 3136 3004 suis.
3186 2944 3299 3003 Soli
3327 2959 3457 3015 ergo
3492 2947 3531 3002 ii
3558 2947 3784 3004 benedi-

2201 3054 2327 3103 cent
2350 3044 2654 3109 Dominum,
2705 3042 2797 3112 qui
2836 3041 2981 3097 intus
3026 3040 3080 3095 in
3121 3036 3283 3095 domo
3326 3046 3452 3093 sunt
3476 3039 3502 3093 Υ
3528 3038 3666 3103 Νοη,
3697 3039 3785 3093 ἰη-

2200 3137 2336 3207 quit,
2362 3134 2464 3192 soli
2483 3133 2608 3206 ipsi,
2634 3132 2730 3190 sed
2747 3138 2804 3188 et
2830 3131 2865 3187 ii
2886 3130 2978 3201 qui
3004 3128 3180 3185 adhuc
3198 3128 3254 3184 in
3282 3128 3434 3184 atriis
3453 3127 3645 3185 domus
3663 3145 3786 3185 con-

518 3221 762 3294 prtecipit
790 3221 1050 3278 Dominus
1077 3219 1235 3276 tradi.
1268 3219 1326 3275 In
1353 3220 1581 3292 septimo
1605 3221 1793 3290 gradu,
1850 3221 1972 3277 facti
2010 3237 2100 3277 su-
2123 3231 2175 3298 ο
2202 3229 2414 3285 sistunt.
2446 3225 2515 3281 Et
2541 3240 2657 3292 vos,
2687 3239 2722 3281 ο
2750 3221 3139 3287 catechumeni,
3165 3229 3221 3277 et
3247 3236 3363 3287 vos,
3395 3221 3588 3292 inquit,
3619 3222 3708 3291 qui
3729 3222 3784 3279 in

514 3328 637 3369 mus
661 3312 922 3379 laetantes,
944 3313 1036 3383 qui
1055 3312 1325 3369 fueramus
1352 3320 1478 3367 ante
1502 3311 1794 3384 plorantes.
1825 3311 1884 3367 In
1905 3320 2097 3370 octavo

515 3402 704 3473 gradu,
751 3402 1108 3460 aediﬁcantem
1144 3403 1363 3459 domum
1390 3410 1653 3467 sanctam,
1701 3419 1806 3457 non
1831 3402 2098 3458 habentem

516 3492 775 3548 maculam
818 3509 977 3566 neque
1015 3509 1201 3565 rugam
1231 3492 1447 3566 (Ephes.
1488 3493 1578 3564 v),
1610 3492 1909 3548 invenimus
1943 3492 2099 3550 Chri-

516 3591 679 3638 stum.
709 3583 768 3638 ιη
816 3598 961 3640 nono
987 3584 1156 3653 gradu
1185 3584 1411 3640 vidimus
1432 3585 1681 3640 timentes
1706 3584 2009 3652 Dominum,
2040 3593 2098 3642 et

517 3672 853 3731 ambulantes
881 3675 936 3729 in
962 3675 1063 3731 viis
1087 3675 1222 3743 ejus.
1246 3674 1303 3729 In
1330 3675 1539 3730 decimo
1557 3676 1726 3744 gradu
1746 3677 1891 3747 passi
1912 3693 2096 3733 sumus

518 3781 744 3841 pugnas,
776 3775 833 3825 et
850 3767 906 3823 in
924 3765 1193 3837 adjutorio
1219 3765 1318 3822 Dei
1342 3766 1617 3822 victoriam
1636 3768 1896 3838 cepimus.
1918 3768 1976 3823 In
2004 3786 2099 3825 un-

515 3858 725 3917 decimo
752 3856 920 3930 gradu
948 3865 1151 3914 tantam
1180 3858 1601 3916 misericordiam
1651 3857 1751 3915 Dei
1777 3860 2094 3928 invenimus,

517 3961 578 4009 ut
620 3968 719 4026 per
745 3953 916 4025 ipsam
940 3952 1323 4009 redimeremur
1348 3950 1417 4007 ab
1445 3951 1689 4008 omnibus
1731 3952 2099 4023 iniquitatibus

514 4046 732 4102 nostris.
763 4044 823 4102 In
849 4043 1167 4102 duodecimo
1187 4043 1357 4114 gradu
1401 4043 1699 4101 invenimus
1725 4052 2096 4117 contemptum

514 4135 719 4202 mundi,
767 4137 823 4191 in
848 4148 958 4207 quo
1008 4151 1118 4192 non
1162 4136 1429 4191 exaltatur
1449 4152 1545 4192 cor
1563 4146 1823 4193 nostrum.
1856 4137 1915 4191 In
1935 4138 2097 4196 tertio

516 4228 728 4283 decimo
754 4228 921 4297 gradu
948 4225 1094 4281 illum
1140 4242 1301 4296 quem
1355 4228 1409 4283 in
1456 4226 1691 4298 Ephrata
1734 4229 2092 4297 audieramus,

518 4320 819 4377 invenimus
846 4320 899 4375 in
933 4319 1137 4389 campis
1160 4318 1325 4374 silvae.
1357 4319 1434 4374 Ibi
1463 4321 1763 4377 invenimus
1786 4321 1979 4377 Filium
2000 4322 2097 4377 Dei

520 4427 644 4468 cum
670 4412 868 4467 sanctis
894 4411 1004 4482 suis
1049 4410 1408 4466 exsultatione
1431 4411 1804 4467 exsultantem.
1834 4412 1911 4467 lbi
1940 4428 2096 4483 para-

521 4512 632 4557 tam
658 4503 927 4558 lucernam
944 4502 1159 4574 plenam
1179 4502 1301 4558 oleo
1330 4502 1543 4569 lzetitize,
1577 4504 1876 4561 vincentem
1897 4505 2093 4562 obscu-

2199 3319 2352 3376 atriis
2374 3317 2565 3374 domus
2584 3316 2681 3373 Dei
2706 3315 2876 3373 nostri
2895 3315 3070 3380 statis,
3091 3322 3147 3370 et
3174 3313 3316 3369 intus
3335 3313 3540 3383 ingredi
3569 3329 3677 3369 non
3695 3329 3784 3369 am

2197 3411 2355 3478 detis,
2386 3418 2441 3466 et
2466 3425 2563 3466 vos
2602 3407 2761 3464 iimul
2788 3406 3030 3463 extollite
3071 3422 3262 3461 manus
3298 3416 3508 3462 vestras
3535 3406 3679 3462 intus
3716 3408 3773 3463 in

2198 3512 2382 3562 sancta
2405 3511 2733 3567 sanctorum,
2765 3509 2822 3558 et
2851 3500 3010 3557 simul
3050 3498 3352 3555 benedicite
3387 3497 3693 3565 Dominum,
3725 3500 3781 3556 in

2201 3596 2397 3654 vexillo
2444 3597 2617 3653 crucis
2656 3595 2895 3653 levantes
2943 3600 3156 3649 sanctas
3203 3608 3405 3655 manus,
3444 3593 3561 3646 sine
3601 3593 3683 3645 ira
3722 3601 3780 3650 et

2197 3689 2583 3760 disceptatione
2608 3687 2660 3743 in
2682 3694 2841 3744 nocte
2867 3685 3024 3756 hujus
3053 3684 3248 3750 saeculi,
3269 3692 3509 3753 tanquam
3537 3682 3768 3737 lumina.

2198 3781 2279 3835 ria
2319 3780 2579 3847 lucentes,
2628 3787 2685 3834 ut
2730 3792 2828 3849 per
2870 3780 2969 3833 vos
3014 3775 3353 3832 benedicatur
3394 3770 3645 3828 Dominus
3690 3787 3769 3831 ex

2198 3869 2350 3935 Sion,
2375 3870 2468 3940 qui
2493 3867 2619 3925 fecit
2638 3868 2833 3925 ctelum
2862 3874 2919 3923 et
2942 3875 3164 3932 terram,
3192 3866 3285 3936 qui
3311 3872 3492 3935 regnat
3515 3862 3573 3918 in
3592 3876 3777 3919 saecu-

2198 3960 2247 4016 la
2276 3961 2610 4017 saeculorum.
2643 3960 2833 4015 Amen.

2657 4048 2970 4107 PSALMUS
3006 4045 3287 4104 CXXXIV.

2236 4201 2249 4205 -
2865 4139 3112 4195 Alleluia.

2270 4232 2504 4289 Laudate
2528 4248 2714 4288 nomen
2742 4230 2976 4298 Domini,
3007 4230 3235 4296 laudate,
3276 4230 3427 4294 arvi,
3475 4225 3792 4281 Dominum.

2200 4322 2300 4390 Qui
2325 4325 2475 4379 statis
2495 4325 2551 4377 in
2579 4322 2729 4377 domo
2749 4320 2982 4385 Domini,
3012 4322 3067 4375 in
3094 4321 3243 4374 atriis
3264 4320 3444 4373 donuts
3466 4313 3566 4371 Dei
3593 4318 3795 4374 nostri.

2196 4414 2434 4470 Laudate
2472 4412 2752 4468 Dominum
2790 4413 2911 4483 quia
2939 4410 3099 4466 bonus
3126 4408 3405 4473 Dominus,
3452 4405 3665 4479 psallite
3692 4423 3798 4461 ηο-

2196 4509 2323 4563 mini
2350 4506 2459 4577 ejus
2486 4508 2727 4579 quoniam
2766 4520 2938 4558 suave.
2989 4500 3245 4567 Quoniam
3278 4485 3447 4556 Iacob
3489 4500 3643 4571 elegit
3687 4498 3794 4553 sibi

516 4595 732 4650 ritatem
758 4593 959 4661 mundi,
989 4601 1049 4649 ut
1095 4594 1188 4663 qui
1227 4602 1381 4648 erant
1399 4594 1633 4649 tenebris
1654 4596 1963 4664 urgentibus
1983 4596 2093 4652 dis-
2118 4602 2171 4665 ι)
2198 4598 2467 4663 Dominus,
2510 4595 2679 4651 Israel
2725 4596 2779 4649 in
2820 4594 3192 4665 possessionem
3226 4592 3345 4647 sibi.
3390 4588 3530 4655 Quia
3565 4606 3669 4661 ego
3701 4607 3802 4645 co-

514 4687 700 4757 juncti,
750 4694 805 4741 et
832 4700 928 4757 per
952 4684 1358 4741 aediﬁcationem
1412 4685 1654 4755 superba:
1682 4687 1842 4742 turris
1870 4702 1901 4742 a
1925 4703 1984 4744 se
2010 4689 2093 4743 in-

515 4777 689 4833 vicem
706 4778 956 4847 separati,
987 4789 1129 4834 nunc
1147 4790 1336 4832 omnes
1364 4776 1687 4832 conveniant
1715 4777 1769 4832 in
1816 4793 2001 4844 unum,
2032 4789 2091 4834 ut

515 4867 646 4923 illud
690 4868 888 4923 malum
922 4868 1203 4925 consilium
1251 4867 1346 4923 Dei
1373 4866 1597 4923 consilio
1625 4867 1946 4938 probaretur
1972 4884 2091 4926 esse

513 4966 833 5016 correctum.
854 4957 1053 5015 Videns
1071 4967 1287 5016 sanctus
1306 4958 1556 5031 Spiritus,
1578 4959 1897 5017 exclamavit
1913 4980 1927 5016 :
1952 4960 2091 5019 Ecce

513 5068 674 5125 quam
716 5052 918 5108 bonum
945 5062 1001 5109 et
1047 5068 1209 5124 quam
1232 5053 1523 5124 jucundum
1549 5054 1792 5110 habitare
1820 5054 2011 5112 fratres
2034 5058 2089 5112 in

513 5144 703 5203 unum!
728 5142 938 5200 Habent
963 5144 1106 5200 enim
1129 5152 1454 5213 unguentum
1478 5146 1798 5213 chrismatis,
1832 5147 1975 5217 quod
1995 5147 2091 5203 de-

457 5236 468 5283 Ρ
509 5237 719 5294 scendit
745 5236 815 5293 de
836 5238 1014 5309 capite
1039 5237 1095 5294 in
1120 5236 1361 5303 barbam,
1392 5238 1495 5293 hoc
1521 5246 1623 5304 est,
1654 5238 1723 5294 de
1774 5237 1986 5295 Christo
2034 5241 2088 5294 in

511 5329 815 5385 virtutibus.
830 5328 981 5386 Sicut
998 5329 1141 5385 enim
1152 5328 1329 5399 capilli
1343 5328 1533 5399 capitis
1542 5336 1596 5384 et
1614 5329 1794 5385 barbm
1818 5337 2090 5399 unguento

512 5421 877 5490 infunduntur,
933 5424 1013 5480 sic
1058 5423 1282 5478 virtutes
1335 5438 1542 5488 omnes,
1573 5436 1692 5492 quae
1734 5430 1922 5477 contra
1961 5422 2089 5476 vitia

510 5512 781 5571 luctantur
803 5515 1065 5586 quotidie,
1095 5521 1155 5571 ut
1180 5514 1395 5571 vincere
1421 5514 1653 5577 valeant,
1683 5511 1884 5568 Christi
1911 5512 2087 5568 infun-

512 5603 711 5659 duntur
728 5594 945 5663 auxilio.
975 5604 1112 5662 Nota
1136 5614 1314 5661 tamen
1333 5604 1651 5660 Chrismatis
1678 5610 2011 5658 sacramenta
2031 5603 2086 5657 in

515 5703 788 5762 manante
811 5698 1021 5767 capitis,
1042 5705 1100 5753 et
1124 5713 1306 5753 rorem
1330 5696 1567 5752 Hermon
1597 5693 2010 5750 descendentem
2033 5694 2087 5747 in

514 5792 752 5841 montem
803 5789 953 5854 Sion,
1018 5790 1085 5844 ad
1146 5789 1307 5845 fontis
1371 5789 1568 5845 undam
1632 5802 1784 5857 aquae
1838 5786 2088 5855 perennis

2195 4691 2345 4763 gnavi
2382 4689 2518 4761 quod
2544 4704 2761 4759 magnus
2791 4695 2868 4741 est
2893 4685 3163 4751 Dominus,
3208 4694 3259 4739 et
3286 4682 3427 4738 Deus
3454 4689 3644 4737 noster
3686 4698 3809 4755 pro

2197 4779 2431 4837 omnibus
2450 4780 2568 4834 diis.
2603 4779 2790 4833 Omnia
2826 4792 3136 4851 quccuuque
3176 4774 3333 4830 coluit
3368 4773 3637 4829 Dominus
3676 4777 3813 4848 fecit

2192 4874 2249 4928 in
2277 4872 2402 4927 caelo
2428 4872 2551 4927 etin
2576 4878 2733 4932 terra,
2762 4872 2816 4923 in
2845 4870 2977 4923 mari
2996 4869 3117 4923 etin
3132 4865 3364 4922 omnibus
3383 4864 3611 4937 abyssis.
3644 4865 3813 4921 Edu-

2194 4982 2315 5021 cens
2333 4962 2490 5018 nubes
2518 4960 2583 5017 ab
2607 4971 2837 5017 extrenw
2859 4968 3028 5024 terra,
3066 4960 3274 5030 fulgura
3301 4960 3357 5012 in
3376 4959 3613 5029 pluviam
3653 4961 3813 5031 fecit.

2199 5055 2301 5122 Qui
2325 5054 2572 5127 produxit
2609 5060 2781 5107 uentos
2822 5053 2885 5106 de
2930 5051 3184 5105 thesauris
3227 5051 3354 5116 suis,
3403 5050 3489 5122 qui
3526 5056 3821 5121 percussis

2191 5147 2534 5221 primogenita
2581 5142 2830 5215 :Eggpti,
2878 5140 2943 5196 ab
2981 5143 3186 5197 homine
3209 5158 3364 5214 usque
3391 5141 3461 5194 ad
3489 5158 3696 5212 pecus.
3738 5144 3817 5201 Et

2190 5241 2331 5295 misit
2356 5240 2508 5311 signa
2534 5244 2585 5290 et
2611 5235 2847 5306 prodigia
2866 5235 2922 5287 in
2949 5234 3118 5288 medio
3141 5234 3232 5295 tui,
3269 5231 3521 5303 Aigypte,
3554 5233 3624 5287 in
3660 5234 3825 5291 Plan-

2189 5347 2403 5403 raonem
2424 5341 2475 5384 et
2511 5332 2567 5384 in
2595 5344 2770 5384 omnes
2795 5343 2968 5382 servos
2995 5327 3127 5398 ejus.
3178 5323 3281 5390 Qui
3320 5328 3579 5396 percussit
3616 5342 3825 5400 ρεηια

2189 5422 2397 5483 multas,
2428 5426 2477 5473 et
2498 5418 2685 5472 occidit
2708 5433 2852 5490 reges
2874 5418 3051 5489 fortes.
3074 5413 3215 5471 Seon
3243 5430 3416 5485 regem
3444 5414 3827 5475 Απιοντιιωο-

2190 5529 2325 5579 rum,
2354 5522 2404 5566 et
2433 5510 2511 5583 0g
2533 5528 2701 5583 regem
2724 5509 2921 5575 Busan,
2941 5517 2992 5564 et
3010 5507 3186 5563 omnia
3212 5521 3369 5578 regna
3397 5502 3709 5567 Chanaan.
3750 5513 3804 5568 Ε
3812 5526 3830 5570 ι

2193 5603 2333 5658 dedit
2354 5612 2544 5658 terram
2582 5618 2758 5657 eorum
2790 5602 3165 5662 hereditatem,
3207 5596 3571 5653 hereditatem
3625 5600 3832 5662 Israel

2192 5694 2379 5767 populo
2400 5712 2511 5749 suo.
2540 5693 2784 5760 Domine,
2814 5708 2999 5747 nomen
3024 5698 3164 5744 tuum
3188 5691 3243 5743 in
3268 5695 3517 5742 teternum
3542 5705 3567 5752 ;
3611 5689 3835 5753 Domi~

2198 5802 2280 5850 ne,
2310 5786 2604 5842 memoriale
2626 5795 2765 5839 tuum
2792 5786 2847 5839 in
2886 5782 3265 5854 generationem
3286 5787 3338 5833 et
3362 5783 3832 5847 generationem.
