4088 6346
289 354 438 410 551-

1198 359 1664 421 COMMENTARII
1701 366 1769 423 IN
1806 366 2132 428 PSALMOS.
2176 373 2366 432 PSAL.
2408 381 2660 442 CXXXV.

3461 397 3568 454 558

290 472 432 584 ςκία
450 470 979 584 ἱνξξταθῖθιροηιξηκε
997 477 1242 583 populi“
1262 494 1428 545 “tum.
1453 489 1503 534 ετ
1521 483 1575 536 in
1597 486 1754 538 εεηίι
1775 487 1882 539 *αὖε
1907 489 1961 550 Δ
1984 489 2187 548 scilicet
2213 497 2434 552 consilia
2461 512 2794 578 respuetjtes,
2816 514 2872 563 et
2891 507 2986 564 Dei
3006 509 3226 566 consilia
3248 513 3567 584 amplecten-

287 563 672 636 deprecabitur.
703 565 998 623 Simulacra
1023 572 1252 641 gentium
1286 584 1556 644 argentum
1594 587 1646 632 et
1673 596 1874 648 aurum,

288 674 454 728 opera
493 675 741 712 manuum
764 649 1046 717 hominum.
1081 660 1154 718 0s
1196 663 1388 720 habent
1435 677 1486 721 et
1522 686 1626 724 non
1664 671 1879 745 loquen-

288 760 396 818 tur,
422 751 597 806 oculos
617 751 805 808 habent
826 763 877 808 et
894 770 998 810 non
1019 755 1279 812 videbunt.
1310 760 1472 816 Aures
1489 761 1674 818 habent
1697 773 1747 820 et
1772 784 1876 824 non

285 849 524 912 audient,
552 865 713 922 neque
740 851 878 906 enim
914 860 992 907 est
1008 854 1221 924 spiritus
1246 835 1300 909 in
1325 873 1414 912 ore
1435 860 1681 929 ipsorum.
1715 862 1878 919 Simi-

283 941 366 995 les
395 941 500 997 illis
523 942 762 1014 ﬁantqui
785 944 985 1016 faciunt
1006 962 1087 1012 ea,
1131 955 1182 1000 et
1207 964 1383 1004 omnes
1419 954 1502 1024 qui
1529 955 1794 1024 confidunt
1821 959 1876 1014 in

283 1037 387 1090 eis.
421 1034 620 1090 Domus
641 1035 832 1102 Israel,
861 1037 1141 1096 benedicite
1176 1040 1433 1109 Domino;
1465 1045 1644 1100 domus
1672 1050 1873 1117 Aaron,

282 1127 572 1184 benedisite
595 1127 850 1196 Domino;
876 1129 1076 1186 Domus
1115 1132 1260 1200 Levi,
1292 1135 1575 1192 benedicite
1615 1137 1872 1206 Domino;

279 1223 377 1294 qui
417 1223 602 1277 timetis
622 1219 923 1289 Dominum,
969 1223 1252 1281 benedicite
1290 1226 1531 1286 Domino.
1562 1227 1872 1288 Benedictus

153 1393 164 1404 .
276 1312 541 1399 Dominuf
569 1329 636 1368 ea:
656 1312 788 1368 Sion
813 1317 901 1386 qui
930 1315 1128 1371 habitat
1159 1319 1214 1371 in
1239 1317 1548 1374 Jerusalem.

860 1421 1071 1465 COIIEN
1078 1425 1276 1465 TABIUI
1283 1451 1296 1463 .

354 1497 510 1553 Scala
539 1496 642 1554 ista
679 1496 829 1567 cujus
857 1506 1020 1568 caput
1043 1500 1296 1570 pertingit
1335 1503 1388 1556 in
1417 1504 1612 1558 cmlum
1642 1503 1870 1574 quinde-

271 1592 389 1648 cim
414 1589 613 1660 gradus
655 1589 818 1644 habet
846 1589 899 1644 in
927 1590 1165 1660 quinque
1193 1592 1342 1649 libris
1372 1592 1559 1665 Moysi,
1610 1604 1666 1650 et
1695 1597 1747 1651 in
1777 1597 1871 1654 de.

270 1698 400 1740 cem
429 1682 710 1754 przeceptis
739 1679 906 1748 legis:
930 1682 1004 1737 ibi
1033 1683 1168 1755 lapis
1195 1683 1262 1738 ad
1291 1695 1454 1756 caput
1480 1685 1648 1743 lacob
1676 1698 1870 1747 unctus

271 1782 380 1841 est,
409 1773 498 1829 hic
524 1773 698 1844 ipsum
726 1777 887 1843 caput
913 1783 1130 1829 unctum
1160 1775 1228 1830 ad
1255 1792 1346 1832 ros
1374 1777 1612 1834 Hermon
1631 1779 1868 1837 destina-

1960 593 2077 640 -tes.
2111 585 2228 657 ipse
2255 591 2398 646 enim
2428 596 2607 650 omnia
2634 613 2967 671 quiscunque
2995 602 3163 658 voluit
3191 603 3314 660 fecit
3343 607 3394 661 in
3422 609 3562 665 ccclo

1977 685 2033 732 et
2061 677 2115 732 in
2144 687 2302 746 terra,
2335 683 2389 737 in
2419 686 2554 740 mari
2577 695 2632 741 et
2651 689 2705 743 in
2733 690 2956 763 abyssis.
2987 693 3108 764 ipse
3137 697 3291 752 nobis
3311 699 3564 769 produxit

1976 769 2146 827 nubes
2173 772 2241 827 ab
2269 778 2522 832 extremis
2549 787 2727 846 terras,
2757 782 2811 836 id
2837 791 2939 850 est,
2987 785 3147 843 ﬂnem
3175 788 3431 848 facientes
3452 800 3562 848 ter-

1975 862 2119 916 renis
2148 868 2619 938 occupationibus;
2642 872 2741 928 hos
2769 874 2932 932 veluti
2961 879 3132 934 nubes
3159 882 3377 938 exhibet
3404 899 3560 940 mun-

1975 951 2046 1009 do
2071 972 2082 1007 :
2111 966 2332 1027 propter
2352 961 2494 1028 quod
2534 971 2588 1017 et
2615 963 2822 1033 fulgura
2853 967 2906 1022 in
2935 969 3169 1038 pluviam
3198 972 3344 1039 fecit,
3376 975 3428 1030 id
3456 985 3556 1046 est,

1975 1054 2034 1099 ut
2062 1047 2116 1110 in
2145 1048 2266 1117 igne
2291 1048 2534 1121 fulgureo
2573 1053 2857 1112 interficiat
2887 1059 3178 1129 inimicum,
3204 1072 3259 1119 et
3279 1066 3416 1121 unda
3443 1067 3561 1138 plu-

1973 1141 2074 1195 via:
2103 1140 2284 1197 abluat
2311 1156 2671 1214 peccatorem.
2721 1148 2789 1204 Et
2815 1151 2937 1220 quis
2963 1152 3068 1209 hoc
3102 1154 3274 1211 facit?
3318 1158 3410 1214 ille
3445 1160 3560 1216 sine

1973 1232 2154 1299 dubio,
2184 1236 2276 1324 qui
2305 1238 2548 1307 producit
2575 1250 2763 1298 ventos
2798 1243 2865 1300 de
2893 1245 3160 1303 thesauris
3199 1251 3330 1314 suis,
3361 1252 3414 1308 id
3452 1262 3556 1317 est,

1973 1327 2249 1394 apostolos
2271 1326 2337 1382 de
2360 1331 2604 1387 sensibus
2632 1335 2760 1389 suis.
2789 1335 2938 1390 Sicut
2964 1338 3107 1392 enim
3132 1342 3281 1395 venti
3309 1343 3554 1410 navibus,

1971 1415 2044 1470 ita
2074 1419 2305 1487 apostoli
2331 1421 2626 1479 animabus.
2657 1423 2842 1482 Ventis
2868 1424 3136 1494 ﬂantibus,
3169 1447 3332 1487 naves
3359 1434 3428 1488 ad
3456 1434 3552 1490 de-

1970 1509 2203 1564 siderata
2232 1513 2576 1583 pertingant;
2607 1525 2664 1571 et
2689 1520 2944 1588 apostolis
2972 1522 3404 1590 praedicantibus,
3436 1527 3552 1580 ani-

1971 1601 2157 1662 mzefad
2177 1593 2448 1658 Christum
2476 1606 2569 1675 qui
2597 1615 2680 1661 est
2708 1622 2836 1663 vere
2857 1618 3063 1678 portus,
3090 1615 3427 1680 perveniunt.
3453 1613 3553 1681 Qui

1970 1692 2236 1760 percussit
2283 1693 2638 1764 primogenita
2670 1697 2724 1750 in
2752 1713 2911 1753 cruce
2957 1701 3183 1768 positus,
3233 1711 3282 1757 et
3327 1705 3399 1758 ita
3428 1721 3552 1775 per-

1968 1782 2152 1848 cussit,
2181 1790 2240 1837 ut
2265 1800 2373 1838 non
2402 1785 2625 1853 homini,
2662 1803 2770 1843 non
2791 1787 2983 1858 pecudi
3011 1789 3257 1846 crederet
3281 1807 3398 1848 esse
3424 1811 3552 1864 par-

269 1875 393 1922 tum
418 1874 522 1934 est,
542 1881 650 1922 non
678 1866 747 1922 ad
772 1881 932 1922 omne
960 1883 1050 1923 ros
1077 1867 1333 1924 Hermon.
1368 1870 1480 1926 Ros
1500 1873 1643 1928 enim
1668 1877 1866 1932 montis
1893 1865 1944 1928 Β
1967 1874 2216 1930 cendum.
2287 1875 2556 1948 Quidquid
2624 1880 2766 1934 enim
2832 1878 3144 1952 Egyptium
3209 1892 3322 1950 est,
3397 1887 3553 1947 simul

269 1974 377 2030 per
403 1958 686 2014 circuitum
713 1959 878 2014 habet
901 1958 1224 2027 descensus;
1267 1977 1368 2018 nos
1393 1963 1462 2018 ad
1489 1964 1619 2019 illud
1660 1981 1750 2021 ros
1777 1976 1863 2022 at-

267 2050 548 2119 tingimus,
572 2050 717 2121 quod
743 2049 1020 2106 descendit
1049 2051 1101 2106 in
1123 2061 1362 2108 montem
1391 2053 1540 2122 Sion,
1565 2057 1740 2112 solum
1765 2059 1864 2113 hu—

265 2142 360 2216 jus
385 2145 526 2200 roris
565 2143 768 2199 fontem
796 2151 919 2213 post
959 2153 1291 2213 unguentum
1339 2147 1642 2204 chrismatis
1682 2153 1863 2220 requi-

265 2244 474 2301 rentes,
506 2235 683 2306 quiin
725 2242 967 2290 montem
994 2233 1146 2301 Sion,
1192 2235 1246 2290 id
1284 2244 1386 2299 est,
1431 2237 1485 2293 in
1527 2239 1865 2298 altitudinem

263 2330 406 2384 situs
462 2326 714 2383 Ecclesiae
767 2325 984 2397 proﬂuit
1031 2328 1201 2394 venis,
1249 2337 1306 2383 et
1352 2330 1425 2384 ita
1456 2329 1773 2388 Trinitatem
1810 2336 1864 2391 in

264 2437 379 2477 una
418 2419 628 2477 Deitate
665 2419 962 2488 conjungit,
1006 2428 1065 2475 ut
1109 2429 1165 2475 et
1209 2429 1320 2476 tres
1370 2437 1494 2478 vere
1531 2423 1704 2480 dicam
1745 2442 1864 2484 esse

265 2528 557 2586 personas,
582 2519 637 2566 et
665 2525 830 2566 unam
857 2526 986 2567 vere
1012 2511 1188 2574 dicam
1228 2529 1347 2569 esse
1374 2515 1743 2573 substantiam.
1772 2518 1862 2575 Sic

267 2607 419 2660 enim
448 2603 694 2659 laudatur
720 2619 753 2658 a
781 2603 950 2658 servis
979 2603 1256 2661 Dominus.
1288 2603 1377 2660 Sic
1405 2621 1601 2662 nomen
1622 2606 1737 2674 ejus
1762 2625 1858 2664 ve-

267 2711 335 2752 re
362 2694 628 2752 laudabile
651 2693 989 2765 praedicatur,
1033 2709 1155 2751 cum
1196 2696 1251 2751 in
1293 2695 1554 2752 Trinitate
1576 2699 1769 2764 unitas,
1803 2708 1859 2774 et

264 2790 326 2844 in
364 2789 568 2844 unitate
607 2787 840 2844 Trinitas
879 2805 975 2845 ore
1001 2788 1215 2856 dicitur,
1265 2797 1320 2844 et
1361 2798 1580 2861 pectore
1607 2793 1855 2849 contine-

264 2892 358 2937 tur
384 2901 397 2936 :
433 2891 557 2937 tunc
583 2883 870 2938 asserimus
896 2883 1150 2952 quoniam
1175 2883 1353 2939 bonus
1385 2893 1440 2940 et
1487 2886 1749 2956 benignus
1775 2898 1858 2942 est

259 2972 550 3038 Dominus;
573 2988 695 3027 nam
710 2973 757 3028 si
779 2973 881 3029 sibi
894 2973 1156 3043 majorem
1176 2981 1386 3045 partem
1406 2975 1630 3032 Deitatis
1649 2978 1858 3034 dicatur

261 3067 428 3120 Pater
455 3080 748 3129 assumere,
777 3073 872 3120 aut
898 3066 1121 3136 gradum
1149 3067 1252 3122 sibi
1277 3083 1440 3137 supra
1467 3067 1661 3123 Filium
1681 3071 1857 3124 homi-

260 3160 353 3214 nis
380 3158 670 3222 vindicare,
703 3175 812 3214 non
840 3166 901 3214 ut
926 3160 1101 3216 bonus
1131 3159 1399 3224 laudatur,
1431 3160 1525 3214 sed
1554 3170 1610 3215 ut
1632 3162 1858 3219 aemulus

1968 1982 2090 2021 cum
2151 1968 2392 2040 principe
2461 1969 2680 2043 Egypti
2746 1972 2994 2027 ﬂuctibus
3051 1975 3345 2043 mergitur,
3415 1979 3553 2046 perit

1967 2073 2091 2113 cum
2131 2056 2431 2122 Pharaone.
2475 2072 2529 2117 et
2575 2079 2698 2118 cum
2743 2067 2990 2122 omnibus
3035 2069 3201 2124 servis
3249 2070 3382 2138 ejus.
3419 2069 3552 2126 Cum

1969 2163 2098 2218 ergo
2152 2159 2372 2205 ventum
2419 2162 2564 2208 esset
2627 2153 2696 2209 ad
2747 2170 2938 2225 aquam
2986 2173 3106 2228 quae
3164 2159 3318 2214 nobis
3371 2161 3554 2219 salutis

1969 2241 2111 2294 viam
2139 2243 2370 2311 aperuit,
2397 2251 2453 2299 et
2481 2260 2670 2301 omnes
2695 2247 2800 2316 qui
2817 2263 2916 2303 nos
2943 2251 3403 2320 persequebantur
3421 2267 3553 2322 ope-

1968 2330 2093 2393 ruit,
2128 2339 2256 2386 tuuc
2282 2332 2518 2388 confessi
2539 2350 2724 2390 sumus
2745 2352 2938 2391 nomen
2961 2337 3170 2394 Domini
3193 2339 3246 2393 in
3272 2348 3550 2409 :eternum,

1966 2430 2022 2476 et
2047 2424 2378 2492 suscepimus
2411 2426 2724 2481 memoriale
2752 2427 2889 2496 ejus,
2920 2436 2978 2482 ut
3005 2429 3074 2483 sit
3103 2429 3156 2484 in
3185 2430 3342 2485 nobis
3371 2431 3424 2485 in
3452 2447 3550 2486 ste-

1962 2513 2139 2569 culum
2168 2515 2348 2570 saeculi
2383 2515 2661 2572 credentes
2688 2527 2968 2573 venturum
3005 2520 3286 2590 judicium,
3327 2522 3382 2578 in
3429 2536 3538 2592 quo

1961 2612 2083 2662 eum
2106 2606 2427 2675 judicaverit
2458 2609 2607 2664 vivos
2633 2617 2688 2665 et
2715 2620 2976 2675 mortuos,
3022 2613 3075 2667 in
3117 2613 3246 2668 solis
3272 2613 3384 2669 suis
3411 2629 3542 2671 con-

1957 2699 2220 2754 solabitur
2262 2701 2456 2755 servis.
2488 2700 2678 2756 Melior
2717 2703 2859 2757 enim
2891 2703 2962 2758 ibi
2992 2703 3294 2779 invenietur
3313 2702 3548 2759 fornica-

1957 2797 2046 2843 tor
2072 2788 2426 2855 Christianus,
2447 2806 2606 2860 quam
2622 2792 2950 2847 castissimus
2981 2793 3280 2848 idololatra.
3309 2791 3542 2848 Simula-

1958 2897 2051 2936 cra
2077 2882 2220 2936 enim
2252 2882 2304 2936 in
2334 2883 2529 2951 quibus
2573 2897 2724 2952 spem
2769 2883 2976 2948 habuit,
3020 2885 3272 2940 habentia
3311 2887 3550 2947 membra

1959 2973 2142 3027 omnia
2169 2973 2286 3027 sine
2331 2987 2512 3038 sensu,
2560 2981 2616 3028 et
2662 2989 2879 3045 capsam
2925 2975 3042 3030 sine
3081 2976 3292 3046 spiritu.
3339 2975 3548 3034 Similes

1961 3062 2065 3116 illis
2095 3070 2252 3117 erunt
2279 3061 2611 3128 conﬁdentes
2638 3064 2693 3118 in
2737 3065 2834 3128 eis,
2885 3064 2938 3120 id
2979 3073 3080 3132 est,
3112 3066 3272 3121 simili
3306 3067 3547 3124 incendio

1960 3153 2354 3219 oonﬂabuntur,
2383 3170 2491 3210 non
2519 3164 2578 3210 ut
2598 3157 2650 3210 in
2687 3157 2955 3228 aliquibus
2985 3157 3169 3214 formis
3195 3159 3545 3229 deducantur,

260 3254 684 3325 blasphematur.
717 3253 859 3308 Nihil
888 3267 1016 3322 ergo
1043 3253 1099 3307 in
1119 3251 1232 3309 Deo
1251 3252 1426 3322 majus
1445 3263 1547 3319 est,
1574 3255 1699 3324 quia
1718 3270 1856 3311 nun;
1880 3235 1929 3300 C
1961 3243 2056 3298 sed
2096 3254 2155 3300 ut
2199 3254 2403 3299 aeterno
2449 3255 2834 3302 consumantur
2871 3248 3133 3305 incendio.
3186 3248 3312 3305 Sola
3359 3250 3546 3308 domus

261 3362 428 3417 quam
455 3348 688 3403 senescit
716 3345 897 3401 Pater.
930 3345 1072 3400 Nihil
1099 3345 1276 3400 minus
1303 3345 1355 3400 in
1385 3345 1542 3413 Filio,
1561 3348 1684 3416 quia
1712 3364 1852 3404 nun-

260 3453 425 3508 quam
456 3439 670 3494 crescit.
705 3435 807 3493 Ubi
835 3438 978 3493 enim
1005 3436 1182 3507 majus
1223 3437 1423 3508 aliquid
1451 3446 1506 3493 et
1545 3440 1718 3496 minus
1747 3449 1848 3508 est,

261 3537 323 3585 et
348 3530 541 3607 majori
561 3528 832 3586 defectum
856 3530 1093 3585 minatur
1128 3528 1503 3598 grandaevitas,
1534 3537 1590 3585 et
1628 3533 1854 3601 pollice-

261 3632 353 3678 tur
396 3631 527 3679 tetas
575 3624 768 3680 minori
810 3622 1131 3695 profectum.
1173 3623 1266 3679 His
1304 3625 1558 3693 gradibus
1603 3624 1854 3681 divinitas

260 3723 435 3782 caret,
476 3715 601 3786 quia
646 3729 756 3770 non
800 3721 884 3770 est
926 3713 1071 3771 Deus
1115 3722 1416 3786 temporum
1464 3716 1752 3784 posterior.
1794 3713 1855 3770 Si

260 3810 408 3864 enim
430 3817 668 3879 tempora
699 3808 877 3877 aliqua
898 3816 1022 3862 ante
1038 3808 1221 3862 Deum
1248 3808 1486 3871 fuerunt,
1509 3805 1710 3861 faciunt
1730 3821 1854 3860 eum

258 3901 528 3970 majorem
554 3901 648 3968 qui
668 3898 828 3954 Pater
855 3907 939 3954 est
958 3907 1014 3955 et
1039 3899 1303 3954 minorem
1323 3915 1446 3954 eum
1467 3900 1559 3969 qui
1579 3899 1763 3955 Filius.
1796 3899 1855 3955 Si

257 4007 396 4047 vero
425 3999 550 4046 ante
577 3992 758 4046 omnia
785 3991 1016 4058 genitus,
1047 3998 1258 4059 tempus
1283 3989 1360 4044 illi
1390 4005 1727 4058 nequaquam
1757 4005 1856 4059 po-

264 4083 371 4137 tuit
397 4082 772 4138 necessitatem
799 4082 1097 4151 imponere,
1129 4081 1254 4151 quia
1283 4087 1342 4134 ut
1370 4089 1513 4136 esset
1535 4088 1746 4150 tempus
1785 4080 1854 4135 ab

258 4189 333 4228 eo
361 4175 589 4244 sumpsit
612 4172 910 4228 exordium.
941 4171 1031 4228 Sic
1057 4185 1186 4240 ergo
1215 4172 1333 4227 laus
1368 4170 1581 4226 Domini
1619 4170 1855 4226 celebra-

255 4272 367 4329 tur,
391 4265 447 4320 in
477 4279 583 4334 qua
607 4263 764 4319 laude
791 4263 1091 4319 canendum
1133 4271 1234 4330 est,
1265 4262 1522 4334 quoniam
1549 4259 1716 4316 Jacob
1736 4260 1849 4316 ele-

250 4355 334 4424 git
359 4354 462 4410 sibi
490 4353 769 4410 Dominus.
801 4351 973 4418 Hunc,
1015 4354 1206 4424 inquit,
1238 4353 1418 4421 elegit,
1463 4352 1552 4422 qui
1592 4351 1848 4421 supplan-

249 4455 337 4502 tat
363 4445 743 4516 voluptuosum
771 4443 1075 4509 consilium,
1113 4453 1167 4500 et
1187 4446 1329 4500 humc
1355 4445 1517 4498 habet
1546 4443 1598 4496 in
1628 4458 1844 4512 posses-

1956 3335 2122 3391 lsrael
2151 3336 2204 3390 in
2250 3336 2332 3390 his
2371 3336 2464 3406 qui
2493 3337 2694 3392 mundo
2721 3337 2884 3393 corde
2913 3338 3095 3393 vident
3140 3339 3330 3402 Deum,
3364 3340 3413 3394 id
3445 3349 3546 3405 est,

1957 3426 2013 3481 in
2062 3426 2324 3498 apostolis
2359 3424 2577 3481 fundata
2625 3427 2739 3496 ipsa
2778 3427 3108 3493 liberabitur,
3153 3430 3206 3483 in
3235 3445 3340 3500 qua
3386 3430 3546 3487 domo

1955 3517 2226 3573 benedicit
2255 3518 2432 3572 Aaron
2464 3517 2519 3570 iu
2556 3517 2942 3584 sacerdotibus,
2975 3527 3030 3573 et
3057 3517 3186 3574 Levi
3210 3520 3264 3574 in
3292 3520 3547 3576 ministris

1956 3623 2080 3664 cum
2107 3608 2192 3662 his
2216 3607 2309 3676 qui
2331 3607 2522 3661 timent
2550 3606 2856 3673 Dominum,
2899 3607 2953 3663 id
2981 3615 3083 3675 est,
3115 3624 3233 3664 cum
3263 3612 3409 3666 omni
3453 3627 3547 3683 po-
3619 3678 3621 3680 η

1955 3702 2086 3772 pulo
2114 3699 2436 3766 Christiano,
2465 3700 2559 3772 qui
2585 3700 2639 3754 in
2658 3700 2881 3757 canticis
2906 3700 3174 3757 Davidicis
3201 3703 3385 3774 psallit
3412 3704 3546 3760 alle-

1958 3791 2088 3856 luia,
2120 3790 2449 3846 benedicens
2494 3789 2784 3846 Dominum
2827 3807 2891 3846 ex
2937 3791 3087 3858 Sion,
3127 3793 3218 3862 qui
3262 3793 3467 3848 habitat
3495 3796 3546 3856 in

1955 3881 2270 3938 Jerusalem.
2323 3883 2475 3938 illam
2523 3883 2912 3938 venturam'de
2960 3885 3128 3949 caelis,
3173 3886 3450 3955 prophetis
3493 3896 3546 3945 et

1956 3975 2218 4044 apostolis
2238 3975 2683 4030 concionantibus
2709 3974 2991 4041 credimus,
3018 3977 3071 4030 in
3100 3991 3206 4046 qua
3227 3985 3413 4046 regnat
3443 3977 3545 4032 Pa-

1956 4075 2040 4121 ter
2066 4079 2187 4121 cum
2215 4065 2352 4122 Filio
2397 4074 2452 4122 et
2488 4065 2691 4138 Spiritu
2720 4075 2906 4123 sancto
2935 4082 3031 4138 per
3071 4068 3318 4124 universa
3349 4069 3541 4125 saecula

1955 4155 2295 4213 saeculorum.
2329 4157 2519 4212 Amen.
2777 4152 2788 4159 ’

2449 4246 2766 4304 PSALMUS
2803 4247 3061 4306 CXXXV.

2487 4342 2734 4408 Alleluia,
2774 4343 3005 4399 alleluia.

2034 4433 2366 4506 Con/itemini
2414 4432 2641 4488 Domino
2687 4436 2930 4505 quoniam
2986 4433 3165 4499 bonus,
3213 4438 3454 4507 quoniam
3489 4439 3540 4495 ει

248 4512 600 4608 sionem-qui
623 4535 834 4599 mundo,
852 4537 1016 4592 corde
1043 4536 1223 4592 studet
1255 4535 1423 4590 Deum
1456 4534 1654 4590 videre.
1689 4534 1842 4589 Sicut
1873 4603 1914 4608 _
1953 4535 2201 4582 cternum
2229 4526 2584 4582 misericordia
2631 4527 2762 4598 ejus.
2789 4524 3122 4598 Conﬁtemini
3150 4512 3271 4580 ‘Deo
3311 4528 3539 4593 deorum,

247 4629 398 4684 enim
436 4603 604 4683 Iacob
641 4627 1016 4700 supplantator
1060 4627 1273 4688 dicitur,
1323 4627 1401 4680 sic
1456 4622 1617 4679 Israel
1660 4624 1845 4679 videns
1870 4603 1927 4665 Ῑ)
1951 4621 2210 4692 quoniam.
2238 4617 2575 4690 Conﬂtemini
2616 4617 2843 4674 Domino
2883 4619 3227 4686 dominorum,
3277 4625 3537 4692 quoniam.

247 4719 442 4775 Deum.
475 4719 626 4774 Tunc
652 4719 930 4788 cognoscit
978 4718 1121 4789 quod
1170 4731 1394 4786 magnus
1439 4726 1522 4771 est
1562 4716 1840 4782 Dominus,

247 4827 376 4868 cum
403 4811 650 4867 habuerit
673 4809 1079 4869 mundissimum
1105 4819 1312 4881 pectus.
1337 4807 1494 4876 Quod
1509 4807 1554 4862 si
1580 4807 1843 4862 mundum

248 4917 364 4958 non
384 4901 562 4967 tuerit,
589 4915 840 4970 magnum
863 4899 941 4954 illi
967 4899 1179 4955 videtur
1206 4901 1311 4954 hoc
1353 4897 1605 4953 sxeculum
1624 4937 1638 4959 ,
1671 4903 1726 4950 et
1750 4904 1844 4949 aut

229 5008 512 5066 'personas
551 4993 852 5056 mirabitur,
885 4999 980 5046 aut
1005 4989 1433 5062 pulchritudines
1475 4983 1696 5042 illicitas
1729 4996 1843 5042 stu-

248 5085 420 5158 pebit.
449 5082 583 5141 Cum
606 5098 736 5140 vero
775 5081 1004 5136 mundus
1031 5079 1191 5136 fuerit
1218 5080 1448 5143 animus,
1482 5076 1613 5130 nihil
1635 5074 1844 5144 judicat

247 5175 639 5241 admirandum,
666 5175 767 5230 nisi
794 5173 970 5229 solum
995 5171 1186 5236 Deum,
1216 5179 1270 5226 et
1290 5170 1441 5224 hunc
1460 5182 1571 5239 prae
1593 5167 1844 5249 omnibus

245 5268 354 5324 diis
380 5266 730 5324 admirabitur
755 5262 942 5319 Deum.
976 5261 1258 5329 Quomodo
1288 5275 1398 5332 prae
1428 5259 1676 5314 omnibus
1705 5257 1841 5312 diis?

244 5359 454 5415 Cautus
479 5364 724 5414 cantator
767 5355 1026 5412 ausculta.
1051 5353 1140 5409 Dii
1187 5353 1414 5426 gentium
1459 5350 1740 5412 damonia,
1784 5347 1841 5403 hi

243 5453 433 5508 mirari
462 5467 559 5507 nos
576 5450 766 5505 volunt
782 5448 1207 5519 pulchritudines
1225 5447 1510 5518 perituras,
1541 5445 1690 5500 verbi
1711 5458 1840 5498 cau-

241 5562 327 5611 sa,
357 5549 411 5602 in
438 5547 669 5609 maniis,
702 5544 754 5596 in
782 5542 1048 5612 personis,
1091 5542 1146 5596 in
1172 5541 1359 5609 gloriis
1389 5538 1592 5607 mundi,
1624 5538 1680 5590 in
1706 5550 1837 5590 con-

241 5639 590 5709 cupiscentiis
617 5634 871 5705 fugitivis.
920 5631 1055 5688 Cum
1102 5647 1232 5702 ergo
1277 5646 1388 5702 prae
1417 5629 1668 5684 omnibus
1695 5628 1837 5684 hunc

240 5729 417 5786 Deum
454 5737 699 5785 nostrum
722 5733 924 5782 teter-na
953 5723 1108 5779 nobis
1149 5721 1522 5778 ostendentem
1552 5718 1833 5789 amplecti-

197 5791 388 5886 I.ntur,
419 5829 552 5880 tunc
566 5834 690 5876 eum
713 5832 825 5889 pra
850 5814 1102 5878 omnibus
1119 5813 1222 5869 diis
1246 5813 1594 5873 honoramus,
1622 5810 1836 5865 illorum

1950 4709 2051 4777 Qui
2105 4714 2226 4785 fecit
2251 4710 2510 4766 mirabilia
2558 4728 2750 4782 magna
2786 4713 2947 4775 solus,
2993 4713 3256 4784 quoniam.
3291 4710 3392 4774 Qui
3420 4715 3538 4784 fecit

1946 4803 2101 4858 cmlos
2128 4804 2184 4856 in
2203 4801 2484 4863 intellectu,
2509 4803 2771 4873 quoniam.
2804 4798 2904 4863 Qui
2923 4802 3148 4870 ﬁrmauit
3175 4809 3364 4856 terram
3389 4819 3538 4876 super

1948 4911 2133 4964 aquas,
2162 4894 2422 4965 quoniam.
2452 4889 2554 4955 Qui
2585 4893 2706 4963 fecit
2729 4892 3009 4945 luminaria
3037 4909 3246 4965 magna,
3273 4899 3532 4968 quoniam.

1949 4984 2124 5040 Solent
2145 4986 2200 5037 in
2212 4991 2515 5054 potestatem
2540 4980 2661 5044 diei,
2685 4983 2947 5054 quoniam.
2983 4981 3188 5039 Lunam
3217 4994 3266 5039 et
3288 4989 3462 5042 stellas
3484 4991 3536 5044 in

1950 5085 2252 5147 potestatem
2281 5075 2467 5139 noctis,
2509 5074 2772 5145 quoniam.
2809 5071 2909 5138 Qui
2952 5079 3199 5148 percussit
3250 5078 3536 5152 Egyptum

1948 5186 2063 5224 cum
2109 5168 2468 5240 primogenitis
2519 5183 2714 5233 eorum,
2764 5171 3026 5241 quoniam.
3066 5169 3132 5225 In
3157 5187 3314 5225 manu
3343 5156 3534 5241 potenti

1948 5269 1997 5314 et
2019 5259 2229 5314 brachio
2255 5258 2474 5324 excelso,
2506 5259 2768 5332 quoniam.
2801 5256 2901 5323 Qui
2944 5261 3115 5314 diuisit
3139 5274 3282 5313 mare
3304 5257 3532 5310 Rubrum

1947 5355 2003 5408 in
2028 5353 2322 5417 divisiones,
2356 5353 2616 5424 quoniam.
2663 5351 2735 5406 Et
2761 5352 2938 5406 eduxit
2969 5350 3138 5404 Israel
3186 5366 3276 5420 per
3308 5349 3532 5403 medium
3609 5346 3613 5350 ’

1944 5445 2077 5515 ejus,
2111 5444 2370 5516 quoniam.
2405 5441 2474 5496 Et
2501 5445 2724 5500 excussit
2744 5442 3076 5495 Pharaonem
3090 5449 3140 5491 et
3160 5440 3390 5492 virtutem
3421 5443 3532 5510 ejus

1942 5537 1997 5589 in
2023 5536 2156 5588 mari
2188 5531 2380 5599 Rubro,
2411 5535 2676 5605 quoniam.
2710 5528 2810 5594 Qui
2841 5527 3076 5581 traduxit
3121 5525 3361 5595 populum
3387 5544 3530 5586 suum

1944 5645 2036 5700 per
2064 5628 2339 5692 desertum,
2368 5627 2629 5698 quoniam.
2676 5620 2776 5684 Qui
2804 5618 3054 5690 percussit
3103 5633 3247 5687 reges
3291 5635 3528 5692 magnos,

1944 5720 2207 5791 quoniam.
2230 5716 2297 5770 Et
2320 5714 2506 5770 occidit
2534 5727 2678 5783 reges
2705 5712 2894 5782 fortes,-
2912 5708 3173 5780 quoniam.
3202 5707 3342 5765 Seou
3365 5729 3528 5784 regem
3616 5792 3619 5794 _

1948 5812 2379 5872 Amorrhteorum,
2419 5806 2687 5875 quoniam.
2742 5800 2814 5857 Et
2845 5799 2924 5872 Og
2965 5816 3135 5871 regem
3165 5800 3364 5871 Busan,
3406 5823 3518 5874 quo-
3589 5799 3593 5804 ’
