4088 6346
1054 306 1155 326 φῇς

560 418 666 484 1559

1881 405 2151 466 ΑΒΝΟΒΙῘ
2189 402 2490 462 JUNIORIS

3712 396 3826 450 5ιο

563 546 721 600 niam.
755 536 824 598 Et
848 538 987 599 dedit
1013 547 1198 593 terram
1241 546 1419 590 eorum
1448 531 1821 595 hwreditotem,
1868 527 2127 601 quoniam.
2161 518 2215 586 Α
2238 519 2553 591 Quicunque
2607 518 2746 572 enim
2793 515 2985 571 viderit
3036 514 3196 569 Deum
3245 514 3295 567 in
3341 511 3543 567 Christo
3571 510 3825 566 mundum

564 632 932 691 Hrereditatem
960 620 1128 693 Israel
1172 642 1316 682 seruo
1345 641 1457 694 suo,
1503 623 1765 698 quoniam.
1801 615 1935 684 Quia
1962 619 2017 672 in
2057 615 2146 669 hu-

563 723 779 779 militate
799 728 980 775 nostra
999 726 1195 773 memor
1215 718 1312 795 fuit
1334 716 1520 780 nostri,
1545 712 1807 789 quoniam.
1839 704 1909 762 Et
1932 704 2146 762 redemit

562 829 657 869 nos
678 811 741 866 ab
784 812 1009 866 inimicis
1031 811 1240 874 nostris,
1272 806 1536 880 quoniam.
1571 800 1672 867 Qui
1700 800 1791 856 dot
1816 814 1985 855 escam
2006 795 2148 853 omni

564 904 729 966 carui,
755 903 1017 974 quoniam.
1041 897 1374 969 Conﬁlemini
1401 893 1531 962 Deo,
1562 890 1696 959 cali,
1724 891 1986 964 quoniam.
2010 882 2148 943 Con-

514 1032 519 1037 ο
566 994 782 1067 μεωίηί
830 986 1056 1046 Domino
1098 984 1442 1077 dominorum,
1504 985 1746 1058 quoniam
1797 982 1856 1036 in
1900 990 2148 1036 internum

566 1086 922 1143 misericordia
950 1082 1083 1156 ejus.

976 1166 983 1171 '
1148 1164 1586 1209 τωιιεκεηιιιυι.

639 1266 899 1327 Venimus
927 1268 994 1323 ad
1024 1266 1236 1323 alleluia
1266 1263 1409 1337 quod
1436 1262 1632 1334 duplex
1661 1258 1930 1325 scribitur,
1959 1257 2013 1313 in
2041 1271 2149 1327 quo

566 1358 698 1418 illud
729 1361 1034 1425 considero,
1063 1356 1207 1435 quod
1236 1371 1337 1412 nec
1362 1371 1490 1411 caro
1536 1354 1651 1410 sine
1681 1352 1877 1417 anima,
1905 1360 2009 1403 nec
2036 1346 2153 1402 ani-

572 1464 657 1509 ma
679 1454 797 1508 sine
824 1464 987 1507 carne
1011 1448 1212 1521 poterit
1239 1444 1465 1503 Domino
1490 1441 1755 1501 conﬁteri.
1785 1440 1905 1495 Duo
1934 1450 2064 1508 ergo
2095 1437 2152 1493 in

572 1557 741 1599 unum
786 1539 893 1597 duo
942 1534 1153 1595 alleluia
1200 1533 1505 1601 decantent,
1537 1543 1596 1589 ut
1634 1531 1761 1589 dum
1800 1537 1926 1586 sunt
1961 1526 2017 1584 in
2044 1542 2152 1583 uno

569 1635 695 1690 vitae
721 1628 882 1703 hujus
909 1631 1160 1696 transitu,
1190 1625 1477 1686 conﬁtendi
1529 1625 1771 1681 ordinem
1798 1627 2038 1699 teneant,
2068 1617 2151 1673 di-

573 1733 661 1782 cat
706 1738 832 1780 caro
875 1722 1089 1778 alleluia
1117 1736 1293 1786 suum,
1324 1718 1465 1775 dicat
1519 1717 1695 1771 anima
1740 1726 1916 1770 suum.
1948 1708 2155 1781 Duplex

572 1814 738 1874 homo
764 1822 865 1883 est,
898 1814 1097 1887 duplex
1136 1813 1348 1869 alleluia
1397 1818 1499 1867 est.
1547 1804 1785 1879 Uterque
1825 1802 2155 1863 conﬁtemini

2247 613 2606 670 conciliantem
2627 607 2726 665 sibi
2747 607 2789 681 (i
2810 606 2929 663 Cor.
2951 607 3027 680 v),
3046 604 3210 662 isra‘ei
3231 605 3421 671 factus,
3444 612 3632 675 utpote
3653 604 3834 671 Deum

2244 704 2451 771 videns,
2506 702 2750 760 educitur
2795 701 2862 757 de
2915 707 3059 756 terra
3104 696 3323 782 Egyptl
3360 713 3521 769 quam
3558 698 3830 782 percussit

2247 796 2523 856 Deminus.
2552 794 2621 852 Et
2639 794 2909 867 quomodo
2931 792 3177 865 eiicitur?
3197 779 3259 848 in
3275 806 3457 859 manu,
3477 779 3670 862 inquit,
3700 791 3829 847 forti

2247 901 2306 949 et
2329 890 2552 949 brachio
2580 887 2813 947 excelso.
2844 886 3041 957 Utique
3086 887 3143 941 in
3181 883 3463 940 altitudine
3498 884 3677 940 crucis
3715 882 3835 938 ele-

2246 994 2374 1044 vato
2395 984 2639 1059 brachio,
2682 997 2791 1053 quo
2819 980 3056 1037 excussit
3082 976 3418 1033 Pharaonem
3445 983 3502 1032 et
3531 975 3833 1049 exordium

2053 1084 2062 1109 λ
2140 1142 2143 1151 ,
2248 1078 2385 1151 ejus,
2408 1078 2462 1134 id
2491 1084 2592 1145 est,
2622 1076 2677 1151 in
2726 1073 2942 1146 abysso,
2970 1071 3062 1127 ubi
3087 1076 3300 1127 aeternae
3324 1069 3564 1126 tenebrat
3591 1083 3837 1125 commo-

2248 1150 2436 1229 rantur
2456 1169 2511 1225 in
2531 1150 2671 1224 sinu:
2696 1164 2765 1221 Et
2793 1162 3088 1243 transducit
3116 1161 3369 1243 populum
3393 1175 3547 1216 suum
3574 1160 3629 1215 in
3650 1159 3838 1215 deser-

2250 1268 2384 1328 tum,
2411 1260 2660 1317 videlicet
2687 1257 2755 1313 ad
2799 1239 3080 1313 consilium
3107 1256 3176 1311 ab
3209 1239 3456 1310 omnibus
3485 1253 3632 1309 curis
3661 1268 3836 1309 SECU-

2252 1354 2457 1410 iaribus
2485 1353 2719 1407 alienum
2753 1368 2765 1403 :
2791 1349 2864 1404 ibi
2880 1358 2935 1404 et
2962 1347 3141 1404 educit
3168 1360 3361 1416 aquam
3389 1345 3456 1400 de
3485 1351 3641 1415 petra
3663 1344 3835 1415 rupis,
3952 1406 3967 1417 .

2254 1452 2310 1501 et
2337 1444 2568 1517 percutit
2597 1443 2854 1497 adversus
2885 1454 3007 1494 eum
3050 1447 3284 1494 armatas
3307 1445 3494 1506 gentes
3532 1436 3753 1504 multas,
3783 1436 3841 1491 id

2255 1544 2357 1602 est,
2380 1533 2737 1603 cogitationes
2765 1532 2995 1601 iniquas,
3027 1536 3082 1585 et
3100 1543 3254 1599 reges
3279 1529 3462 1596 fortes,
3486 1526 3541 1584 id
3566 1534 3670 1592 est,
3691 1524 3842 1600 prin-

2256 1627 2403 1697 cipes
2430 1623 2571 1679 aeris
2595 1622 2753 1692 hujus
2780 1621 2982 1676 mundi.
3016 1617 3084 1673 Et
3111 1620 3254 1675 Seon
3285 1633 3465 1689 regem
3491 1616 3843 1675 Amori-bato-

2212 1762 2217 1769 ,
2254 1730 2393 1772 rum.
2426 1713 2766 1769 Amorrhsaos
2812 1710 3078 1766 Hebraieo
3124 1724 3373 1765 sermone
3424 1712 3717 1766 extraneos
3761 1709 3848 1764 in-

2258 1798 2646 1877 terpretantur.
2669 1802 2869 1873 Regem
2890 1817 3020 1871 ergo
3051 1798 3505 1867 Amorrhteorum,
3533 1799 3588 1856 id
3618 1806 3722 1864 est.
3750 1815 3849 1857 ex-

570 1898 823 1974 Domino,
863 1908 1039 1978 primo
1061 1906 1316 1977 quoniam
1351 1904 1545 1969 bonus,
1576 1908 1631 1956 et
1659 1905 1846 1970 postea
1874 1898 2015 1952 bona
2043 1894 2159 1951 fue-
2184 1892 2234 1963 Β
2260 1906 2589 1965 traneorum,
2626 1896 2881 1952 interﬁcit
2903 1893 3183 1951 Dominus.
3210 1893 3277 1950 Et
3301 1906 3483 1964 regem
3512 1892 3711 1951 Busan.
3740 1893 3849 1950 Da-

573 2002 646 2057 rit
671 1998 939 2056 confessio
964 1995 1087 2052 ﬁdei
1109 2003 1328 2051 nostra.
1352 1986 1503 2049 Tunc
1520 1990 1798 2047 dicamus:
1822 1984 1881 2043 in
1903 1985 2156 2042 saeculum

572 2090 941 2147 misericordia
970 2087 1107 2158 ejus.
1138 2086 1254 2142 Non
1284 2092 1466 2157 potest
1502 2083 1681 2155 perire
1721 2080 1989 2137 confessio
2019 2076 2153 2149 ejus,

578 2182 746 2254 quiin
778 2182 883 2235 isto
909 2176 1106 2235 saaculo
1132 2192 1230 2235 sua
1266 2176 1465 2232 delicta
1493 2176 1731 2231 accusat.
1761 2168 2003 2227 inveniet
2043 2168 2160 2224 sine
2192 2242 2201 2245 _

577 2268 738 2328 dubio
762 2272 1022 2342 pietatem
1048 2268 1164 2336 Dei,
1196 2269 1290 2339 qui
1329 2280 1481 2323 suam
1501 2266 1552 2321 ei
1578 2261 1970 2320 confessionem
1998 2259 2159 2317 obiuh

574 2365 700 2420 ierit
740 2382 753 2418 :
788 2365 833 2419 si
885 2363 1125 2433 quotidie
1171 2362 1401 2433 accipiat
1450 2356 1845 2416 confessionem
1896 2362 2158 2422 nostram,

579 2456 819 2526 quotidie
845 2470 997 2510 suam
1030 2455 1185 2510 nobis
1213 2454 1510 2509 bonitatem
1540 2451 1797 2521 impartit.
1827 2446 1897 2503 Et
1921 2448 1968 2503 si
1991 2460 2089 2502 nos
2107 2445 2164 2500 in

581 2547 885 2602 confitendo
915 2561 1023 2602 non
1049 2545 1376 2610 deﬁciamus,
1405 2542 1675 2614 quomodo
1702 2538 1791 2596 ille
1817 2540 1873 2594 in
1900 2538 2164 2594 miseren-

581 2636 652 2693 do
681 2636 947 2694 cessabit?
983 2634 1351 2700 Peccavimus,
1381 2646 1578 2705 negare
1607 2648 1712 2689 non
1737 2644 2039 2709 possumus,
2070 2627 2167 2685 ha-

580 2725 769 2784 bemus
796 2729 961 2784 multa
990 2736 1229 2799 peccata.
1260 2725 1432 2782 Aliter
1460 2726 1538 2781 eis
1565 2738 1676 2780 non
1716 2724 2034 2792 carebimus,
2063 2720 2168 2777 nisi

582 2810 823 2893 quotidie
880 2828 937 2876 ut
974 2804 1131 2875 nobis
1155 2819 1514 2875 dhnittantur.
1545 2816 1830 2873 Dominum
1860 2826 2165 2871 exoremus.

581 2909 855 2980 Siquidem
884 2909 1001 2980 ejus
1043 2906 1287 2965 doctrina
1316 2910 1405 2976 sit,
1437 2902 1655 2963 Dimitte
1704 2905 1850 2962 nobis
1878 2903 2049 2960 debita
2072 2920 2171 2959 no-

454 3073 476 3091 λ
583 3008 690 3054 atra
719 2991 932 3073 (Matth.
964 2999 1060 3071 vr).
1084 2996 1451 3056 Conﬁteamur
1494 3008 1593 3055 nes
1619 2998 1890 3056 debitores
1915 2994 2165 3064 debitori,

584 3104 709 3145 nam
739 3098 794 3145 et
820 3107 919 3146 nos
945 3086 1217 3147 debitores
1257 3106 1443 3148 sumus
1466 3091 1603 3156 Deo,
1636 3100 1692 3147 et
1717 3090 1860 3148 Deus
1894 3099 1978 3147 est
2016 3090 2171 3146 nobis

584 3176 819 3236 debitor.
851 3176 1122 3251 Rogemus
1149 3196 1219 3237 ne
1246 3183 1522 3252 exigamur
1557 3181 1702 3252 quod
1747 3182 2023 3237 debemus.
2055 3180 2169 3237 Ro-

2259 2008 2355 2049 san
2393 1988 2716 2062 profundum
2751 1987 2963 2044 Hebraei
3000 1988 3203 2044 dicunt.
3236 1985 3305 2042 Et
3330 2000 3515 2058 regem
3542 2000 3679 2059 ergo
3722 2004 3849 2061 pro-

2258 2082 2430 2151 fundi,
2461 2082 2554 2152 qui
2581 2096 2681 2137 nos
2708 2080 2777 2136 de
2803 2078 3171 2151 superioribus
3211 2079 3280 2135 ad
3309 2078 3566 2137 inferiora
3596 2080 3716 2137 vult
3751 2082 3849 2138 du-

2260 2188 2401 2242 cere,
2424 2174 2645 2230 ethunc
2668 2172 2924 2228 interﬁcit
2950 2170 3216 2239 Christus,
3245 2179 3300 2228 et
3330 2173 3515 2228 omnia
3542 2188 3707 2244 regna
3735 2174 3850 2244 eius

2260 2268 2463 2339 quiest
2490 2266 2678 2322 irrisor
2703 2264 2987 2334 interﬁcit;
3018 2262 3188 2322 Cbam
3213 2265 3358 2321 enim
3404 2266 3595 2323 irrisor
3622 2267 3852 2348 exponi:

2259 2368 2367 2416 tur.
2393 2357 2536 2429 Ergo
2558 2373 2681 2415 cum
2699 2358 2801 2415 hos
2825 2371 3014 2415 omnes
3033 2354 3365 2415 interfecerit
3385 2358 3543 2415 nobis
3564 2357 3844 2426 Dominus,

2260 2456 2391 2506 tunc
2416 2448 2507 2504 dat
2534 2456 2733 2504 terram
2762 2462 2973 2515 eorum,
3019 2446 3072 2504 id
3118 2450 3218 2517 est,
3250 2462 3484 2521 corpora
3536 2459 3736 2517 nostra,
3783 2452 3845 2506 in

2269 2538 2464 2609 quibus
2491 2537 2569 2592 illi
2595 2538 2911 2608 regnabant,
2934 2537 3029 2594 dat
3053 2552 3173 2594 eam
3193 2538 3350 2595 nobis
3367 2538 3423 2595 in
3443 2540 3813 2596 hereditatem
3838 2559 3852 2595 :

2266 2630 2313 2687 si
2338 2639 2521 2687 tamen
2558 2630 2684 2687 facti
2721 2629 2886 2687 israei
2907 2629 3076 2688 Deum
3107 2630 3288 2688 videre
3330 2648 3431 2705 per
3454 2632 3636 2701 ﬁdem,
3666 2645 3722 2694 et
3750 2654 3855 2696 non

2265 2738 2367 2798 per
2391 2723 2625 2795 speciem
2657 2724 2956 2796 cupiamus.
2986 2723 3180 2781 Videat
3206 2735 3331 2797 post
3353 2727 3469 2784 haec
3498 2722 3855 2789 humilitatem

2268 2824 2527 2895 nostram,
2559 2822 2614 2873 et
2633 2815 2827 2873 liberet
2854 2832 2955 2875 nos
2973 2812 3042 2873 de
3068 2832 3231 2874 manu
3253 2821 3494 2876 omnium
3518 2822 3855 2882 inimicorum

2266 2916 2596 2989 nostrorum.
2620 2908 2712 2966 Sic
2732 2909 2875 2964 enim
2897 2917 2952 2965 et
2981 2909 3036 2964 in
3058 2910 3165 2965 alio
3191 2911 3400 2983 psalmo
3424 2911 3521 2980 ait,
3552 2915 3644 2986 qui
3665 2914 3854 2972 libera-

2267 3008 2384 3057 tum
2412 3016 2472 3057 se
2501 3014 2621 3057 esse
2647 3001 2883 3059 cantavit
2914 3018 2929 3055 :
2962 3000 3279 3059 Humiliotus
3322 3018 3456 3070 aut,
3500 3006 3693 3077 inquit,
3721 3010 3853 3064 αδ.

2270 3093 2466 3149 Movit
2490 3110 2573 3149 me
2603 3093 2720 3166 (Ps.
2752 3091 2918 3166 exn).
2937 3092 3225 3152 Videamus
3253 3097 3340 3153 isti
3357 3099 3466 3154 duo
3494 3100 3745 3157 versiculi
3768 3105 3854 3173 qui

2271 3195 2577 3258 supersunt,
2607 3202 2717 3259 quo
2741 3187 3040 3244 intendant.
3073 3187 3174 3256 Qui
3195 3188 3288 3245 dat
3315 3204 3495 3248 eseam
3520 3195 3667 3250 omni
3686 3182 3854 3251 cauti.

585 3282 771 3349 gemus
798 3286 867 3327 ne
893 3271 1083 3328 reddat
1109 3272 1256 3343 quod
1275 3270 1455 3328 debet.
1477 3268 1570 3328 Vae
1598 3286 1727 3342 ergo
1756 3272 1928 3340 nobis,
1954 3268 1999 3327 si
2026 3270 2171 3342 quod
2192 3264 2244 3338 α
2271 3275 2342 3337 Et
2366 3277 2696 3334 conﬁtemini
2747 3278 2860 3336 Deo
2889 3278 3032 3346 creti,
3057 3280 3213 3351 quasi
3237 3281 3329 3351 qui
3358 3281 3503 3339 dicat
3536 3301 3552 3338 :
3580 3283 3738 3352 celi,
3778 3292 3857 3341 te

587 3360 844 3429 debemus
864 3365 1125 3433 exegerit.
1158 3360 1298 3419 Nihil
1328 3358 1481 3433 dicis,
1510 3363 1665 3447 quasi
1693 3376 1799 3418 non
1829 3356 1972 3419 Deus
1998 3362 2170 3418 omni-

586 3465 799 3528 potens,
839 3467 897 3512 et
935 3468 1101 3526 regna
1139 3457 1399 3514 caelorum
1427 3457 1766 3527 debeatque:
1791 3457 2054 3527 promisit.
2079 3454 2173 3512 Va:

588 3549 759 3615 nobis,
786 3552 831 3603 si
859 3548 1003 3618 quod
1023 3549 1183 3606 debet
1210 3549 1518 3605 reddiderit.
1552 3549 1751 3615 Verum
1779 3536 1903 3620 quia
1924 3549 2044 3621 plus
2068 3556 2168 3615 est,

589 3640 645 3703 et
673 3640 815 3697 Deus
840 3640 1063 3696 deorum
1112 3651 1214 3710 est,
1246 3651 1303 3707 et
1344 3638 1601 3707 Dominus
1629 3641 1989 3711 dominorum,
2021 3643 2174 3715 quasi

590 3732 683 3802 qui
712 3731 843 3800 nihil
874 3728 1074 3804 indiget
1092 3734 1361 3811 rogandus
1376 3742 1458 3789 est
1478 3743 1535 3789 ut
1555 3732 1807 3793 dimittat.
1828 3733 1975 3790 Sane
2004 3743 2059 3790 tu
2081 3736 2175 3805 qui

590 3825 1011 3884 misericordiam
1039 3824 1264 3897 ﬂagitas,
1312 3828 1452 3883 scias
1477 3827 1603 3898 quia
1634 3843 1739 3882 non
1780 3826 2039 3894 invenies,
2073 3827 2176 3884 nisi
2204 3866 2209 3871 ι

588 3918 747 3976 recta:
780 3919 903 3974 lidei
954 3918 1119 3985 fueris
1164 3918 1504 3976 confessione
1555 3920 1861 3976 decoratus.
1905 3914 2175 3977 Conﬁtere
2221 3949 2229 3953 ~

590 4026 720 4082 ergo
749 4005 893 4068 hunc
921 4028 1040 4069 esse
1068 4009 1238 4069 Deum
1258 4018 1434 4093 tuum,
1460 4014 1550 4084 qui
1578 4010 1703 4077 fecit
1722 4014 1908 4079 caelos,
1935 4015 1988 4070 in
2012 4006 2174 4070 intel-

590 4099 733 4158 lectu
767 4113 970 4170 nostro,
1003 4113 1061 4158 ut
1089 4105 1327 4174 ipsorum
1351 4104 1508 4160 nobis
1545 4104 1692 4160 solus
1720 4104 2060 4177 pulchrescat
2087 4118 2175 4160 as-

596 4200 814 4261 pectus;
845 4195 935 4262 qui
982 4194 1220 4263 fundavit
1246 4202 1443 4259 terram
1488 4208 1651 4264 super
1680 4208 1863 4263 aquas,
1896 4202 1956 4249 ut
1982 4208 2177 4265 corpus

596 4288 836 4335 nostrum
866 4280 1006 4336 unda
1037 4284 1171 4337 sacri
1215 4285 1554 4353 baptismatis
1598 4284 1879 4348 abluatur;
1911 4287 2001 4352 qui
2050 4287 2177 4341 iecit

594 4371 875 4425 luminaria
903 4372 1011 4428 duo
1038 4385 1229 4441 magna
1261 4374 1426 4439 solus,
1452 4388 1619 4449 unum
1651 4376 1701 4441 in
1742 4375 1830 4430 die
1853 4376 1974 4430 novi
1997 4374 2177 4430 Testa-

592 4464 778 4539 menti,
806 4465 953 4534 quod
1006 4466 1147 4529 sicut
1175 4467 1255 4522 sol
1300 4467 1475 4523 radiat
1522 4469 1577 4535 in
1633 4467 1834 4523 lumine
1874 4468 2173 4538 agentibus,

444 4548 453 4561 '
496 4565 500 4567 ‘
595 4548 738 4607 aliud
776 4555 829 4609 in
860 4564 1016 4611 nocte
1040 4555 1255 4625 judaica
1284 4559 1743 4625 conversantibus.
1774 4558 1833 4613 in
1864 4575 2005 4616 novo
2033 4561 2176 4616 enim

596 4653 783 4714 aperte
802 4646 955 4715 quod
1005 4644 1217 4715 legitur,
1251 4650 1388 4704 sicut
1410 4650 1466 4704 in
1496 4651 1581 4705 die
1606 4651 1662 4705 in
1691 4652 1804 4722 ipsa
1828 4646 2007 4708 littera
2046 4668 2172 4729 per-
2200 4650 2256 4718 Ι)

594 4735 852 4791 lustratur
878 4746 909 4791 a
934 4732 1172 4804 Christo,
1204 4739 1294 4808 qui
1338 4748 1419 4793 est
1440 4734 1538 4794 Sol
1564 4754 1724 4796 verus
1739 4740 1976 4815 justitize.
2005 4743 2175 4801 inve-
2286 4763 2297 4775 ο

593 4827 691 4880 teri
722 4838 902 4884 autem
931 4828 1030 4885 sub
1054 4830 1248 4885 interm
1286 4832 1540 4900 tegmine,
1560 4833 1717 4902 quasi
1756 4833 1813 4887 in
1844 4842 2002 4909 nocte
2024 4836 2176 4905 posi-

589 4922 727 4983 tum,
775 4930 804 4972 a
830 4919 978 4985 luna,
1005 4918 1190 4989 idest,
1224 4923 1293 4977 ab
1320 4918 1560 4978 Ecclesia
1609 4923 2008 4991 manifestatur;
2056 4926 2173 4998 ipsa

593 5009 736 5064 enim
784 5018 867 5066 est
914 5011 1041 5067 luna
1070 5028 1189 5083 quas
1224 5017 1416 5072 crescit
1467 5017 1519 5071 in
1560 5020 1777 5086 sanctis,
1831 5018 2091 5077 decrescit
2116 5016 2174 5077 in

594 5103 990 5173 peccatoribus,
1038 5104 1186 5161 lucet
1230 5109 1283 5162 in
1327 5110 1563 5165 tenebris
1607 5112 1918 5180 ignorantiae
1960 5115 2170 5185 positis,

593 5193 755 5249 habet
802 5202 855 5250 et
898 5188 1080 5251 stellas
1116 5197 1169 5251 in
1198 5196 1447 5266 gradibus
1475 5201 1604 5257 suis.
1652 5203 1819 5258 Aliter
1847 5207 1989 5262 enim
2031 5206 2175 5262 lucet

591 5285 645 5340 in
687 5286 960 5361 episcopo,
995 5284 1151 5344 aliter
1180 5289 1231 5343 in
1258 5284 1593 5369 presbytero,
1626 5290 1781 5350 aliter
1821 5296 1875 5351 in
1919 5296 2166 5363 diacono,

594 5376 723 5431 etin
746 5379 954 5433 ueteris
988 5379 1215 5447 clericis,
1256 5374 1313 5435 in
1341 5384 1534 5461 quibus
1557 5386 1870 5455 praedicatur
1889 5385 2184 5455 Dominus,

590 5468 682 5536 qui
709 5470 972 5539 percussit
1000 5466 1291 5542 Egyplum
1338 5488 1460 5528 cum
1503 5468 1784 5545 primitivis
1825 5490 2033 5545 eorum,
2064 5487 2175 5541 tor-

592 5572 702 5611 ram
744 5556 948 5616 scilicet
973 5550 1440 5634 superstitionibus
1469 5567 1679 5637 plenam
1718 5582 1839 5624 cum
1870 5566 2168 5639 daemoniis,

594 5648 685 5714 qui
739 5649 790 5702 in
838 5665 902 5705 ea
945 5650 1142 5722 degunt
1179 5656 1314 5725 :qui
1363 5652 1485 5712 ideo
1513 5660 1855 5728 primogeniti
1900 5660 2167 5727 dicuntur,

595 5734 717 5802 quia
747 5739 924 5793 nullus
951 5746 1212 5799 vetustior
1241 5753 1332 5799 aut
1358 5740 1507 5816 prior
1536 5742 1588 5802 in
1619 5757 1842 5819 peccato
1872 5748 2164 5807 dmmoniis.

594 5823 799 5897 Quibus
822 5833 1108 5903 percussis,
1141 5835 1382 5892 educitur
1422 5832 1591 5899 lsrael
1634 5840 1701 5900 de
1734 5842 1913 5901 medio
1960 5858 2166 5903 eorum.

2273 3378 2385 3427 stes
2426 3370 2558 3427 estis
2582 3372 2708 3442 quia
2752 3372 2928 3428 omnis
2972 3384 3102 3429 caro
3129 3371 3335 3441 alitum,
3366 3373 3663 3445 hominum,
3684 3390 3858 3448 per»

2264 3456 2420 3529 duo,
2454 3467 2615 3532 atque
2641 3458 2943 3533 repentium
2986 3474 3019 3519 a
3047 3463 3161 3521 Deo
3185 3465 3423 3536 pascitur
3453 3484 3469 3520 ε
3497 3467 3602 3523 hoc
3626 3467 3859 3524 conﬁte-

2273 3550 2407 3607 mini
2431 3562 2549 3618 vos,
2578 3568 2613 3607 ο
2630 3552 2773 3621 ereti,
2803 3548 3093 3611 Dominum
3139 3553 3268 3611 dare
3294 3568 3467 3611 esum
3490 3558 3649 3617 omni.
3666 3559 3830 3615 carni
3844 3577 3863 3626 ;

2274 3646 2370 3698 aut
2396 3650 2491 3698 vos
2518 3642 2788 3710 homines,
2818 3643 2987 3700 Deum
3016 3645 3138 3701 ntuli
3166 3645 3359 3701 erudite
3382 3656 3595 3699 creasse
3623 3648 3861 3702 univor-

2273 3750 2353 3805 sa,
2381 3746 2438 3794 et
2460 3752 2681 3817 pascere
2705 3741 2906 3808 omnia,
2936 3752 3055 3811 quae
3092 3738 3484 3795 anathemabilis
3514 3737 3853 3796 timidum

2274 3830 2563 3901 denegans,
2600 3844 2817 3889 carnem
2841 3842 3057 3890 omnem
3084 3832 3299 3890 diabolo
3320 3828 3448 3889 dicit
3465 3839 3686 3888 auctore
3709 3846 3869 3889 eon-

2273 3932 2438 3989 stare,
2489 3932 2543 3979 et
2570 3923 2687 3994 ejus
2721 3925 3022 3981 ministerio
3065 3924 3133 3981 ad
3176 3921 3551 3997 pinguedinem
3595 3925 3869 3994 saginari.

2273 4013 2385 4071 Nos
2412 4022 2590 4071 autem
2638 4015 2997 4072 eonﬁteamur
3025 4017 3169 4073 hunc
3211 4015 3383 4072 Deum
3426 4030 3549 4072 esse
3574 4016 3718 4083 mli,
3764 4018 3872 4088 qni

2276 4107 2367 4165 dat
2390 4120 2572 4165 eseam
2626 4109 2773 4164 omni
2821 4109 3000 4177 carni;
3030 4116 3089 4165 et
3114 4111 3253 4166 sicut
3291 4110 3396 4165 iste
3447 4109 3688 4180 psalmus
3712 4109 3869 4177 fecit,

2274 4204 2350 4259 ita
2377 4202 2653 4269 faciamus,
2684 4213 2747 4260 ut
2773 4216 2872 4276 per
2897 4204 3107 4273 singula
3147 4204 3310 4259 verba
3354 4202 3712 4259 conlessionis
3767 4218 3872 4259 no-

2277 4298 2402 4351 stra:
2441 4307 2759 4351 cantemus:
2788 4294 3056 4363 Quoniam
3101 4297 3155 4352 in
3192 4297 3448 4352 saeuiunt
3492 4297 3873 4353 misericordia

2278 4388 2413 4457 eius,
2444 4387 2498 4443 id
2526 4399 2629 4454 est,
2656 4387 2755 4443 Dei
2784 4390 2953 4444 nostri
2981 4387 3175 4469 Patris,
3206 4397 3264 4445 et
3288 4389 3431 4457 run,
3462 4391 3556 4462 qui
3586 4399 3779 4460 regnat
3810 4393 3872 4447 it

2276 4481 2479 4536 imitate
2505 4476 2747 4546 Deitatis,
2776 4489 2899 4536 ante
2923 4482 3122 4549 omnia,
3153 4491 3205 4540 et
3234 4496 3395 4549 nune,
3445 4491 3504 4538 et
3530 4496 3762 4552 semper,
3796 4490 3863 4537 et

2278 4589 2376 4644 per
2395 4573 2574 4629 omnia
2603 4572 2797 4628 saecula
2821 4573 3158 4629 surculorum.
3192 4572 3383 4628 Amen.

2753 4705 3069 4769 PSALMUS
3104 4706 3383 4771 CXXXVI.

2709 4818 2935 4885 Alleluia
2970 4821 3211 4893 psalmis
3244 4819 3433 4881 David.

2352 4924 2520 5012 super
2542 4930 2758 5003 ﬂumina
2789 4930 3093 5005 Babylonis,
3118 4933 3227 4988 illis
3274 4933 3506 4989 κᾶνω
3530 4942 3583 4989 et
3609 4935 3890 5005 ﬂeui-us,

2281 5020 2399 5076 dum
2427 5023 2811 5077 recordamur
2831 5025 2923 5087 tui,
2949 5021 3097 5079 Sion.
3124 5022 3191 5079 In
3213 5025 3460 5078 salicibus
3478 5026 3539 5079 in
3558 5026 3748 5083 modio
3770 5032 3895 5101 ejus

2280 5112 2635 5182 suspendimus
2661 5126 2860 5184 organa
2883 5123 3078 5169 "eam.
3114 5111 3252 5178 Quid
3286 5115 3394 5169 illis
3419 5117 3902 5189 interrogem

2278 5217 2384 5262 nos,
2395 5203 2478 5273 qui
2502 5203 2725 5272 captiuos
2748 5203 3007 5258 atumem!
3020 5216 3139 5271 nos,
3164 5205 3320 5260 Ma
3344 5207 3676 5263 eadem.
3706 5210 3792 5267 Et
3810 5218 3903 5289 qui

2276 5292 2600 5348 obduxerint!
2647 5310 2763 5363 nos,
2809 5297 3051 5370 lignatum
3086 5297 3501 5369 animum
3540 5302 3609 5356 de
3654 5311 3903 5364 milia

2280 5384 2430 5441 Sion.
2465 5384 2731 5450 Quomodo
2772 5389 3096 5446 cantabimus"
3119 5393 3377 5448 satiricum:
3402 5391 3626 5449 Domini
3655 5398 3727 5453 in
3752 5410 3906 5459 earn

2277 5477 2485 5531 aliena?
2506 5474 2567 5532 Si
2596 5477 2784 5533 oblitus
2815 5481 3081 5551 fuero'uri,
3104 5481 3414 5550 let-itam,
3444 5482 3714 5542 oblivioni
3741 5493 3911 5550 (seu

2279 5569 2488 5624 dextera
2510 5582 2645 5625 meo.
2677 5571 2955 5627 Alban-eat
2991 5572 3171 5645 lingua
3192 5590 3309 5632 mea
3341 5574 3577 5650 fascibus
3610 5586 3799 5653 πάι,
3863 5587 3914 5644 ιε

2276 5676 2381 5717 non
2404 5664 2682 5718 meminero
2712 5665 2806 5718 tui.
2854 5664 2915 5720 Si
2954 5680 3062 5721 non
3091 5680 3405 5739 proponam
3445 5666 3808 5746 lem-lam,
3852 5684 3913 5738 in

2278 5757 2533 5835 principio
2560 5756 2755 5812 latitia
2781 5772 2925 5813 mete.
2955 5758 3161 5816 lateor
3185 5769 3314 5827 esto,
3345 5760 3599 5830 Domine,
3643 5771 3913 5840 ﬁlia“

2278 5842 2559 5919 Edam,i1t
2589 5847 3003 5910 (ﬁliarum.
3030 5849 3385 5919 eum;
3784 5873 3917 5931 es.
