4088 6346
669 420 773 475 545

1985 405 2254 464 ARNOBII
2290 404 2590 463 JUNIOBIS

3844 418 3944 473 5M

668 545 834 600 tuam,
862 542 918 589 et
943 532 1224 590 veritatem
1261 540 1426 590 tuam.
1457 532 1598 589 Nihil
1622 531 1766 588 aliud
1810 528 2098 587 conﬁtetur
2121 526 2238 583 ani-
2262 527 2320 590 Α
2343 524 2638 581 habitavere
2666 527 2721 580 in
2749 529 2992 585 extremis
3018 532 3200 586 maris.
3233 529 3440 588 Etenim
3464 532 3589 589 illuc
3627 491 3826 591 manus
3861 545 3939 594 tua

668 643 755 683 ma
783 627 893 682 Deo
920 627 975 681 iu
996 633 1288 696 conspectu
1316 625 1651 696 angelorum,
1678 623 1782 678 nisi
1820 621 2241 678 misericordiam

577 791 580 794 ἢ
665 733 771 786 qua
810 715 1119 786 redemptus
1146 725 1247 781 est,
1277 724 1333 772 et
1378 730 1486 785 qua
1531 714 1770 770 eruditus
1815 720 1898 768 est
1936 712 2240 768 veritatem.

649 809 836 878 Quam
861 808 1180 865 veritatem?
1207 808 1357 864 Hanc
1373 809 1490 864 sine
1513 807 1697 874 dubio,
1726 806 1782 862 in
1807 820 1914 876 qua
1937 803 2245 874 magniﬁca-

665 910 777 957 tum
805 909 888 956 est
913 916 1074 971 super
1104 902 1289 957 omnia
1333 915 1530 957 nomen
1571 899 1688 969 ejus
1727 904 1990 953 sanctum.
2037 894 2244 952 Nomen

662 993 807 1048 enim
833 1001 916 1048 est
941 994 1046 1050 hoc
1069 993 1208 1066 quod
1242 1001 1318 1047 est
1344 1009 1498 1064 super
1528 1008 1678 1047 omne
1718 1006 1906 1045 nomen
1935 987 2127 1061 (Phil.,
2156 986 2238 1060 ιι).

647 1081 952 1140 Videamus
981 1099 1124 1138 nunc
1162 1099 1271 1152 quo
1309 1083 1498 1138 ordine
1526 1081 1593 1137 ad
1619 1083 1724 1138 hoc
1748 1081 1920 1153 possit
1941 1079 2154 1150 attingi.
2185 1079 2242 1134 In

661 1189 997 1246 quacunque,
1022 1174 1212 1244 inquit,
1235 1173 1323 1230 die
1344 1175 1663 1230 invocavero
1683 1181 1756 1240 te,
1772 1172 2032 1228 velociter
2049 1172 2244 1228 exaudi

660 1281 766 1323 me.
797 1266 866 1322 Et
891 1268 1015 1337 quia
1043 1283 1140 1338 per
1164 1265 1524 1322 inﬁrmitatem
1551 1281 1705 1321 suam
1735 1266 1994 1321 diminuta
2014 1264 2241 1345 est-ani-

660 1373 751 1413 ma
780 1373 930 1424 mea;
962 1367 1021 1413 tu
1041 1358 1333 1429 multiplica
1357 1373 1476 1414 eam
1506 1357 1560 1413 in
1589 1357 1787 1412 virtute
1813 1365 1924 1412 tua.
1954 1355 2072 1412 Non
2098 1357 2241 1411 enim

661 1449 863 1520 poterit
871 1449 1104 1519 seipsam
1115 1456 1305 1504 eruere
1324 1449 1500 1504 anima
1520 1448 1588 1504 de
1608 1448 1918 1518 muscipulis
1937 1447 2238 1514 occultatis,

660 1549 717 1596 et
737 1540 804 1595 de
828 1539 997 1596 foveis
1022 1541 1195 1605 caecis,
1227 1541 1280 1595 in
1309 1540 1503 1611 quibus
1530 1549 1757 1610 regnant
1784 1540 1914 1595 vitia
1942 1556 2105 1611 super
2124 1556 2238 1608 eos,

661 1631 753 1698 qui
796 1631 1101 1687 inciderunt
1143 1646 1307 1702 super
1333 1631 1430 1686 eis.
1479 1629 1548 1686 Ut
1575 1645 1705 1700 ergo
1732 1631 1962 1686 Domino
1988 1632 2242 1687 vitiorum

661 1727 970 1796 eripiamur,
1023 1727 1078 1781 in
1122 1727 1321 1782 virtute
1367 1726 1580 1782 Domini
1624 1723 1953 1781 conﬁdamus
1973 1765 1990 1790 ,
2031 1735 2092 1781 ut
2128 1727 2244 1798 ipse

661 1816 979 1886 multiplicet
1018 1817 1249 1872 animam
1292 1826 1532 1872 nostram
1578 1818 1633 1872 in
1673 1817 1872 1872 virtute
1916 1832 2032 1871 sua.
2060 1816 2241 1873 Conﬁ-

2347 616 2556 673 deducet
2581 635 2680 681 me,
2704 627 2755 673 et
2778 619 2966 676 latebit
3001 639 3083 677 me
3108 623 3323 680 dextera
3350 633 3458 680 tua.
3491 623 3561 680 Et
3588 627 3704 682 dixi
3735 645 3754 683 :
3791 627 3936 684 For-

2343 710 2479 763 sitan
2507 709 2726 766 tenebris
2751 709 3117 768 conculcabunt
3144 732 3244 782 me,
3265 725 3318 770 et
3340 733 3452 785 nos.
3475 717 3792 774 illuminatio
3828 738 3936 775 mea

2342 800 2400 854 in
2427 799 2622 856 deliciis
2649 804 2796 858 meis.
2823 800 2957 868 Quia
2987 803 3209 861 tenebrat
3227 823 3333 862 non
3359 807 3773 866 obscurabuntur
3804 827 3845 864 α
3878 821 3931 877 te,

2343 901 2394 946 et
2419 908 2525 946 nos:
2551 893 2684 947 sicut
2711 894 2820 949 dies
2846 894 3242 964 illuminabitur,
3267 899 3398 954 sicut
3446 899 3660 955 tenebrat
3688 900 3838 972 ejus,
3871 903 3932 954 ita

2343 993 2394 1038 et
2417 984 2587 1042 lumen
2613 985 2744 1056 ejus.
2777 983 2914 1050 Quia
2960 997 3014 1042 tu
3049 989 3318 1060 possedisti
3361 1008 3508 1047 renes
3551 1010 3714 1061 meos,
3751 1009 3930 1047 susce-

2343 1074 2468 1144 pisti
2491 1092 2572 1129 me
2594 1075 2659 1130 de
2683 1085 2828 1132 utero
2853 1080 3038 1134 matris
3063 1097 3209 1136 mere.
3241 1081 3535 1152 Conﬁtebor
3561 1083 3651 1138 tibi
3677 1086 3928 1157 quoniam

2343 1168 2640 1226 terribiliter
2683 1173 3051 1244 magniﬁcatus
3102 1190 3177 1241 es,
3229 1173 3490 1230 mirabilia
3535 1193 3692 1247 opera
3722 1186 3849 1240 tua.
3885 1186 3926 1231 et
3950 1172 3962 1222 ἰ

2341 1261 2518 1315 anima
2543 1279 2659 1316 mea
2703 1271 2972 1336 cognoscet
3018 1265 3192 1320 nimis.
3223 1263 3347 1321 Non
3397 1275 3474 1320 est
3512 1268 3838 1323 occultatus.
3875 1286 3923 1324 es

2341 1369 2508 1407 meum
2534 1369 2567 1406 a
2611 1361 2662 1408 te
2686 1354 2821 1426 quod
2856 1357 3025 1427 fecisti
3060 1358 3114 1410 in
3144 1358 3368 1423 occulto,
3392 1367 3444 1412 et
3484 1359 3779 1416 substantia
3815 1380 3922 1418 utea

2339 1445 2397 1498 in
2448 1446 2784 1515 inferioribus
2830 1454 3001 1502 terra.
3058 1445 3637 1520 Imperfectum-meum
3688 1453 3918 1507 uiderunt

2341 1534 2476 1589 oculi
2503 1536 2597 1598 tui,
2628 1542 2678 1589 et
2705 1537 2758 1590 in
2788 1535 2918 1592 libro
2948 1545 3033 1592 tuo
3060 1554 3235 1595 omnes
3263 1540 3563 1606 scribentur,
3586 1541 3699 1596 dies
3730 1544 3916 1614 {oma-

2342 1625 2530 1680 buntur
2556 1635 2608 1680 et
2633 1643 2782 1682 nemo
2808 1629 2866 1682 in
2901 1629 2994 1684 eis.
3020 1627 3153 1683 Mihi
3190 1638 3359 1684 autem
3399 1633 3554 1688 nimis
3594 1632 3915 1705 honoriﬁcati

2343 1725 2463 1796 sunt
2490 1719 2645 1772 amici
2667 1719 2762 1784 tui,
2785 1718 2946 1786 Deus,
2970 1721 3126 1774 nimis
3151 1724 3474 1793 confortatus
3501 1734 3578 1778 est
3603 1728 3912 1796 principatus

2343 1795 2543 1863 eorum.
2575 1807 2930 1865 Dinumerabo
2967 1828 3074 1876 eos,
3107 1821 3158 1866 et
3190 1829 3343 1884 super
3370 1831 3583 1869 arenam
3605 1795 3912 1889 multiplica-

674 1914 889 1962 teantur
931 1908 1046 1974 tibi,
1095 1907 1341 1974 Domine,
1385 1923 1574 1964 omnes
1619 1923 1775 1978 reges
1817 1913 1994 1973 terrm,
2043 1908 2097 1963 id
2137 1917 2232 1976 est,

2343 1901 2552 1968 buntur,
2579 1903 2852 1957 exsurrexi
2876 1911 2928 1958 et
2963 1905 3133 1958 adhuc
3173 1923 3286 1961 sum
3325 1916 3504 1962 tecum.
3552 1909 3614 1964 Si
3652 1912 3908 1978 occideris,

661 2013 850 2054 omnes
877 1997 1107 2068 apostoli
1132 2015 1145 2051 :
1166 1997 1292 2068 quia
1320 1997 1549 2052 terrenis
1573 1997 1935 2068 voluptatibus
1956 1997 2239 2068 imperant,

656 2101 812 2156 reges
841 2095 997 2143 terrae
1023 2088 1130 2143 hoc
1169 2087 1288 2143 loco
1324 2088 1454 2143 dicti
1499 2095 1621 2142 sunt
1661 2088 1782 2159 ipsi,
1821 2088 1915 2156 qui
1962 2088 2243 2166 audierunt

649 2178 822 2252 verba
869 2193 939 2234 ex
983 2193 1077 2234 ore
1119 2185 1231 2244 tuo,
1260 2177 1486 2234 Domine
1512 2175 1640 2234 Jesu
1679 2175 1910 2233 Christe.
1945 2177 2049 2248 Ipsi
2077 2178 2240 2233 etiam

657 2278 878 2324 cantant
906 2271 959 2324 in
988 2269 1212 2325 canticis
1235 2269 1463 2325 Domino
1492 2269 1778 2325 canticum.
1804 2268 1944 2324 Duas
1968 2285 2055 2325 res
2073 2271 2237 2336 canit,

657 2359 815 2414 unius
841 2359 1010 2428 partis
1033 2359 1333 2424 victoriam,
1365 2359 1584 2415 alterius
1611 2359 1985 2430 perditionem.
2009 2358 2243 2416 Cantent

656 2465 804 2522 ergo,
834 2453 959 2521 quia
987 2465 1179 2520 magna
1200 2459 1284 2506 est
1319 2451 1489 2519 gloria
1512 2451 1743 2515 Domini,
1775 2451 1988 2520 quando
2035 2451 2089 2506 in
2119 2452 2240 2508 altis

657 2543 834 2598 crucis
859 2543 1123 2609 habitans,
1153 2542 1393 2612 respexit
1437 2541 1656 2596 humilia
1694 2541 2008 2606 inferorum,
2049 2549 2103 2596 et
2130 2542 2237 2597 alta

657 2633 722 2688 de
752 2634 910 2703 longe
936 2633 1208 2704 cognovit.
1236 2631 1430 2690 Postea
1452 2635 1595 2689 enim
1614 2635 1749 2689 vidit
1775 2636 1974 2690 inferos
2002 2644 2059 2690 et
2081 2636 2238 2703 longe

657 2725 827 2781 factus
855 2734 958 2793 est,
989 2742 1098 2782 non
1145 2726 1320 2783 solum
1366 2742 1396 2782 a
1430 2727 1600 2793 ccelis,
1630 2726 1724 2782 sed
1768 2728 1837 2783 ab
1883 2729 1998 2799 ipsa
2044 2737 2187 2784 terra
2219 2748 2232 2783 :

653 2816 830 2888 abyssi
860 2816 1124 2888 profunda
1147 2817 1481 2874 descendens
1505 2819 1680 2883 scidit,
1724 2827 1781 2874 et
1823 2820 1947 2890 quia
1985 2819 2109 2875 inde
2151 2837 2230 2877 re-

653 2915 951 2962 Verteretur
990 2909 1058 2963 ad
1102 2924 1344 2980 superos,
1387 2916 1444 2964 et
1487 2909 1612 2981 quia
1642 2924 1673 2964 a
1701 2909 1944 2980 superbis
1971 2919 2237 2966 remearet

655 3001 723 3054 ad
751 3002 934 3056 caelos.
966 3001 1056 3057 Sic
1099 3017 1229 3071 ergo
1269 3003 1376 3056 alta
1401 3001 1470 3057 de
1517 3003 1674 3071 longe
1711 3003 1980 3071 cognovit,
2021 3003 2234 3072 quando

655 3091 990 3147 ambulantes
1019 3106 1116 3147 nos
1139 3093 1195 3147 in
1234 3093 1413 3148 medio
1447 3093 1807 3147 tribulationis
1843 3091 2112 3150 viviﬁcare
2149 3094 2232 3148 di-

653 3190 849 3254 gnatus
875 3191 958 3237 est
982 3183 1266 3250 visitando,
1291 3192 1348 3239 et
1366 3198 1526 3252 super
1544 3183 1651 3238 iras
1671 3184 2006 3240 inimicorum
2027 3193 2233 3240 nostro-

2342 1989 2506 2056 Deus,
2526 2000 2849 2062 peccatores;
2869 1995 2966 2048 viri
2989 1997 3318 2066 sanguinum,
3341 1997 3597 2053 declinate
3617 2017 3650 2054 a
3668 2019 3771 2056 me.
3792 2000 3905 2067 Quia

2342 2079 2516 2134 dicitis
2557 2083 2612 2136 in
2638 2084 2950 2154 cogitatione
2983 2101 3001 2138 :
3034 2085 3307 2156 Accipient
3330 2089 3386 2142 in
3424 2090 3652 2144 vanitate
3693 2093 3904 2146 ciuitates

2340 2186 2480 2225 suas.
2515 2169 2707 2227 Nonne
2729 2174 2815 2246 qui
2835 2173 3054 2229 oderunt
3083 2185 3152 2241 te,
3178 2175 3414 2244 Domine,
3439 2179 3668 2248 oderam,
3696 2190 3749 2236 et
3768 2201 3903 2251 super

2339 2265 2576 2321 inimicos
2604 2275 2716 2322 tuos
2747 2267 3104 2324 tabescebam?
3132 2269 3373 2342 Perfecto
3401 2273 3521 2327 odio
3549 2275 3751 2329 oderam
3777 2277 3902 2342 illos,

2337 2359 2540 2413 inimici
2581 2361 2706 2430 (acti
2734 2370 2852 2415 sunt
2880 2363 3024 2416 mihi.
3059 2362 3234 2418 Proba
3269 2381 3370 2431 me,
3404 2363 3575 2432 Deus,
3599 2376 3646 2420 et
3667 2371 3792 2424 scito
3818 2387 3902 2426 cor

2339 2466 2543 2515 meum;
2570 2453 2837 2524 interroga
2883 2470 2965 2508 me
3008 2463 3058 2508 et
3098 2470 3347 2525 cognosce
3394 2459 3604 2511 semitas
3637 2475 3791 2513 meas.
3835 2460 3899 2514 Et

2337 2540 2454 2594 vide
2481 2541 2526 2594 si
2553 2542 2636 2594 via
2680 2543 2971 2615 iniquitatis
2998 2545 3053 2598 in
3093 2561 3178 2599 me
3204 2556 3308 2614 est,
3349 2555 3399 2602 et
3428 2547 3592 2603 deduc
3619 2567 3696 2604 me
3736 2553 3791 2605 in
3827 2553 3898 2606 ria

2339 2640 2552 2687 interna.

2363 2747 2372 2774 ,
2903 2721 3336 2765 COIIEN‘I'ABIUI.

2407 2816 2653 2883 Domine,
2684 2821 2927 2890 probasti
2953 2835 3069 2888 me,
3110 2823 3327 2893 quando
3355 2824 3424 2879 ad
3470 2825 3706 2882 militiam
3755 2836 3884 2883 tuam

2336 2912 2568 2966 accessi:
2599 2919 2656 2968 et
2682 2914 2980 2982 cognovisti
3007 2929 3093 2970 me
3113 2916 3339 2971 militem
3369 2926 3519 2972 tuum
3561 2935 3675 2975 esse
3697 2922 3894 2990 quando

2335 3006 2584 3075 pugnavi.
2618 3006 2751 3073 Quis
2775 3014 2955 3062 autem
2984 3007 3055 3063 sit
3069 3007 3223 3064 miles
3241 3009 3340 3064 Dei
3361 3009 3564 3066 indicat
3580 3012 3893 3068 beatissimus

2335 3096 2548 3165 Paulus,
2573 3110 2694 3154 cum
2722 3097 2872 3153 illum
2900 3099 3164 3170 approbat
3190 3100 3285 3156 Dei
3317 3115 3440 3159 esse
3466 3103 3704 3170 militem,
3729 3107 3892 3174 quise

2335 3205 2367 3244 a
2418 3190 2647 3260 negotiis
2700 3190 3044 3248 saecularibus
3089 3192 3250 3248 tollit.
3293 3192 3499 3249 Verum
3545 3196 3790 3266 quoniam
3831 3195 3892 3250 de

622 3345 627 3356 1
654 3279 774 3330 rum
803 3268 1043 3330 extendit
1085 3290 1276 3330 manus
1319 3290 1471 3339 suas,
1514 3275 1687 3330 crucis
1731 3275 2026 3345 patibulum
2055 3277 2232 3348 perle-
2260 3273 2308 3338 C
2337 3281 2629 3338 moralibus
2655 3289 2793 3352 pene
2817 3283 3066 3339 omnibus
3101 3283 3324 3354 psalmis
3367 3285 3694 3343 instituimus
3718 3289 3895 3359 mysti-

651 3364 840 3431 rendo,
869 3366 1083 3434 quando
1109 3366 1335 3421 salvavit
1378 3381 1476 3420 nos
1500 3365 1720 3420 dextera
1768 3365 1903 3434 ejus.
1948 3365 2054 3437 Ipsi
2097 3368 2232 3424 dici-

651 3473 788 3522 mus,
824 3457 1067 3524 Domine,
1099 3459 1334 3514 retribue
1359 3465 1577 3529 propter
1597 3473 1702 3513 me.
1730 3457 1957 3530 Propter
1976 3476 2063 3516 me
2091 3463 2232 3516 enim

650 3556 707 3602 ct
749 3555 906 3603 natus
935 3557 990 3604 et
1012 3564 1199 3619 passus
1227 3564 1306 3614 es,
1338 3548 1588 3616 Domine;
1632 3550 1994 3606 misericordia
2042 3560 2133 3607 tua
2178 3553 2232 3608 in

553 3657 556 3660 ’
651 3647 932 3695 arternum.
963 3640 1076 3695 Non
1122 3643 1264 3695 enim
1311 3642 1592 3712 temporali
1633 3659 1739 3714 nos.
1773 3643 2035 3700 beneﬁcio
2075 3645 2232 3702 rede-

649 3732 809 3795 misti,
842 3731 1158 3810 sed'aeterno
1197 3732 1394 3786 auxilio
1424 3741 1528 3788 tuae
1554 3735 1934 3790 misericordia:
1967 3736 2224 3792 liberasti.

648 3822 819 3894 Opera
850 3838 1099 3878 manuum
1131 3831 1340 3877 tuarum
1362 3841 1472 3879 non
1501 3826 1738 3881 omittas.
1771 3824 1945 3898 Opera
1975 3845 2228 3885 manuum

649 3925 859 3974 tuarum
879 3932 1082 3980 sumus,
1107 3916 1230 3986 quia
1258 3915 1466 3974 factura
1489 3927 1578 3972 tua
1601 3934 1815 3974 sumus:
1840 3929 1895 3975 et
1921 3921 2045 3991 quia
2065 3937 2229 3992 opera

646 4025 898 4064 manuum
930 4017 1140 4063 tuarum
1167 4024 1264 4078 per
1291 4025 1455 4080 opera
1485 4025 1740 4064 manuum
1771 4020 2073 4066 nostrarum
2109 4011 2228 4068 fue-

647 4111 768 4156 rant
814 4103 1166 4172 interempta,
1197 4087 1405 4157 'manus
1450 4110 1555 4157 tute
1601 4119 1701 4172 pro
1752 4103 1986 4173 peccatis
2032 4105 2230 4160 nostris

644 4191 789 4246 cruci
819 4189 990 4246 afﬁxm
1018 4201 1163 4256 sunt,
1196 4201 1254 4246 ut
1281 4207 1446 4262 opera
1475 4208 1570 4247 sua
1599 4208 1722 4262 quae
1741 4209 1838 4263 per
1864 4194 2066 4261 lignum
2095 4210 2226 4250 con-

643 4281 984 4352 cupiscentim
1011 4285 1301 4353 perierant,
1347 4285 1475 4352 ipsa:
1503 4300 1690 4339 manus
1713 4299 1833 4353 qua:
1860 4294 1987 4341 tunc
2012 4301 2229 4342 creave-

645 4377 785 4434 rant,
818 4370 945 4440 ipsm
974 4388 1114 4425 nunc
1144 4387 1241 4441 per
1265 4371 1440 4425 crucis
1466 4372 1665 4440 lignum
1694 4374 1884 4428 iterum
1913 4382 2229 4450 repararent

643 4462 698 4517 in
727 4463 976 4532 passione
1018 4463 1227 4517 Domini
1278 4462 1448 4517 nostri
1489 4460 1617 4517 Jesu
1655 4463 1870 4530 Christi,
1902 4466 1993 4534 qui
2041 4474 2228 4535 regnat

643 4569 766 4614 cum
797 4553 953 4609 Patre
981 4563 1036 4610 et
1080 4554 1281 4625 Spiritu
1319 4562 1526 4619 sancto,
1555 4570 1654 4625 per
1681 4557 1856 4610 omnia
1902 4558 2092 4611 secula
2117 4574 2224 4614 sae-

643 4648 909 4704 culorum.
944 4648 1133 4704 Amen.

1091 4739 1313 4795 PSALM
1323 4738 1406 4794 US
1431 4738 1759 4794 CXXXVIII.

1063 4829 1119 4885 In
1154 4828 1313 4885 ﬁnem
1341 4831 1577 4902 psalmus
1609 4828 1793 4884 David.

711 4922 950 4989 Domine,
978 4921 1206 4994 probasti
1227 4938 1306 4976 me
1332 4930 1382 4976 et
1400 4923 1686 4994 cognovisti
1715 4937 1824 4987 me,
1857 4930 1911 4975 tu
1939 4925 2220 4994 cognovisti

639 5016 916 5070 sessionem
944 5030 1109 5068 meam
1148 5023 1195 5067 et
1225 5016 1646 5068 resurrectionem
1687 5030 1875 5067 meam.
1910 5012 2220 5069 Intellexisti

637 5105 978 5176 cogitationes
997 5121 1136 5156 meas
1165 5103 1229 5157 de
1262 5105 1428 5175 longe,
1468 5107 1705 5159 semitam
1748 5122 1911 5159 meam
1939 5114 1988 5159 et
2017 5108 2220 5178 funicu-

636 5197 744 5251 lum
771 5213 939 5250 meum
967 5197 1305 5266 investigasti.
1334 5195 1397 5248 Et
1426 5214 1602 5251 omnes
1625 5200 1734 5251 vias
1755 5216 1896 5252 meas
1916 5201 2216 5270 pra’m'disti,

636 5294 757 5364 quia
787 5307 889 5345 non
915 5297 990 5344 est
1017 5306 1181 5343 sermo
1218 5291 1272 5342 in
1321 5290 1494 5360 lingua
1533 5308 1666 5345 mea.
1700 5289 1851 5358 Ecce,
1883 5287 2124 5359 Domine,
2166 5304 2218 5347 tu

637 5382 918 5452 cognovisti
947 5382 1121 5434 omnia
1149 5381 1428 5433 novissima
1457 5390 1506 5434 et
1527 5383 1754 5452 antiqua,
1781 5391 1833 5435 tu
1860 5385 2096 5454 formasti
2118 5401 2214 5448 me,

636 5482 686 5526 st
706 5475 924 5543 posuisti
953 5489 1108 5542 super
1129 5489 1209 5525 me
1237 5488 1444 5526 manuni
1482 5482 1642 5525 tuam.
1687 5471 1948 5527 Mirabilis
1977 5477 2115 5544 facta
2143 5482 2218 5527 est

636 5566 852 5618 scientia
881 5566 1060 5620 tua'ea:
1090 5582 1207 5619 me:
1229 5568 1525 5636 confortata
1569 5573 1646 5619 est
1689 5574 1738 5618 et
1778 5581 1881 5620 non
1927 5576 2102 5636 potero
2149 5565 2217 5617 ad

636 5671 771 5707 eam.
803 5653 914 5717 Quo
939 5656 1020 5710 ibo
1049 5651 1087 5710 α’
1110 5659 1294 5728 spiritu
1323 5666 1433 5720 tuo,
1461 5666 1512 5710 et
1537 5674 1634 5729 quo
1663 5673 1696 5708 a
1718 5655 1851 5728 facie
1879 5663 1965 5708 tua
1988 5656 2220 5727 fugiam?

639 5745 704 5799 Si
730 5747 1003 5801 ascendere
1049 5752 1104 5802 in
1145 5752 1342 5815 calum,
1377 5760 1427 5803 tu
1456 5750 1564 5803 illic
1609 5765 1693 5813 es;
1733 5748 1780 5801 si
1826 5746 2136 5806 descendero
2163 5749 2216 5801 in

638 5835 916 5900 infernum,
949 5838 1088 5890 ades.
1119 5839 1176 5891 Si
1207 5857 1468 5903 sumpsero
1496 5857 1691 5894 pennas
1721 5856 1862 5892 meas
1892 5837 2138 5901 diluculo,
2169 5848 2219 5890 et

2333 3387 2476 3437 cum,
2509 3387 2651 3428 nunc
2676 3374 2731 3428 in
2759 3373 2924 3430 Petro
2961 3375 3207 3446 apostolo
3252 3374 3591 3432 declaremus
3637 3376 3888 3434 effectum.

2334 3461 2578 3527 Domine,
2608 3464 2849 3534 probasti
2875 3477 2992 3532 me;
3042 3480 3128 3520 me
3155 3466 3374 3536 quando
3394 3468 3628 3533 vocasti,
3659 3469 3898 3538 cognovi-

2331 3553 2431 3619 sti;
2461 3555 2791 3624 cognovisti,
2833 3555 3048 3625 quando
3088 3557 3402 3626 przesumpsi
3442 3563 3498 3611 et
3535 3555 3791 3612 aususlui
3820 3557 3901 3612 di-

2332 3659 2458 3699 cere
2505 3663 2518 3698 :
2556 3644 2781 3701 Etiamsi
2808 3661 2890 3700 me
2916 3653 3150 3717 oporteat
3182 3647 3309 3700 mari
3341 3655 3530 3710 tecum,
3561 3663 3662 3699 non
3701 3648 3750 3698 te
3791 3663 3894 3701 θιὼ

2331 3735 2462 3806 gabo
2487 3735 2672 3806 (Matt.
2722 3735 2902 3806 xxvi).
2938 3734 3018 3790 Tu
3045 3731 3229 3791 autem
3253 3734 3538 3803 cognovisti
3574 3748 3754 3789 omnes
3782 3749 3890 3790 co-

2330 3827 2616 3894 gitationes
2641 3841 2792 3883 meas
2818 3828 2976 3895 longe
3011 3835 3299 3896 antequam
3343 3841 3433 3882 eas
3457 3826 3760 3900 cogitarem.
3787 3823 3902 3881 Se-

2330 3918 2514 3972 mitam
2560 3933 2738 3974 meam
2779 3926 2835 3974 et
2878 3919 3229 3974 directionem
3257 3932 3433 3973 meam
3458 3916 3807 3985 investigasti,
3844 3925 3897 3971 et

2329 4023 2517 4066 omnes
2547 4009 2658 4065 vias
2685 4025 2835 4065 meas
2861 4009 3150 4080 praevidisti
3179 4019 3236 4064 et
3262 4009 3527 4080 probasti,
3556 4017 3612 4064 et
3637 4007 3761 4079 quia
3790 4023 3897 4063 non

2309 4110 2446 4157 erat
2469 4103 2624 4158 dolus
2653 4104 2705 4160 in
2745 4104 2933 4183 lingua.
2951 4117 3070 4159 mea
3112 4117 3233 4159 cum
3261 4101 3499 4158 dicerem
3531 4120 3545 4155 :
3574 4099 3796 4156 Etiamsi
3822 4118 3900 4156 me

2329 4204 2587 4264 oporteret
2609 4197 2740 4249 mori
2769 4203 2952 4260 tecum,
2992 4211 3096 4249 non
3124 4203 3172 4248 te
3213 4191 3410 4265 negabo
3434 4191 3608 4266 (Ibid.
3625 4192 3665 4263 ).
3694 4189 3778 4246 Tu
3804 4206 3894 4247 su—

2327 4291 2441 4339 tem
2468 4284 2711 4339 formasti
2738 4299 2844 4350 me,
2865 4293 2921 4340 et
2940 4285 3164 4355 posuisti
3193 4299 3361 4354 super
3387 4298 3478 4339 me
3505 4297 3716 4337 manum
3731 4290 3894 4337 unm.

2326 4375 2574 4431 Firmasti
2605 4392 2690 4432 me
2717 4377 2784 4432 de
2811 4385 2902 4431 tua
2929 4377 3261 4448 prtescientia
3289 4375 3436 4446 quod
3464 4389 3638 4431 essem
3679 4381 3898 4443 negatu-

2326 4482 2436 4531 rus,
2467 4474 2523 4522 et
2549 4467 2776 4538 posuisti
2799 4483 3014 4523 manum
3042 4477 3189 4523 tuam
3217 4482 3382 4538 super
3399 4483 3510 4534 me,
3539 4476 3599 4523 ut
3623 4474 3898 4538 peccatum

2325 4555 2576 4629 lacrymze
2601 4567 2976 4627 sequerentur.
3009 4557 3266 4612 Mirabilis
3294 4556 3435 4613 facta
3458 4567 3542 4613 est
3569 4555 3901 4628 prmscientia

2245 4649 2300 4710 D
2324 4653 2436 4712 tua,
2467 4663 2534 4703 ex
2559 4663 2646 4703 me
2673 4648 2973 4704 confort‘ata
3003 4656 3104 4716 est,
3138 4665 3244 4704 non
3273 4658 3468 4720 potero
3515 4649 3586 4704 ad
3633 4664 3780 4714 eam,
3810 4664 3902 4704 co-

2325 4746 2483 4795 natus
2501 4756 2619 4796 sum
2649 4755 2758 4796 non
2788 4754 3006 4810 negare,
3031 4743 3253 4814 promisi
3280 4756 3366 4796 me
3385 4743 3552 4797 etiam
3577 4744 3719 4797 mori
3735 4744 3903 4812 magis

2323 4831 2540 4900 eligere,
2572 4846 2734 4901 quam
2764 4833 3011 4901 negantis
3049 4833 3252 4888 crimen
3293 4833 3591 4898 incurrere,
3624 4831 3746 4888 sed
3775 4848 3906 4904 pra.

2321 4921 2544 4975 scientia
2574 4929 2664 4976 tua
2693 4921 2767 4976 ita
2794 4920 3093 4977 confortata
3121 4931 3231 4986 est,
3261 4930 3321 4976 ut
3346 4935 3456 4976 non
3498 4923 3808 4991 potuissem
3843 4923 3909 4980 ad

2321 5028 2459 5068 eam.
2488 5013 2627 5080 Quid
2654 5030 2800 5070 nunc
2825 5013 3056 5070 faciam?
3082 5013 3281 5083 Negavi
3310 5013 3600 5068 Dominum
3645 5023 3706 5069 et
3735 5017 3907 5084 magi-

2319 5115 2518 5173 strum;
2551 5122 2670 5172 nec,
2701 5115 2762 5161 ut
2787 5106 3007 5177 quidam
3036 5107 3343 5177 opinantur,
3373 5106 3653 5161 hominem
3682 5108 3883 5177 negavi
3895 5111 3918 5172 ;'

2320 5213 2422 5268 ego
2442 5200 2588 5254 illum
2617 5199 2808 5267 negavi
2835 5199 2922 5254 cui
2944 5197 3056 5253 dixi
3088 5216 3102 5251 :
3137 5197 3214 5252 Tu
3239 5214 3296 5252 es
3325 5194 3564 5252 Christus
3605 5195 3791 5253 Filius
3821 5197 3916 5252 Dei

2322 5290 2512 5362 (Joan.
2546 5306 2596 5344 xi
2617 5289 2665 5360 );
2698 5289 2848 5343 illum
2873 5288 3065 5357 negavi
3091 5302 3253 5358 quem
3280 5285 3508 5358 pedibus
3536 5288 3916 5344 ambulantem

2321 5396 2484 5450 super
2532 5381 2702 5435 undas
2739 5388 2994 5450 expertus
3039 5394 3190 5444 sum,
3243 5378 3392 5433 illum
3435 5393 3602 5448 quem
3629 5394 3787 5438 voce
3813 5381 3921 5438 vidi

2319 5474 2433 5528 sola
2462 5480 2741 5528 vocantem
2763 5480 3006 5527 mortuos
3031 5472 3100 5528 de
3123 5472 3390 5543 sepulcro,
3421 5471 3574 5527 illum
3593 5488 3776 5544 quem
3807 5490 3922 5532 cm-

2319 5563 2384 5619 lis
2411 5564 2716 5634 patentibus
2741 5563 2851 5618 vidi
2879 5578 3000 5642 cum
3029 5562 3215 5635 Moyse
3253 5571 3310 5618 et
3335 5561 3476 5629 Elis,
3507 5571 3566 5618 et
3591 5577 3808 5622 vocem
3834 5583 3936 5624 ωδ

2319 5668 2416 5724 per
2433 5669 2556 5710 eum
2585 5651 2761 5710 Patris
2784 5653 2854 5710 de
2873 5654 3052 5711 omlo:
3087 5651 3194 5709 Hic
3217 5661 3297 5708 est
3338 5651 3510 5708 Filius
3536 5670 3715 5723 meus,
3751 5660 3929 5730 ipsum

2319 5748 2494 5801 audite
2523 5746 2543 5820 (
2571 5744 2724 5802 Xalt.
2754 5745 2928 5818 xvn);
2959 5746 3110 5802 illum
3131 5745 3227 5816 qui
3258 5759 3434 5803 cacas
3473 5752 3778 5820 tactu_suo
3800 5750 3931 5808 illn-

2319 5817 2558 5905 minavit,
2587 5841 2679 5907 qui
2705 5817 2883 5894 verbo
2907 5839 3153 5909 leprosos
3178 5837 3473 5903 mundavit,
3493 5837 3585 5906 qui
3617 5817 3804 5904 iussu
3832 5844 3932 5898 das
