4088 6346
166 367 266 424 545

1019 361 1489 422 COMMENTARII
1527 361 1592 416 IN
1633 355 1962 414 PSALMOS.
2006 357 2197 414 PSAL.
2240 357 2562 417 CXXXVIII.

3329 363 3435 421 546

165 481 344 538 monia
374 479 602 552 expulit,
629 487 686 535 et
703 478 900 534 multas
927 478 1154 533 virtutes
1177 492 1287 532 sua:
1316 475 1541 531 Deitatis
1573 481 1750 529 osten-
1774 470 1827 533 Α
1852 477 2013 539 atque
2051 469 2318 525 dicentem
2374 489 2386 524 :
2432 469 2552 538 Quo
2581 470 2671 527 ibo
2700 486 2733 525 a
2781 471 2973 542 spiritu
3016 481 3129 539 tuo,
3177 482 3231 530 et
3267 489 3375 546 quo
3403 494 3436 534 a

163 572 255 627 dit.
290 569 434 638 Quid
461 585 603 626 nunc
633 569 877 634 facimus,
926 568 1225 625 Novatiane
1245 608 1259 633 ,
1311 565 1582 637 perdimus
1611 581 1745 636 apo-

121 665 129 680 '
163 663 359 719 stolum
383 660 628 728 Petrum,
659 677 727 716 an
756 660 1045 732 recipimus
1085 666 1448 716 revertentem
1480 657 1548 712 ad
1589 656 1748 712 Chri-

117 689 339 838 ‘stum?
368 753 510 811 Ecce
537 752 782 809 Christus
811 769 934 809 eum
962 753 1187 824 recepit,
1223 759 1278 806 tu
1308 751 1477 820 ejicis.
1511 749 1616 806 Sed
1637 750 1748 805 cla-

162 757 339 813 stum?
368 753 510 811 Ecce
537 752 782 809 Christus
811 769 934 809 eum
962 753 1187 824 recepit,
1223 759 1278 806 tu
1308 751 1477 820 ejicis.
1511 749 1616 806 Sed
1637 750 1748 805 cla-

161 855 269 902 mat
292 855 489 902 contra
518 855 572 901 te
601 842 836 900 Paulus:
867 844 930 900 Si
972 843 1114 899 Deus
1134 843 1397 915 justiﬁcat
1418 881 1434 907 ,
1477 849 1534 895 tu
1581 854 1748 909 quare

159 937 476 993 condemnas
505 931 690 1012 (Rom.
721 951 813 990 vm
835 934 890 1007 )?
934 933 1079 992 Dicis
1123 941 1272 990 certe
1319 931 1602 1004 baptizatis
1640 945 1747 985 non

159 1029 360 1086 debere
394 1028 780 1101 panitentibus
805 1027 1096 1082 subveniri.
1129 1023 1268 1082 Ecce
1299 1024 1547 1095 apostolo
1574 1021 1750 1094 paeni-

161 1121 292 1178 tenti
328 1122 686 1188 succurritur,
713 1120 912 1190 quiest
944 1120 1320 1190 episcoporum
1349 1117 1661 1188 episcopus;
1692 1122 1750 1170 et

157 1212 330 1283 major
359 1213 564 1284 gradus
591 1211 834 1268 redditur
883 1211 1112 1283 ploranti
1131 1252 1146 1277 ,
1187 1227 1348 1282 quam
1378 1209 1622 1266 sublatus
1665 1215 1750 1263 est

155 1302 472 1374 deneganti.
493 1303 650 1373 Quod
671 1311 734 1360 ut
751 1303 995 1372 doceam,
1021 1303 1152 1358 illud
1174 1301 1423 1368 ostendo,
1449 1302 1593 1372 quod
1623 1301 1746 1355 nul-

155 1397 236 1453 lus
263 1399 644 1470 apostolorum
672 1413 870 1476 nomen
897 1398 1129 1469 pastoris
1156 1397 1384 1467 accepit.
1417 1396 1576 1452 Solus
1604 1397 1747 1474 enim

155 1489 420 1548 Dominus
457 1488 616 1548 Jesus
658 1477 905 1547 Christus
949 1491 1162 1547 dicebat
1195 1509 1208 1543 :
1253 1487 1366 1562 Ego
1418 1506 1531 1544 sum
1570 1498 1750 1559 pauor

154 1581 358 1652 bonus;
392 1592 446 1640 et
475 1585 665 1640 iterum
701 1603 715 1637 :
744 1584 852 1649 Me,
896 1584 1092 1654 inquit,
1137 1592 1418 1656 sequuntur
1459 1599 1574 1637 oves
1620 1597 1750 1636 mea:

155 1681 172 1748 (
200 1677 369 1734 Joan.
399 1694 454 1734 xi
477 1678 518 1751 ).
544 1677 660 1734 Hoc
684 1692 813 1749 ergo
842 1692 1039 1733 nomen
1068 1666 1335 1741 sanctum,
1371 1683 1428 1730 et
1449 1675 1617 1745 ipsius
1646 1688 1746 1728 nos

153 1771 316 1826 minis
343 1779 670 1843 potestatem
721 1779 846 1843 post
890 1770 1347 1828 resurrectionem
1391 1783 1545 1823 suam
1585 1764 1748 1821 Petro

1851 563 1990 619 facie
2009 573 2099 619 tua
2131 563 2364 634 fugiam?
2384 563 2511 620 Scio
2531 565 2656 635 quia
2685 574 2743 621 tu
2771 582 2830 622 es
2849 557 3094 623 Christus
3122 567 3288 624 Filius
3315 569 3431 635 Dei,

1852 670 2012 726 quam
2042 656 2320 711 scientiam
2352 672 2454 711 non
2495 657 2624 711 mihi
2653 659 2894 714 reuelauit
2935 677 3058 716 caro
3105 670 3157 714 et
3202 665 3433 734 sanguis,

1850 750 1944 805 sed
1971 749 2134 806 Pater
2178 760 2290 805 tuus
2331 752 2416 822 qui
2444 752 2500 804 in
2539 750 2677 806 catis
2715 751 2834 823 εει(
2863 751 3024 808 Ιοαη.
3058 753 3170 826 vi).
3203 753 3322 822 Quo
3351 755 3437 810 fu-

1849 842 2032 911 giam?
2060 843 2152 914 qui
2183 852 2236 899 te
2263 842 2433 899 Deum
2468 843 2595 899 novi
2631 852 2688 900 et
2730 846 3160 916 omnipotentem
3194 847 3388 918 agnovi
3420 866 3433 901 :

1849 935 1897 990 si
1923 937 1979 990 in
2007 936 2176 993 cmlos
2221 937 2514 994 ascendero
2556 946 2614 993 tu
2643 938 2754 994 illic
2795 955 2884 1006 es;
2926 940 2973 995 si
3011 941 3343 998 descendero
3383 943 3437 999 in

1852 1025 2144 1093 infernum,
2175 1027 2323 1083 ades.
2356 1027 2434 1082 Ibi
2459 1029 2603 1084 enim
2633 1044 2729 1100 per
2777 1030 3083 1100 passionem
3131 1033 3437 1103 specialiter

1850 1117 2220 1174 descendisti?
2249 1119 2338 1175 ubi
2381 1135 2479 1191 per
2525 1121 2823 1191 potentiam
2861 1130 3031 1191 tuam,
3073 1123 3211 1180 sicut
3239 1125 3438 1196 ubique

1851 1210 2176 1279 generaliter
2195 1219 2391 1282 praesto
2413 1228 2492 1268 es.
2522 1210 2580 1267 Si
2607 1229 2887 1284 sumpsero
2907 1230 3112 1285 pennas
3136 1231 3286 1271 meas
3314 1223 3439 1272 ante

1851 1299 2046 1356 lucem.
2081 1299 2293 1357 Pennas
2322 1302 2428 1358 hoc
2455 1303 2576 1360 loco
2620 1320 2720 1376 pro
2759 1305 3177 1374 cogitationibus
3223 1307 3437 1377 posuit,

1851 1407 1970 1463 quae
2009 1395 2294 1464 repentino
2306 1395 2488 1451 volatu
2519 1397 2714 1467 ubique
2742 1406 2884 1465 sunt,
2916 1399 2968 1453 in
3003 1399 3163 1465 caalo,
3188 1399 3242 1454 in
3271 1408 3436 1467 terra,

1852 1483 1906 1538 in
1935 1485 2149 1557 abysso,
2180 1495 2236 1542 et
2264 1487 2570 1558 ubicunque
2617 1488 2809 1544 ﬁniunt
2838 1492 3027 1545 maria.
3072 1491 3129 1546 Si
3174 1507 3323 1562 ergo,
3358 1493 3439 1547 in—

1850 1578 1986 1647 quit,
2018 1585 2074 1634 et
2102 1578 2156 1631 in
2199 1578 2373 1634 lucem
2406 1581 2816 1636 resurrectionis
2858 1590 2962 1636 tua:
2990 1582 3181 1638 vadam
3212 1584 3438 1640 ubicun-

1852 1684 1961 1740 que
2004 1671 2449 1728 inaccessibilitas
2489 1672 2631 1727 solet
2649 1671 2932 1741 fugitivum
2973 1673 3303 1730 abscondere
3335 1695 3347 1728 :
3381 1684 3440 1730 ut

1852 1763 1980 1822 illuc
2007 1765 2086 1822 ire
2114 1767 2335 1837 possim,
2369 1782 2562 1822 manus
2588 1775 2680 1821 tua
2699 1765 2927 1822 deducet
2956 1781 3064 1832 me,
3103 1776 3159 1822 et
3185 1769 3339 1838 quasi
3363 1769 3440 1825 fu-

154 1866 446 1938 pwnitenti
493 1866 779 1933 concessit,
827 1873 883 1921 et
929 1873 1155 1936 negatus
1196 1862 1441 1932 negatori
1481 1876 1579 1916 suo
1608 1861 1750 1915 hanc
1777 1857 2074 1928 Bgitivum
2121 1859 2329 1915 tenebit
2372 1875 2460 1915 me
2519 1859 2741 1916 dextera
2784 1866 2896 1915 tua.
2947 1858 3088 1914 Ante
3129 1859 3301 1916 lucem
3329 1861 3464 1930 hic,

151 1975 320 2029 quam
352 1959 500 2015 solus
528 1959 732 2025 habuit,
761 1959 948 2014 tribuit
975 1964 1301 2030 potestatem
1325 1974 1337 2011 :
1363 1962 1554 2011 utnon
1575 1953 1750 2009 solum

152 2065 507 2122 recuperasse
534 2051 678 2121 quod
700 2051 972 2116 amiserat,
1004 2053 1344 2122 probaretur,
1372 2064 1561 2105 verum
1586 2047 1751 2104 etiam

153 2149 209 2196 et
229 2142 409 2198 multo
441 2143 673 2212 amplius
700 2141 1034 2212 paenitendo,
1082 2157 1245 2211 quam
1293 2142 1540 2209 negando
1568 2138 1750 2209 perdi-

147 2232 333 2301 derat,
369 2235 682 2304 acquisisse.
712 2233 827 2290 Hoc
861 2234 1116 2302 magister
1143 2234 1319 2289 bonus
1343 2234 1402 2287 in
1426 2232 1600 2288 electo
1629 2251 1642 2284 :
1672 2231 1752 2286 di-

145 2327 397 2398 scipulus
425 2326 627 2383 Christi
653 2326 699 2381 si
725 2326 938 2394 integro
968 2325 1152 2380 animo
1198 2330 1388 2394 peccet
1407 2364 1424 2391 ,
1454 2331 1671 2395 oportet
1695 2330 1756 2377 ut

145 2429 383 2488 renuat;
417 2420 491 2475 ita
532 2420 742 2488 integro
789 2417 972 2472 animo
1015 2417 1311 2488 pwniteat,
1351 2417 1396 2472 si
1424 2416 1668 2472 evenerit
1695 2423 1754 2470 ut

144 2511 462 2581 delinquat.
495 2511 606 2567 Nec
634 2510 737 2566 sibi
766 2525 964 2566 noxam
1002 2510 1319 2581 permittere
1346 2509 1506 2566 debet
1535 2517 1593 2564 ut
1635 2525 1754 2565 cre-

142 2614 304 2673 scat,
333 2615 390 2660 et
410 2621 528 2676 qua:
566 2612 716 2660 tanto
763 2604 921 2661 citius
946 2604 1213 2672 vincitur;
1261 2612 1467 2674 quanto
1511 2612 1567 2660 et
1594 2603 1751 2659 citius

145 2706 516 2768 repugnatur.
550 2697 709 2754 Certe
737 2697 912 2754 omnis
939 2699 1196 2754 sanctitas
1222 2698 1289 2752 ad
1317 2698 1486 2753 Deum
1511 2697 1675 2762 ducit,
1695 2704 1753 2752 et

146 2805 331 2846 omne
360 2797 638 2860 peccatum
667 2789 734 2844 ad
780 2790 1082 2857 diabolum;
1112 2798 1168 2845 et
1195 2789 1294 2845 sub
1335 2789 1564 2845 Domino
1603 2789 1749 2846 bono

145 2881 367 2954 positi,
414 2881 688 2951 quomodo
736 2881 1004 2937 credimus
1043 2882 1199 2938 nobis
1233 2880 1642 2952 possibilitatem
1683 2876 1752 2936 ad

147 2975 434 3032 diabolum
464 2975 625 3030 eundi
650 2990 985 3040 concessam,
1018 2984 1074 3031 et
1104 2975 1414 3032 revertendi
1467 2973 1536 3029 ad
1569 2973 1754 3029 Domi-

149 3082 290 3122 num
325 3065 681 3135 denegatam?
724 3066 875 3123 Addo
924 3066 1110 3121 aliud:
1143 3074 1290 3122 certe
1334 3065 1608 3120 hominem
1656 3079 1757 3136 per

151 3165 443 3230 peccatum
475 3175 504 3213 a
533 3176 593 3216 se
632 3160 888 3216 recedere
932 3160 1075 3214 Deus
1114 3175 1223 3215 non
1250 3159 1383 3223 vult,
1415 3166 1471 3214 et
1496 3164 1753 3228 peccato-

1853 1963 1981 2008 ante
2008 1955 2460 2010 resurrectionem
2490 1955 2670 2027 posuit
2702 1954 3016 2011 Salvatoris.
3048 1951 3185 2021 Quia
3205 1953 3260 2008 in
3289 1961 3441 2010 tene-

1852 2046 1966 2102 bris
1992 2046 2093 2102 fuit
2121 2064 2283 2104 omne
2311 2049 2565 2105 saeculum
2591 2050 2810 2120 jacente
2834 2050 3065 2107 Domino
3094 2051 3148 2106 in
3171 2050 3439 2121 sepulcro,

1854 2138 1910 2194 in
1937 2155 2047 2210 quo
2075 2149 2320 2212 tempore
2340 2143 2659 2212 poenitentia
2699 2142 2845 2200 Petri
2883 2144 3117 2215 apostoli
3161 2145 3439 2214 agebatur,

1856 2230 1910 2285 in
1935 2246 2038 2301 qua
2075 2231 2239 2287 etiam
2267 2233 2379 2288 dixi
2422 2253 2436 2286 :
2478 2233 2726 2290 Forsitan
2769 2237 3005 2292 tenebm
3050 2237 3443 2294 conculcabunt
3491 2301 3496 2304 _

1855 2339 1962 2380 me.
1996 2324 2065 2379 Et
2094 2327 2266 2382 tribus
2305 2328 2682 2398 negationibus
2707 2329 2818 2385 suis
2843 2338 2951 2386 tres
2988 2329 3232 2400 fugarum
3259 2339 3446 2402 partes

1855 2417 2069 2474 clausas
2098 2433 2239 2486 esse,
2268 2422 2316 2475 si
2340 2421 2414 2475 ibi
2451 2421 2688 2490 fugeret,
2720 2422 3072 2489 memorabat,
3105 2422 3161 2478 in
3185 2424 3344 2487 caelo,
3388 2425 3443 2480 in

1854 2509 2067 2566 inferno
2093 2519 2149 2566 et
2178 2513 2231 2566 in
2273 2513 2564 2583 postremis
2594 2515 2780 2570 maris.
2813 2513 2956 2585 Ergo
2983 2515 3220 2572 tenebrae
3243 2530 3444 2585 negare

1853 2609 1998 2666 sunt,
2031 2610 2086 2656 et
2109 2602 2294 2672 fugere
2321 2604 2662 2660 conculcatio
2693 2605 3057 2661 tenebrarum.
3089 2604 3203 2663 Hoc
3224 2607 3438 2675 timens,

1853 2707 1922 2746 ne
1949 2693 2020 2748 ab
2039 2693 2119 2748 eis
2146 2694 2567 2766 comprehensus
2588 2737 2604 2761 ,
2654 2697 2723 2751 ab
2751 2697 2882 2768 ipsis
2910 2699 3149 2754 tenebris
3195 2699 3438 2756 calcare-

1853 2790 1959 2851 tur,
1991 2786 2144 2854 quasi
2168 2787 2404 2843 tenebris
2431 2788 2724 2856 subjectus,
2766 2789 3023 2859 operibus
3049 2797 3195 2846 esset
3231 2789 3443 2846 deditus

1843 2875 2222 2944 tenebrarum,
2254 2879 2457 2935 habeas
2481 2888 2692 2935 reatum
2721 2897 3038 2952 perennem,
3081 2883 3240 2954 juges
3268 2884 3445 2956 lacry-

1854 2984 1994 3037 mas,
2024 2970 2241 3026 dolores
2262 2979 2515 3028 aeternos.
2545 2970 2661 3028 Hoc
2689 2973 2835 3029 enim
2863 2975 3028 3031 modo
3055 2976 3446 3033 conculcantur

1858 3061 2096 3117 tenebras
2123 3062 2317 3120 mortis
2344 3062 2533 3133 hujus,
2563 3079 2669 3135 qua
2699 3066 3058 3137 corporaliter
3077 3067 3357 3124 morimur.
3389 3066 3446 3126 Si

1857 3168 1991 3210 vero
2019 3155 2286 3224 moriens,
2339 3155 2531 3228 inquit,
2581 3173 2693 3214 non
2739 3159 3101 3216 conculcabor
3127 3175 3159 3215 a
3190 3161 3445 3228 tenebris,

150 3266 277 3306 rem
301 3250 368 3306 ad
397 3267 455 3306 se
477 3252 662 3308 venire
695 3252 838 3307 Deus
860 3251 990 3306 vult.
1011 3249 1070 3305 Si
1102 3250 1232 3306 illud
1261 3251 1438 3321 potuit
1465 3250 1579 3305 ﬂeri
1607 3249 1753 3320 quod
1779 3232 1826 3298 C
1857 3245 1955 3301 sed
1995 3244 2066 3302 ad
2100 3245 2324 3305 delicias
2369 3257 2682 3306 sanctorum
2711 3251 2940 3322 attingo,
2973 3268 3084 3309 nox
3111 3253 3227 3324 ipsa
3258 3254 3448 3310 mortis

151 3340 304 3398 Deus
333 3358 441 3399 non
471 3343 604 3410 vult,
634 3333 850 3414 quanto'
865 3343 1036 3411 magis
1064 3342 1170 3398 hoc
1214 3342 1413 3412 poterit
1461 3340 1578 3396 ﬁeri
1606 3340 1754 3410 quod

152 3432 305 3490 Deus
327 3433 480 3488 vult?
508 3432 635 3488 Ideo
664 3433 900 3504 denique
927 3433 1186 3502 cogitatio
1234 3432 1442 3503 peccati
1473 3448 1580 3488 non
1609 3440 1693 3488 est
1719 3447 1753 3487 a

153 3527 276 3583 Deo
305 3527 574 3598 prohibita
603 3543 702 3598 per
722 3535 998 3593 naturam,
1030 3526 1123 3582 sed
1158 3541 1256 3596 per
1293 3527 1576 3598 imperium
1620 3540 1754 3597 prae-

153 3629 463 3690 ceptorum,
494 3627 554 3675 ut
574 3619 774 3676 laboris
801 3620 850 3675 ei
879 3634 1057 3691 pugna
1087 3619 1446 3687 incumbente,
1472 3619 1752 3692 praemium

153 3712 228 3768 de
260 3713 554 3768 certamine
580 3713 910 3782 proveniret.
957 3711 1139 3767 Voluit
1189 3712 1332 3768 enim
1360 3711 1506 3767 Deus
1549 3709 1754 3766 homini

154 3805 345 3876 operis
385 3804 759 3875 fatigationem
801 3805 1126 3874 relinquere,
1176 3820 1246 3860 ne
1287 3805 1341 3857 in
1370 3804 1551 3874 aliqua
1587 3802 1757 3857 detri-

155 3898 337 3954 menti
370 3905 527 3968 parte
557 3898 838 3967 praemium
882 3897 1184 3967 impediret.
1216 3896 1362 3951 Duos
1389 3903 1541 3952 certe
1585 3895 1755 3950 bono-

153 4005 289 4045 rum
317 3996 373 4043 et
399 3988 662 4043 malorum
684 3986 914 4057 populos
943 4001 1063 4042 esse
1093 4002 1252 4042 nemo
1282 3995 1365 4041 est
1389 3987 1482 4056 qui
1506 3985 1714 4041 nesciat
1738 4002 1784 4038 :-

156 4083 346 4138 bonos
372 4079 599 4136 dicimus
626 4078 926 4143 credentes,
979 4087 1036 4134 et
1061 4079 1329 4149 pessimos
1371 4094 1480 4134 non
1528 4077 1755 4134 creden-

156 4179 286 4237 tes;
317 4186 430 4226 non
473 4169 757 4246 credentes
797 4185 917 4226 esse
944 4171 1044 4227 sub
1083 4170 1321 4236 diabolo,
1373 4178 1429 4226 et
1475 4169 1759 4226 credentes

155 4279 288 4322 esse
329 4265 430 4322 sub
472 4263 607 4321 Deo.
657 4264 848 4335 Magna
883 4265 1196 4336 praedicatio
1237 4274 1346 4333 tua,
1379 4265 1752 4332 oNovatiane,

155 4356 256 4428 qui
278 4371 495 4413 servum
535 4357 735 4414 diaboli
763 4358 832 4414 ad
862 4365 914 4413 te
943 4373 1123 4423 vocas,
1173 4365 1229 4412 et
1266 4373 1482 4413 servum
1513 4357 1607 4412 Dei
1637 4372 1669 4411 a
1700 4364 1755 4411 te

158 4449 385 4520 repellis
411 4467 424 4503 :
455 4450 612 4520 quasi
637 4450 731 4520 qui
760 4451 893 4506 velis
920 4449 1088 4506 Deum
1115 4449 1312 4505 lucrari
1339 4448 1487 4519 quod
1520 4464 1628 4504 non
1657 4449 1754 4504 ha-

158 4541 280 4606 bet,
306 4547 366 4596 et
391 4540 620 4611 perdere
659 4541 806 4610 quod
853 4539 1033 4596 habet.
1064 4540 1181 4596 Huc
1224 4539 1448 4610 adjicias
1493 4547 1550 4596 et
1599 4539 1748 4606 illud,

1855 3337 2180 3397 illuminatio
2205 3340 2309 3396 erit
2331 3339 2386 3396 in
2411 3341 2620 3399 deliciis
2647 3347 2801 3399 meis.
2832 3344 2911 3400 Ibi
2937 3345 3083 3400 enim
3123 3345 3334 3400 habebo
3365 3345 3448 3400 ιιι-

1854 3448 1972 3490 cem
1999 3451 2178 3492 meam
2204 3433 2479 3492 Christum
2507 3452 2687 3492 meum
2711 3477 2727 3504 ,
2758 3437 2852 3506 qui
2880 3452 2989 3493 non
3030 3439 3234 3507 patitur
3261 3437 3449 3493 obscu.

1852 3528 2070 3583 ritatem
2117 3527 2463 3583 tenebrarum
2484 3567 2500 3593 ,
2540 3528 2595 3583 in
2635 3526 2791 3596 cujus
2845 3534 3138 3600 conspectu
3200 3544 3311 3584 nox
3371 3529 3448 3584 si-

1853 3628 1946 3674 cut
1973 3620 2089 3674 dies
2118 3619 2523 3673 illuminabitur.
2548 3617 2702 3675 Sicut
2741 3618 2978 3676 tenehrre
3005 3619 3139 3691 ejus,
3171 3621 3247 3677 ita
3282 3628 3338 3676 et
3365 3620 3449 3677 lu-

1854 3726 1980 3765 men
2005 3709 2140 3778 ejus.
2167 3709 2283 3766 Hoc
2301 3719 2491 3766 contra
2520 3710 2871 3768 Manichacum
2899 3713 2993 3784 qui
3025 3712 3185 3779 dicit,
3225 3713 3448 3770 alterius

1854 3802 2112 3872 principis
2136 3810 2263 3858 sunt
2291 3804 2546 3869 tenebra,
2579 3805 2803 3860 alterius
2831 3806 3088 3876 principis
3117 3807 3208 3862 lux
3236 3814 3335 3862 est.
3369 3806 3446 3860 De

1858 3902 2045 3949 nostro
2068 3901 2250 3952 autem
2278 3894 2391 3951 Deo
2411 3904 2468 3950 et
2493 3904 2774 3952 cantamus
2811 3903 2868 3952 et
2903 3896 3194 3963 credimus,
3222 3897 3348 3966 quia
3378 3897 3453 3950 εἰ·

1855 3995 1951 4042 cut
1970 3986 2207 4041 tenebrae
2234 3985 2354 4056 ejus
2384 3995 2532 4048 sunt,
2561 3988 2635 4042 ita
2663 3995 2720 4043 et
2767 3987 2947 4044 lumen
2975 3987 3093 4058 ejus
3131 3997 3234 4045 est.
3285 3987 3452 4046 Tene~

1857 4075 1970 4132 bra:
1992 4076 2138 4148 enim
2166 4092 2276 4134 non
2319 4077 2592 4136 omnibus,
2611 4080 2873 4136 creaturis
2907 4079 3203 4136 obscurum
3227 4079 3450 4137 faciunt.

1857 4167 2137 4238 Siquidem
2157 4177 2215 4226 et
2242 4167 2370 4225 ferae
2399 4185 2540 4241 pene
2567 4185 2775 4239 omnes,
2808 4170 2905 4228 sed
2921 4180 2983 4228 et
3018 4180 3182 4228 sarta:
3209 4172 3451 4230 noctium

1857 4260 2062 4316 nullum
2084 4261 2361 4332 patiuntur
2379 4261 2697 4329 obscurum;
2728 4262 2823 4319 sed
2869 4271 2926 4319 et
2948 4278 3075 4320 aves
3115 4263 3300 4320 multa:
3326 4271 3452 4320 sunt

1857 4369 1976 4424 qua:
2002 4354 2058 4410 in
2085 4355 2334 4411 noctibus
2359 4355 2561 4411 volant.
2597 4353 2750 4413 Unde
2769 4356 3029 4414 docemur
3048 4366 3301 4416 naturam
3321 4375 3452 4416 ocu-

1856 4447 1939 4504 los
1966 4455 2182 4504 nostros
2206 4464 2237 4504 a
2260 4448 2520 4506 Creatore
2548 4449 2688 4506 hanc
2715 4465 2835 4507 esse
2857 4452 3096 4519 sortitos,
3129 4460 3190 4508 ut
3211 4452 3270 4509 in
3299 4451 3451 4510 tene-

1855 4541 1968 4598 bris
1978 4542 2160 4599 videre
2184 4544 2536 4614 nonpossint;
2555 4543 2696 4600 Deus
2715 4545 2859 4600 enim
2903 4544 2971 4600 ad
3003 4544 3249 4616 requiem
3278 4544 3453 4602 homi-

160 4633 310 4706 quod
337 4602 510 4704 possit
534 4633 677 4690 Deus
697 4642 942 4690 mortuos
967 4634 1252 4699 suscitare,
1285 4641 1342 4689 et
1369 4631 1612 4689 inﬁrmos
1639 4634 1749 4689 sal-
1776 4602 1835 4666 Β
1855 4649 1986 4689 num
2004 4640 2194 4690 noctes
2223 4602 2474 4701 insiituit,
2506 4643 2564 4690 ut
2603 4636 2969 4705 generationis
3008 4602 3259 4692 humana:
3282 4635 3454 4706 quieti

163 4742 298 4784 vare
322 4743 430 4785 non
457 4728 647 4800 possit.
681 4727 814 4782 Nam
837 4727 1097 4784 increduli
1140 4727 1340 4783 mortui
1368 4735 1512 4795 sunt,
1544 4735 1601 4784 et
1637 4742 1755 4784 cre-

159 4819 396 4886 dentes,
443 4819 570 4876 licet
607 4826 922 4891 peccatores
968 4821 1095 4885 sint,
1127 4820 1314 4876 vivunt
1352 4821 1406 4876 in
1441 4819 1756 4876 inﬁrmitate

159 4928 284 4970 sua.
317 4911 387 4967 Et
411 4913 459 4968 si
497 4911 746 4969 Salvator
765 4920 951 4968 noster
978 4914 1158 4980 habet,
1211 4913 1377 4968 immo
1418 4915 1544 4983 quia
1591 4914 1757 4969 habet

160 5006 422 5078 peritiam
461 5015 705 5063 mortuos
743 5007 1058 5072 suscitandi,
1108 5006 1383 5075 quomodo
1432 5023 1543 5062 non
1594 5006 1758 5062 habet

161 5114 503 5170 quascunque
524 5098 726 5154 fuerint
749 5100 1088 5154 inﬁrmitates
1125 5097 1386 5153 curandi?
1412 5096 1493 5151 Ex
1521 5105 1753 5167 utroque

161 5189 342 5246 latere
367 5188 769 5261 blasphematur
795 5191 949 5246 vobis
966 5228 982 5255 ,
1012 5190 1105 5260 qui
1134 5189 1521 5260 pmnitentibus
1550 5189 1756 5257 negatis

161 5279 443 5337 eifectum.
465 5281 524 5338 Si
552 5282 696 5338 enim
725 5296 885 5354 posse
911 5297 1035 5338 eum
1054 5281 1264 5338 docetis
1283 5278 1620 5336 inﬁrmitates
1639 5279 1758 5336 ani-

163 5389 270 5429 mae
299 5388 509 5440 curare,
553 5374 648 5431 sed
691 5375 854 5440 nolle,
903 5374 1124 5444 impium
1175 5373 1427 5443 arguitis;
1458 5373 1506 5429 si
1535 5372 1674 5428 velle
1701 5380 1756 5428 et

163 5483 281 5524 non
309 5483 470 5539 posse
497 5484 620 5526 eum
643 5468 868 5525 forsitan
896 5467 1160 5532 dixeritis,
1193 5468 1464 5525 a’Deitate
1507 5467 1752 5524 excludi-

167 5561 278 5617 tis:
310 5567 368 5616 et
393 5567 577 5618 manet
595 5561 750 5617 vobis
778 5575 846 5614 ex
873 5567 1105 5630 utroque
1139 5560 1309 5616 latere
1345 5561 1749 5627 condemnatio,

167 5668 298 5708 cum
354 5653 561 5722 negatis
606 5651 822 5708 familiae
867 5649 964 5704 Dei
992 5650 1263 5720 pereunti.
1286 5666 1448 5722 posse
1493 5651 1751 5706 succurri.

168 5745 448 5826 Hactenus
480 5761 600 5802 eum
637 5743 937 5802 Novatiano
982 5742 1086 5799 sim
1131 5743 1359 5799 locutus.
1405 5743 1758 5797 Revertamur

167 5837 240 5894 ad
278 5839 583 5910 apostolum
631 5836 980 5909 poenitentem
1003 5875 1018 5904 ,
1062 5849 1118 5893 et
1163 5833 1380 5915 ﬂentem
1422 5834 1758 5893 amarissime

817 5978 998 6002 αυ--κ,

1857 4727 2029 4798 possit
2049 4741 2168 4783 esse
2187 4728 2514 4783 consultum.
2546 4726 2719 4797 Ipsius
2743 4741 2874 4796 ergo
2911 4735 3036 4782 sunt
3070 4727 3325 4793 tenebra,
3357 4742 3453 4782 cu-

1850 4816 1943 4886 jus
1967 4825 2051 4873 est
2089 4817 2199 4883 lux,
2245 4817 2394 4888 quod
2429 4816 2755 4872 Manichacus
2801 4824 2980 4885 negat.
3023 4815 3142 4886 Ipse
3169 4823 3254 4872 est
3289 4816 3452 4876 etiam

1844 4905 2087 4963 -Creator
2115 4923 2404 4978 corporum
2440 4913 2770 4969 nostrorum,
2803 4914 2992 4961 contra
3019 4907 3165 4977 quod
3207 4908 3452 4980 suscipit,

1861 5001 1949 5056 eui
1981 5000 2035 5054 in
2068 5001 2321 5070 prazsenti
2357 4999 2628 5069 paenitens
2667 4997 2862 5056 Petrus
2889 5000 2965 5055 ait
2997 5019 3010 5054 :
3053 4999 3134 5058 Tu
3166 5004 3454 5074 possedisti

1861 5107 2019 5148 renes
2044 5107 2215 5158 meos,
2255 5092 2349 5162 qui
2377 5091 2660 5162 suscepisti
2681 5107 2768 5148 me
2797 5107 2866 5148 ex
2893 5101 3049 5152 utero
3075 5096 3264 5152 matris
3293 5110 3447 5150 mea}.

1862 5187 2014 5243 Sicut
2041 5187 2097 5240 in
2118 5201 2214 5241 ore
2263 5186 2390 5242 dum
2419 5186 2692 5257 loquimur
2711 5195 2766 5243 et
2801 5188 2856 5243 in
2895 5193 3061 5261 opere
3112 5190 3294 5258 aliquo
3323 5187 3452 5243 dum

1863 5293 2174 5351 operamur,
2223 5279 2400 5335 cordis
2462 5279 2633 5335 nostri
2691 5282 2925 5352 cogitata
2968 5279 3329 5343 ostendimus;
3376 5277 3453 5332 ita

1861 5370 2007 5441 quod
2034 5370 2090 5425 in
2109 5369 2274 5427 corde
2299 5370 2617 5441 cogitamus,
2641 5356 2941 5443 antequam.
2959 5370 3189 5426 dicendo
3211 5367 3297 5422 vel
3323 5379 3452 5435 ope-

1863 5461 2036 5520 rando
2072 5461 2358 5534 pandatur,
2387 5478 2419 5518 a
2445 5464 2666 5521 renibus
2706 5455 2958 5532 gignitur,
2989 5455 3280 5514 secundum
3321 5454 3453 5514 illud

1858 5555 2007 5630 quod
2033 5555 2091 5612 in
2129 5555 2238 5613 alio
2267 5555 2476 5629 psalmo
2519 5553 2746 5610 dicimus
2773 5551 2905 5612 Deo,
2950 5546 3095 5616 quod
3132 5560 3241 5600 non
3277 5545 3452 5602 solum

1859 5649 2046 5718 corda,
2075 5647 2172 5706 sed
2191 5655 2249 5704 et
2265 5663 2424 5704 renes
2442 5650 2730 5702 scrutetur.
2777 5639 2914 5694 Cum
2942 5651 3072 5706 ergo
3109 5635 3241 5694 dicit
3278 5637 3452 5710 poeni-

1859 5741 2110 5798 tensDeo
2141 5759 2158 5795 :
2193 5738 2462 5808 Quoniam
2499 5743 2560 5790 tu
2587 5729 2876 5805 possedisti
2907 5744 3066 5785 renes
3105 5745 3276 5797 meos,
3322 5729 3453 5788 dicit

1859 5834 1911 5891 ei
1941 5852 1954 5888 :
1985 5833 2123 5900 Quia
2152 5832 2228 5890 ita
2254 5830 2354 5887 tibi
2385 5830 2438 5886 in
2462 5845 2550 5886 me
2573 5825 2706 5887 nihil
2727 5821 3000 5884 occultum
3016 5829 3118 5895 est,
3143 5829 3203 5880 ut
3230 5839 3338 5883 non
3358 5837 3450 5880 so-
