4088 6346
685 285 790 344 547

2025 283 2296 360 annos"
2329 293 2629 356 JUNlORlS

3861 303 3947 370 Sis

689 420 798 476 lum
827 419 1060 492 cogitata
1100 435 1219 492 quae
1261 427 1390 480 sunt
1416 421 1471 478 in
1511 424 1677 482 corde
1707 425 2036 495 consideres,
2083 429 2178 486 sed
2217 441 2257 486 e1

2377 409 2667 465 deveniunt
2695 412 2748 466 hi
2779 411 2846 468 de
2871 414 3063 486 quibus
3091 415 3286 472 dicitur
3311 437 3324 473 :
3355 419 3546 478 Nonne
3591 423 3686 492 qui
3737 431 3790 478 te
3838 427 3946 482 ode-

684 513 968 584 cogitanda
1013 528 1130 586 quae
1187 515 1312 572 sunt
1354 515 1412 572 in
1463 517 1683 576 renibus
1723 533 1916 576 cernas
1939 562 1953 590 ,
2013 529 2104 590 tu,
2165 521 2270 584 Do—

685 607 848 672 mine,
879 606 970 676 qui
991 606 1273 682 suscepisti
1293 622 1380 664 me
1407 623 1476 668 ex
1504 615 1661 666 utero
1689 612 1878 670 matris
1921 627 2074 680 meae,
2107 614 2180 670 ita
2209 621 2270 670 ut

680 695 938 768 quidquid
957 697 1026 754 ab
1043 706 1166 754 ortu
1199 715 1322 756 meo
1342 701 1624 760 semisonis
1656 702 2004 762 balbutientis
2033 706 2270 768 infantia:

677 789 856 854 verbis
877 789 1079 864 aliquid
1099 789 1239 848 forte
1279 794 1499 870 peccavi
1531 809 1844 866 cognoscas.
1861 783 2060 854 tEtiam
2083 799 2142 854 in
2163 799 2270 860 hoc

677 878 959 950 conﬁteor,
999 881 1126 956 quia
1168 873 1477 946 terribiliter
1501 886 1630 942 mihi
1662 887 1974 946 miriﬁcatus
2000 905 2098 948 es:
2131 891 2268 948 mira

679 988 845 1044 opera
868 980 959 1028 tua
981 987 1102 1043 qua:
1123 971 1294 1030 oculis
1306 975 1442 1032 meis
1461 975 1590 1044 vidi,
1605 985 1662 1034 et
1681 984 1736 1034 te
1755 993 2029 1048 exercere,
2044 979 2271 1038 Domine

677 1061 807 1120 Iesu
821 1063 1055 1134 Christe,
1073 1067 1320 1140 cognovi,
1337 1077 1393 1124 et
1418 1067 1595 1128 anima
1616 1085 1734 1124 mea
1751 1071 1902 1128 novit
1926 1069 2102 1128 nimis.
2121 1071 2269 1130 Intus

673 1153 728 1230 in
753 1172 840 1212 me
855 1165 938 1214 est
965 1153 1110 1227 quod
1123 1143 1342 1238 credidi,
1359 1175 1466 1214 non
1489 1157 1542 1214 in
1555 1161 1840 1231 superﬁcie
1849 1163 2158 1230 verborum,
2173 1162 2267 1218 sed

669 1243 821 1302 intus
849 1247 904 1302 in
927 1247 1225 1306 visceribus
1253 1249 1464 1320 animai,
1496 1251 1642 1320 quod
1669 1253 1742 1307 ita
1769 1268 1890 1309 esse
1918 1253 2016 1310 tibi
2043 1270 2154 1310 non
2183 1253 2267 1310 est

667 1335 965 1393 'occultum.
1019 1335 1300 1409 Siquidem
1341 1339 1439 1396 tibi
1473 1343 1752 1400 “occultum
1793 1360 1899 1400 non
1937 1355 2045 1412 est,
2079 1361 2179 1402 nec
2205 1361 2268 1404 os

667 1427 852 1508 incum
869 1468 886 1496 ,
914 1429 968 1486 id
995 1439 1107 1496 est,
1135 1433 1316 1488 oss'um
1343 1439 1542 1500 meum,
1574 1435 1720 1508 quod
1745 1435 1918 1496 fecisti
1947 1438 2001 1494 in
2025 1437 2258 1498 occulto.

665 1507 732 1576 ἐἰ
762 1535 890 1592 ergo
921 1537 1020 1578 nec
1063 1539 1124 1579 os
1153 1539 1331 1580 meum
1371 1523 1477 1584 tibi
1518 1507 1788 1582 occultum
1831 1537 1916 1584 est
1957 1529 2102 1604 quod
2147 1545 2267 1588 esse

675 1607 990 1669 naturaliter
1015 1611 1265 1682 voluisti,
1315 1615 1446 1688 quid
1491 1616 1596 1692 erit
1640 1626 1764 1674 ante
1813 1626 1864 1674 te
1909 1607 2180 1676 occultum
2209 1621 2266 1676 in

675 1707 836 1762 corde
875 1701 1020 1780 quod
1058 1709 1390 1768 manifestari
1423 1709 1666 1782 jussisti?
1692 1709 1775 1767 Ad
1803 1709 1996 1768 altiora
2018 1703 2266 1772 ducimur

2371 509 2514 569 runt,
2547 505 2706 570 Deus,
2740 505 2864 561 odio
2889 505 3081 575 habui,
3113 517 3168 564 et
3193 527 3355 584 super
3381 511 3632 570 inimicos
3661 523 3785 570 tuos
3815 517 3944 574 tabe-

2371 594 2621 651 scebam?
2647 595 2774 653 Haec
2801 596 2991 654 Petrus
3017 597 3071 654 in
3099 593 3340 659 Ecclesia
3365 603 3628 676 loquitur,
3653 613 3710 664 et
3727 604 3942 666 Ecclesia

2373 687 2427 741 in
2457 685 2620 744 Petro
2649 687 3006 760 pronuntiat?
3034 688 3302 761 Perfecto,
3347 696 3542 766 inquit,
3571 697 3700 754 odio
3743 697 3938 756 oderam

2370 777 2519 846 illos;
2551 779 2752 836 inimici
2777 779 2906 840 facti
2933 787 3057 840 sunt
3083 785 3242 854 mihi;
3274 793 3331 843 et
3357 785 3501 858 ideo,
3533 787 3621 845 his
3647 789 3940 848 anathema-

2371 871 2547 930 tizatis
2565 890 2579 926 :
2595 869 2772 930 Proba
2793 889 2899 942 me,
2927 873 3118 946 inquit,
3139 877 3389 948 Domine,
3413 887 3468 936 et
3487 881 3628 938 scito
3647 897 3746 938 cor
3763 899 3934 954 meum,

2370 963 2499 1038 quid
2525 963 2592 1020 de
2619 973 2672 1021 te
2698 967 2947 1034 sentiam,
2977 967 3106 1038 quid
3132 967 3200 1026 de
3229 979 3282 1027 te
3301 973 3520 1032 credam
3542 972 3818 1046 inter-ruga
3847 993 3934 1043 me,

2371 1059 2427 1111 et
2453 1055 2590 1112 scito
2623 1057 2842 1114 semitas
2875 1073 3044 1127 meas,
3075 1061 3147 1116 sit
3175 1061 3269 1118 tibi
3297 1061 3609 1122 sollicitudo
3637 1063 3706 1122 de
3725 1061 3934 1125 Ecclesia

2363 1147 2490 1230 'tua,
2523 1153 2578 1204 et
2601 1149 2671 1206 de
2699 1150 2889 1207 ovibus
2917 1151 3051 1220 tuis,
3084 1161 3140 1209 et
3169 1153 3290 1214 vide
3315 1153 3362 1212 si
3390 1158 3475 1214 via
3505 1153 3806 1230 iniquitatis
3837 1159 3930 1220 dia-

2363 1229 2526 1298 bolus
2554 1243 2666 1308 est,
2695 1242 2789 1314 qui
2817 1257 2876 1299 se
2903 1243 2970 1298 ad
2998 1241 3381 1302 ambulandum
3411 1247 3468 1306 in
3494 1261 3560 1304 ea
3585 1229 3644 1305 in
3671 1249 3930 1309 ἱππ-θαιιῶ

2371 1337 2426 1387 et
2451 1329 2720 1390 haereticis
2748 1334 2954 1408 praabet
2982 1353 2996 1390 :
3027 1333 3180 1404 Vide,
3203 1337 3395 1410 inquit,
3421 1339 3476 1395 in
3505 1339 3765 1414 "populum
3783 1345 3928 1413 tuum,

2370 1441 2440 1482 ne
2459 1428 2538 1482 sit
2585 1427 2777 1499 aliquis
2805 1429 2861 1486 in
2909 1445 3019 1512 quo
3063 1431 3152 1488 via
3195 1431 3494 1506 iniquitatis
3539 1419 3647 1492 iler
3691 1437 3928 1494 erroribus

2369 1521 2636 1594 prmbeat;
2667 1529 2723 1577 et
2750 1523 3041 1580 excludens
3065 1524 3208 1580 viam
3233 1527 3551 1600 iniquitatis,
3588 1525 3762 1586 deduc
3785 1546 3862 1587 me
3885 1531 3926 1590 in

2361 1615 2509 1684 lviam
2537 1623 2814 1684 aeternam,
2840 1625 2901 1673 ut
2925 1625 3098 1690 portae
3121 1621 3312 1676 mortis
3340 1628 3396 1677 et
3424 1619 3582 1678 inferi
3613 1639 3720 1679 non
3747 1631 3924 1694 prava-

2371 1705 2517 1766 leant
2543 1707 2693 1778 mihi,
2725 1711 3018 1767 secundum
3068 1713 3294 1768 verbum
3339 1715 3492 1769 tuum
3541 1714 3764 1788 (Matth.
3803 1719 3921 1784 xvi),

673 1815 794 1856 cum
823 1799 890 1856 de
918 1799 1129 1858 ossibus
1157 1809 1214 1858 et
1240 1801 1536 1857 substantia
1569 1817 1691 1872 quae
1721 1803 1774 1858 in
1803 1801 2147 1860 inferioribus
2183 1813 2266 1860 est
2293 1788 2344 1862 Β
2369 1797 2594 1854 Domine
2619 1797 2748 1856 Jesu
2763 1799 3000 1870 Christe,
3024 1803 3118 1873 qui
3135 1817 3330 1874 regnas
3351 1819 3472 1862 cum
3495 1804 3660 1864 Patre
3678 1815 3732 1863 et
3752 1808 3919 1878 Spiritu.

665 1879 828 1946 terrai
873 1900 1189 1948 tractamus.
1240 1885 1430 1963 Agitur
1475 1893 1619 1948 enim
1663 1879 1773 1948 hoc
1801 1893 1924 1950 loco
1961 1893 2108 1966 quod
2150 1895 2265 1952 dies

673 1983 1082 2042 resurrectionis
1127 1985 1448 2052 advenerit:
1477 1977 1816 2058 Ubicunque,
1867 1987 2071 2060 inquit,
2103 1991 2266 2048 fuerit

663 2081 733 2132 'os
753 2083 967 2146 meum,
995 2083 1053 2140 'et
1097 2079 1401 2152 ubicunque
1447 2080 1502 2138 in
1549 2079 1894 2136 inferioribus
1923 2089 2078 2137 terrae
2103 2081 2265 2138 fuerit

663 2167 966 2228 substantia
993 2175 1142 2237 mea,
1187 2171 1562 2249 imperfectum
1605 2187 1787 2232 meum
1827 2173 2084 2230 videbunt
2121 2175 2264 2232 oculi
2351 2167 2358 2170 ’

603 2283 609 2290 ·
659 2255 1164 2336 ‘t’iiiJmperieCtum
1185 2281 1364 2322 meum
1381 2267 1576 2323 carens
1603 2282 1820 2335 nervos,
1850 2275 2259 2342 carens_cutem,

657 2353 913 2430 spiritum
935 2365 1043 2416 non
1061 2357 1285 2425 habens,
1313 2357 1422 2416 hoc
1433 2359 1693 2416 videbunt
1707 2361 1848 2417 oculi
1869 2361 1966 2430 tui,
1995 2362 2122 2431 quia
2145 2361 2266 2418 solo

661 2447 890 2520 'aspectu
901 2451 1186 2506 oculorum
1220 2459 1434 2508 tuorum
1457 2461 1727 2524 exsurget.
1771 2453 1832 2507 In
1859 2453 1997 2510 libro
2018 2453 2164 2510 enim
2183 2469 2263 2510 re-

657 2541 1016 2600 surrectionis
1036 2557 1225 2598 omnes
1235 2542 1485 2600 homines
1510 2546 1602 2618 qui
1624 2547 1735 2600 nati
1756 2554 1899 2614 sunt,
1915 2562 2105 2608 omnes
2125 2547 2260 2603 scri-

661 2635 887 2702 buntur,
919 2639 1185 2708 quotquot
1223 2635 1288 2690 ad
1317 2635 1460 2692 diem
1495 2636 1890 2706 formabuntur,
1934 2648 1990 2696 et
2015 2655 2176 2696 nemo
2206 2640 2262 2696 in

670 2725 748 2781 eis
777 2725 870 2796 qui
898 2727 971 2781 ibi
999 2725 1231 2798 scriptus
1260 2741 1366 2783 non
1411 2728 1499 2783 sit.
1543 2715 1608 2786 in
1657 2745 1764 2799 quo
1809 2729 1948 2786 libro
1993 2731 2124 2786 mihi
2151 2749 2263 2788 non

668 2817 872 2874 suntin
899 2835 1086 2876 amore
1107 2823 1169 2873 'et
1198 2817 1251 2873 in
1281 2819 1548 2886 honore,
1583 2820 1686 2874 nisi
1735 2820 1892 2876 amici
1941 2821 2045 2888 tui,
2093 2815 2258 2882 Deus.

655 2901 835 2965 Nimis
863 2910 1003 2965 enim
1034 2909 1322 2966 c'onl'ortati
1343 2919 1468 2965 sunt
1487 2909 1819 2981 principatus
1847 2915 2058 2968 eorum.
2084 2911 2263 2986 Siqui—

668 3001 788 3058 dem
801 2987 1096 3074 participes
1115 3017 1209 3058 eos
1221 3001 1306 3056 'tu‘i
1327 3000 1446 3057 esse
1457 3004 1653 3057 aeterni
1669 3003 1884 3074 imperii
1904 3005 2256 3076 repromittis,

653 3091 768 3196 inec
787 3099 854 3148 'ut
881 3093 1120 3196 haeretici
1149 3091 1351 3196 dicunt,
1377 3109 1482 3196 non
1495 3093 1693 3196 ldebuit
1715 3094 2261 3196 mundus‘subsistere
2285 3171 2332 3196 ﬂ
2365 3123 2486 3186 Mi,
2511 3141 2658 3190 mea,
2689 3122 3000 3180 “umbram
3029 3141 3182 3196 super

655 3189 765 3256 ‘per
793 3199 915 3238 eum
943 3183 1036 3254 qu’i
1075 3183 1332 3254 praescius
1359 3191 1476 3238 erat
1495 3181 1749 3240 homines
1777 3187 1875 3256 p'e‘r
1905 3195 2130 3258 peccata
2159 3205 2256 3244 sua
2281 3171 2334 3246 Ω

651 3269 723 3330 ‘et
749 3276 951 3332 scelera
971 3271 1048 3330 'ad
1076 3281 1335 3334 maternum
1363 3275 1623 3344 "gehennae
1651 3276 1952 3336 incendium
1983 3279 2257 3344 destinan-

667 3365 784 3423 dos.
817 3365 877 3423 Si
903 3365 977 3422 ita
1007 3367 1209 3438 ptltatis
1244 3365 1505 3422 'de'buisse
1549 3365 1704 3430 ﬁeri,
1754 3363 2058 3426 consultum
2086 3373 2258 3444 magis

651 3455 772 3517 reis
799 3459 1056 3530 iudicatis
1083 3475 1206 3516 esse
1235 3467 1398 3529 quam
1437 3461 1656 3517 sanctis.
1675 3447 1748 3517 ‘Si
1769 3463 1922 3519 "enim
1955 3463 2195 3520 'mundus
2223 3481 2257 3520 a

664 3553 762 3608 suo
789 3549 1234 3608 iuisset'transitu
1271 3551 1783 3620 revocatus,"n‘tﬂlus
1819 3543 2012 3610 fuisset
2037 3562 2254 3611 sancto-

649 3639 784 3698 rum
812 3644 1079 3714 particeps
1119 3643 1290 3712 regni.
1331 3635 1976 3715 ‘Et'dum'p‘rovidebatur
2001 3646 2158 3702 malis
2183 3663 2256 3702 ne

664 3737 1038 3792 ad'interitum
1067 3735 1409 3802 devenirent,
1435 3735 1834 3808 impediebatur
1875 3739 2035 3795 bonis
2081 3755 2148 3795 ne
2181 3739 2256 3795 ad

661 3829 888 3898 gloriam
917 3825 1292 3899 pervenirent;
1324 3835 1379 3883 et
1417 3829 1477 3882 ut
1519 3841 1627 3884 non
1669 3829 1906 3899 perirent
1933 3845 2031 3902 pro
2059 3830 2253 3885 merito

660 3937 758 3978 suo
785 3921 946 3990 mali,
965 3921 1120 3977 hanc
1143 3920 1288 3976 'boni
1325 3920 1661 3992 accipiebant
1689 3921 2039 3985 sententiam,
2071 3931 2140 3976 ne
2166 3921 2256 3978 vel

641 4009 1012 4086 'temporale'm
1051 4013 1230 4068 vitam
1277 4015 1615 4084 susciperent
1636 4056 1652 4082 ,
1707 4007 1901 4085 quibus
1960 4013 2254 4071 debebatur

659 4115 882 4160 acterna.
901 4103 1024 4161 'Nos
1051 4111 1232 4161 autem
1262 4119 1381 4161 cum
1410 4103 1674 4176 propheta
1701 4107 2026 4175 gaudeamus
2051 4107 2106 4160 in
2127 4119 2254 4162 san-

643 4195 917 4262 ‘ctis‘Dei,
950 4205 1005 4251 et
1029 4207 1166 4252 cum
1210 4197 1471 4268 Apostolo
1500 4198 1673 4268 dignis
1713 4199 2010 4254 honoribus
2049 4200 2252 4254 amicos

643 4269 1266 4354 $Domitii‘recordemur,
1293 4301 1524 4358 quorum
1563 4297 1744 4344 tantus
1772 4299 1855 4344 est
1885 4307 2159 4359 numerus,
2193 4299 2252 4346 ut

641 4375 820 4450 super
841 4377 1428 4448 arenam'multiplicati
1453 4393 1574 4435 esse
1605 4387 1913 4436 noscantur.
1942 4379 2078 4448 Quid
2105 4397 2249 4438 nunc

658 4472 703 4528 si
733 4471 928 4527 ocdidit
947 4471 1220 4527 'Dominus
1249 4473 1596 4542 peccatores?
1623 4469 1830 4529 Occidit
1855 4473 2130 4530 'Neronem
2149 4518 2163 4542 ,
2194 4484 2249 4532 et

2368 1899 2557 1946 sancto
2587 1891 2642 1946 in
2671 1891 2867 1948 saecula
2895 1893 3238 1950 szeculorum.
3271 1895 3460 1952 Anien.

2835 2003 3152 2064 PSALMUS
3199 1999 3487 2064 CXXXIX.

2783 2095 2843 2154 In
2881 2095 3042 2158 ﬁnem
3077 2099 3317 2170 psalmus
3353 2099 3540 2164 David.

2437 2198 2600 2272 Eripe
2633 2217 2748 2268 me,
2789 2198 3030 2270 Domine,
3059 2201 3126 2256 ab
3159 2202 3365 2258 homine
3393 2208 3568 2274 malo;
3589 2221 3624 2258 α
3649 2208 3747 2262 εἰη)
3771 2207 3915 2280 illique

2361 2293 2506 2366 eripe
2527 2309 2626 2348 me.
2653 2289 2754 2357 Qui
2773 2294 3126 2366 cogitaverunt
3151 2295 3454 2372 iniquitates
3474 2297 3530 2350 in
3549 2297 3708 2366 corde,
3731 2307 3830 2356 tota
3845 2300 3918 2356 die

2361 2384 2741 2446 constituebant
2778 2384 2981 2456 praelia.
3009 2385 3268 2442 Acuerunt
3291 2385 3504 2460 lingua;
3531 2405 3640 2450 atas
3673 2390 3793 2446 aiat:
3815 2407 3917 2450 ser-

2363 2485 2563 2548 pentes,
2592 2463 2837 2540 venenum
2859 2477 3096 2550 cupidum
3117 2477 3207 2532 sub
3227 2477 3380 2534 labiis
3395 2497 3596 2544 eorum.
3617 2479 3808 2548 Custodi
3826 2497 3916 2546 me,

2367 2565 2620 2634 Domine,
2651 2567 2716 2624 de
2745 2585 2904 2624 manu
2931 2569 3243 2640 peccatoris,
3273 2579 3327 2626 et
3354 2569 3418 2626 ab
3449 2571 3728 2642 honunibus
3753 2574 3914 2650 iniqui;

2361 2660 2507 2732 eripe
2531 2676 2631 2716 me.
2671 2657 2773 2726 Qui
2817 2661 3167 2732 cogitaverunt
3203 2663 3545 2736 supplantare
3571 2683 3762 2738 gressus
3777 2682 3908 2734 meos,

2363 2749 2746 2812 abiconderunt
2787 2751 2990 2824 superbi
3023 2753 3262 2826 laqueum
3501 2753 3575 2814 Et
3597 2759 3738 2832 funes
3759 2765 3908 2812 extat-

2357 2845 2554 2902 derunt
2599 2847 2654 2902 iu
2695 2845 2963 2918 laqueum,
2987 2847 3146 2918 juxta
3189 2849 3291 2902 iter
3331 2849 3638 2914 scandalum
3673 2855 3908 2926 posuerunt

2365 2937 2510 3000 mihi.
2536 2936 2664 2998 Dixi
2682 2936 2941 3000 Domino:
2964 2936 3104 2994 Deus
3129 2955 3270 2994 meus
3289 2955 3348 2996 es
3371 2949 3423 2996 tu
3437 2958 3457 3008 ;
3477 2942 3688 3008 easaudi,
3707 2939 3908 3008 Domine,

2361 3045 2535 3088 uocem
2557 3029 2930 3100 deprecationis
2959 3046 3102 3086 mete.
3145 3017 3386 3099 Domum,
3417 3032 3655 3100 Domine,
3681 3037 3818 3090 unus
3833 3051 3911 3090 sa-

3213 3133 3376 3202 .caput
3401 3143 3572 3186 meum
3596 3129 3650 3182 in
3687 3129 3761 3184 die
3785 3127 3910 3188 belli.

3207 3220 3469 3284 desiderio
3509 3239 3623 3278 meo
3649 3223 3910 3295 peccaturi:

2359 3312 2712 3384 cogitaverunt
2731 3320 2912 3366 contra
2931 3327 3031 3376 me,
3052 3327 3115 3366 ne
3129 3311 3464 3384 derelinquas
3486 3311 3912 3386 me,ne[orteetal«

2349 3410 2548 3462 tentur.
2583 3403 2748 3474 Caput
2767 3403 3011 3458 circuitus
3031 3419 3210 3460 eorum
3222 3443 3236 3468 ,
3253 3401 3415 3466 labor
3443 3405 3690 3460 labiorum
3715 3407 3914 3476 ipsorum

2361 3495 2556 3566 aperiet
2579 3511 2683 3550 eos.
2703 3491 2902 3552 Cadent
2929 3510 3081 3564 super
3101 3511 3185 3550 eos
3215 3494 3496 3562 carbones;
3525 3498 3579 3550 in
3603 3497 3766 3570 ignem
3801 3495 3918 3566 deji—

2361 3589 2463 3644 cies
2487 3603 2576 3644 eos
2593 3603 2611 3642 :
2631 3587 2687 3642 in
2715 3588 2936 3642 miseriis
2965 3603 3068 3642 non
3093 3585 3381 3644 subsistent.
3419 3586 3794 3659 VirJinguosus
3827 3603 3922 3642 non

2361 3679 2614 3753 dirigetur
2634 3681 2690 3734 in
2711 3687 2878 3745 terra,
2910 3679 3073 3734 virum
3095 3679 3344 3750 injustam
3373 3678 3511 3738 male
3535 3681 3750 3750 capiant
3771 3681 3824 3734 in
3847 3679 3930 3732 in-

2361 3775 2532 3830 teritu.
2575 3771 2799 3844 Cognovi
2827 3773 2948 3844 quia
2989 3773 3145 3844 faciet
3185 3771 3421 3828 Dominus
3443 3771 3697 3844 judicium
3735 3771 3931 3840 inopis,

2359 3874 2410 3924 et
2455 3865 2734 3934 uindictam
2783 3881 3082 3937 pauperum.
3143 3863 3496 3924 Verumtamen
3548 3865 3678 3937 justi
3725 3865 3928 3936 conﬁte-

2307 4015 2320 4024 ,
2361 3958 2549 4014 buntur
2583 3958 2782 4014 nomini
2812 3966 2916 4024 tua,
2943 3965 2994 4028 et
3022 3955 3325 4026 habitabant
3353 3959 3477 4014 recti
3516 3973 3631 4014 cum
3656 3953 3916 4016 ναίηται

2936 4083 3375 4132 ΕΟΙΙΕΝΤΔΒΙΙῙΙ.

2427 4189 2738 4246 Cavendum
2759 4197 2841 4246 est
2865 4205 2934 4246 ne
2963 4190 3182 4261 quando
3199 4189 3908 4250 semitis-nouerint!ch

2339 4283 2448 4338 vu‘bi
2465 4283 2702 4353 genuino
2723 4289 2874 4337 motu
2895 4283 3014 4337 laus
3031 4289 3296 4338 creaturae
3317 4283 3586 4338 consistit.
3601 4273 3762 4337 llus
3779 4281 3912 4336 enim

2353 4391 2454 4448 per
2479 4383 2782 4432 creaturam
2828 4391 2928 4431 nec
2971 4377 3086 4445 ipse
3125 4383 3210 4431 est
3253 4377 3523 4432 diabolus.
3565 4376 3706 4444 Quod
3739 4375 3780 4430 si
3821 4383 3914 4444 per

2354 4477 2604 4524 naturam
2631 4483 2732 4524 nec
2752 4467 2996 4524 diabolus
3021 4469 3196 4523 malus
3215 4475 3318 4534 est,
3351 4477 3558 4538 quanto
3571 4467 3732 4536 νωιςῶ
3749 4465 3918 4522 homo

639 4561 928 4636 fpoSt'e‘um
958 4577 1144 4620 omnes
1171 4564 1316 4619 viros
1361 4565 1729 4633 sanguinarios
1773 4565 1866 4635 qui
1891 4575 2109 4622 sanctos
2135 4562 2525 4632 Do-__.D~malus
2552 4561 2758 4631 agendo
2789 4577 2896 4617 non
2927 4559 3196 4616 nascendo
3219 4559 3576 4630 probabitur?
3607 4557 3920 4616 Narnumnis

635 4653 796 4726 ’niipi‘
808 4655 1138 4714 occ'i'deidht.
1164 4653 1220 4711 Si
1244 4661 1504 4723 vestrum,
1522 4671 1556 4711 ο
1575 4655 1816 4712 ὶιωιυεῑίοῖ
1828 4655 1840 4708 !
1853 4657 2010 4711 'Deus
2028 4665 2242 4714 secutus

637 4747 796 4808 esset
817 4751 1121 4817 consilium,
1148 4766 1214 4806 ne
1232 4749 1634 4821 perirent'Nero
1657 4757 1749 4826 aut
1769 4747 2243 4814 Diocletianus,vel

637 4847 833 4901 'cieteri
861 4843 1232 4900 interfectores
1261 4852 1588 4909 sanctorum,
1619 4858 1727 4897 non
1749 4842 1961 4898 fecisset
1981 4853 2090 4898 'nec
2108 4857 2237 4913 apo-

633 4931 842 5001 'sto'los,
893 4953 994 4994 nec
1027 4945 1292 5010 martyres
1319 4937 1487 5002 nasci,
1515 4943 1764 5005 essetque
1785 4953 1883 5008 par
1901 4935 2156 5005 judicium
2187 4937 2242 5012 in

633 5027 865 5097 'injustis
891 5027 1147 5096 et'justis,
1172 5036 1225 5083 et
1254 5043 1443 5084 omnes
1463 5043 1569 5084 una
1589 5027 1926 5098 praeveniens
1955 5027 2239 5094 sententia,

635 5121 751 5192 'per
777 5119 934 5188 'q'u'am
964 5119 1123 5173 Simul
1150 5129 1334 5175 omnes
1359 5119 1672 5174 viderentur
1711 5125 1837 5173 ante
1875 5118 2051 5190 puniti
2078 5133 2242 5190 quam

650 5213 782 5267 nati.
823 5207 1092 5278 Sed'vos,
1135 5211 1302 5276 oviri
1330 5212 1676 5281 sanguinum!
1711 5211 1976 5268 declinate
2003 5227 2034 5266 a
2063 5213 2236 5280 nobis,

610 5305 741 5378 _,'qui
762 5303 937 5361 dicitis
957 5303 1084 5375 quia
1110 5304 1166 5360 in‘
1185 5305 1380 5359 vanum
1400 5305 1974 5376 acceperint‘homines
1997 5303 2240 5360 civitates

617 5381 943 5482 ;suas,'hoc
970 5404 1080 5462 est,
1130 5395 1436 5450 sine'causa
1482 5405 1607 5451 sunt
1651 5397 1906 5452 mortales
1935 5395 2140 5462 effecti,
2181 5403 2241 5450 et

629 5491 829 5545 'omnia
859 5507 978 5546 cum
1009 5490 1207 5546 mundo
1234 5489 1984 5562 pereunt,‘t3t'ipsaperditio.
2017 5487 2232 5543 Non‘itn

650 5591 762 5648 est,
803 5599 989 5639 omnes
1017 5583 1068 5638 in
1095 5583 1250 5642 'libro
1279 5585 1460 5654 Scripti
1492 5591 1634 5639 sunt.
1682 5581 1881 5637 Omnes
1913 5585 2229 5649 "resurgunt,

649 5673 744 5728 sed
787 5673 902 5729 aliis
946 5677 1157 5732 dabitur
1186 5677 1314 5732 odor
1361 5677 1478 5732 tiin
1515 5677 1769 5731 inuitam
1795 5677 2071 5738 mmmam,
2117 5673 2232 5727 aliis

649 5757 985 5824 edor'mortit
1011 5767 1081 5823 in
1117 5777 1332 5825 mortem
1373 5765 1604 5840 (ll‘Cor.
1651 5766 1720 5838 il)
1745 5767 2109 5840 perpetuam,
2143 5765 2233 5819 ubi

2231 5909 2318 5934 ,ΩΑ

2349 4663 2538 4710 natura
2559 4669 2705 4724 opus
2727 4660 2810 4709 est
2837 4653 2954 4709 Dei.
2975 4651 3146 4708 Omne
3174 4657 3356 4708 autem
3375 4660 3812 4722 peccatum-opas
3829 4657 3922 4706 ut

2329 4746 2752 4816 contemptoris,
2775 4745 2921 4815 quod
2941 4753 2996 4800 et
3015 4746 3189 4815 ipsum
3199 4751 3626 4814 peceatum-non
3641 4743 3922 4798 sui-alma

2345 4839 2546 4893 malum
2573 4847 2676 4894 est.
2703 4837 2902 4891 Malum
2929 4836 3078 4892 enim
3095 4833 3512 4892 llln'dnon'facit
3523 4835 3653 4891 Lsola
3669 4833 3924 4904 opinio,

2345 4932 2442 4988 sed
2471 4930 2863 5002 praevaricatio.
2895 4928 3160 4996 Quoniam
3191 4927 3466 4998 prohibita
3493 4927 3622 4982 dum
3645 4931 3922 4995 amatur,

2351 5031 2408 5080 et
2447 5023 2564 5092 ejus
2591 5023 2684 5092 qui
2711 5020 2984 5092 prohibuit
3017 5016 3926 5090 judiciordestinanmdmginue-

2333 5123 2475 5189 Tpata
2489 5117 2845 5170 damnantur.
2865 5113 3124 5183 Denique
3141 5120 3218 5168 οι·
3230 5111 3346 5183 ipsa
3357 5109 3800 5182 «prohibitamtdn
3811 5111 3926 5166 lbo-

2346 5207 2513 5262 nis-et
2531 5205 2770 5261 in-malis
2783 5205 2946 5260 rebus
2963 5218 3116 5262 reum
3135 5199 3932 5274 faciuntperpetnntem.'ﬂam

2327 5299 2991 5354 homicidium-summum
3021 5293 3656 5361 malumin-hominibus,
3683 5293 3932 5350 etme-

2343 5391 2573 5446 rieordia
2599 5390 3324 5447 summum'bonum'obtinet
3339 5389 3540 5456 locutu,
3562 5388 3938 5461 quodam-

2341 5491 2700 5556 que-voeatur
2724 5485 2778 5539 in
2797 5482 3196 5542 crimendﬁam
3219 5481 3438 5538 et-Gain
3461 5497 3562 5539 cur
3579 5481 3876 5546 ceciderit,
3907 5495 3941 5534 ει

2325 5577 2476 5632 -i'aeie
2503 5576 2620 5632 'Dei
2645 5577 2975 5647 projicitur;
3009 5583 3079 5632 et
3105 5575 3253 5648 ~8aul
3275 5591 3378 5631 cur
3399 5587 3534 5632 mon
3567 5575 3868 5640 occiderit,
3907 5589 3944 5629 a

2333 5679 2509 5740 regno
2523 5667 2858 5725 excluditur.
2871 5667 2999 5723 ----lsta
3033 5667 3189 5724 forte
3232 5665 3376 5739 apud
3387 5673 3618 5724 veteres
3633 5664 3822 5722 dicas-
3833 5681 3942 5735 po-

2319 5763 2324 5768 '
2341 5763 2508 5819 tuisse
2545 5768 2804 5818 constare
2817 5777 2833 5828 ;
2861 5771 3168 5819 mos-vero
3183 5759 3248 5818 in
3255 5757 3466 5830 «quavis
3481 5755 3944 5846 tyana-nmiae—
