4088 6346
637 393 809 450 551-

1928 454 1931 455 ί
1948 376 2207 433 ARNOBI]

2305 374 2557 435 UNIOIIS
3764 381 3856 440 55!

638 521 757 562 rum
776 504 908 560 istos
925 478 1070 557 solos
1092 494 1358 569 percutiat
1380 494 1472 563 qui
1498 504 1797 548 venenosas
1816 504 1966 545 escas
1985 489 2218 545 esurien-
2239 490 2290 551 Α
2315 488 2437 556 bus,
2456 490 2641 558 habet,
2664 490 2903 561 inquam,
2924 488 3091 547 habet
3115 504 3320 558 servos,
3347 498 3405 550 et
3422 491 3695 563 benignos,
3714 502 3765 550 οι
3780 494 3854 566 in.

636 600 780 656 tibus
806 594 1052 651 tradunt?
1079 590 1209 661 Ego.
1232 589 1439 645 :estimo
1490 586 1554 641 ad
1609 585 1731 641 illos
1776 583 1945 651 magis
1990 583 2208 639 tendere

634 689 973 751 sententiam,
1018 684 1111 755 qui
1151 698 1246 739 eos
1293 682 1412 736 cibo
1459 679 1657 735 salubri
1707 693 1815 733 non
1858 675 2120 731 reﬁciunt.
2151 675 2209 731 Si

632 783 778 838 enim
804 777 1053 837 catholici
1072 772 1645 839 doctoresreﬁcerent,
1670 770 1907 825 haeretici
1934 769 2209 847 subripere

632 893 741 936 non
760 876 1022 933 valerent.
1050 870 1198 926 Unde
1226 870 1327 924 iste
1354 884 1532 923 sermo
1553 865 1927 923 comminantis
1949 863 2207 933 judicium

632 970 751 1040 plus
779 967 845 1022 ad
874 981 974 1021 nos
996 979 1156 1032 quam
1180 962 1248 1016 ad
1276 962 1398 1017 illos
1424 960 1657 1028 attingit.
1686 958 1795 1014 Nos
1814 958 1975 1022 enim,
2000 972 2099 1011 nos
2127 956 2208 1010 in-

630 1076 824 1132 quam,
855 1060 961 1114 isto
1001 1055 1430 1113 comminationis
1474 1053 1689 1109 stimulo
1736 1052 2051 1115 excitamur,
2100 1065 2208 1119 quo

629 1152 866 1208 facturus
907 1151 1104 1219 legitur
1148 1150 1289 1203 Deus
1310 1146 1567 1216 judicium
1597 1146 1798 1216 inopis,
1831 1153 1886 1200 et
1912 1143 2206 1199 vindictam

630 1244 903 1315 pauperis.
956 1241 1248 1311 Siquidem,
1279 1246 1338 1294 ut
1364 1239 1626 1308 propheta
1676 1244 1919 1302 testatur,
1969 1236 2209 1290 dicturus

629 1343 714 1390 est
757 1352 770 1387 :
820 1332 961 1389 Ecce
1007 1332 1089 1385 lac
1133 1330 1455 1395 comedistis,
1507 1337 1558 1382 et
1601 1328 1737 1381 lanis
1782 1324 2209 1396 cooperiebamini

630 1425 847 1499 (Eucti.
880 1422 1061 1491 xxxrv)
1082 1460 1097 1485 ,
1129 1429 1185 1476 et
1211 1436 1341 1477 oves
1366 1420 1501 1475 mese
1522 1436 1554 1473 a
1582 1419 1721 1488 lupis
1748 1418 1943 1471 invasa:
1971 1423 2123 1482 sunt;
2154 1421 2210 1470 et

630 1517 756 1572 dum
785 1532 892 1571 non
940 1514 1268 1586 procurastis
1315 1528 1513 1583 pascua
1560 1511 1813 1575 salubria,
1864 1511 1931 1565 ab
1980 1510 2208 1564 inimicis

629 1607 765 1663 meis
805 1606 884 1661 eis
930 1616 1055 1659 sunt
1098 1604 1277 1659 herbae
1319 1603 1573 1658 morbidus
1610 1608 1923 1672 procurate.
1972 1598 2209 1655 Caveant

630 1711 758 1769 ergo
785 1712 990 1761 omnes,
1038 1696 1129 1765 qui
1173 1704 1398 1765 possunt
1444 1709 1595 1750 escas
1644 1694 1803 1748 utiles
1849 1691 2207 1747 esurientibus

628 1789 776 1845 dare.
807 1787 1063 1851 Caveant,
1096 1788 1332 1859 inquam,
1363 1787 1487 1856 quia
1516 1787 1562 1841 si
1590 1786 1659 1841 ab
1685 1785 1817 1856 ipsis
1861 1785 2051 1840 vitales
2097 1800 2208 1839 non

2311 590 2444 647 stos,
2466 582 2562 639 sed
2582 598 2692 640 non
2718 598 2905 640 sumus
2934 582 3083 654 digni
3110 584 3315 641 notitia
3338 600 3550 643 eorum.
3578 584 3761 644 Beatus
3780 590 3853 646 cui

2310 673 2623 730 conceditur
2648 674 2746 731 Dei
2764 673 3021 731 famulum
3049 690 3229 746 nosse,
3251 678 3344 746 qui
3370 676 3624 749 corripiat
3642 679 3693 734 in
3718 681 3851 738 mise-

2309 768 2539 825 ricordia
2556 808 2574 835 ,
2613 775 2671 825 et
2714 768 2960 841 increpet
2984 770 3041 825 in
3068 784 3254 826 amore
3280 768 3398 827 Dei.
3430 769 3525 825 Va:
3551 778 3721 828 autem
3744 773 3850 829 mihi

2308 868 2366 917 et
2392 862 2528 917 meis
2552 860 2836 928 similibus,
2878 862 3002 933 quia
3046 862 3103 918 in
3128 862 3302 919 vicem
3342 862 3502 919 nobis
3542 863 3663 920 oleo
3702 865 3850 937 capita

2310 953 2721 1024 impinguamus,
2743 962 2800 1010 et
2820 954 3098 1012 adulantes
3119 955 3277 1011 nobis
3303 955 3532 1013 invicem
3558 956 3613 1012 in
3637 959 3849 1027 presenti

2307 1044 2496 1115 positi,
2526 1053 2745 1101 sanctos
2791 1060 2892 1102 nos
2918 1061 3176 1103 vocamus
3214 1054 3272 1103 et
3314 1061 3425 1102 non
3469 1060 3591 1103 nos.
3622 1046 3848 1106 Absentes

2308 1150 2439 1191 vero
2466 1151 2566 1191 nos
2592 1136 2666 1191 ita
2691 1136 3025 1204 mordemus,
3053 1146 3217 1208 atque
3255 1139 3619 1209 percutimus,
3646 1149 3703 1195 ut
3725 1147 3857 1197 recto-

2309 1229 2530 1285 canibus
2555 1244 2950 1300 comparemur.
2974 1229 3208 1309 Horum,
3239 1230 3430 1303 inquit,
3456 1231 3633 1288 oleum
3648 1272 3662 1297 ,
3690 1232 3737 1288 id
3758 1240 3842 1298 est,

2308 1319 2501 1376 horum
2527 1321 2763 1378 adulatio
2782 1363 2799 1389 ,
2830 1337 2936 1377 non
2958 1323 3254 1394 impinguet
3279 1332 3442 1395 caput
3467 1340 3664 1381 meum.
3684 1324 3847 1382 Atma-

2308 1410 2391 1479 gis
2417 1411 2593 1467 oratio
2620 1427 2742 1469 mea
2770 1412 2825 1466 in
2855 1413 3207 1484 beneplacitis
3232 1428 3451 1481 eorum,
3476 1414 3529 1470 id
3558 1424 3662 1482 est,
3682 1431 3766 1473 oro
3789 1433 3844 1475 ne

2307 1504 2555 1574 placeant
2580 1505 2712 1559 mihi
2739 1520 2859 1575 quae
2886 1507 3223 1577 beneplacita
3251 1517 3376 1564 sunt
3402 1509 3500 1576 eis,
3530 1510 3624 1579 qui
3648 1510 3844 1582 absorpti

2309 1603 2432 1650 sunt
2453 1596 2625 1665 juncti
2648 1605 2833 1667 petrze.
2868 1596 3084 1655 Judices
3122 1615 3309 1655 eorum
3324 1601 3479 1671 juxta
3518 1610 3721 1672 petram
3745 1612 3844 1660 sunt

2300 1687 2573 1753 heretici,
2615 1705 2724 1745 non
2770 1705 2932 1760 super
2957 1685 3206 1762 petram:
3239 1709 3362 1749 nam
3390 1694 3435 1749 si
3471 1709 3635 1765 super
3674 1704 3840 1767 petram

2309 1789 2496 1848 erant,
2543 1782 2820 1839 absorberi
2847 1798 2956 1839 non
2995 1794 3263 1854 poterant.
3296 1787 3451 1845 Nunc
3474 1796 3655 1845 autem
3688 1787 3840 1846 funda-

627 1878 934 1948 acceperint
960 1878 1110 1933 cibos
1127 1918 1141 1943 ,
1174 1878 1242 1932 ab
1274 1875 1516 1932 hostibus
1543 1875 1800 1929 mortales
1823 1874 2118 1945 accipient,
2147 1881 2204 1929 et
2228 1866 2279 1927 Β
2306 1882 2547 1930 mentum
2573 1882 2742 1946 petrae
2768 1875 2954 1931 solidae
2978 1877 3365 1948 relinquentes,
3400 1880 3561 1950 juxta
3586 1881 3736 1953 ipsam
3768 1899 3840 1955 pe-

627 1967 981 2039 judicabimur
1008 1967 1062 2022 in
1086 1967 1289 2035 judicio
1308 2008 1322 2033 ,
1352 1966 1499 2037 quod
1535 1967 1640 2022 erit
1662 1965 1920 2035 judicium
1961 1967 2199 2036 inopum,

628 2066 684 2114 et
709 2059 943 2115 vindicta
971 2075 1287 2129 pauperum.
1312 2058 1463 2115 Tunc
1488 2059 1605 2115 sine
1632 2059 1813 2125 dubio,
1844 2058 2058 2128 quando
2074 2057 2206 2127 justi

629 2149 1027 2206 conﬁtebuntur
1052 2151 1256 2205 nomini
1282 2157 1490 2216 sancto,
1514 2159 1569 2206 et
1586 2150 1903 2205 habitabunt
1929 2151 2063 2205 recti
2084 2165 2205 2205 cum

629 2238 861 2305 Christo,
893 2241 985 2310 qui
1012 2247 1199 2310 regnat
1226 2256 1349 2294 cum
1376 2238 1537 2295 Patre
1564 2248 1619 2296 et
1647 2240 1848 2311 Spiritu
1875 2248 2079 2307 sancto,
2110 2255 2208 2310 per

630 2331 808 2386 omnia
834 2330 1029 2386 saecula
1057 2330 1391 2386 saeculorum.
1424 2331 1614 2386 Amen.
1668 2362 1676 2395 ι

1165 2459 1480 2517 PSALMUS
1515 2460 1670 2517 CXL.

1183 2569 1426 2625 Psalmus
1484 2571 1669 2625 David.

702 2687 944 2752 Domine,
964 2686 1183 2739 clamavi
1201 2685 1272 2738 ad
1294 2693 1361 2749 te,
1384 2685 1572 2738 exaudi
1591 2700 1701 2749 me;
1722 2684 1931 2738 intende
1958 2686 2065 2739 voci
2087 2700 2217 2739 meat

633 2798 749 2835 cum
776 2781 1061 2835 ctamavero
1081 2778 1150 2831 ad
1171 2785 1238 2832 te.
1262 2776 1534 2847 Dirigatur
1557 2778 1722 2831 oratio
1748 2794 1861 2831 mea
1888 2779 2019 2831 sicut
2037 2779 2213 2831 incen-

633 2890 747 2927 sum
772 2874 827 2926 in
855 2880 1126 2943 conspectu
1155 2879 1260 2935 tuo,
1283 2870 1495 2924 elevatio
1522 2885 1766 2937 manuum
1794 2886 2023 2923 mearum
2048 2872 2212 2923 sacri-

632 2966 808 3034 ﬁcium
832 2965 1187 3034 vespertinum.
1220 2962 1385 3027 Pone,
1410 2960 1651 3027 Domine,
1674 2962 1957 3016 custodiam
1979 2963 2057 3016 ori
2078 2978 2208 3027 mae,

634 3063 684 3110 et
708 3057 896 3110 ostium
922 3056 1319 3108 circumstantias
1346 3053 1496 3110 labiis
1526 3056 1668 3108 meis.
1715 3054 1839 3109 Non
1876 3055 2097 3109 declines
2125 3072 2214 3110 cor

634 3163 804 3200 meum
826 3148 882 3199 in
902 3145 1052 3199 verba
1078 3146 1310 3208 malitia,
1335 3146 1405 3198 ad
1431 3146 1758 3200 excusandas
1785 3149 2138 3202 excusationes
2158 3149 2213 3201 in

2304 1973 2444 2019 tram
2474 1964 2737 2021 fabricant
2765 1966 2820 2020 in
2848 1981 3033 2030 arena,
3054 1968 3145 2022 ubi
3164 1969 3320 2026 nidos
3339 1985 3467 2026 suos
3492 1980 3837 2039 construentes,

2305 2071 2428 2111 cum
2447 2058 2559 2111 suis
2590 2056 2828 2125 parvulis
2856 2057 3230 2113 absorbentur.
3263 2058 3380 2114 Non
3400 2074 3480 2128 se,
3505 2060 3687 2130 inquit,
3712 2077 3838 2119 excu-

2306 2154 2447 2211 sent,
2494 2162 2672 2202 sermo
2717 2147 3082 2216 propheticus,
3125 2148 3222 2204 sed
3267 2150 3487 2205 audiant
3538 2152 3689 2208 verba
3726 2168 3836 2219 mea,

2307 2237 2561 2305 quoniam
2583 2245 2903 2307 potuerunt;
2936 2238 3139 2294 habent
3157 2254 3396 2307 sensum,
3421 2242 3701 2314 ingenium,
3716 2244 3839 2299 intel-

2307 2326 2601 2395 ligentiam.
2645 2327 2879 2382 Audiant
2928 2330 3090 2385 verba
3141 2346 3280 2397 mea,
3329 2333 3529 2388 tollant
3574 2350 3652 2390 sua
3686 2335 3833 2390 verba.

2310 2418 2562 2484 Audiam,
2594 2419 2840 2490 aperiant
2866 2420 3105 2475 auditum
3145 2438 3301 2478 suum
3337 2425 3522 2482 verbis
3552 2428 3682 2482 meis.
3713 2425 3836 2482 Sicut

2310 2508 2611 2565 crassitudo
2638 2520 2796 2565 terra:
2839 2519 3081 2567 eructuat
3122 2529 3284 2584 super
3328 2524 3532 2573 terram
3548 2556 3564 2583 ,
3592 2517 3841 2588 ubicunque

2310 2616 2492 2657 macra
2520 2611 2662 2657 terra
2691 2609 2805 2667 est,
2837 2611 2894 2658 et
2919 2604 3107 2661 sabulo
3135 2622 3420 2678 arenzeque
3446 2611 3722 2680 permixta,
3755 2625 3839 2664 non

2312 2694 2577 2763 excrepit.
2608 2692 2829 2763 Pinguis
2857 2703 3037 2751 autem
3066 2705 3209 2753 terra
3246 2700 3318 2755 ita
3347 2716 3405 2758 se
3431 2704 3621 2771 aperit,
3652 2712 3703 2758 ut
3723 2703 3841 2772 quasi

2312 2804 2376 2844 os
2395 2804 2550 2843 suum
2577 2788 2717 2844 coelo
2745 2798 2991 2859 apertum
3020 2792 3292 2858 ostendat,
3324 2802 3383 2848 ut
3404 2795 3655 2866 quidquid
3681 2811 3707 2851 e
3724 2796 3839 2851 cretis

2312 2879 2476 2959 fuerit
2498 2880 2749 2945 missum,
2782 2882 3028 2939 sitienter
3081 2886 3320 2956 excipiat
3353 2906 3366 2939 :
3398 2889 3503 2953 ita,
3552 2889 3734 2959 inquit,
3774 2889 3840 2944 isti

2313 2971 2535 3027 audiant
2558 2972 2723 3028 verba
2761 2986 2881 3029 mea
2920 2976 3059 3030 sicut
3105 2978 3402 3034 crassitudo
3449 2988 3603 3036 teme
3642 2988 3840 3035 eructuat

2313 3064 2370 3117 in
2391 3061 2572 3132 fruge,
2601 3062 2883 3129 frumenti,
2918 3067 3026 3121 vini
3054 3076 3110 3121 et
3137 3068 3274 3134 olei,
3304 3077 3360 3124 et
3396 3086 3555 3141 quam
3584 3072 3770 3141 pinguis
3790 3071 3842 3125 sit

2314 3153 2450 3210 infra
2471 3170 2551 3222 se,
2573 3172 2738 3227 super
2756 3170 2815 3212 se
2837 3166 3101 3213 eructuat.
3126 3158 3392 3231 Dissipata
3413 3172 3536 3218 sunt
3562 3180 3674 3220 ossa
3693 3172 3840 3219 nostra

631 3240 875 3311 peccatis.
907 3236 1035 3292 Cum
1074 3237 1362 3292 hominibus
1405 3240 1732 3309 operantibus
1773 3241 2090 3310 iniquitatem
2108 3282 2123 3306 ,
2160 3248 2211 3294 et
2237 3230 2287 3300 Ο
2313 3262 2469 3303 secus
2496 3247 2782 3303 infernum.
2810 3248 3025 3305 Graecus
3046 3250 3191 3314 dicit,
3216 3230 3339 3307 ossa
3367 3270 3569 3311 eorum.
3601 3255 3716 3311 Sive
3738 3268 3844 3321 ergo

632 3345 737 3384 non
757 3327 1136 3384 communicabo
1158 3345 1270 3383 cum
1289 3329 1460 3383 electis
1480 3328 1929 3400 eorum.Corripiet
1948 3347 2028 3384 me
2040 3332 2213 3401 justus

630 3421 686 3474 in
714 3419 1085 3484 misericordia,
1117 3428 1168 3473 et
1188 3421 1474 3490 increpabit
1500 3436 1612 3486 me;
1643 3421 1808 3475 oleum
1837 3430 2007 3476 autem
2032 3440 2212 3493 pecca-

633 3511 758 3563 toris
801 3525 904 3565 non
944 3511 1225 3582 impinguet
1269 3518 1423 3581 caput
1459 3506 1646 3567 meum.
1674 3510 1931 3576 Quoniam
1959 3514 2124 3567 adhuc
2164 3524 2213 3569 et

633 3603 799 3656 oratio
826 3618 941 3655 mea
968 3603 1024 3655 in
1052 3600 1382 3673 beneplacitis
1407 3620 1606 3669 eorum,
1646 3604 1874 3674 absorpti
1901 3612 2021 3659 sunt
2041 3606 2213 3676 juncti

632 3700 792 3761 petra:
811 3691 1015 3762 judices
1035 3709 1229 3747 eorum.
1268 3694 1490 3749 Audient
1514 3694 1662 3749 verba
1695 3712 1809 3751 mea
1836 3698 2075 3767 quoniam
2114 3715 2209 3769 po-

634 3788 861 3848 tuerunt,
890 3783 1023 3835 sicut
1043 3782 1331 3836 crassitudo
1353 3790 1503 3837 terra:
1530 3794 1711 3853 erupta
1731 3793 1807 3839 est
1826 3802 1979 3856 super
2000 3796 2206 3841 terram.

630 3868 901 3942 Dissipata
921 3881 1040 3928 sunt
1061 3890 1179 3929 ossa
1207 3883 1383 3929 nostra
1410 3892 1555 3930 secus
1575 3878 1865 3946 infernum,
1893 3879 2013 3948 quia
2045 3878 2113 3930 ad
2139 3888 2207 3944 te,

629 3961 881 4030 Domine,
926 3964 1061 4019 oculi
1104 3967 1236 4032 mei;
1266 3968 1318 4019 in
1364 3974 1414 4021 te
1454 3970 1675 4039 speravi,
1693 3984 1810 4023 'non
1852 3972 2058 4041 auferas
2087 3971 2207 4025 ani-

628 4068 765 4106 mam
808 4070 991 4108 meam.
1036 4053 1247 4113 Custodi
1283 4074 1363 4113 me
1400 4076 1433 4112 a
1471 4059 1651 4131 laqueo
1670 4077 1816 4131 quem
1838 4061 2208 4116 absconderant

627 4141 773 4207 mihi,
803 4152 853 4195 et
880 4161 912 4197 a
933 4146 1194 4201 scandatis
1220 4151 1541 4216 operan'tium
1563 4152 1902 4222 iniquitatem.
1928 4152 2125 4207 Cadent
2151 4156 2207 4207 in

628 4235 875 4288 retiaculo
913 4239 1023 4307 ejus
1062 4248 1391 4307 peccatores;
1432 4243 1767 4314 singulariter
1791 4261 1901 4297 sum
1922 4245 2013 4315 ego
2044 4246 2205 4301 donec

628 4320 916 4383 transeam.
1470 4400 1487 4416 ν

1191 4416 1623 4461 COIIIEMARIUI.

704 4506 850 4565 Ordo
878 4511 1066 4581 psalmi
1094 4515 1185 4583 qui
1215 4494 1374 4571 ﬁdem
1403 4520 1611 4589 accepit
1636 4520 1689 4574 in
1713 4523 1989 4590 prtesentis
2015 4523 2205 4594 psalmi

2315 3346 2518 3403 nostra,
2549 3340 2663 3394 sive
2690 3353 2879 3395 eorum
2913 3357 3034 3397 ossa
3062 3358 3214 3399 secus
3242 3344 3505 3402 infernum
3532 3348 3693 3418 posita
3716 3347 3844 3402 (lissi

2313 3438 2529 3499 pantur.
2577 3429 2727 3486 Sicut
2768 3447 2891 3488 cera
2931 3448 3084 3490 secus
3110 3434 3289 3491 focum
3318 3440 3487 3508 posita
3512 3440 3774 3504 mollescit,
3802 3438 3846 3493 in

2311 3518 2433 3575 foco
2458 3530 2637 3577 autem
2668 3536 2843 3578 massa
2879 3524 3148 3594 liquescit,
3190 3535 3245 3583 et
3272 3528 3497 3599 deperit;
3523 3532 3593 3585 ita
3620 3547 3735 3586 ossa
3760 3547 3848 3586 no-

2312 3619 2425 3667 stra
2476 3627 2633 3670 secus
2679 3612 2941 3669 infernum
2988 3616 3163 3685 posita
3211 3619 3540 3684 mollescunt,
3570 3621 3622 3673 in
3648 3618 3846 3674 inferno

2312 3712 2491 3760 autem
2518 3721 2707 3760 massa:
2734 3706 3053 3775 liquescunt.
3102 3707 3235 3763 Nam
3256 3709 3395 3777 juxta
3434 3709 3677 3765 infernum
3703 3718 3837 3775 sunt,

2310 3795 2525 3863 quando
2564 3795 2718 3864 juxta
2758 3796 2878 3852 illos
2923 3813 3105 3854 sumus
3128 3838 3142 3864 ,
3192 3800 3282 3869 qui
3312 3800 3455 3856 nobis
3486 3799 3716 3856 fomitem
3746 3800 3847 3854 tri-

2308 3886 2480 3942 buunt
2525 3887 2865 3958 delinquendi
2888 3930 2901 3956 ,
2951 3891 3063 3946 sive
3090 3893 3305 3961 quando
3342 3894 3441 3950 illis
3466 3892 3853 3963 cogitationibus

2309 3997 2417 4036 non
2445 3982 2741 4038 resistimus
2767 3998 2885 4053 quae
2925 3999 2984 4039 se
3012 3986 3260 4054 ingerunt
3289 3988 3507 4057 turpiter
3532 3986 3721 4052 menti;
3752 3985 3855 4044 sive

2307 4074 2522 4142 quando
2559 4075 2870 4131 societatem
2905 4084 3144 4133 nostram
3184 4078 3459 4134 diversitas
3484 4094 3643 4134 sexus
3665 4078 3852 4146 inquie-

2318 4174 2428 4233 tat;
2458 4167 2572 4223 sive
2599 4168 2811 4238 quando
2832 4168 3021 4225 talibus
3035 4169 3325 4240 jungimur,
3348 4170 3541 4240 quibus
3565 4168 3852 4226 Christiana

2306 4260 2504 4328 regula:
2534 4275 2640 4316 non
2670 4261 2845 4330 placet
2871 4277 3079 4329 cursus,
3111 4262 3224 4319 sive
3243 4263 3460 4334 quando
3481 4263 3749 4333 iungimur
3769 4262 3853 4316 he-

2304 4350 2487 4406 reticis
2508 4392 2523 4418 ,
2553 4361 2609 4406 et
2634 4353 2788 4422 quasi
2816 4352 2916 4408 sub
2943 4354 3121 4423 specie
3158 4354 3434 4419 amicitias,
3477 4370 3606 4410 cum
3633 4354 3710 4410 his
3729 4351 3852 4408 vide-

2250 4466 2253 4467 ν
2304 4459 2425 4499 mur
2453 4444 2589 4500 inire
2614 4445 2948 4514 conﬂictum,
2998 4455 3052 4502 et
3089 4463 3197 4503 non
3234 4454 3420 4518 aperta
3456 4446 3658 4515 fronte,
3684 4455 3733 4501 ut
3754 4444 3850 4498 Ro-

2304 4538 2448 4592 mani
2495 4546 2681 4593 contra
2722 4539 2980 4595 barbaros
3019 4555 3397 4611 repugnamus.
3454 4541 3539 4598 Ibi
3568 4542 3854 4612 dissipantur

626 4601 933 4704 extenditur
951 4610 1175 4660 textum.
1200 4606 1276 4662 lbi
1296 4609 1438 4664 enim
1467 4610 1635 4665 dixit:
1659 4611 1820 4683 Eripe
1838 4632 1934 4681 me,
1958 4615 2199 4684 Domine,
2226 4599 2283 4660 Ῑ)
2306 4643 2427 4685 ossa
2450 4638 2633 4686 nostra
2673 4630 2824 4699 juxta
2875 4633 3049 4702 posita
3065 4599 3100 4700 ,.
3132 4599 3188 4689 et
3229 4648 3381 4689 secus
3412 4634 3600 4704 ipsum
3627 4599 3857 4689 infernmn

623 4690 693 4746 ab
731 4693 937 4796 nomine
978 4698 1136 4796 malo,
1182 4706 1285 4755 etc.
1331 4699 1467 4796 llic,
1500 4702 1740 4772 Domine,
1773 4707 1998 4764 clamavi
2026 4711 2094 4766 ad
2126 4721 2196 4777 te,
2303 4723 2583 4781 collocata,
2632 4690 2693 4780 si
2737 4690 2991 4780 vero-uni
3020 4690 3211 4781 librum
3238 4690 3535 4796 perips‘am
3564 4725 3862 4782 viciniam
3945 4736 3953 4745 ’

625 4787 817 4887 exaudi
844 4804 949 4888 me.
979 4787 1047 4843 Et
1074 4798 1133 4888 ut
1159 4792 1471 4849 ostenderet
1496 4810 1554 4850 se
1581 4795 1647 4852 de
1688 4797 1952 4856 haereticis
1978 4802 2196 4871 dixisse,
2302 4813 2559 4870 fuerimus
2586 4814 2851 4883 adjuncti,
2899 4830 3008 4871 non
3036 4816 3208 4872 solum
3420 4816 3526 4873 sed
3556 4827 3615 4873 et
3641 4819 3749 4888 ipsa
3771 4814 3864 4868 ani-

622 4875 716 4945 qui
742 4880 976 4947 cogitant
1001 4881 1233 4976 malitias
1254 4883 1315 4976 in
1342 4885 1526 4952 corde,
1559 4887 1645 4942 hic
1671 4887 1799 4943 dicit
1840 4908 1851 4942 :
1883 4890 2000 4946 Non
2028 4893 2195 4949 decli-
2301 4918 2389 4958 ma
2416 4875 2725 4975 dissipatur.
2784 4875 3034 4962 Dicamus
3069 4920 3198 4976 ergo
3226 4923 3349 4963 cum
3375 4875 3682 4964 clamore;
3708 4906 3782 4961 Ad
3804 4912 3865 4967 ie.

622 4980 721 5070 ne?
748 4981 843 5023 θοι·
868 4984 1047 5024 meum
1074 4972 1129 5070 ίῑξ
1155 4975 1319 5070 verbis
1347 4976 1580 5042 malitia.
1612 4979 1704 5034 sed
1730 4995 1873 5050 pone
1900 4984 2195 5040 custodiam
2300 4972 2817 5063 Domina—Domine,
2846 4998 2987 5053 oculi
3024 4998 3161 5065 mei,
3192 5000 3247 5054 in
3284 5007 3339 5053 te
3366 5001 3630 5068 speravi,
3659 5016 3765 5056 non
3788 5013 3870 5052 au~

620 5064 705 5159 ori
746 5072 899 5159 meo,
931 5068 987 5115 et
1026 5064 1220 5159 ostium
1269 5066 1682 5126 circumstantiae
1729 5074 1885 5130 labiis
1929 5078 2101 5134 meis:
2131 5095 2200 5136 ne
2300 5083 2442 5140 feras
2467 5086 2702 5140 animam
2724 5100 2926 5159 meam,
2959 5103 3067 5143 non
3093 5064 3213 5142 eam
3242 5064 3456 5143 auferas
3486 5089 3562 5145 de
3594 5064 3731 5145 libro
3748 5087 3873 5149 vitae,

616 5146 759 5245 forte
784 5149 911 5206 dum
938 5153 1115 5210 studio
1139 5155 1483 5216 defendendae
1524 5164 1763 5221 veritatis
1799 5182 1967 5226 conor
2002 5172 2199 5229 multos
2300 5176 2391 5231 ubi
2419 5184 2543 5231 sunt
2570 5146 2846 5242 catholici,
2889 5146 2945 5233 et
2990 5179 3044 5232 in
3086 5179 3224 5235 libro
3261 5180 3455 5235 mortis
3502 5181 3748 5245 inseras,
3803 5146 3878 5231 ubi

616 5240 861 5340 proferre
886 5260 1180 5314 sermones,
1214 5249 1477 5307 oﬂ'endam
1505 5262 1561 5309 et
1580 5256 1805 5313 habeam
1835 5268 2043 5329 partem
2071 5278 2195 5320 cum
2299 5268 2673 5325 hmreticornm
2720 5270 3092 5326 conventicula
3141 5270 3608 5340 condemnamur,
3660 5271 3757 5328 sed
3798 5284 3878 5324 cur

616 5329 923 5390 hominibus
970 5340 1318 5408 operantibus
1365 5343 1720 5416 iniquitatem.
1770 5350 1876 5407 Sed
1921 5353 2045 5423 quia
2092 5354 2197 5410 hoc
2298 5360 2441 5416 stodi
2483 5376 2571 5417 me
2597 5378 2627 5417 a
2656 5363 2848 5434 laqueo
2874 5378 3034 5432 quem
3077 5369 3376 5418 statuertmt
3401 5329 3665 5431 mihi,'et
3691 5380 3723 5420 a
3749 5377 3885 5419 scan-

614 5436 769 5525 rogo,
801 5434 861 5481 ut
887 5443 999 5525 non
1014 5434 1383 5490 communicer
1404 5452 1525 5492 cum
1544 5440 1733 5497 electis
1761 5458 1968 5510 eorum,
1996 5454 2195 5515 praesta
2298 5450 2435 5507 dalis
2470 5454 2806 5523 operantium
2852 5454 3208 5525 iniquitatem.
3270 5452 3348 5509 lbi
3390 5455 3550 5510 enim
3580 5454 3887 5513 retiaculum

615 5514 747 5615 mihi
769 5522 1163 5590 correptionem
1186 5534 1348 5593 tuam,
1373 5537 1432 5582 ut
1456 5530 1528 5583 sit
1546 5532 1724 5600 justus
1744 5535 1873 5589 mihi
1902 5514 2193 5607 imperans,
2298 5514 2637 5600 tetenderunt
2655 5583 2673 5608 ,
2719 5551 2779 5599 ut
2813 5544 2869 5599 in
2897 5514 3004 5599 uno
3030 5543 3099 5599 de
3118 5544 3310 5615 quibus
3334 5558 3508 5615 supra
3537 5546 3783 5603 diximus
3808 5558 3890 5598 ca-

614 5603 767 5707 cujua
793 5623 947 5707 meus
966 5628 1120 5669 error
1138 5617 1440 5686 corrigatur
1466 5622 1741 5692 exemplo.
1770 5603 2197 5695 lncomparabile
2296 5634 2449 5706 piant
2468 5635 2563 5702 ibi,
2591 5603 2685 5693 ubi
2710 5635 2910 5693 cadunt
2935 5603 3269 5706 peccatores,
3291 5651 3323 5691 a
3343 5603 3553 5707 quibus
3577 5639 3671 5694 his
3700 5638 3893 5692 alienus

2297 5728 2538 5794 effectus,
2561 5727 2901 5797 singulariter
2917 5726 3095 5783 vivam
3121 5726 3296 5783 donec
3322 5742 3549 5797 exeam,
3575 5732 3702 5787 sive
3731 5741 3895 5785 trans-

2297 5834 2436 5877 eam.
2492 5817 2683 5877 Melius
2707 5825 2792 5875 est
2816 5818 2961 5877 enim
2986 5818 3116 5878 mihi
3144 5818 3382 5878 solitaria
3405 5822 3784 5878 conversatio
3812 5819 3898 5876 lut-

614 5690 812 5750 donum
832 5698 928 5754 Dei
949 5711 1050 5769 est,
1080 5708 1295 5775 quando
1317 5711 1472 5767 nobis
1490 5690 1795 5785 quicunque
1820 5690 1982 5787 super
1998 5716 2191 5777 faciem

616 5792 773 5842 terra:
805 5788 983 5858 justus
1026 5801 1345 5857 ostenditur.
1388 5801 1565 5862 Habet
1590 5806 1732 5865 Deus
1758 5809 1910 5869 dives
1934 5810 1990 5869 in
2018 5814 2191 5872 omni-
