4088 6346
325 307 437 370 553

1149 304 1620 365 ΟΟΙΜΕΝΤΔΒΙΙ
1655 308 1723 364 ΙΝ
1760 307 2100 364 ΡὸΔωοὸο
2132 304 2323 362 PSAL.
2364 304 2563 361 CXL“.

3320 304 3579 377 ’,554

323 428 461 483 hens
485 426 651 481 vitam
674 464 691 492 ,
736 437 896 495 quam
943 431 1004 479 ut
1046 424 1102 478 in
1149 423 1490 479 multitudine
1534 431 1900 487 conversatus,
1931 427 1983 485 Α
2006 422 2123 478 stis.
2155 421 2304 479 'i‘unc
2329 419 2545 490 quando
2572 419 2711 489 perit
2735 419 2838 475 ista
2865 376 2985 490 fuga
3016 438 3046 476 a
3076 426 3261 490 nobis,
3288 433 3343 480 et
3363 442 3470 482 non
3492 436 3577 482 est

322 525 555 573 mortem
586 515 872 571 incurram.
922 512 1275 582 Singulariter
1319 511 1607 568 vivendum
1651 520 1762 576 est,
1809 510 1901 565 ubi

319 608 557 664 societas
593 605 717 660 vitae
759 605 1036 674 praesentis
1076 610 1295 659 internae
1321 604 1441 658 vitse
1464 602 1761 658 commodis
1801 601 1898 655 ad-

319 702 589 762 versatur,
638 694 790 766 cujus
834 694 1093 751 retiaculo
1138 709 1356 750 oremus
1382 695 1664 758 instanter,
1687 700 1746 748 ut
1770 692 1899 748 diri-

317 794 481 858 gatur
507 786 682 843 oratio
708 794 890 841 nostra
942 786 997 840 in
1041 792 1333 855 conspectu
1360 784 1475 851 Dei,
1504 784 1643 839 sicut
1669 783 1898 871 thymia-

318 880 484 936 matis
510 880 805 935 incensum.
855 878 946 934 Sic
967 877 1111 933 enim
1147 877 1203 932 in
1227 874 1415 933 Graaco
1443 876 1721 945 psallitur:
1754 873 1895 929 Diri-

317 980 481 1040 gatur
505 971 684 1028 oratio
705 977 888 1029 nostra
908 969 963 1024 in
988 975 1279 1039 conspectu
1299 967 1395 1022 Dei
1420 968 1558 1022 sicut
1581 966 1895 1038 thymiama,

318 1060 375 1116 id
396 1068 489 1115 est
510 1100 525 1126 ,
577 1069 636 1114 ut
664 1059 716 1114 in
746 1058 970 1114 odorem
1017 1057 1295 1112 suavitatis
1336 1053 1656 1112 sacriﬁcium
1698 1062 1897 1111 nostrae

321 1151 585 1206 orationis
612 1149 860 1221 accipiat.
901 1146 1229 1203 Sacriﬁcium
1264 1155 1507 1203 nostrum
1532 1145 1895 1216 vespertinum

320 1245 412 1308 sit,
437 1242 492 1297 id
522 1248 632 1307 est,
659 1241 814 1311 juxta
841 1238 1001 1294 ﬁnem
1028 1239 1161 1295 lucis
1187 1238 1345 1309 hujus
1363 1278 1380 1304 ,
1408 1254 1512 1309 qua
1541 1238 1672 1293 hora
1700 1237 1768 1291 ab
1794 1236 1896 1291 hac

320 1336 443 1389 luce
489 1334 793 1402 migramus.
843 1330 992 1388 Tunc
1036 1332 1181 1387 enim
1207 1331 1261 1386 in
1299 1329 1563 1386 sacriﬁcio
1588 1328 1896 1400 vespertino

321 1442 523 1491 sumus,
555 1426 629 1480 ibi
656 1433 740 1481 est
764 1432 879 1480 tota
925 1434 1121 1480 nostra
1151 1423 1494 1493 cogitationis
1522 1420 1767 1491 ponenda
1813 1420 1895 1474 in-

322 1519 492 1573 tentio
517 1558 532 1584 ,
580 1525 638 1572 ut
679 1516 917 1573 levantes
958 1531 1149 1571 manus
1186 1524 1396 1571 nostras
1436 1514 1491 1568 in
1519 1513 1672 1583 signo
1699 1511 1893 1579 crucis,

322 1612 452 1666 dum
475 1610 543 1665 ad
569 1610 851 1666 Dominum
878 1609 1149 1680 pergimus
1167 1648 1185 1674 ,
1231 1607 1562 1677 gratulemur
1598 1606 1653 1659 in
1680 1603 1895 1660 Christo

323 1700 451 1757 Jesu
478 1701 703 1757 Domino
729 1708 916 1756 nostro
937 1739 955 1766 ,
983 1700 1078 1771 qui
1112 1699 1169 1754 in
1196 1699 1399 1754 unitate
1430 1696 1656 1752 Deitatis
1682 1694 1816 1749 vivit
1841 1701 1897 1750 et

2004 512 2269 580 cogitatus
2287 551 2303 577 ,
2332 527 2441 567 non
2470 510 2814 580 compunctio
2840 500 2909 566 ex
2945 511 3138 568 aﬁectu
3165 515 3345 584 aliquo
3372 516 3462 585 qui
3491 532 3576 572 re-

2001 603 2182 673 quirat
2224 602 2486 667 animam;
2535 616 2637 657 nec
2680 600 2819 657 redit
2861 601 2929 657 ad
2957 594 3172 657 sensum
3200 619 3378 659 meum
3407 614 3466 659 ut
3491 599 3576 660 r6-
3642 586 3655 593 ’

2000 695 2211 764 quiram
2258 694 2491 748 animam
2536 707 2711 747 meam
2738 732 2755 757 ,
2806 699 2862 748 et
2903 691 3079 747 dicam
3122 691 3234 746 illi:
3266 690 3398 759 Age,
3428 701 3577 749 actus

2000 801 2153 840 meos
2199 786 2310 840 noli
2357 786 2581 856 perdere
2603 824 2618 849 ,
2666 784 2813 854 quod
2847 791 3000 839 tanto
3027 792 3271 854 tempore
3298 783 3572 840 laborasti.

2001 878 2129 933 Haec
2154 893 2295 933 nunc
2323 876 2465 932 dico.
2516 874 2725 943 Quare?
2765 875 2899 943 Quia
2929 874 3125 932 defecit
3162 876 3216 930 in
3245 890 3331 930 me
3359 874 3577 945 spiritus

1998 984 2174 1034 meus,
2187 978 2430 1039 tempore
2448 966 2661 1037 quando
2682 968 2737 1023 in
2754 967 2841 1022 via
2855 982 2963 1036 qua
2991 966 3332 1021 ambulabam
3346 964 3576 1021 abscon-
3614 948 3617 957 ’

1999 1062 2193 1117 derunt
2218 1062 2443 1131 laqueos
2465 1060 2616 1115 mihi.
2648 1058 2716 1114 Et
2742 1060 2866 1129 quia
2896 1060 3056 1130 periit
3082 1058 3205 1129 fuga
3235 1074 3267 1113 a
3296 1073 3401 1124 me,
3433 1058 3577 1113 aliud

1998 1168 2108 1223 quo
2134 1153 2334 1223 possim
2361 1152 2591 1207 evadere
2626 1152 2839 1223 penitus
2877 1167 2988 1207 non
3015 1151 3255 1217 habebo,
3304 1150 3407 1205 nisi
3449 1149 3578 1205 totis

1999 1245 2205 1301 viribus
2233 1244 2459 1299 clamem
2487 1243 2554 1298 ad
2584 1254 2667 1309 te,
2695 1242 2918 1299 Domine
2944 1262 2956 1295 :
2989 1240 3219 1299 Pereant
3254 1242 3433 1297 onmia
3457 1257 3576 1311 qua:

1999 1334 2054 1389 in
2081 1332 2282 1388 mundo
2308 1344 2452 1397 sunt,
2483 1340 2541 1388 tu
2568 1347 2691 1403 spes
2719 1347 2866 1399 mea;
2899 1340 2956 1386 tu
2988 1332 3164 1403 portio
3193 1347 3311 1387 mea
3342 1332 3397 1386 in
3427 1339 3573 1387 terra

1998 1424 2308 1479 viventium.
2359 1422 2578 1478 intende
2623 1423 2677 1477 in
2723 1423 3021 1479 orationem
3070 1426 3274 1488 meam,
3321 1421 3575 1493 quoniam

2001 1513 2316 1568 humiliatus
2344 1528 2463 1567 sum
2488 1512 2665 1567 nimis.
2716 1511 2923 1567 Tenent
2962 1528 3048 1567 me
3093 1521 3313 1583 peccata
3341 1527 3491 1578 mea,
3521 1518 3575 1566 et

1992 1618 2181 1688 iugum
2217 1622 2371 1661 suum
2411 1613 2707 1676 posuerunt
2734 1620 2895 1675 super
2921 1621 3006 1658 me
3030 1645 3043 1667 ,
3086 1620 3178 1674 per
3205 1614 3423 1675 peccata
3454 1619 3574 1659 mea

1997 1701 2269 1772 principes
2295 1699 2546 1754 vitiorum
2573 1705 2628 1753 et
2654 1697 2953 1754 criminum.
2974 1695 3073 1759 Tu,
3092 1695 3255 1750 libera
3285 1712 3369 1751 me
3398 1713 3427 1750 a
3448 1712 3573 1767 per-

325 1801 513 1864 regnat
538 1810 660 1850 cum
697 1792 858 1849 Patre
896 1801 951 1848 et
977 1791 1180 1864 Spiritu
1206 1800 1395 1848 sancto
1412 1830 1428 1857 ,
1474 1805 1571 1861 per
1592 1788 1773 1844 omnia
1797 1802 1896 1843 sm-
1921 1797 1972 1858 n
1996 1790 2342 1861 sequentibus
2369 1804 2456 1845 me
2473 1829 2491 1855 ,
2522 1788 2778 1858 quoniam
2813 1786 3099 1842 confortati
3128 1796 3252 1840 sunt
3279 1802 3440 1857 super
3467 1803 3572 1849 me.

325 1888 443 1944 cuia
471 1887 805 1944 saeculorum.
832 1884 1022 1941 Amen.

844 1995 1159 2053 PSALIIUS
1193 1995 1368 2052 CXLI.

395 2089 703 2146 intellectus
728 2088 915 2154 David,
942 2102 1068 2144 cum
1091 2094 1236 2142 esset
1266 2087 1320 2140 in
1346 2099 1601 2156 spetunea
1630 2086 1825 2141 oratio.

327 2256 333 2261 .
365 2207 377 2214 ’
404 2206 541 2261 Voce
567 2222 681 2261 mea
717 2203 787 2258 ad
814 2201 1095 2257 Dominum
1125 2199 1343 2255 clamavi
1360 2238 1376 2265 ,
1405 2214 1526 2253 voce
1553 2214 1667 2253 mea
1694 2199 1765 2251 ad
1794 2196 1902 2252 Do-

327 2299 526 2352 minum
546 2295 844 2367 deprecatus
864 2308 993 2345 sum.
1029 2289 1258 2360 Elfuudo
1277 2291 1332 2343 in
1354 2297 1623 2359 conspectu
1651 2288 1761 2358 ejus
1790 2303 1908 2342 ora-

330 2389 519 2441 lionem
539 2400 726 2447 meam,
754 2392 805 2437 et
832 2380 1214 2437 tribulationem
1245 2395 1413 2434 meam
1444 2388 1567 2433 ante
1590 2381 1757 2450 ipsum
1776 2392 1902 2450 pro-

328 2479 531 2532 nuntio.
571 2474 635 2529 In
665 2474 948 2545 dejiciendo
967 2489 1032 2527 ea:
1059 2489 1139 2528 me
1162 2474 1401 2544 spiritum
1425 2488 1622 2537 meum,
1652 2480 1703 2526 et
1732 2481 1784 2525 tu
1809 2487 1901 2526 ro-

331 2571 551 2642 gnovisti
598 2569 804 2624 semitas
845 2583 1002 2622 meas.
1050 2566 1116 2620 In
1161 2568 1244 2621 via
1283 2566 1381 2620 hac
1424 2582 1524 2638 qua
1552 2562 1896 2629 ambulabant,

329 2661 705 2717 absconderant
748 2659 952 2729 superbi
989 2658 1224 2730 laqueum
1262 2672 1448 2713 meum.
1497 2654 1900 2711 Considerabam

325 2755 398 2808 ad
423 2754 684 2809 dexteram
719 2760 769 2807 et
790 2751 1020 2806 videbam
1042 2792 1058 2817 ,
1101 2760 1154 2805 et
1194 2767 1298 2805 non
1323 2760 1436 2805 erat
1460 2751 1546 2822 qui
1574 2757 1901 2821 cognosceret

322 2864 419 2901 me.
430 2846 619 2909 _Periit
646 2847 771 2918 fuga
813 2860 845 2899 a
875 2861 972 2910 me,
1003 2852 1054 2899 et
1078 2861 1183 2900 non
1201 2854 1279 2899 est
1304 2846 1388 2917 qui
1416 2844 1644 2915 requirat
1669 2843 1899 2898 animm

322 2955 505 2993 meam.
548 2935 775 2992 Clamavi
796 2936 866 2989 ad
887 2945 950 3001 te,
976 2935 1229 3000 Domine;
1253 2935 1364 2989 dixi
1395 2951 1412 2988 :
1436 2933 1511 2988 Tu
1540 2950 1594 2988 es
1622 2950 1735 3005 spes
1756 2948 1892 2997 mea,

321 3031 488 3101 portio
531 3045 644 3083 mea
685 3030 740 3082 in
788 3036 928 3082 terra
970 3028 1259 3083 viventium.
1304 3025 1524 3079 Intende
1551 3026 1623 3078 ad
1649 3028 1897 3095 depreca-

324 3124 512 3176 tionem
538 3136 702 3174 meam
720 3158 736 3185 ,
777 3121 898 3191 quia
926 3119 1223 3173 humiliatus
1249 3134 1364 3173 sum
1391 3118 1565 3171 nimis.
1604 3115 1791 3171 Libera
1814 3132 1897 3171 me

322 3230 354 3266 a
382 3210 792 3283 persequentibus
830 3226 946 3276 me,
980 3210 1224 3282 quoniam
1266 3210 1541 3280 confortati
1586 3217 1707 3263 sunt

322 3319 420 3358 me.
449 3301 597 3355 Educ
625 3301 689 3355 de
721 3299 956 3356 custodia
983 3301 1213 3354 animam
1252 3316 1419 3354 meam
1445 3299 1516 3353 ad
1546 3298 1896 3370 conﬁtendum

326 3393 522 3447 nomini
553 3402 667 3455 tuo;
690 3407 772 3445 me
791 3398 1091 3462 exspectant
1107 3390 1261 3462 justi,
1285 3390 1446 3445 donec
1473 3391 1722 3445 retribuas
1742 3392 1888 3446 milii.

888 3512 1319 3555 COIIKN'I'ARIUI.

390 3617 524 3670 Cum
558 3631 585 3668 ιι
617 3614 749 3670 facie
773 3613 948 3669 Saulis
977 3612 1170 3668 lateret
1195 3612 1249 3665 in
1290 3611 1541 3682 spelunca
1570 3609 1734 3665 David
1763 3624 1892 3680 pro-

324 3698 515 3776 lngus,
558 3706 718 3761 istum
764 3705 1026 3776 psalmum
1071 3702 1266 3771 legitur
1310 3701 1585 3756 cecinisse.
1621 3699 1781 3763 Voce,
1813 3699 1895 3753 in-

323 3800 457 3868 quit,
487 3807 606 3853 mea
648 3796 715 3851 ad
756 3796 1037 3851 Dominum
1078 3794 1322 3859 clamavi,
1354 3801 1410 3848 et
1446 3807 1579 3847 voce
1628 3807 1746 3846 mea
1788 3789 1894 3846 Do-

325 3890 527 3941 minum
572 3885 892 3956 deprecatus
942 3898 1079 3963 sum.
1126 3880 1354 3937 Eﬁ'nndo
1383 3883 1435 3937 in
1464 3890 1754 3952 conspectu
1780 3881 1896 3950 ejus

326 3979 624 4032 orationem
652 3992 827 4031 meam
854 3983 912 4031 et
938 3974 1334 4029 tribulationem
1365 3990 1539 4028 meam
1569 3982 1693 4028 ante
1722 3976 1895 4045 ipsum

326 4068 635 4140 pronuntio.
676 4066 733 4122 in
765 4066 975 4121 defectu
1003 4065 1164 4131 enim,
1197 4064 1287 4129 ait,
1308 4064 1523 4134 Spiritus
1549 4064 1675 4130 mei,
1705 4065 1779 4119 ibi
1803 4080 1897 4121 co-

316 4159 555 4227 gnovisti
598 4158 815 4214 semitas
862 4171 1030 4211 meas.
1068 4154 1145 4210 ibi
1172 4155 1342 4210 clama
1362 4196 1377 4222 ,
1408 4171 1442 4211 o
1470 4153 1791 4221 Christiane,
1822 4156 1896 4214 ibi

316 4246 534 4304 effunde
561 4249 614 4303 in
643 4257 932 4319 conspectu
960 4246 1053 4302 Dei
1083 4246 1380 4302 orationem
1411 4253 1554 4301 tuam
1579 4288 1593 4311 ,
1625 4246 1697 4301 ibi
1727 4247 1895 4302 tribu-

302 4340 573 4418 .iationem
620 4348 765 4394 tuam
807 4339 1123 4410 pronuntia,
1169 4346 1275 4392 non
1316 4337 1535 4410 perditis
1562 4340 1752 4406 rebus,
1784 4356 1892 4396 non

317 4432 680 4498 facultatibus,
714 4447 819 4487 non
845 4446 1096 4502 agrorum
1125 4428 1347 4497 ﬁnibus,
1372 4431 1456 4485 vel
1483 4431 1566 4486 his
1593 4446 1711 4502 qua:
1738 4432 1891 4487 nobis

1998 1891 2053 1938 et
2068 1881 2204 1937 educ
2217 1881 2285 1937 de
2297 1895 2514 1937 carcere
2528 1879 2759 1934 animam
2776 1892 2970 1933 meam.
2989 1876 3137 1932 Tunc
3153 1876 3293 1930 enim
3306 1892 3574 1931 carcerem

1997 1972 2199 2041 patitur
2217 1970 2396 2025 anima
2409 1977 2613 2035 nostra,
2636 1970 2762 2025 dum
2780 1969 2906 2024 hinc
2929 1967 3049 2023 inde
3074 1968 3228 2023 nobis
3246 1967 3486 2023 clausum
3512 1966 3577 2022 ad

1999 2063 2307 2127 lectionem,
2332 2063 2420 2120 vel
2440 2063 2758 2129 orationem,
2788 2062 2874 2118 vel
2903 2062 2971 2117 ad
2991 2062 3189 2116 bonum
3215 2074 3448 2122 cursum,
3466 2059 3579 2113 sive

2000 2154 2186 2211 mundi
2228 2156 2609 2225 occupationes
2632 2196 2647 2219 ,
2711 2155 2825 2212 sive
2870 2170 3145 2225 corporea:
3193 2138 3578 2209 delectationes

2006 2244 2269 2302 efﬁciunt.
2318 2247 2454 2313 Nec,
2500 2254 2559 2302 ut
2584 2245 2799 2317 quidam
2824 2254 3035 2317 putant,
3069 2258 3265 2316 corpus
3289 2244 3577 2300 humanum

2003 2353 2278 2395 carcerem
2309 2338 2566 2396 audemus
2588 2338 2800 2406 dicere,
2825 2339 2969 2409 quod
2999 2339 3238 2409 (emplum
3259 2336 3356 2392 Dei
3385 2336 3579 2392 Paulus

2002 2427 2279 2497 apostolus
2319 2443 2438 2484 esse
2484 2436 2713 2483 testatur
2751 2426 2817 2500 (il
2844 2426 2963 2482 Cor.
2996 2432 3105 2503 xw)
3135 2446 3145 2480 :
3179 2427 3273 2483 sed
3302 2441 3577 2482 carcerein

2000 2521 2250 2591 patimur,
2281 2520 2496 2591 quando
2525 2536 2685 2578 orare
2723 2536 2831 2577 non
2858 2520 3090 2576 delectat
3112 2560 3126 2584 ,
3178 2519 3391 2590 quando
3429 2518 3578 2573 fasti-

1998 2614 2173 2670 dimur
2199 2614 2254 2668 in
2283 2612 2611 2684 spiritalibus
2633 2612 2784 2679 cibis,
2816 2621 2872 2669 et
2903 2621 3027 2668 tunc
3059 2612 3433 2667 necessitatum
3462 2618 3575 2664 ter-

1996 2720 2248 2761 renarum
2289 2705 2537 2759 claustris
2559 2743 2574 2767 ,
2626 2717 2771 2759 nunc
2812 2702 3227 2759 delectationum
3271 2700 3423 2756 ostiis
3450 2716 3575 2754 con-

1998 2795 2132 2851 clusi
2160 2792 2457 2850 dellcimus.
2518 2792 2689 2848 Verus
2727 2807 2914 2848 carcer
2953 2793 3145 2846 animm
3172 2791 3227 2845 in
3257 2799 3308 2845 te
3337 2797 3450 2854 est,
3480 2804 3576 2860 pro

1999 2902 2109 2958 quo
2155 2885 2283 2940 totis
2327 2884 2530 2940 viribus
2576 2890 2659 2938 est
2702 2872 3039 2938 clamandum
3086 2880 3155 2936 ad
3199 2880 3489 2946 Christum,
3521 2886 3577 2935 ut

2002 2973 2195 3027 educat
2222 2971 2290 3027 de
2336 2985 2552 3027 carcere
2596 2970 2703 3028 hoc
2746 2970 2951 3028 animas
2981 2978 3192 3025 nostras
3222 2968 3289 3024 ad
3316 2966 3574 3024 conﬁten-

2000 3064 2129 3119 dum
2154 3063 2356 3119 nomini
2384 3077 2482 3120 suo
2499 3103 2516 3130 ,
2557 3070 2617 3119 ut
2656 3063 2875 3136 incipiat
2903 3079 3023 3119 eam
3050 3063 3339 3119 delectatio
3367 3060 3574 3119 confes-

1921 3161 1966 3225 c
1998 3158 2165 3214 sionis
2210 3156 2457 3213 excolere
2478 3199 2494 3224 ,
2542 3172 2660 3227 quae
2704 3156 2916 3213 deserta
2959 3157 3096 3213 facta
3127 3166 3210 3212 est
3235 3155 3495 3212 orationis
3521 3162 3572 3210 et

1998 3248 2265 3313 lectionis,
2295 3258 2350 3304 et
2375 3224 2627 3319 spiritalis
2647 3248 2890 3304 exercitii
2911 3248 3116 3303 cultura
3145 3255 3407 3303 cessante.
3438 3243 3572 3299 Cum

1996 3356 2123 3410 ergo
2152 3357 2218 3396 ex
2247 3341 2350 3397 hoc
2377 3355 2594 3396 carcere
2622 3338 2870 3395 eduxeris
2895 3340 3128 3394 animam
3154 3352 3347 3402 meam,
3380 3345 3434 3390 et
3460 3350 3569 3390 cm‘

1994 3448 2127 3504 pero
2156 3440 2306 3489 recto
2335 3441 2524 3489 tenore
2552 3427 2795 3486 conﬁteri
2820 3430 3026 3484 nomini
3055 3438 3176 3493 tuo,
3208 3435 3337 3481 tunc
3362 3440 3449 3479 me
3477 3440 3569 3479 cx-

1994 3529 2240 3592 spectant
2279 3520 2410 3589 justi
2455 3518 2630 3576 donec
2674 3519 2805 3574 mihi
2832 3518 3098 3573 retribuas
3126 3518 3178 3572 in
3207 3515 3421 3571 Christo
3448 3513 3571 3570 Jesu

1995 3612 2224 3668 Domino
2252 3620 2457 3677 nostro,
2489 3611 2581 3682 qui
2606 3606 2794 3680 regnat
2821 3626 2940 3667 cum
2972 3608 3131 3664 Patre
3154 3618 3209 3664 et
3227 3608 3425 3680 Spiritu
3445 3622 3570 3663 san-

1995 3713 2084 3760 cto
2116 3704 2169 3759 in
2198 3704 2390 3759 saecula
2419 3702 2753 3759 saeculorum.
2782 3703 2973 3759 Amen.

2513 3811 2826 3869 PSALMUS
2862 3811 3064 3867 CXLII.
3122 3832 3127 3837 τ

2034 3906 2278 3962 Psalmus
2305 3905 2502 3973 David,
2532 3906 2747 3975 quando
2785 3905 3208 3975 persequebatur
3246 3915 3369 3957 eum
3398 3899 3537 3959 ﬁlius

2581 3980 2711 4032 suus
2739 3974 2990 4029 Absaton.

2070 4063 2309 4131 Domine,
2339 4064 2530 4120 exaudi
2560 4064 2847 4121 orationem
2884 4079 3047 4117 meam
3067 4104 3080 4129 ,
3120 4061 3327 4117 auribus
3370 4062 3571 4134 percipe

1996 4156 2399 4213 obsecrationem
2425 4174 2591 4212 meam
2617 4159 2673 4212 in
2698 4157 2908 4211 veritate
2930 4166 3016 4210 tua
3033 4197 3048 4222 ,
3091 4156 3280 4211 οπωάὲ
3299 4171 3380 4210 me
3405 4156 3459 4209 in'
3482 4164 3570 4208 tua

1986 4247 2213 4320 justitia.
2267 4246 2335 4302 Et
2353 4265 2456 4304 non
2484 4251 2645 4304 intres
2672 4250 2727 4303 in
2745 4248 2945 4321 judicio
2973 4264 3087 4302 cum
3124 4263 3267 4302 servo
3306 4256 3420 4312 tuo,
3450 4248 3569 4318 quia

1994 4359 2098 4399 non
2118 4341 2491 4414 justiﬁcabitur
2510 4345 2566 4399 in
2588 4352 2861 4415 conspectu
2891 4353 2974 4398 tuo
3003 4344 3171 4398 omnis
3204 4343 3395 4397 vivens.
3432 4339 3567 4406 Quia

1992 4444 2281 4506 persecutus
2308 4445 2385 4490 est
2420 4438 2656 4491 inimicus
2696 4439 2925 4491 animam
2963 4444 3169 4502 meam,
3199 4436 3484 4490 humiliavit
3510 4435 3566 4489 in

317 4523 562 4593 deposito
610 4537 838 4592 corpore
884 4521 1183 4576 necessaria
1233 4520 1446 4590 penitus
1483 4538 1590 4577 non
1622 4532 1760 4588 sunt,
1791 4523 1888 4579 sed
1912 4535 1968 4598 ι)
1992 4536 2127 4581 terra
2154 4529 2309 4581 vitam
2328 4544 2510 4582 meam.
2546 4524 2826 4583 Collocavit
2848 4529 3000 4581 mein
3023 4526 3250 4581 obscuris
3270 4528 3401 4580 sicut
3424 4542 3565 4579 mor-

318 4618 373 4670 in
418 4615 631 4671 defectu
676 4615 892 4685 spiritus
943 4614 1048 4680 tui,
1077 4613 1151 4669 ibi
1189 4622 1305 4693 esto
1332 4614 1608 4669 sollicitus.
1641 4615 1718 4669 ibi
1746 4616 1887 4670 enim

317 4712 718 4772 cognoscuntur
760 4704 966 4761 semitae
1015 4713 1137 4759 tum.
1180 4703 1431 4760 Defectus
1476 4705 1693 4776 spiritus
1718 4706 1889 4761 nostri

316 4808 423 4863 est,
468 4797 684 4870 quando
732 4813 830 4853 nos
874 4798 1168 4854 carnalium
1209 4812 1386 4852 rerum
1425 4798 1769 4853 necessitates
1798 4805 1890 4852 aut

316 4889 699 4946 delectationes
757 4888 1029 4944 invadunt.
1104 4888 1183 4943 ibi
1231 4889 1374 4943 enim
1421 4888 1715 4944 absconditi
1766 4897 1890 4943 sunt

316 4980 492 5049 laquei
520 4964 673 5035 nobis
702 4996 731 5033 a
757 4979 974 5035 diabolo
1018 4986 1074 5034 et
1110 4978 1366 5033 ministris
1394 4978 1525 5048 ejus.
1577 4977 1726 5033 Tunc
1757 4994 1889 5034 con-

314 5071 611 5126 sideramus
656 5071 724 5125 ad
766 5070 1041 5125 dexteram
1063 5108 1080 5134 ,
1129 5069 1181 5124 id
1206 5077 1319 5135 est,
1354 5066 1439 5122 ad
1482 5066 1787 5136 lectionem,
1820 5069 1888 5125 ad

314 5159 632 5225 orationem,
662 5159 728 5213 ad
754 5157 1017 5230 psalmum
1038 5198 1055 5224 ,
1101 5165 1157 5213 et
1183 5173 1291 5214 non
1313 5156 1661 5225 delectamur,
1691 5157 1785 5214 sed
1812 5159 1890 5215 sic

312 5249 549 5304 redimus
576 5250 771 5316 moesti,
805 5258 864 5305 ut
886 5249 975 5305 vix
996 5250 1244 5321 nosipsos
1271 5264 1564 5319 agnoscere
1591 5251 1884 5307 valeamus.

310 5335 565 5395 Extranei
588 5340 766 5401 J’lOblS
808 5338 941 5395 ﬁunt
983 5341 1082 5411 ipsi
1127 5342 1306 5411 apices
1351 5341 1541 5410 sancti,
1572 5349 1628 5398 et
1651 5343 1805 5413 quasi
1832 5343 1887 5399 in

310 5437 503 5482 extero
530 5428 689 5499 positi
713 5468 728 5492 ,
776 5429 1131 5498 nosmetipsos
1167 5444 1458 5498 agnoscere
1485 5446 1594 5486 non
1620 5433 1878 5488 valemus.

310 5517 464 5574 Tunc
491 5519 648 5588 periit
676 5516 795 5585 fuga
821 5532 851 5571 a
880 5518 1063 5582 nobis,
1093 5526 1147 5573 et
1182 5518 1309 5573 illud
1335 5519 1480 5588 quod
1504 5520 1659 5576 nobis
1686 5522 1883 5576 clamat

309 5609 602 5680 Apostolus
628 5629 641 5663 :
673 5607 861 5680 Fugite
882 5610 1327 5680 fornicationema
1348 5608 1569 5680 Co’r.v1),
1592 5627 1700 5667 non
1722 5613 1881 5670 surda

308 5720 444 5760 aure
472 5704 775 5760 transimus.
802 5702 950 5759 intus
977 5710 1060 5758 est
1087 5704 1227 5759 enim
1255 5703 1472 5772 malum,
1502 5705 1644 5760 intus
1670 5714 1752 5762 est
1775 5705 1877 5764 ho-

593 5797 864 5858 Paruos.
909 5797 1069 5858 Llii.

1989 4629 2100 4675 tuos
2129 4621 2324 4687 steculi,
2352 4630 2401 4675 et
2420 4623 2665 4675 anxiatus
2684 4631 2760 4675 est
2787 4637 2939 4691 super
2967 4637 3047 4675 me
3066 4622 3277 4690 spiritus
3314 4635 3488 4680 meus;
3510 4619 3565 4670 in

1989 4727 2070 4763 me
2112 4709 2371 4763 turbatum
2415 4720 2491 4777 est
2531 4726 2617 4763 cor
2644 4726 2831 4763 meum.
2877 4708 3075 4763 Memor
3101 4708 3178 4778 fui
3205 4706 3402 4759 dierum
3429 4707 3565 4760 anti-
3650 4713 3660 4723 '

1989 4818 2203 4873 quorum
2227 4844 2241 4868 ,
2283 4801 2559 4855 meditatus
2603 4817 2715 4854 sum
2754 4802 2809 4854 in
2841 4798 3075 4853 omnibus
3101 4797 3334 4870 Operibus
3365 4801 3483 4866 tuis,
3515 4811 3564 4855 et

1988 4893 2045 4945 in
2074 4893 2225 4962 {actis
2253 4907 2499 4944 manuum
2521 4900 2721 4943 tuarum
2745 4889 3050 4943 meditabar.
3100 4888 3346 4961 Expandi
3379 4907 3564 4945 manus

1950 4969 1955 4975 ’
1991 4996 2131 5033 meas
2156 4979 2227 5032 ad
2254 4988 2337 5033 te:
2361 4980 2537 5032 anima
2565 4994 2679 5033 mea
2705 4979 2837 5033 sicut
2856 4987 2996 5032 terra
3023 4980 3137 5034 sine
3162 4996 3298 5052 aqua
3328 4980 3436 5034 tibi.
3463 4978 3563 5032 Ve-

1986 5072 2166 5125 iociter
2187 5069 2379 5123 exaudi
2408 5085 2519 5133 me,
2537 5068 2779 5138 Domine,
2805 5071 2991 5144 defecit
3008 5074 3217 5144 spiritus
3245 5088 3405 5126 meus.
3440 5068 3564 5123 Non

1990 5170 2191 5212 avertas
2217 5158 2402 5229 faciem
2432 5168 2570 5231 tuam
2597 5176 2630 5214 a
2656 5177 2737 5217 me
2753 5199 2768 5226 ,
2810 5170 2860 5216 et
2885 5163 3071 5218 similis
3093 5180 3181 5218 ero
3208 5159 3562 5215 descendenti-

1988 5248 2081 5305 bus
2108 5252 2163 5304 in
2185 5253 2372 5305 lacum.
2419 5252 2659 5307 Auditam
2705 5256 2788 5326 {ac
2830 5256 2957 5309 mihi
2982 5270 3134 5308 mane
3158 5249 3562 5305 misericordiam

1991 5350 2153 5407 tuam,
2182 5343 2301 5415 quia
2327 5344 2384 5397 in
2413 5352 2461 5398 te
2487 5346 2705 5416 speravi.
2740 5343 2935 5399 Notam
2964 5347 3049 5415 [ac
3075 5340 3202 5395 mihi
3222 5341 3353 5393 viam
3379 5341 3434 5392 in
3462 5355 3565 5409 qua

1989 5433 2269 5501 ambulem,
2297 5438 2417 5508 quia
2450 5436 2520 5490 ad
2549 5447 2596 5491 te
2616 5437 2775 5490 levavi
2806 5436 3033 5487 animam
3061 5446 3245 5485 meam.
3298 5428 3458 5500 Eripe
3483 5447 3565 5486 me

1991 5528 2056 5582 de
2081 5529 2303 5585 inimicis
2323 5531 2470 5595 meis,
2501 5527 2740 5592 Domine,
2766 5527 2886 5596 quia
2913 5525 2983 5575 ad
3005 5532 3052 5576 te
3072 5521 3310 5593 confugi;
3332 5522 3458 5578 doce
3482 5540 3563 5579 me

1986 5624 2160 5694 facere
2177 5623 2490 5678 voluntatem
2513 5629 2671 5684 tuam,
2699 5618 2818 5687 quia
2841 5614 2977 5668 Deus
2999 5630 3139 5668 meus
3160 5630 3212 5668 es
3234 5625 3305 5670 tu.
3336 5614 3569 5688 Spiritum.

1987 5722 2099 5768 tuus
2126 5712 2285 5770 bonus
2323 5711 2537 5766 deducet
2562 5724 2644 5763 me
2679 5710 2734 5762 in
2762 5715 2952 5764 terram
2980 5714 3200 5772 rectam;
3234 5717 3442 5782 propter
3467 5726 3561 5766 πο.

3126 5796 3203 5860 18
