4088 6346
476 382 586 456 55‘s

446 602 684 658 ‘Educes
710 595 777 649 de
800 587 1130 663 tributatlgne
1156 586 1387 639 animam
1407 596 1599 644 meum,
1620 587 1669 634 et
1688 580 1745 633 in
1771 576 2066 631 misericor-

481 697 570 749 dia
607 701 695 745 tua
734 683 998 758 disperdes
1044 695 1221 736 omnes
1256 677 1494 732 inimicos
1522 689 1687 729 meos.
1763 668 1834 723 Et
1883 665 2066 739 perdes

480 799 655 841 omnes
682 780 770 854 qui
790 774 1037 832 tribulam
1057 772 1286 827 animum
1313 782 1514 833 meam,
1544 763 1786 839 quoniam
1817 775 1912 831 ego
1951 772 2065 812 ser-

471 894 571 948 pus
599 874 712 930 tuui
742 872 872 927 sum.

1058 950 1200 993 00"
1206 948 1271 989 BN
1277 945 1494 987 TAMUI.
1530 984 1537 989 .

552 1059 645 1118 Sic
689 1054 964 1113 inchoavit
1009 1050 1314 1114 Psalmista,
1336 1044 1483 1102 utin
1519 1049 1783 1098 tenorem
1829 1036 2070 1091 mitteret

483 1167 647 1209 omne
690 1148 984 1204 humanum
1012 1156 1201 1213 genus.
1250 1138 1380 1206 Quis
1422 1135 1567 1191 enim
1613 1131 1812 1187 audeat
1848 1127 1961 1182 Deo
1985 1124 2069 1179 di-

482 1261 608 1302 cere
635 1240 879 1299 :Exaudi
912 1255 999 1293 me
1045 1237 1100 1292 in
1126 1235 1355 1290 veritate
1383 1240 1475 1286 tua
1493 1272 1508 1296 ,
1542 1233 1597 1283 et
1620 1227 1674 1282 in
1702 1233 1794 1279 tua
1820 1219 2069 1292 iustitia?

483 1338 686 1396 Verum
708 1334 852 1391 enim
880 1337 936 1387 et
959 1330 1160 1401 justum
1190 1330 1271 1381 est
1298 1330 1354 1379 ut
1374 1322 1467 1392 qui
1488 1317 1793 1391 peccaverit
1816 1313 2067 1386 puniatur

484 1403 770 1486 acerrime.
820 1420 1072 1493 Cmpisti,
1103 1418 1366 1489 propheta
1387 1458 1401 1478 ,
1432 1411 1698 1483 principio
1728 1407 1843 1473 tali,
1872 1402 2069 1473 aliquid

486 1517 765 1593 iungendo
792 1515 1119 1582 subsequere
1135 1549 1152 1576 ,
1181 1516 1240 1563 ut
1289 1508 1580 1577 psallentes
1604 1500 1873 1571 respirare
1896 1495 2072 1568 possi-

486 1628 628 1670 mus.
661 1611 778 1666 Non
813 1610 982 1664 intres
1002 1648 1017 1674 ,
1048 1600 1250 1673 inquit,
1300 1602 1357 1654 in
1391 1597 1593 1669 judicio
1617 1606 1738 1650 cum
1768 1607 1927 1648 servo
1955 1598 2067 1645 tuo.

487 1704 608 1763 Hoc
634 1718 763 1773 ergo
792 1698 1009 1757 voluisti
1036 1696 1216 1752 dicere
1241 1712 1252 1745 :
1298 1678 1514 1746 Justitia
1536 1697 1629 1742 tua
1659 1693 1760 1751 est,
1800 1691 1861 1740 ut
1886 1681 2071 1737 Domi-

1206 422 1213 429 -
1688 396 1691 403 '
1803 366 2073 429 ARNOBI!
2108 365 2410 423 ιυωοωε

478 528 597 569 men
651 514 821 567 tuum,
874 498 1116 562 Domine,
1149 490 1429 564 vutﬁcabi's
1456 502 1538 546 me
1578 490 1637 544 in
1674 488 1914 559 (equitate
1953 493 2063 538 tua.
2088 483 2143 544 Δ
2168 478 2236 535 ad
2264 486 2552 549 patronum
2582 474 2751 540 vadit,
2800 474 2879 530 sic
2903 488 2964 531 se
2986 475 3057 530 ab
3078 489 3148 530 eo
3173 470 3391 528 liberari
3421 469 3687 543 postulat,
3711 470 3763 531 si

3650 348 3764 415 εει

2169 579 2230 627 ut
2256 570 2373 640 ejus
2392 575 2650 639 agtnoscat
2666 568 2998 624 voluntatem
3030 574 3239 622 exorat.
3278 565 3481 621 Dubius
3506 574 3592 621 est
3609 564 3758 620 enim

2168 664 2235 719 de
2282 672 2514 733 patrono
2563 669 2881 732 susceptus,
2930 660 2973 715 si
3020 674 3132 715 non
3169 668 3228 715 et
3257 674 3411 716 suam
3441 659 3756 716 indicaverit

2168 757 2523 812 voluntatem.
2569 755 2638 809 Et
2664 755 2789 811 ideo
2811 762 3017 824 postea
3043 764 3206 825 quam
3241 754 3379 811 dixit
3406 753 3518 810 Deo
3543 771 3561 807 ι
3591 752 3679 809 Ad
3704 761 3761 809 te

2168 850 2419 929 confugi,
2450 850 2647 920 adjecit
2673 866 2688 903 :
2726 846 2873 904 Doce
2905 863 2991 902 me
3018 847 3197 903 facere
3222 848 3554 905 voluntatem
3583 855 3754 902 tuam.

2098 976 2103 983 -
2168 945 2263 1001 Vis
2292 956 2440 1013 ergo,
2469 958 2505 998 ο
2522 943 2706 1009 homo,
2730 941 2932 996 habere
2951 947 3241 1011 patrnam
3269 939 3577 1004 Dominum,
3609 940 3763 995 disce

2166 1037 2501 1093 voluntatem
2529 1032 2664 1104 eius.
2706 1032 2814 1089 Fac
2851 1032 2997 1103 quod
3023 1032 3163 1096 vult,
3192 1038 3251 1086 et
3286 1029 3445 1087 faciet
3479 1030 3625 1100 quod
3652 1031 3754 1085 vis.

2170 1126 2411 1182 Diximus
2434 1138 2564 1195 ergo
2599 1133 2830 1195 patrono
2858 1140 2871 1177 :
2914 1122 3078 1194 Eripe
3114 1138 3202 1177 me
3227 1121 3295 1177 de
3334 1122 3568 1178 inimicis
3595 1123 3754 1177 meis.

2169 1219 2373 1275 Inimici
2394 1220 2551 1274 nobis
2579 1226 2704 1273 sunt
2734 1218 2961 1288 spiritus
2996 1214 3284 1279 immundi,
3323 1215 3415 1285 qui
3438 1224 3567 1270 tunc
3595 1230 3627 1269 a
3658 1229 3760 1270 no-

2169 1313 2254 1369 bis
2280 1310 2488 1381 fugiunt
2512 1350 2525 1376 ,
2575 1310 2791 1383 quando
2820 1310 2876 1364 in
2903 1308 3060 1364 nobis
3087 1308 3327 1364 sentth
3349 1306 3607 1379 Spiritum
3628 1322 3760 1363 san-

2171 1412 2336 1462 ctum.
2376 1404 2445 1459 Et
2464 1404 2588 1461 ideo
2614 1402 2891 1473 rogandus
2914 1412 2997 1457 est
3022 1394 3257 1472 Spiritus
3284 1410 3524 1468 sanctus,
3553 1412 3616 1456 ut
3641 1401 3760 1472 ipse

2172 1497 2405 1553 deducat
2450 1512 2549 1552 nos
2594 1498 2648 1551 in
2679 1504 2898 1551 terram.
2941 1494 3108 1550 Terra
3134 1494 3279 1549 enim
3316 1494 3561 1564 corporis
3589 1495 3761 1548 nostri

2176 1600 2301 1646 tunc
2328 1597 2608 1656 rectaest,
2651 1600 2773 1646 cum
2823 1590 2877 1644 in
2925 1596 2989 1643 ea
3032 1595 3120 1643 est
3145 1586 3375 1658 Spiritus
3411 1597 3649 1643 sanctus.
3693 1586 3763 1640 Et

2174 1684 2603 1753 quotiescunque
2636 1692 2789 1737 suam
2817 1680 2961 1735 viam
3002 1679 3158 1737 ambis
3183 1680 3403 1750 spiritus
3429 1693 3666 1749 nequam
3695 1678 3764 1733 ad

489 1814 592 1854 nus
638 1771 926 1866 in'judicio
963 1790 1165 1845 intrare
1202 1792 1322 1841 enm
1362 1796 1519 1838 servo
1568 1786 1902 1835 contemnas.
1943 1773 2073 1839 Quis
2176 1773 2554 1831 ambulandum
2582 1774 2896 1844 ingesseﬁt,
2927 1774 3088 1827 toties
3105 1771 3335 1828 deducet
3360 1772 3764 1828 nosinten'am

489 1892 633 1949 enim
676 1862 744 1944 ad
782 1881 1240 1955 comparationem
1291 1886 1432 1931 tuam
1470 1869 1851 1944 justiticabitur
1886 1868 2073 1931 homo,
2106 1873 2417 1934 B'rectam;
2464 1874 2521 1923 et
2546 1866 2593 1921 si
2617 1872 2805 1922 nostra
2833 1866 3025 1920 merita
3051 1864 3277 1931 desunt,
3316 1863 3487 1919 trum
3510 1863 3643 1933 quia
3667 1862 3765 1920 de-

490 1980 734 2055 quamvis
761 1986 1030 2042 sanctum,
1063 1970 1293 2029 electum
1312 2010 1325 2034 ,
1358 1975 1415 2023 et
1438 1964 1700 2022 ‘mu‘ndum
1721 2004 1734 2028 ,
1760 1964 1817 2016 ct
1838 1955 2076 2013 laudabi-
2176 1970 2302 2015 sunt
2336 1978 2348 2014 :
2381 1961 2495 2031 ipse
2524 1968 2700 2015 tamen
2747 1966 2968 2029 propter
2996 1972 3191 2013 nomen
3218 1966 3375 2013 suum
3400 1957 3637 2013 γίνίῆαι
3665 1971 3769 2012 ,σε

490 2050 598 2132 lem
641 2074 694 2129 in
743 2075 1039 2141 conspectu
1088 2074 1202 2129 tuo,
1251 2056 1302 2117 id
1351 2064 1453 2125 est,
1494 2057 1569 2112 ’a'd
1616 2050 2074 2123 comparationem

491 2176 657 2235 tuam,
688 2167 801 2230 sele
829 2150 1007 2218 divina
1026 2152 1258 2229 judicia,
1291 2155 1405 2210 sive
1436 2152 1677 2207 ‘h‘umana
1707 2145 1940 2218 probare
1964 2152 2076 2197 non

492 2233 737 2331 possunt.
766 2253 953 2309 Omnis
980 2251 1123 2307 enim
1150 2243 1495 2320 pulchritudo
1521 2244 1578 2297 te
1604 2245 1870 2312 prasente
1899 2233 2078 2291 defor-

494 2327 596 2407 mis
615 2357 715 2406 est.
748 2347 947 2403 Omnis
970 2339 1229 2399 fortitudo
1264 2342 1322 2393 'te
1344 2342 1607 2408 praesente
1629 2331 1853 2389 infirma.
1878 2327 2081 2384 Omnes

496 2444 697 2500 divitiae
740 2447 794 2494 te
827 2442 1092 2509 praesente
1133 2429 1470 2487 mendicitas.
1526 2422 1710 2481 Omnis
1733 2419 1940 2492 iustitia
1980 2417 2083 2472 hu-

497 2551 659 2592 mana
688 2543 742 2588 te
761 2536 1023 2603 prtesente
1064 2524 1346 2596 injustitia.
1408 2519 1478 2575 Et
1506 2527 1565 2574 ut
1602 2517 1831 2573 vicinam
1864 2510 2084 2583 iustitiae

499 2635 608 2683 tuae
648 2622 912 2694 justitiam
959 2610 1247 2673 humanam
1297 2612 1581 2681 exquirere
1618 2608 1848 2673 desinas,
1878 2616 2081 2673 qumso,

500 2717 757 2789 quoniam
806 2716 1121 2784 persecutus
1180 2704 1263 2762 es't
1312 2694 1557 2759 inimicus
1605 2700 1837 2754 animam
1880 2704 2082 2759 meam,

500 2784 801 2866 humiliavit
831 2806 884 2859 in
916 2812 1077 2867 terra,
1108 2798 1162 2855 id
1189 2804 1310 2861 est,
1342 2784 1408 2851 ’in
1438 2802 1667 2865 corpore
1690 2793 1860 2846 vitam
1885 2790 2083 2851 meam,

500 2898 790 2960 collocavit
836 2911 924 2952 me
972 2894 1026 2948 in
1086 2886 1320 2948 obscuro
1369 2888 1508 2942 sicut
1565 2888 1836 2939 mert‘uum
1887 2876 2085 2934 steculi.

504 2990 679 3048 Tanta
706 3004 796 3045 me
844 2986 1174 3043 obscuritate
1224 2978 1333 3037 suae
1379 2974 1729 3036 circumdedit
1780 2971 1999 3036 fraudis,
2034 2972 2093 3024 ut

507 3088 781 3139 mortuum
809 3093 895 3132 me
923 3074 1066 3146 apud
1093 3074 1262 3128 Deum
1292 3068 1543 3135 credens,
1576 3066 1822 3138 putarem
1851 3078 1937 3118 me
1970 3060 2095 3116 nul-

509 3171 622 3231 lum
649 3166 1073 3240 recuperationis
1103 3161 1242 3232 apud
1265 3160 1526 3231 justitiam
1554 3164 1701 3214 tuam
1740 3156 1978 3211 auditum
2007 3155 2091 3207 in-

511 3262 697 3320 venire
730 3277 742 3312 :
772 3257 893 3313 ideo
926 3256 1177 3311 anxiatus
1204 3261 1287 3308 est
1315 3251 1367 3306 in
1396 3266 1482 3305 me
1510 3250 1726 3321 spiritus
1757 3256 1926 3311 mens,
1958 3251 2013 3299 et
2040 3245 2095 3300 in
2122 3244 2169 3311 C,

513 3368 602 3412 me
629 3352 901 3408 turbatum
930 3355 1015 3403 est
1042 3362 1138 3401 cor
1165 3360 1364 3400 meum.
1406 3342 1557 3412 Coepi
1588 3338 1857 3395 recordari
1889 3337 2094 3392 dierum

511 3446 876 3515 antiquorum,
916 3439 1132 3511 quantis
1167 3453 1267 3509 pro
1305 3433 1673 3490 misericordia
1702 3430 1987 3487 subvenire
2016 3429 2098 3484 di—

514 3545 708 3611 gnatus
731 3551 810 3593 es.
865 3532 935 3589 Et
969 3531 1259 3589 meditatus
1295 3544 1415 3584 sum
1456 3527 1511 3582 in
1544 3524 1795 3582 erunibus
1824 3521 2095 3594 operibus,

516 3628 708 3706 quibus
736 3626 895 3680 didici
943 3621 1192 3679 omnibus
1239 3628 1293 3675 te
1337 3610 1746 3691 deprecantibus
1792 3613 2097 3702 subvenire.

516 3693 586 3777 Et
612 3696 735 3776 ideo
764 3732 865 3788 ego
894 3706 1127 3788 expandi
1154 3731 1345 3769 manus
1373 3728 1518 3767 meas
1544 3700 1612 3766 ad
1634 3712 1722 3773 'te,
1768 3693 1899 3780 quia
1923 3708 2099 3762 anima

516 3830 635 3871 mea
665 3815 804 3870 sicut
848 3821 992 3867 terra
1018 3812 1135 3867 sine
1164 3825 1301 3880 aqua
1326 3800 1343 3874 ,5
1397 3808 1475 3864 sic
1503 3802 1556 3861 in
1586 3806 1820 3877 peccatis
1847 3805 1988 3860 sicca
2019 3800 2100 3857 fa-

515 3912 602 3962 cta
631 3913 711 3961 est
735 3946 749 3971 ,
802 3903 955 3973 quasi
1003 3906 1122 3972 quae
1164 3917 1271 3954 non
1298 3898 1494 3954 habeat
1522 3906 1716 3967 aquam
1741 3894 2098 3966 baptismatis.

516 3992 789 4054 Velociter
816 3994 1012 4051 exaudi
1037 4009 1145 4059 me,
1177 3988 1423 4058 Domine,
1455 3989 1653 4046 defecit
1681 3990 1901 4060 spiritus
1926 4002 2099 4053 meus,

516 4088 571 4144 id
592 4100 693 4154 est,
721 4088 976 4159 spiritalis
1023 4088 1076 4142 in
1114 4102 1200 4142 me
1224 4086 1333 4141 vita
1362 4070 1578 4141 defecit.
1632 4082 1748 4138 Non
1776 4089 1991 4138 avertas
2020 4079 2102 4135 fa—

517 4180 658 4237 ciem
688 4188 835 4234 tuam
885 4195 916 4233 a
960 4194 1078 4245 me,
1112 4185 1167 4232 et
1204 4192 1299 4233 ero
1336 4164 1527 4232 similis
1570 4160 2022 4231 descendentibus
2048 4173 2101 4226 in

518 4270 727 4337 lacum,
773 4269 829 4324 id
856 4278 976 4335 est,
1025 4270 1213 4323 similis
1253 4283 1348 4323 ero
1377 4268 1430 4322 in
1459 4276 1636 4322 morte
1660 4267 1942 4321 damnatis.
1984 4254 2102 4319 Non

519 4369 700 4418 tamen
728 4363 1027 4433 particeps,
1058 4360 1153 4415 sed
1188 4356 1415 4414 similis:
1448 4346 1669 4424 similis,
1701 4356 1826 4427 quia
1856 4355 2100 4428 peccavi;

519 4462 576 4513 et
601 4470 711 4511 non
739 4454 1009 4525 particeps
1026 4492 1042 4518 ,
1090 4453 1215 4521 quia
1244 4450 1312 4506 ad
1340 4458 1489 4505 tuam
1516 4434 1941 4505 misericordiam
1968 4464 2100 4502 con—

517 4544 714 4602 volavi.
764 4542 873 4598 Fac
912 4557 1040 4612 ergo
1070 4542 1306 4597 auditam
1335 4541 1466 4596 mihi
1494 4556 1654 4598 mane
1682 4534 2103 4596 misericordiam

2179 2059 2232 2114 in
2261 2056 2513 2127 mquitate
2541 2067 2656 2108 sua.
2697 2049 2814 2107 Hoc
2838 2049 3115 2120 tequitatis
3139 2062 3250 2111 sum
3268 2047 3764 2123 judiciostatuens,

2180 2156 2240 2205 ut
2266 2148 2452 2221 perdat
2496 2154 2688 2201 omnes
2726 2142 2974 2199 inimicos
3019 2150 3269 2207 nostros,
3312 2141 3404 2211 qui
3446 2140 3569 2197 ideo
3610 2142 3769 2197 nobis

2181 2240 2381 2298 inimici
2409 2246 2570 2302 sunt,
2614 2236 2739 2307 quia
2786 2251 2887 2290 nos
2914 2234 3053 2290 servi
3083 2250 3200 2290 esse
3224 2233 3437 2288 Domini
3465 2233 3764 2289 studemus.

2183 2335 2369 2400 Hanc,
2423 2329 2632 2400 inquit,
2681 2327 2752 2383 ob
2797 2342 3012 2384 causam
3056 2325 3249 2396 perdes
3285 2318 3477 2380 nunties
3522 2322 3766 2381 inimicos

2185 2443 2355 2503 meos.
2414 2422 2679 2493 Quoniam
2708 2435 2894 2476 servus
2920 2427 3044 2475 tuus
3069 2434 3209 2474 sum.
3234 2416 3356 2475 Non
3391 2432 3518 2488 ergo
3548 2415 3759 2473 aliunde

2193 2515 2432 2576 inimicos
2473 2518 2733 2573 habentes
2754 2555 2769 2581 ,
2821 2528 2922 2568 nec
2963 2528 3062 2583 pro
3111 2512 3519 2583 quibuscunque
3543 2510 3769 2565 terrenis

2188 2616 2397 2673 actibus
2443 2609 2817 2674 adversarios,
2860 2607 2957 2663 sed
2985 2606 3106 2662 ideo
3147 2606 3443 2662 inimicitiis
3468 2604 3769 2660 dazmonum

2189 2716 2281 2763 aut
2308 2705 2589 2761 hominum
2609 2701 2936 2765 laboramus,
2964 2698 3217 2768 quoniam
3244 2697 3386 2753 servi
3415 2694 3625 2751 Domini
3651 2708 3773 2750 esse

2190 2798 2484 2858 studemus.
2540 2796 2655 2851 Non
2707 2795 2988 2850 timeamus
3030 2776 3341 2871 inimicitias
3381 2806 3599 2855 eorum,
3645 2787 3771 2861 quia

2195 2893 2301 2951 illis
2328 2889 2679 2962 pereuntibus
2709 2902 2807 2942 nos
2847 2883 3194 2940 liberabimur
3240 2900 3270 2939 a
3302 2882 3519 2939 Christo
3543 2878 3771 2939 Domino

2194 2993 2402 3050 nostro,
2431 2982 2524 3053 qui
2554 2988 2742 3050 regnat
2767 2994 2890 3036 cum
2920 2976 3079 3033 Patre
3106 2985 3161 3033 et
3188 2975 3391 3048 Spiritu
3421 2984 3608 3032 sancto
3637 2992 3775 3032 nunc

2195 3088 2253 3135 et
2274 3093 2506 3149 semper,
2536 3084 2593 3133 et
2608 3077 2672 3131 ‘iu
2700 3074 2883 3131 omnia
2908 3072 3103 3130 saecula
3130 3072 3471 3128 mulorum.
3506 3070 3690 3127 Amen.

2708 3200 3023 3263 PSALMUS
3044 3201 3272 3261 CXLIII.
3294 3254 3295 3257 η

2501 3321 2744 3379 Psalmus
2770 3312 2937 3377 David
2967 3320 3220 3376 adversus
3234 3317 3474 3375 'Goliath.

2275 3442 2575 3499 Benedictus
2614 3439 2867 3494 Dominus
2901 3436 3048 3492 'Deus
3092 3453 3235 3492 meus
3281 3438 3369 3507 qui
3408 3437 3551 3493 docet
3595 3453 3785 3491 manus

2188 3542 2340 3590 ’meas
2366 3534 2435 3588 ad
2461 3533 2727 3605 prcelium,
2769 3541 2817 3585 et
2845 3531 3032 3602 digitos
3061 3547 3202 3584 meos
3222 3530 3292 3584 ad
3318 3530 3518 3584 bellum.
3568 3529 3785 3583 Miseri-
3882 3516 3889 3523 ’

2201 3629 2377 3683 cordia
2402 3644 2514 3682 mea
2544 3636 2590 3680 et
2612 3626 2865 3697 refugium
2892 3640 3080 3687 meum,
3111 3631 3370 3692 susceptor
3404 3639 3538 3674 meus
3559 3630 3612 3674 et
3637 3620 3778 3675 libe-

2196 3704 2344 3771 rator
2393 3734 2552 3771 meus.
2604 3714 2874 3769 Protector
2915 3718 3079 3779 meus,
3101 3722 3150 3768 et
3188 3716 3236 3768 in
3280 3715 3385 3782 ipso
3426 3713 3773 3783 τρυφὴ·ῳί

2201 3804 2371 3864 subdit
2400 3798 2642 3880 populum
2672 3824 2838 3862 meum
2864 3806 2956 3861 sub
2980 3812 3084 3861 'me.
3137 3805 3377 3873 Domine,
3423 3803 3540 3876 quid
3575 3811 3653 3859 est
3681 3802 3772 3859 lto-

2203 3918 2303 3965 mo,
2330 3900 2451 3973 quia
2472 3900 2743 3954 innotuistt
2766 3898 2841 3963 ei,
2873 3907 2963 3952 aut
3001 3896 3142 3969 ﬁlius
3170 3897 3389 3951 hominis
3418 3896 3534 3965 quia
3558 3903 3787 3965 reputas

2204 3996 2358 4075 eum?
2397 3994 2569 4049 Homo
2596 3995 2811 4050 vanitati
2836 3994 3021 4049 similis
3051 3994 3219 4067 [actus
3238 4000 3341 4055 est,
3372 3990 3475 4045 dies
3509 3990 3622 4061 ejus
3651 3992 3794 4043 sicut

2205 4088 2385 4144 umbra
2413 4095 2739 4160 pra'tereunt.
2782 4084 3024 4149 Domine,
3056 4085 3253 4139 inclina
3293 4082 3442 4138 caelos
3464 4090 3577 4136 tuos
3616 4089 3666 4135 et
3700 4082 3800 4136 de-

2203 4185 2424 4250 scende;
2455 4192 2613 4255 tange
2650 4191 2866 4246 montes,
2912 4190 2961 4235 et
3001 4177 3343 4252 fumigabunt.
3375 4174 3611 4248 Fulgura
3641 4190 3800 4229 coru-

2204 4276 2513 4340 scationem,
2560 4283 2610 4327 et
2639 4271 2913 4344 dissipabit:
2942 4272 3064 4336 eos;
3112 4269 3285 4324 emitte
3312 4270 3539 4341 sagittas
3558 4274 3683 4321 ‘tuas
3704 4308 3719 4333 ,
3744 4278 3804 4321 et

2206 4366 2532 4424 conturbabis
2562 4384 2668 4422 eos.
2718 4364 2914 4420 Emitte
2956 4380 3169 4419 manum
3212 4370 3357 4417 tuam
3398 4362 3463 4417 de
3490 4362 3626 4424 alto,
3651 4362 3807 4430 eripe

2206 4480 2288 4517 me
2328 4471 2377 4516 et
2417 4458 2574 4531 libera
2598 4476 2680 4513 me
2724 4457 2786 4512 de
2816 4458 2963 4531 aquis
2992 4456 3183 4521 multis,
3213 4464 3264 4509 et
3293 4453 3357 4509 de
3376 4466 3535 4516 manu
3562 4452 3802 4523 [illorum

2207 4555 2511 4609 alienorum.
2543 4546 2772 4616 Quorum
2800 4568 2856 4605 os
2886 4549 3109 4604 locutum
3134 4550 3211 4602 est
3238 4546 3520 4600 vanitatem
3538 4588 3553 4609 ,
3580 4555 3624 4598 et
3661 4542 3808 4598 dea:-

520 4644 669 4694 ῑυθῐη
690 4680 705 4704 ν
755 4638 1011 4706 quoniam
1060 4637 1114 4691 ίη
1162 4645 1216 4692 te
1244 4638 1477 4707 spem“:
1508 4632 1750 4690 Domine-
1790 4630 1917 4689 Ideo
1945 4650 2103 4689 mane
2128 4630 2182 4696 D
2208 4654 2316 4699 tera
2344 4660 2517 4697 eorum
2541 4683 2556 4708 ,
2588 4642 2801 4696 dextera
2840 4630 3143 4710 iniquitatis.
3197 4636 3369 4702 Deus,
3413 4636 3669 4690 cantiCum
3706 4651 3821 4689 no-

413 4751 426 4763 ·
517 4730 732 4800 posuit,
779 4729 906 4801 quia
953 4730 1135 4784 tandiu
1184 4737 1398 4785 noctem
1450 4736 1505 4785 et
1551 4728 1799 4784 tenebras
1845 4728 2097 4798 patimur,

519 4820 753 4892 quandiu
780 4822 957 4892 pietas
979 4821 1160 4877 divina
1186 4808 1536 4891 compungat,
1564 4820 1845 4875 clementia
1887 4814 2104 4891 pietatis

519 4910 807 4980 indulgeat.
871 4912 939 4967 At
966 4913 1055 4967 ubi
1092 4928 1197 4967 vox
1234 4911 1459 4982 coeperit
1486 4908 1798 4982 pmnitentis
1825 4910 2105 4974 audiri,-et

517 5002 607 5056 lux
640 5001 965 5069 indulgentis
992 5004 1202 5058 ostendi
1229 5042 1243 5068 ,
1277 5019 1384 5058 nox
1412 4992 1589 5059 omnis
1606 4994 1886 5069 abscedit,
1918 5010 1969 5057 et
2001 5001 2103 5056 ini-

517 5094 650 5147 tium
700 5094 835 5149 lucis
881 5094 1119 5159 accedit,
1170 5096 1222 5148 in
1271 5110 1374 5163 qua
1423 5096 1543 5151 luce
1572 5112 1681 5163 non
1710 5086 1972 5163 erramus,
2006 5094 2103 5150 sed

514 5184 666 5259 quasi
694 5184 750 5239 in
779 5183 865 5239 die
892 5185 1072 5255 positi,
1105 5184 1319 5240 honesti
1347 5186 1700 5244 ambulamus.
1733 5187 1927 5243 Notam
1955 5186 2102 5242 enim

513 5277 669 5334 nobis
703 5275 858 5331 faciet
899 5276 1042 5330 viam
1090 5290 1198 5346 qua
1233 5277 1567 5335 ambulemus
1612 5282 1667 5335 in
1706 5280 1879 5335 lucem
1902 5319 1916 5346 ,
1959 5277 2103 5335 sivad

514 5368 686 5437 ipsum
733 5368 1091 5423 levaverimus
1138 5369 1344 5424 animas
1385 5379 1613 5425 nostras.
1668 5369 1816 5425 Sicut
1862 5371 2002 5425 enim
2047 5370 2101 5423 in

515 5462 749 5516 tenebris
782 5460 946 5530 positi
974 5460 1151 5517 lucem
1178 5461 1444 5531 indigent,
1477 5462 1552 5515 ita
1580 5461 1633 5514 in
1663 5460 1783 5516 luce
1812 5452 1973 5530 positi
2001 5460 2100 5515 du-

513 5568 629 5607 cem
658 5553 749 5621 qui
778 5552 971 5629 liberet
998 5554 1065 5609 ab
1093 5567 1296 5631 errore.
1356 5552 1420 5606 Et
1449 5552 1570 5607 ideo
1607 5550 1893 5606 dicendum
1922 5561 2005 5606 est
2033 5553 2100 5606 ab

515 5641 597 5694 his
631 5642 721 5710 qui
759 5642 812 5696 in
843 5643 963 5699 luce
1007 5650 1133 5698 sunt
1167 5659 1180 5696 :
1213 5642 1405 5697 Notam
1449 5641 1530 5696 fac
1574 5640 1703 5695 mihi
1745 5640 1885 5694 viam
1915 5641 1968 5694 in
1998 5655 2103 5709 qua

515 5734 817 5800 ambulem,
868 5737 1123 5815 quoniam
1178 5734 1247 5791 ad
1294 5741 1347 5790 te
1388 5728 1559 5789 levavi
1612 5732 1848 5787 animam
1899 5749 2092 5789 meam.

495 5820 675 5898 .Erlpo
690 5838 777 5881 me
792 5822 859 5881 de
871 5826 1100 5899 inimicis
1121 5829 1274 5895 meis,
1292 5827 1546 5897 quoniam
1569 5824 1635 5881 ad
1653 5834 1704 5882 te
1730 5818 1963 5896 canfugi.
1990 5822 2092 5892 Qui

2207 4754 2322 4793 vum
2368 4735 2584 4790 cantabo
2632 4734 2756 4801 tibi,
2821 4735 2875 4787 in
2915 4730 3159 4804 psalterio
3205 4729 3525 4786 decachordo
3571 4729 3824 4801 psallam

2210 4827 2318 4881 tibi.
2364 4822 2463 4890 Qui
2486 4825 2578 4879 das
2599 4822 2817 4879 salutem
2843 4816 3064 4896 regibus,
3095 4824 3183 4895 qui
3204 4820 3465 4877 redemisti
3496 4818 3672 4873 David
3709 4806 3834 4876 ser-

2210 4934 2320 4973 vum
2352 4927 2510 4983 tuum,
2543 4915 2608 4971 de
2634 4915 2809 4989 gladio
2837 4913 3065 4986 maligno
3092 4914 3231 4984 eripe
3258 4920 3349 4967 me
3366 4953 3381 4978 ,
3410 4922 3461 4968 et
3479 4924 3598 4966 erue
3624 4926 3729 4966 me
3764 4916 3840 4969 de

2210 5025 2366 5063 manu
2395 5008 2623 5080 ﬁliorum
2652 5004 2971 5072 alienorum,
3014 5022 3233 5078 quorum
3262 5022 3320 5059 os
3346 5004 3575 5059 locutum
3600 5016 3699 5059 est
3737 5025 3847 5061 ra-

2208 5098 2420 5153 nitatem
2449 5126 2477 5164 ,ι
2513 5108 2561 5151 et
2612 5097 2822 5153 dextera
2848 5114 3023 5152 eorum
3051 5096 3265 5151 dextera
3296 5097 3604 5169 iniquitatis.
3677 5095 3851 5163 Quo-

2209 5206 2320 5244 rum
2349 5190 2449 5260 ﬁlii
2489 5191 2621 5243 sicut
2668 5188 2880 5245 novella:
2928 5188 3274 5261 plantationes
3311 5188 3367 5241 in
3384 5187 3673 5260 jurentute
3712 5207 3852 5248 sua.

2184 5268 2257 5367 ⁴1⁵⁷
2260 5282 2366 5335 ilia:
2395 5298 2569 5367 eorum
2610 5281 2905 5351 composita
2926 5278 2961 5345 ,’
2992 5279 3388 5335 circumornatw
3429 5285 3486 5331 ut
3514 5276 3860 5337 similitudo

2208 5372 2401 5444 templi.
2436 5362 2806 5444 Promptuaria
2840 5384 3015 5427 eorum
3046 5370 3235 5444 plena.
3262 5373 3557 5427 eructantia
3600 5390 3683 5427 ea:
3749 5381 3861 5430 hoc

2188 5464 2260 5549 in
2292 5462 2439 5543 illud.
2493 5460 2623 5518 Oves
2644 5481 2819 5519 eorum
2849 5466 3026 5534 fetam
3064 5461 3387 5517 abundantes
3425 5463 3480 5516 in
3514 5468 3864 5533 egressibus

2212 5560 2340 5625 suis,
2374 5557 2521 5613 boves
2551 5575 2725 5613 eorum
2747 5575 2958 5613 crasste.
2985 5555 3110 5612 Non
3133 5550 3207 5613 est
3237 5559 3387 5612 ruina
3409 5558 3706 5626 maceriw,
3760 5581 3868 5619 ne.

2208 5667 2305 5723 que
2335 5652 2588 5707 transitus
2619 5668 2780 5724 neque
2807 5653 3004 5708 clamor
3030 5654 3084 5708 in
3112 5654 3297 5724 plateis
3332 5668 3530 5708 eorum.
3591 5650 3871 5716 Beatum

2204 5739 2449 5827 dixerunt
2480 5742 2726 5827 populum
2754 5746 2837 5799 cui
2866 5746 2978 5802 luec
3004 5755 3159 5806 sunt.
3189 5747 3369 5802 beatus
3397 5745 3637 5819 populus
3685 5748 3875 5827 cujus

2195 5816 2449 5886 Dominus
2472 5822 2611 5889 Deus
2631 5833 2758 5903 eius.
