4088 6346
275 350 382 408 567

234 402 245 451 ⁵
275 350 382 408 557
1190 354 1662 413 COMMENTARH
1696 356 1765 414 IN
1800 355 1834 411 Ρ

1937 344 2130 418 tuos.
2171 359 2363 421 PSAL.
2405 366 2622 430 cxuv.
3416 388 3563 451 λεδ.

1898 480 1946 538 Α
1975 486 2156 536 autem
2178 495 2274 537 eos
2302 482 2442 567 alius
2458 484 2808 554 -liberat,-nisi
2829 492 2976 550 idem
3002 495 3162 565 Deus,
3191 501 3283 569 qui
3310 501 3559 564 liberavit

344 561 962 664 Beiiedictus-Dominus
996 566 1139 621 Deus
1167 582 1323 664 meus
1346 566 1441 638 qui
1467 565 1652 664 docuit
1679 581 1872 621 manus
1972 569 2139 664 David
2169 562 2383 632 servum
2404 582 2601 637 suum?
2638 581 2792 641 Hunc
2830 588 2975 643 enim
3007 561 3361 664 eamdemque

271 670 425 715 meas
474 657 537 757 in
574 658 776 728 prndio.
830 656 1097 729 Tempore
1137 674 1247 728 quo
1275 657 1489 731 Moyses
1517 658 1729 713 levabat
1754 673 1870 713 ωα-
1972 662 2211 721 Marcion
2252 676 2441 738 negat,
2482 670 2731 730 similiter
2770 675 3014 748 Apelles,
3040 691 3098 738 et
3127 656 3467 757 Valentinus,

270 766 373 805 nus
400 751 468 851 al
494 746 693 813 Deum,
723 760 778 805 et
806 752 1123 852 vincebatur
1146 749 1556 852 Allophylorum
1586 751 1740 852 turba
1769 767 1868 852 pu-
1970 752 2318 852 blaiiicbaeus.
2365 760 2615 820 lnildeles
2646 774 2703 822 et
2730 746 2939 837 miseri,
3124 777 3315 839 nolunt

267 845 585 913 gnantimn;
617 859 846 913 cumque
876 859 967 899 eas
993 844 1364 913 deposuisset,
1404 843 1527 899 victi
1556 843 1860 899 vincebant.
1969 846 2197 907 Domino
2223 852 2473 923 liberari,
2520 857 2575 913 in
2601 873 2861 917 aeternum
2881 864 3125 924 damnari
3151 886 3258 929 non
3280 843 3545 944 meam-nt,

262 932 460 1032 Docuit
495 949 627 1004 ergo
649 950 840 990 manus
865 943 1080 1032 nostras
1106 936 1161 1032 in
1190 936 1393 1032 praelia,
1426 952 1533 1032 non
1555 936 1738 1000 armis,
1768 935 1865 991 sed
1968 941 2216 1032 aquibus
2256 959 2358 1001 nos
2398 946 2517 1018 ipse
2555 949 2647 1019 qui
2686 950 2937 1010 liberavit
2976 956 3145 1015 David
3189 961 3306 1032 ipse
3334 932 3542 1021 liberet:

256 1028 522 1125 precibus
570 1028 1164 1125 pugnaturas.UDoeuit
1212 1029 1621 1125 etiamwdigitos
1648 1038 1867 1125 nostros
1968 1031 2103 1099 Quia
2125 1050 2187 1090 os
2206 1051 2395 1094 eorum
2416 1039 2653 1111 loquitur
2681 1046 2994 1114 vanitatem,
3024 1058 3099 1117 et,
3128 1060 3189 1108 ut
3211 1028 3373 1125 supra
3409 1056 3543 1114 dixi-

253 1120 319 1174 ad
349 1121 587 1188 bellum,
622 1132 680 1179 ut
701 1122 829 1179 dum
858 1123 1057 1178 bellum
1086 1122 1201 1178 sive
1231 1122 1550 1190 visibilium,
1580 1123 1694 1180 sive
1726 1123 1865 1179 invi-
1966 1140 2104 1192 mus,
2130 1127 2354 1189 dextera
2384 1146 2575 1191 eorum
2614 1135 2837 1194 dextera
2890 1140 3203 1213 iniquitatis.
3262 1120 3376 1204 llos
3417 1162 3537 1208 sam

252 1210 507 1271 sibilium
555 1215 884 1270 senserimus
912 1215 1148 1287 hostium
1171 1255 1188 1283 ,
1240 1228 1342 1269 nos
1590 1230 1864 1277 armemus
1964 1222 2157 1277 asserit
2178 1223 2328 1293 loqui
2353 1226 2649 1284 vanitatem
2680 1230 2735 1285 in
2756 1231 2869 1289 hoc
2900 1210 3042 1300 loco,
3075 1236 3168 1306 qui
3192 1240 3537 1299 servientium

251 1303 503 1363 frontem
562 1309 836 1378 triumpho
875 1309 1076 1376 crucis,
1127 1317 1183 1363 et
1213 1307 1388 1383 securi
1423 1308 1604 1364 animo
1638 1307 1862 1364 dimico-
1963 1310 2076 1368 Deo
2123 1323 2496 1386 palpertatem
2542 1319 2768 1375 ridicule
2801 1303 3111 1392 abutuntur,
3145 1326 3387 1386 dicentes
3408 1324 3432 1384 ἐ
3473 1330 3543 1387 Ut

250 1412 394 1462 mus,
427 1399 680 1457 dicentes
706 1401 936 1456 Domino
960 1420 974 1454 2
1006 1400 1084 1456 Tu
1113 1400 1481 1457 misericordia
1510 1417 1650 1467 mea,
1681 1409 1739 1456 tu
1766 1417 1859 1458 re-
1960 1407 2089 1478 quid
2111 1408 2289 1466 inedia
2315 1409 2563 1467 laborant
2578 1413 2824 1471 colentes
2848 1415 3173 1473 Dominum?
3194 1417 3262 1474 Et
3280 1422 3406 1491 quid
3430 1424 3543 1493 opi-

250 1489 470 1561 i’ugium
497 1506 698 1559 meum,
732 1502 788 1550 tu
816 1501 1099 1564 susceptor
1121 1508 1292 1560 meus,
1317 1493 1654 1549 tuliberator
1680 1508 1857 1575 meus,
1958 1497 2062 1555 bus
2100 1499 2326 1559 enimut
2358 1507 2804 1561 contemnentes?
2848 1506 3104 1575 ignorant
3146 1489 3409 1569 medicum

250 1592 308 1636 tu
336 1584 494 1640 enim
532 1585 732 1660 subdas
770 1584 1003 1657 populos
1027 1585 1216 1641 subtus
1241 1600 1348 1641 me.
1405 1584 1663 1640 lnlestum
1694 1601 1860 1656 popu-
1959 1591 2357 1662 parcimoniam
2402 1593 2668 1665 imperare
2710 1604 2767 1652 et
2806 1599 3196 1657 continentiam
3224 1604 3536 1673 praecipere,

249 1676 362 1733 lum
406 1678 803 1746 cogitationum
850 1678 1116 1733 malarum
1162 1678 1532 1747 insurgentem
1575 1691 1740 1747 super
1767 1691 1857 1733 me
1958 1684 2238 1756 inquibus
2276 1686 2508 1742 mutem
2550 1702 2811 1745 venarum
2837 1691 3072 1747 motibus
3112 1692 3535 1764 deprehendunt.

247 1767 455 1824 subdes
481 1769 670 1824 subtus
707 1784 812 1825 me.
895 1766 964 1824 Ut
1000 1768 1129 1839 quid
1169 1778 1350 1824 autem
1388 1777 1719 1823 memoratur
1756 1785 1855 1838 Pu-
1957 1777 2106 1847 Quos
2129 1795 2264 1836 vero
2286 1781 2582 1837 morituros
2606 1791 2927 1853 agnoscunt,
2961 1785 3144 1840 sinant
3164 1788 3274 1844 suis
3293 1770 3539 1848 omnibus

246 1861 457 1929 gnam?
485 1861 611 1930 quid
633 1861 910 1931 praelium?
945 1860 1077 1930 quid
1101 1860 1337 1916 bellum?
1357 1860 1487 1929 quid
1504 1868 1682 1915 autem
1711 1859 1854 1916 Deus
1876 1871 1930 1932 Β
1954 1869 2412 1929 cmonium
2437 1874 2765 1931 consentire.
2805 1874 2977 1943 Quale
2994 1885 3080 1933 est
3105 1886 3167 1933 ut
3191 1878 3260 1935 de
3282 1880 3366 1935 his
3393 1883 3540 1938 dicas

860 455 1296 534 COIIENTABIU.I.

245 1961 494 2009 internus
518 1955 861 2011 innotescere
893 1954 1125 2009 voluerit
1153 1952 1393 2021 homini,
1435 1952 1479 2007 si
1512 1952 1674 2008 homo
1705 1952 1854 2008 vani-

246 2047 347 2107 tati
390 2046 584 2101 similis
605 2047 779 2103 factus
801 2046 1166 2102 esthoritur
1185 2046 1351 2110 enim,
1375 2052 1432 2100 et
1457 2045 1574 2102 dies
1597 2044 1716 2114 ejus
1746 2046 1855 2102 sic-

134 2164 140 2170 ·
242 2149 308 2195 ut
338 2141 533 2196 unum
574 2148 931 2211 pmtereunt.
972 2140 1112 2208 Quid
1140 2153 1272 2209 ergo
1319 2141 1426 2204 les,
1464 2139 1852 2209 quidcommi-

240 2233 409 2288 natio
436 2232 830 2303 peccatoribus,
861 2232 988 2300 quid
1016 2240 1194 2287 terror
1222 2229 1547 2293 incrdulis,
1579 2230 1625 2283 si
1644 2244 1851 2298 pauco-

238 2340 371 2383 rum
395 2325 609 2381 diernm
628 2324 737 2379 vita
757 2321 917 2379 linem
940 2323 1237 2403 accipiens,
1252 2319 1505 2381 effectum
1526 2322 1610 2377 sui
1628 2320 1857 2379 ulterius

236 2432 358 2473 non
384 2417 638 2473 habebit?
672 2416 799 2473 Haec
826 2415 1052 2473 audiens
1079 2415 1357 2485 apostolus
1383 2412 1585 2469 Paulus
1608 2414 1855 2485 increpat

238 2508 441 2565 dicens
470 2526 487 2561 :
528 2507 592 2563 Si
615 2509 672 2562 in
701 2508 798 2561 luit:
824 2508 933 2562 vita
962 2516 1157 2571 tantum
1184 2516 1451 2578 sperantes
1476 2521 1672 2570 sum
1702 2507 1852 2560 mise-

239 2599 529 2655 rabiliores
575 2596 750 2655 simus
796 2599 1033 2655 omnibus
1078 2599 1370 2655 horninibus
1407 2599 1449 2671 (l
1472 2597 1590 2654 Cor.
1620 2597 1735 2666 xv).
1774 2596 1845 2651 Et

237 2692 375 2748 ideo
404 2693 644 2763 psalmus
664 2706 907 2762 praesens
934 2691 1059 2747 audi
1078 2692 1204 2759 quid
1231 2691 1447 2747 sentiat.
1477 2689 1643 2757 Quasi
1663 2688 1839 2745 dicat:

236 2784 521 2852 Quoniam
552 2786 716 2841 vitam
733 2793 997 2840 mtemam
1021 2799 1140 2840 esse
1168 2783 1713 2854 Βουήδωνι-φιεὼ
1736 2783 1844 2839 tuis

230 2876 800 2949 pradicatoribusque
829 2892 939 2931 non
961 2876 1218 2941 credam,
1250 2885 1308 2930 tu
1353 2876 1665 2945 ipse-perte
1693 2875 1847 2931 incli-

231 2985 309 3024 na
335 2970 508 3025 cmlos
538 2977 691 3035 tuos,
719 2977 779 3025 et
802 2968 1095 3024 descende.
1133 2968 1424 3024 inclinavit
1440 2976 1623 3023 autem
1642 2968 1839 3033 eteius,

229 3061 491 3134 quando?
516 3061 645 3116 Cum
667 3063 725 3117 in
748 3064 916 3134 forum
945 3060 1046 3116 Dei
1061 3070 1215 3124 esset.
1238 3068 1467 3131 essetque
1487 3059 1841 3131 wqualis'Deo

230 3151 408 3218 Patri,
432 3154 725 3208 exinaniri:
743 3154 989 3224 seipum,
1006 3151 1842 3225 formamaeroisuscipirnail’hi»

227 3246 327 3317 lip.
363 3244 466 3315 ii):
513 3246 794 3300 inclinavit
819 3246 990 3299 caios
1013 3283 1028 3309 ,
1072 3253 1134 3299 ut
1172 3245 1223 3299 si
1260 3235 1622 3307 dicas,'verbi
1645 3254 1832 3312 caua,
1858 3255 1909 3320 ε

226 3340 552 3411 imperatori
577 3358 590 3392 :
611 3340 745 3395 Dum
776 3347 829 3393 te
855 3346 914 3393 tu
942 3338 1223 3405 bninilias,
1241 3337 1654 3394 inclinas'omne
1690 3339 1834 3409 pala-

226 3434 390 3488 tium.
421 3431 713 3488 lnclinavit
724 3445 855 3500 ergo
883 3431 1150 3497 coelosyet
1174 3430 1472 3498 descendit,
1498 3440 1560 3487 ut
1587 3439 1832 3502 tangeret

224 3533 472 3591 montes,
494 3532 555 3581 ut
581 3524 923 3594 fumigarent.
963 3523 1226 3580 Montium
1253 3524 1431 3580 {unus
1458 3526 1637 3581 nubes
1657 3534 1827 3592 ct'eat,

225 3632 372 3686 quas
396 3616 700 3687 producens
742 3616 882 3671 Deus
906 3616 974 3671 de
1004 3616 1270 3672 thesauris
1296 3616 1410 3673 suis
1438 3617 1613 3672 fundit
1639 3619 1694 3672 in
1726 3626 1832 3672 ter-

224 3724 353 3765 ram
377 3748 391 3774 ,
424 3719 489 3765 ut
522 3721 665 3766 terra
714 3710 956 3781 proferat
999 3718 1162 3765 omne
1187 3709 1458 3766 fructuum
1500 3723 1688 3778 genus,
1718 3724 1830 3779 quo

224 3800 586 3857 esurientium
630 3818 860 3872 corpora
912 3802 1234 3856 nutriantur.
1294 3801 1432 3857 Cum
1478 3800 1832 3857 desceth

224 3892 380 3947 Deus
406 3894 460 3946 in
486 3890 694 3946 Christo
719 3933 733 3959 ,
772 3902 837 3945 ut
856 3892 1109 3945 mundum
1144 3890 1442 3949 conciliaret
1481 3894 1578 3948 sibi
1611 3893 1674 3967 (ll
1706 3892 1829 3950 Cor.

172 4058 175 4061 γ
227 3984 315 4056 v),
369 3985 543 4053 tetigit
586 3994 801 4039 montes
851 3993 905 4040 et
950 3985 1195 4051 fumigati
1242 3995 1394 4052 sunt;
1435 3988 1486 4041 id
1514 3996 1626 4053 est,
1658 3987 1833 4055 tetigit

227 4077 515 4149 apostolos
539 4085 698 4147 suos,
732 4089 787 4147 et
814 4080 1017 4134 iumum
1046 4081 1264 4135 nubium
1294 4081 1667 4148 reddiderunt,
1694 4092 1833 4150 quo-

224 4184 355 4229 rum
379 4180 527 4228 tanta
568 4156 667 4229 i'uit
701 4174 951 4229 imbrium
991 4174 1171 4245 pluvia
1195 4216 1209 4242 ,
1250 4184 1310 4230 ut
1340 4176 1393 4230 in
1425 4183 1539 4229 toto
1568 4175 1699 4231 orbe
1730 4182 1833 4230 ter-

224 4276 415 4320 rarum
480 4278 633 4319 venw
682 4264 919 4319 fontium
976 4265 1333 4336 replerentur,
1405 4265 1597 4336 quibus
1667 4276 1830 4321 omne

223 4354 545 4414 ablueretur
589 4358 832 4425 facinus,
887 4368 941 4415 et
988 4360 1263 4415 lavaretur
1309 4376 1472 4416 omne
1519 4370 1819 4432 peccatum.

223 4447 430 4508 Veium
460 4454 550 4522 qui
585 4453 652 4507 ad
682 4466 805 4509 eum
835 4453 1120 4525 pervenire
1151 4470 1249 4510 nos
1294 4456 1544 4525 prohibet
1573 4457 1825 4525 princeps

221 4547 389 4616 liujUS
439 4545 643 4611 mundi,
670 4560 792 4601 cum
843 4546 1118 4617 Spiritibus
1162 4548 1271 4602 suis
1320 4556 1374 4602 et
1398 4546 1704 4603 hominibus
1729 4547 1822 4617 qui

1956 1966 2085 2036 quia
2112 1966 2218 2022 lati
2237 1966 2446 2023 smt’in
2474 1966 2601 2024 ﬁliis
2618 1967 2867 2036 fortius,
2895 1978 2953 2026 et
2976 1968 3189 2027 ﬁliabus
3218 1974 3453 2040 ornatis,
3478 1990 3542 2031 ao

1956 2058 2430 2131 depromtrlis
2456 2063 2632 2132 plenis
2654 2100 2670 2126 ,
2707 2063 2777 2119 de
2806 2063 2995 2122 fetosis
3021 2066 3236 2133 ovibus,
3278 2065 3348 2121 de
3370 2066 3544 2125 bobus

1957 2150 2175 2205 crassis.
2207 2150 2313 2218 Qui
2354 2168 2476 2207 cum
2506 2154 2691 2209 omnia
2719 2155 3036 2226 temporalia
3075 2157 3540 2226 habeantalbmi-

1957 2256 2087 2300 num
2112 2252 2294 2301 tamen
2328 2247 2424 2316 qui
2471 2256 2558 2303 est
2596 2256 2833 2304 atternns
2870 2264 2977 2305 non
3008 2260 3317 2307 mereantur
3341 2253 3541 2310 habere

1957 2334 2270 2405 propitium.
2311 2335 2523 2409 Quique
2548 2352 2671 2393 (nam
2706 2341 3016 2411 acceperint
3038 2342 3198 2398 linem
3222 2346 3541 2415 temporalis

1954 2425 2184 2492 laetitiis,
2228 2436 2449 2484 alterum
2472 2430 2706 2487 tristitiae
2743 2444 2934 2503 pinnas
2963 2444 3262 2491 assumunt.
3302 2435 3537 2494 Eeontra

1952 2517 2175 2588 hi'q'oos
2208 2520 2362 2576 vides
2404 2521 2650 2590 lugentes
2694 2530 2751 2578 et
2790 2522 3011 2591 Dentes,
3063 2534 3121 2581 et
3142 2528 3203 2582 in
3224 2522 3318 2584 Dei
3339 2530 3538 2588 timore

1950 2612 2277 2667 constitutos
2295 2622 2535 2682 egentes,
2558 2630 2681 2671 cum
2708 2614 2869 2673 linem
2900 2617 3124 2674 iecerint
3142 2618 3324 2689 ﬂendi,
3348 2622 3537 2681 interni

1949 2717 2046 2757 eos
2089 2704 2269 2772 gaudii
2317 2706 2545 2777 suscipit
2584 2706 2807 2763 ﬂuctus.
2871 2709 3062 2765 Dicant
3109 2726 3239 2781 ergo
3278 2713 3537 2771 increduli

1946 2793 2167 2849 beatum
2196 2798 2457 2867 populum
2479 2798 2768 2855 habentem
2791 2801 3012 2870 cepiose
3031 2816 3152 2871 quae
3175 2804 3358 2859 mundi
3378 2813 3534 2869 sunt;

1948 2905 2050 2945 nos
2080 2897 2263 2945 autem
2300 2891 2446 2946 hunc
2486 2892 2666 2948 solum
2708 2894 2965 2963 populum
3014 2895 3231 2951 beatum
3266 2895 3533 2965 dicamus,

1946 2979 2102 3049 cujus
2121 2989 2202 3037 est
2230 2982 2491 3039 Dominus
2518 2983 2659 3041 Deus
2697 2983 2817 3056 ejus
2864 2986 2919 3042 in
2957 2988 3149 3045 siceula
3194 2989 3531 3049 Saeculum.

1947 3068 2137 3126 Amen.
2180 3075 2198 3093 ‘

2418 3145 2754 3206 -ιιεωωε
2806 3148 3035 3208 CXLIV.

2408 3241 2675 3301 laudatio
2722 3246 2827 3318 ipsi
2878 3245 3065 3304 David.

2012 3350 2277 3410 Exultabo
2304 3362 2368 3421 te,
2411 3352 2551 3412 Deus
2589 3370 2733 3413 meus
2762 3374 2875 3424 rex,
2916 3358 3289 3415 et'benedicam
3334 3362 3531 3419 nomini

1939 3448 2108 3502 tuoin
2140 3448 2405 3515 socculum,
2444 3458 2493 3502 et
2534 3452 2589 3504 in
2629 3451 2872 3505 sarculum
2911 3451 3103 3506 swculi.
3148 3450 3257 3506 Ρω-
3303 3456 3530 3526 sntgulas

1938 3536 2048 3591 dies
2078 3538 2373 3593 benedicam
2415 3537 2524 3604 tibi,
2574 3546 2625 3591 et
2651 3539 2875 3593 laudabo
2897 3554 3079 3594 nomen
3108 3550 3247 3596 tuum
3281 3543 3334 3597 in
3362 3558 3527 3597 sitcu-

1938 3629 2043 3683 lum
2077 3638 2126 3682 et
2146 3632 2197 3682 in
2226 3630 2468 3684 sarculum
2498 3630 2691 3684 statuti.
2726 3629 2950 3702 Magnus
2979 3630 3234 3689 Dominus
3262 3642 3312 3689 et
3341 3635 3527 3689 lauda-

1939 3721 2055 3776 bilis
2084 3724 2258 3787 nimis,
2283 3731 2330 3776 et
2352 3722 2723 3794 magnitudinis
2752 3723 2865 3795 ejus
2896 3740 2999 3779 non
3028 3736 3105 3781 est
3132 3727 3274 3798 ﬁnis.
3308 3724 3530 3782 Genera-

1939 3818 2009 3871 tio
2029 3824 2079 3869 et
2098 3818 2359 3888 generatio
2390 3814 2623 3869 laudabit
2649 3833 2805 3886 apera
2846 3826 2953 3883 tua,
2988 3828 3038 3872 et
3079 3820 3359 3889 potentiam
3388 3828 3527 3873 tuam

1936 3904 2364 3978 pronuntiabunt.
2398 3905 2845 3979 Magniﬁcentiam
2892 3908 3074 3978 gloria:
3109 3909 3397 3962 sanctitatis
3428 3919 3528 3964 tum

1939 3998 2228 4071 loquentur,
2252 4008 2305 4053 et
2326 3994 2591 4053 mirabilia
2612 4007 2699 4052 tua
2728 3999 3034 4055 narrabant.
3061 4000 3131 4055 Et
3163 4000 3397 4057 virtutem
3422 4014 3523 4057 ter-

1937 4084 2164 4145 ribilium
2192 4099 2393 4146 tuorum
2421 4089 2610 4159 dicent,
2639 4100 2688 4146 et
2717 4092 3121 4164 magnitudbiem
3166 4102 3303 4149 tuam
3342 4108 3527 4149 narra-

1937 4182 2080 4237 burtt.
2109 4178 2416 4239 Memorium
2440 4184 2773 4240 abundantia
2790 4186 3059 4241 suavitatis
3081 4195 3181 4242 tum
3199 4186 3521 4258 entctabunt,

1934 4283 1986 4332 et
2000 4274 2204 4347 judicia
2232 4286 2318 4331 tua
2341 4275 2690 4333 exsultabant.
2713 4276 2995 4335 Miserator
3021 4286 3072 4335 et
3098 4278 3389 4337 misericors
3414 4281 3522 4339 Do-

1932 4371 2121 4437 minus,
2156 4372 2441 4442 patie‘ns'et
2467 4371 2678 4426 multum
2707 4374 3016 4429 misericors.
3056 4373 3241 4429 Suavis
3269 4373 3521 4432 Dominus

1931 4458 2180 4516 universis
2208 4469 2261 4515 et
2283 4463 2639 4517 miserationes
2667 4463 2777 4534 ejus
2812 4480 2965 4537 super
2992 4464 3165 4519 omnia
3195 4483 3350 4538 opera
3387 4468 3518 4539 ejus.

1934 4550 2291 4619 Conﬁteanlur
2319 4550 2431 4619 tibi,
2459 4552 2700 4622 Domine,
2733 4557 2907 4611 omnia
2941 4574 3098 4629 opera
3128 4566 3234 4625 tua,
3280 4569 3329 4612 et
3355 4560 3520 4615 sancti

220 4641 417 4697 colunt
442 4654 597 4705 cum,
631 4647 686 4693 tu
725 4638 878 4694 mitte
921 4639 1143 4710 sagittas
1186 4647 1302 4695 tuas
1342 4650 1529 4695 contra
1584 4654 1733 4706 eum,
1767 4648 1823 4695 et
1849 4634 1906 4705 D
1932 4646 2005 4697 tui
2033 4644 2337 4699 benedicattt
2374 4643 2483 4699 tibi.
2544 4641 2777 4701 Gloriam
2804 4648 2953 4718 regni
2996 4646 3070 4701 tui
3111 4648 3298 4712 dicent,
3335 4656 3391 4701 et
3423 4666 3520 4718 po-

218 4735 395 4789 libera
427 4747 513 4787 me
542 4733 608 4787 de
635 4734 790 4804 aquis
814 4733 1016 4800 multis,
1062 4742 1120 4789 ut
1163 4749 1268 4789 uno
1309 4733 1455 4789 ibnte
1482 4734 1823 4803 baptismatis

215 4824 389 4880 fruar.
437 4823 629 4879 Libera
672 4838 758 4879 me
808 4825 875 4880 de
918 4811 1081 4880 manu
1122 4824 1557 4899 Allophylorum,
1590 4842 1820 4896 quorum

216 4932 275 4972 os
303 4917 546 4985 loquitur
573 4918 887 4983 vanitatem,
919 4925 972 4973 et
992 4918 1212 4973 dextera
1238 4926 1425 4973 earum
1455 4936 1560 4974 non
1584 4929 1665 4974 est
1685 4920 1817 4975 dex-

214 5018 338 5064 tera
364 5008 599 5079 pietatis,
630 5023 748 5077 qua:
772 5010 1024 5063 vestitum
1055 5010 1319 5079 exspoliat
1339 5052 1352 5073 ,
1384 5019 1437 5065 et
1460 5011 1571 5066 sive
1604 5020 1816 5082 tempo-

211 5102 445 5167 ralibus,
487 5101 620 5167 sive,
652 5100 798 5171 quod
828 5109 911 5156 est
941 5102 1205 5165 acerbius,
1249 5103 1467 5156 (uternis
1495 5102 1689 5178 opibus
1716 5120 1810 5157 nu-

210 5197 333 5251 dat.
378 5194 583 5262 Quibus
617 5196 741 5250 dum
768 5213 853 5251 me
894 5194 1226 5259 liheraveris,
1242 5196 1443 5265 inquit,
1468 5197 1719 5264 Domine,
1761 5198 1815 5253 in

209 5290 435 5345 cantico
477 5306 616 5343 novo
668 5288 899 5345 cantabo
950 5288 1065 5355 tibi,
1100 5288 1153 5343 id
1186 5296 1286 5351 cst,
1322 5290 1373 5342 in
1416 5289 1653 5347 novitate
1695 5292 1817 5346 vita:

208 5381 521 5437 ambulans.
582 5380 639 5437 In
680 5383 937 5453 psalterio
993 5383 1178 5439 decem
1228 5383 1551 5439 chordarum
1589 5385 1813 5456 psallam

206 5475 337 5539 tibi,
370 5474 557 5530 decem
592 5482 860 5545 praecepta
886 5474 1018 5542 legis
1054 5477 1385 5547 suscipiens,
1417 5489 1469 5532 et
1492 5477 1675 5533 decem
1707 5479 1816 5549 pla-

206 5568 298 5639 gis
324 5564 620 5639 IEgyptum
661 5580 975 5640 percussam
1021 5566 1267 5635 fugiens:
1300 5568 1524 5638 psallam
1562 5569 1683 5635 tibi,
1718 5570 1816 5625 tibi

205 5660 467 5733 psallam,
513 5659 607 5731 qui
654 5658 749 5715 das
800 5658 1028 5714 salutem
1073 5659 1323 5729 regibus,
1358 5660 1410 5714 id
1437 5668 1555 5725 est,
1600 5661 1691 5730 qui
1720 5662 1817 5716 das

204 5756 479 5809 aeternam
503 5752 663 5808 vitam
692 5748 991 5806 victoribus
1022 5750 1295 5805 vitiorum.
1347 5749 1482 5816 Quia
1524 5750 1555 5804 ii
1590 5766 1716 5807 vere
1739 5768 1819 5808 re-
1878 5821 1891 5827 ο

203 5852 311 5918 κει
354 5828 515 5914 illiut,"
554 5840 966 5915 qul‘partlcipel
1000 5836 1155 5913 regni
1202 5836 1297 5896 Dei
1337 5839 1642 5898 creduntur.
1685 5840 1818 5911 Quis

1931 4738 2143 4790 tentiam
2163 4745 2301 4791 tuam
2322 4736 2608 4809 loquentur.
2630 4736 2698 4791 Ut
2714 4745 2889 4792 notam
2906 4740 3104 4809 faciant
3115 4738 3240 4808 ﬁliis
3256 4739 3517 4795 hominum

1928 4829 2211 4899 potentiam
2252 4838 2412 4892 tuam,
2447 4836 2497 4881 et
2536 4828 2754 4899 gloriam
2792 4829 3189 4899 magniﬁcentia:
3228 4832 3372 4902 regni
3422 4835 3513 4888 lui.

1932 4918 2166 4994 Regnum
2189 4931 2328 4973 tuum
2356 4936 2572 4991 regnum
2600 4920 2829 4973 omnium
2856 4919 3181 4999 stetulorum,
3204 4931 3252 4975 et
3280 4910 3517 4977 dorninas

1930 5015 2001 5068 tio
2024 5023 2111 5067 tua
2140 5015 2194 5067 in
2225 5014 2365 5069 omni
2386 5012 2717 5084 generatione
2735 5019 2786 5066 et
2812 5012 3160 5084 generatione.
3184 5011 3384 5070 Fidelis
3411 5014 3514 5069 Do-

1929 5109 2101 5160 minus
2142 5106 2197 5160 in
2245 5104 2478 5159 omnibus
2523 5103 2685 5159 verbis
2730 5105 2855 5173 suis,
2884 5114 2934 5160 et
2957 5116 3164 5162 sanctus
3195 5107 3248 5161 in
3283 5105 3514 5161 omnibus

1929 5196 2167 5269 operibus
2195 5199 2319 5253 suis.
2346 5196 2548 5252 Allevat
2576 5196 2829 5255 Dominus
2858 5218 3030 5257 omnes
3059 5202 3144 5274 qui
3172 5198 3435 5261 corruunt,
3469 5206 3513 5252 et

1927 5278 2080 5363 erigit
2110 5307 2283 5345 omnes
2312 5289 2484 5345 elisos.
2513 5287 2664 5347 Oculi
2683 5296 2910 5350 omnium
2935 5295 2987 5349 in
3014 5304 3062 5347 te
3080 5300 3309 5364 sperant,
3334 5286 3514 5341 Domi~

1928 5398 2012 5447 ne,
2059 5391 2110 5436 et
2160 5391 2213 5435 tu
2262 5382 2354 5437 das
2401 5400 2571 5439 escam
2600 5384 2807 5441 illorum
2835 5388 2888 5440 in
2936 5394 3159 5454 tempore
3202 5390 3507 5452 opportuno.

1926 5476 2112 5548 Aperis
2143 5487 2195 5530 tu
2224 5493 2433 5531 manum
2465 5489 2623 5545 tuam,
2656 5488 2706 5533 et
2744 5478 2922 5548 imples
2951 5492 3099 5530 omne
3128 5472 3335 5551 animal
3367 5471 3510 5527 bene-

1928 5569 2168 5625 dictione.
2199 5564 2382 5625 Iustus
2407 5569 2661 5626 Dominus
2690 5571 2745 5623 in
2771 5564 3004 5623 omnibus
3033 5565 3126 5619 viis
3155 5566 3279 5630 suis,
3304 5576 3352 5621 et
3388 5584 3511 5621 sam

1929 5671 2040 5716 ctus
2068 5662 2122 5716 in
2145 5662 2382 5717 omnibus
2408 5658 2648 5731 operibus
2668 5656 2795 5713 suis.
2822 5654 2996 5727 Prope
3017 5663 3094 5708 est
3124 5652 3376 5711 Dominus
3398 5674 3510 5713 om-

1929 5754 2079 5809 nibus
2120 5750 2476 5808 invocantibus
2505 5765 2641 5818 eum,
2684 5746 2916 5807 omnibus
2936 5746 3290 5805 invocantibus
3320 5766 3432 5806 eum
3460 5751 3510 5805 in

1930 5844 2160 5902 ueritate.
2202 5839 2533 5900 Voluntatsnt
2576 5841 2861 5901 innantium
2889 5852 2945 5898 ιι
2971 5830 3146 5915 faciet,
3173 5844 3222 5897 sl
3266 5844 3483 5915 deputet

2536 5972 2582 6002 qr
2635 5990 2640 5997 ⁴
2744 5972 2879 5993 νισι-
2942 5982 2949 5988 .
