4088 6346
541 416 650 474 559

1856 354 2121 461 ARNO'BII
2157 405 2458 462 JUNIORIS

3686 405 3784 465 560

544 532 733 584 tionem
763 542 937 581 eorum
976 523 1217 577 exaudiet
1251 529 1298 572 et
1339 519 1504 572 salvos
1553 518 1707 587 faciet
1749 533 1854 572 eos.
1888 515 2118 570 Custodit
2149 524 2194 578 Α
2223 516 2580 571 esurientibus.
2607 517 2857 571 Dominus
2885 513 3032 572 solvit
3053 519 3384 588 compeditos,
3408 515 3652 573 Dominus
3673 521 3782 575 illa-

542 620 797 676 Dominus
825 633 997 672 omnes
1027 614 1294 683 diligentes
1321 627 1394 672 se,
1413 617 1460 662 et
1486 625 1660 662 omnes
1689 618 1977 678 peccatores
2008 609 2117 662 dis-

541 712 735 777 perdet.
789 707 1156 761 Laudationem
1196 701 1405 756 Domini
1460 700 1690 772 loquetur
1743 716 1798 752 os
1839 716 2026 764 meum,
2070 709 2120 753 et

545 800 804 855 benedicat
840 798 1005 852 omnis
1034 811 1156 849 caro
1194 793 1390 847 nomini
1428 799 1608 844 sancto
1647 790 1760 860 ejus
1789 790 1843 843 iu
1873 791 2118 844 steculum

534 895 664 948 etin
694 890 941 948 secutum
964 887 1162 944 steculi.

976 983 980 987 ‘
1035 1001 1051 1010 .
1109 971 1544 1012 COIIEN'I‘ARIUI.

613 1073 890 1130 Exaltatur
917 1071 1057 1126 Deus
1084 1069 1152 1124 ab
1180 1069 1418 1131 homine,
1453 1064 1668 1136 quando
1695 1062 1951 1135 Spiritum
1989 1078 2118 1117 san-

542 1175 711 1226 ctum,
753 1177 912 1230 quem
951 1161 1005 1215 in
1042 1175 1101 1214 se
1141 1163 1238 1229 per
1276 1155 1740 1214 consecrationem
1783 1153 2120 1223 baptismatis

538 1256 677 1311 sacri
705 1255 940 1324 suscepit
969 1268 1074 1307 non
1102 1251 1330 1306 terrenis
1357 1257 1412 1304 et
1439 1247 1748 1302 humillimis
1775 1245 2117 1314 cogitationi-

540 1352 640 1404 bus
669 1348 942 1412 humiliat;
975 1345 1068 1400 sed
1097 1360 1219 1400 eum
1247 1341 1552 1399 caslestibus
1573 1339 1849 1394 desideriis
1869 1346 1924 1392 et
1943 1337 2122 1392 excel-

540 1443 614 1496 sis
641 1447 861 1503 exaltat,
895 1438 966 1491 ita
997 1445 1053 1491 ut
1081 1452 1176 1506 per
1212 1433 1447 1503 singulos
1483 1432 1595 1486 dies
1622 1429 1906 1485 benedicat
1935 1428 2117 1482 Domi-

542 1549 691 1598 num,
733 1539 788 1586 et
824 1529 976 1600 quasi
1013 1527 1105 1598 qui
1141 1541 1311 1596 nuper
1351 1521 1699 1587 inchoaverit,
1744 1519 1860 1573 sine
1905 1517 2119 1572 fastidio

542 1624 743 1682 serviat
766 1622 860 1685 illi,
888 1621 974 1676 cui
1000 1618 1275 1688 generatio
1307 1624 1362 1671 et
1386 1613 1661 1684 generatio
1690 1609 1996 1675 conﬁtetur,
2026 1624 2120 1678 ge-

543 1715 752 1771 neratio
804 1711 1111 1766 Judzcorum
1159 1715 1214 1762 et
1261 1706 1536 1776 generatio
1590 1704 1847 1772 gentium.
1889 1701 1945 1754 In
2001 1701 2120 1769 lege

542 1804 716 1876 Moysi
743 1811 799 1859 et
825 1800 1212 1872 prophetarum
1241 1798 1348 1861 illa,
1382 1797 1484 1851 ista
1524 1795 1577 1848 in
1613 1793 2026 1861 Evangeliorum
2064 1799 2120 1845 et

2221 611 2387 662 mina!
2411 625 2591 679 careas,
2638 609 2890 664 Dominus
2931 612 3081 680 erigit
3121 611 3296 677 elisos,
3332 610 3599 664 Dominus
3629 613 3780 683 diligit

2213 699 2404 769 justas,
2439 701 2686 755 Dominus
2712 703 2932 755 custodit
2963 703 3204 764 advenas,
3239 702 3487 771 pupillum
3515 711 3566 756 et
3594 703 3779 758 viduam

2218 796 2480 864 suscipiet,
2524 804 2573 848 et
2599 796 2708 849 vias
2736 804 3061 865 peccatorum
3091 794 3364 863 disperdet.
3407 792 3654 865 Regnavit
3685 794 3777 849 Do-

2220 886 2389 938 minus
2415 887 2470 938 in
2506 887 2715 951 swcula,
2756 885 2908 948 Deus.
2935 893 3070 950 tuus,
3115 885 3266 951 Sion,
3299 886 3353 938 in
3388 887 3709 956 generatione
3744 898 3783 938 et

2221 977 2618 1046 generationem.

2733 1067 2736 1073 ”
2788 1062 3220 1102 COIIIEN'I'ARIUII.

2290 1157 2496 1212 Laudat
2524 1159 2699 1212 anima
2729 1167 2911 1213 nostra
2933 1158 3238 1221 Dominum,
3271 1158 3487 1228 quando
3513 1173 3673 1228 opera
3698 1175 3777 1212 no-

2220 1258 2327 1304 stra
2369 1251 2421 1303 in
2451 1250 2543 1304 Dei
2573 1250 2814 1306 laudibus
2842 1260 3180 1306 exercentur.
3199 1230 3284 1303 'Et
3313 1251 3592 1304 laudamus
3624 1251 3779 1304 Domi-

2221 1355 2345 1394 num
2374 1341 2428 1394 in
2459 1343 2563 1394 vita
2593 1349 2797 1408 nostra,
2835 1341 2887 1397 id
2915 1351 3015 1408 est,
3050 1343 3101 1395 in
3133 1341 3370 1395 moribus
3397 1341 3617 1395 nostris.
3649 1338 3772 1394 Psal-

2217 1433 2392 1486 lamus
2413 1446 2539 1500 ergo
2555 1432 2666 1486 Deo
2688 1440 2874 1487 nostro
2893 1433 3129 1501 quandiu
3151 1433 3204 1486 in
3228 1433 3330 1486 isto
3351 1447 3581 1501 corpore
3600 1447 3776 1496 sumus,

2220 1540 2327 1578 non
2356 1523 2688 1581 confidentes
2716 1524 2768 1578 in
2795 1523 3099 1578 hominibus
3127 1523 3217 1592 qui
3245 1523 3404 1578 hodie
3431 1522 3770 1582 dominantur,

2220 1625 2275 1671 et
2307 1632 2425 1672 cras
2464 1617 2815 1686 sepeliuntur,
2843 1617 2968 1685 quia
2998 1617 3141 1670 exiet
3169 1616 3236 1669 ab
3265 1615 3344 1669 eis
3380 1615 3620 1684 spiritus,
3649 1622 3697 1667 et
3732 1614 3775 1667 hi

2220 1717 2559 1762 revertentur
2590 1709 2643 1762 in
2683 1716 2882 1762 terram
2913 1707 2980 1762 de
3007 1722 3110 1777 qua
3133 1705 3391 1776 assumpti
3419 1713 3569 1768 sunt,
3599 1720 3659 1758 ex
3685 1704 3776 1772 ipsa

2220 1799 2306 1854 die
2335 1808 2559 1869 pereunt
2586 1800 2938 1868 cogitationes
2958 1814 3163 1853 eorum.
3197 1798 3306 1852 Illa:
3333 1798 3541 1867 utique,
3568 1811 3678 1864 qua:
3701 1812 3776 1850 eos

543 1895 910 1967 apostolorum
948 1891 1193 1946 doctrina
1239 1889 1491 1942 virtutem
1537 1885 1852 1940 terribilium
1901 1891 2118 1937 tuorum

2227 1905 2331 1944 non
2357 1890 2607 1944 sinebant
2625 1891 2921 1958 quiescere,
2949 1905 3205 1954 emamus,
3229 1888 3546 1952 vendamus,
3581 1887 3777 1941 fabrice-

542 1989 741 2051 dicent,
792 1992 852 2038 ut
888 1991 1074 2037 notam
1112 1980 1309 2035 faciant
1352 1977 1474 2032 ﬁliis
1512 1977 1787 2032 hominum
1825 1974 2120 2044 potentiam

541 2090 688 2137 tuam
720 2095 733 2129 :
766 2074 1111 2130 ostendentes
1137 2073 1264 2141 quia
1303 2085 1526 2140 regnum
1554 2078 1722 2133 tuum,
1756 2067 2000 2132 Domine,
2031 2081 2122 2121 re-

543 2185 706 2236 gnum
732 2168 802 2223 sit
827 2167 1066 2222 omnium
1095 2163 1440 2226 seculorum;
1471 2169 1526 2215 et
1553 2161 1626 2214 ita
1659 2159 1729 2214 sit
1753 2157 2047 2213 dominatio
2067 2156 2122 2210 in

546 2259 690 2315 omni
717 2259 1062 2329 generatione
1087 2265 1143 2310 et
1170 2253 1443 2325 progenie,
1474 2260 1536 2307 ut
1561 2267 1669 2306 non
1701 2251 1771 2306 sit
1790 2263 1920 2320 gens
1947 2263 2122 2317 neque

545 2364 787 2419 regnum,
817 2349 871 2402 in
891 2363 998 2417 quo
1022 2361 1129 2401 non
1159 2353 1281 2399 tuus
1310 2344 1448 2398 filius
1475 2343 1812 2412 praedicetur.
1840 2340 2037 2396 Fidelis
2065 2354 2124 2394 es

545 2441 708 2504 enirn,
743 2439 984 2502 Domine,
1013 2439 1065 2491 in
1093 2437 1269 2491 verbis
1297 2435 1403 2489 tuis
1429 2434 1621 2504 quibus
1647 2433 1939 2504 promisisti
1968 2431 2122 2484 datu-

546 2546 666 2586 rum
697 2539 748 2585 te
787 2530 942 2584 nobis
968 2529 1058 2596 qui
1102 2527 1357 2582 allevaret
1383 2540 1571 2582 omnes
1598 2525 1692 2596 qui
1733 2532 1896 2578 ruunt
1923 2523 1977 2576 in
2022 2523 2126 2578 hoc

546 2622 766 2687 mundo,
789 2630 846 2676 et
865 2621 956 2689 qui
976 2621 1203 2689 erigeret
1229 2634 1416 2674 omnes
1437 2634 1573 2688 quos
1601 2617 1836 2674 alliserat
1857 2616 2122 2671 inimicus.

545 2713 697 2770 Oculi
725 2712 867 2768 enim
896 2711 1134 2766 omnium
1163 2709 1492 2765 credentium
1521 2716 1739 2779 sperant
1763 2709 1817 2762 in
1847 2716 1919 2772 te,
1943 2707 2125 2761 Domi-

545 2820 634 2860 ne.
675 2803 780 2876 Spe
807 2805 944 2858 enim
981 2803 1107 2857 salvi
1138 2803 1262 2873 facti
1288 2811 1407 2855 sunt
1438 2799 1614 2872 (Rom.
1645 2800 1782 2869 vni),
1810 2799 2004 2867 quibus
2030 2797 2126 2853 de-

545 2896 670 2952 disti
696 2910 874 2950 escam
903 2894 956 2949 in
987 2902 1231 2964 tempore
1268 2901 1594 2963 opportuno,
1623 2890 1840 2960 quando
1869 2888 2126 2960 aperuisti

543 2997 738 3039 manus
765 2995 886 3039 tuas
915 2985 968 3038 in
995 2999 1172 3039 cruce.
1191 2983 1271 3037 Tu
1291 2984 1572 3053 suscepisti
1599 2982 2002 3038 maledictiones
2027 2997 2127 3036 no-

549 3084 709 3140 stras,
739 3084 796 3130 et
822 3075 979 3129 nobis
1014 3073 1208 3130 dedisti
1253 3075 1656 3129 benedictiones
1682 3083 1822 3139 tuas,
1853 3073 2127 3144 proximus

555 3177 617 3218 es
638 3165 780 3220 enim
807 3167 1071 3220 omnibus.
1104 3164 1378 3229 Omnibus,
1401 3164 1640 3232 inquam,
1672 3171 1726 3218 te
1754 3163 2128 3218 invocantibus

2224 1997 2363 2047 mus,
2392 1995 2705 2051 pugnemus.
2741 1980 2864 2036 Haec
2891 1990 2944 2035 et
2973 1982 3055 2036 his
3083 1981 3273 2036 similia
3301 1981 3678 2048 cogitationum
3703 1994 3776 2047 ge-
3854 1997 3859 2004 '

2224 2089 2375 2136 nera,
2407 2073 2586 2128 subito
2614 2083 2887 2128 momento
2909 2089 3015 2127 uno
3045 2081 3288 2144 pereunt.
3314 2073 3509 2127 Beatus
3543 2087 3665 2142 ergo
3691 2083 3772 2135 est,

2223 2167 2317 2235 qui
2337 2166 2437 2220 sibi
2465 2181 2613 2236 spem
2641 2167 2793 2235 ponit
2833 2166 2886 2219 in
2914 2165 3140 2220 Domino
3183 2165 3293 2220 Deo
3320 2165 3412 2234 qui
3449 2163 3582 2220 fecit
3614 2165 3772 2220 etclam

2225 2267 2281 2313 et
2307 2266 2526 2322 terram,
2568 2273 2716 2312 mare
2743 2265 2798 2312 et
2825 2257 3002 2312 omnia
3028 2272 3147 2327 qua:
3175 2257 3229 2310 in
3261 2257 3340 2310 eis
3389 2264 3538 2310 sunt.
3569 2255 3772 2310 Custodit

2225 2351 2369 2405 enim
2408 2351 2691 2405 veritatem
2732 2349 2786 2403 in
2829 2349 3053 2416 saecula;
3085 2356 3326 2418 tempore
3362 2363 3472 2416 quo
3513 2363 3579 2402 se
3617 2356 3768 2417 putant

2225 2441 2440 2498 fallaces
2459 2442 2674 2496 vincere
2700 2455 2798 2510 per
2823 2439 3177 2504 mendacium,
3201 2438 3290 2494 ille
3313 2440 3597 2494 veritatem
3619 2447 3765 2493 custo-

2224 2535 2322 2601 dit,
2355 2543 2414 2588 ut
2443 2533 2602 2588 faciat
2625 2533 2882 2602 judicium
2905 2532 3099 2603 quibus
3126 2547 3233 2586 non
3273 2531 3327 2585 in
3357 2531 3461 2586 isto
3493 2531 3772 2587 smeulouec

2227 2626 2282 2680 in
2318 2625 2497 2680 futuro
2524 2624 2664 2694 perit
2685 2623 2885 2678 veritas
2923 2637 2954 2676 a
2983 2623 3113 2676 Deo.
3163 2621 3289 2676 Ideo
3317 2621 3460 2676 enim
3484 2630 3545 2675 et
3577 2619 3775 2688 iudicem

2226 2731 2350 2770 eum
2370 2713 2634 2770 credimus
2653 2729 2774 2769 esse
2793 2719 3092 2775 venturum,
3107 2713 3232 2780 quia
3246 2712 3483 2767 custodit
3503 2713 3775 2771 veritatem,

2229 2814 2289 2861 ut
2316 2805 2479 2860 faciat
2499 2813 2626 2858 tunc
2642 2803 2897 2873 judicium
2920 2803 3168 2871 injuriam
3189 2802 3536 2872 patientibus.
3551 2802 3644 2868 Qui
3661 2814 3777 2854 nunc

2226 2898 2320 2952 dat
2357 2911 2534 2951 escam
2562 2895 2938 2960 esurientibus,
2979 2894 3092 2964 ipse
3131 2893 3287 2961 erigit
3314 2909 3412 2963 per
3435 2907 3498 2948 se
3525 2893 3675 2947 elisos
3699 2906 3778 2960 per

2227 2988 2419 3051 Adam,
2451 2995 2506 3041 et
2532 3001 2630 3056 per
2653 2986 2900 3040 eumdem
2925 2984 3262 3055 compeditos
3281 2985 3532 3040 exsolvit.
3564 2985 3671 3054 lpse
3691 2997 3776 3037 ae-

2228 3093 2322 3134 cos
2350 3077 2636 3141 illuminat,
2677 3078 2792 3146 ipse
2815 3076 2994 3144 dirigit
3017 3075 3213 3144 justos,
3241 3076 3357 3145 ipse
3384 3075 3613 3130 custodit
3641 3074 3779 3128 adve-

2231 3189 2346 3227 nas.
2379 3171 2490 3226 Hos
2524 3171 2709 3240 utique
2736 3170 2828 3239 qui
2860 3185 2920 3224 se
2963 3169 3275 3239 peregrinos
3311 3168 3368 3222 in
3406 3168 3511 3223 hoc
3549 3167 3778 3222 exhibent

558 3257 613 3311 in
647 3256 891 3321 veritate,
923 3256 976 3310 id
1003 3263 1106 3320 est,
1134 3254 1226 3324 qui
1265 3262 1315 3308 te
1369 3255 1424 3308 in
1472 3252 1699 3308 Domino
1746 3261 1931 3308 nostro
1974 3251 2128 3306 Jesu-
2153 3256 2199 3318 ο
2230 3263 2447 3328 mundo,
2484 3270 2540 3317 ει
2569 3270 2788 3332 propter
2814 3274 2976 3330 quam
3003 3266 3129 3315 sum
3149 3259 3322 3314 renati
3349 3259 3572 3328 patriam
3601 3272 3778 3312 οοηου-

553 3346 768 3402 Christo
788 3347 1057 3402 invocant.
1081 3345 1201 3415 Ipse
1221 3353 1305 3400 est
1323 3345 1466 3400 enim
1486 3343 1700 3408 veritas,
1725 3351 1780 3398 et
1799 3343 2129 3399 voluntatem

552 3453 662 3492 non
691 3437 1150 3494 contemnentium
1197 3446 1250 3491 te
1291 3435 1472 3502 facies,
1514 3443 1570 3490 et
1609 3435 1908 3490 orationem
1944 3449 2132 3490 eorum

551 3528 825 3593 exaudies,
871 3528 923 3582 in
963 3527 1156 3598 quibus
1197 3533 1252 3582 te
1292 3541 1390 3596 pro
1425 3525 1598 3605 rebus
1636 3525 1853 3580 aeternis
1880 3530 2126 3579 exorant.

554 3619 800 3674 Custodit
831 3619 1107 3686 Dominus,
1147 3620 1338 3690 inquit,
1385 3633 1573 3674 omnes
1611 3618 1706 3686 qui
1732 3617 1956 3687 diligunt
1983 3633 2125 3672 eum.

553 3709 844 3765 Videamus
870 3711 961 3779 qui
989 3719 1112 3765 sunt
1138 3712 1230 3780 qui
1255 3711 1482 3778 diligunt
1513 3726 1668 3776 eum;
1693 3711 1866 3780 ipsum
1895 3712 2123 3765 interro-

554 3811 758 3872 gemus,
789 3803 903 3874 ipse
940 3790 1199 3872 dicat-qui
1227 3803 1334 3857 sint
1359 3801 1637 3871 diligentes
1665 3813 1807 3856 eum.
1841 3801 2130 3856 Audiamus

554 3911 678 3951 eum
701 3895 965 3952 (licentem
983 3913 994 3949 :
1013 3893 1112 3960 Qui
1134 3895 1279 3950 audit
1301 3895 1451 3950 verba
1473 3911 1606 3959 mea,
1631 3902 1678 3948 et
1701 3896 1827 3966 facit
1847 3910 1928 3959 ea,
1957 3894 2036 3946 hic
2055 3903 2133 3947 est

553 3989 639 4060 qui
670 3987 840 4060 diligit
860 4005 938 4042 me
961 3985 1174 4058 (Matth.
1199 4005 1269 4044 vn
1293 4005 1306 4054 ;
1336 3987 1494 4043 Joan.
1519 3988 1666 4060 xw);
1698 3987 1790 4056 qui
1811 3996 1990 4041 autem
2020 4001 2129 4041 non

553 4075 756 4134 faciunt
783 4092 867 4143 ea,
898 4094 1085 4134 omnes
1120 4087 1434 4148 peccatores
1460 4079 1561 4134 hos
1589 4095 1620 4132 a
1648 4093 1706 4134 se
1734 4078 1941 4148 rejiciet
1968 4085 2132 4148 atque

554 4167 844 4238 disperdat.
866 4166 1100 4224 Laudem
1123 4184 1249 4238 ergo
1270 4170 1482 4226 Domini
1503 4171 1753 4239 loquatur
1776 4186 1838 4225 os
1865 4179 2127 4238 nostrum,

554 4258 832 4313 discedant
851 4259 918 4314 ab
946 4275 1012 4315 eo
1038 4261 1298 4316 universas
1317 4261 1697 4317 detractiones.
1724 4261 1800 4315 Ea
1829 4278 1948 4332 quae
1973 4265 2130 4318 novi-

554 4364 674 4404 mus
703 4350 758 4404 in
784 4349 1036 4405 fratribus
1081 4350 1344 4406 laudanda
1394 4366 1774 4407 memoremus.
1829 4352 1978 4407 Alios
2031 4353 2133 4408 sibi

553 4445 723 4498 testes
751 4439 1026 4494 inveniant
1052 4439 1226 4494 aliena
1254 4448 1476 4510 peccata
1517 4458 1531 4494 :
1561 4456 1662 4496 nos
1711 4442 1881 4496 nostri
1907 4457 2130 4498 accusa-

554 4536 722 4594 tores,
775 4530 1049 4599 nostrique
1091 4537 1297 4586 tantum
1345 4531 1736 4602 vituperatores
1764 4530 1960 4598 effecti,
1990 4549 2130 4588 sem-

2231 3355 2464 3424 piscunt.
2495 3351 2803 3423 Orphanum
2832 3352 2976 3414 enim
3013 3350 3297 3414 custodiet,
3329 3350 3420 3419 qui
3466 3366 3560 3419 pro
3585 3347 3778 3403 nomine

2233 3446 2330 3502 Dei
2361 3455 2611 3516 parentes
2637 3460 2747 3501 sua:
2773 3445 2972 3500 deserit
2997 3445 3190 3500 carnis.
3222 3442 3289 3496 Et
3317 3443 3488 3514 ipsum
3511 3441 3777 3500 diabolum.

2231 3540 2324 3609 qui
2364 3544 2448 3594 est
2487 3539 2571 3593 via
2611 3545 2975 3607 peccatorum,
3019 3535 3398 3591 exterminabit
3444 3535 3550 3602 ipse
3582 3532 3666 3600 qui
3701 3540 3775 3584 est

2233 3630 2374 3685 Deus
2395 3638 2535 3692 tuus,
2557 3627 2708 3683 Sion.
2732 3628 2871 3684 Deus
2889 3628 3071 3696 utique
3086 3625 3334 3681 Ecclesia:
3351 3623 3621 3684 catholicae,
3648 3637 3770 3674 unus

2234 3725 2286 3779 in
2317 3723 2596 3787 Trinitate,
2627 3721 2796 3776 trinus
2843 3721 2896 3774 in
2936 3721 3159 3783 unitate,
3189 3720 3279 3788 qui
3315 3723 3485 3785 regnat
3510 3714 3558 3767 in
3585 3710 3761 3766 saecula

2235 3814 2566 3874 saeculorum.
2601 3811 2789 3866 Amen.

2724 3899 3035 3956 PSALMUS
3084 3899 3308 3956 CXLVI.

2906 3991 3152 4047 Alleluia.

2304 4086 2540 4140 Laudate
2559 4085 2853 4149 Dominum,
2871 4085 3111 4154 quoniam
3133 4083 3290 4137 bonus
3312 4091 3389 4136 est
3413 4080 3660 4151 psalmus;
3687 4075 3788 4132 Deo

2233 4185 2409 4230 nostro
2437 4177 2504 4229 sit
2523 4174 2756 4245 jucunda
2782 4173 3061 4244 decoraque
3099 4172 3347 4226 laudatio.
3397 4170 3690 4240 didiﬁcans
3707 4167 3790 4226 Jcr

2232 4267 2453 4321 rusalem
2475 4263 2746 4327 Dominus,
2779 4264 3119 4334 dispersiones
3150 4262 3318 4316 Israel
3337 4260 3677 4333 congregabit.
3702 4256 3791 4322 Qui

2233 4367 2385 4414 sanat
2404 4358 2650 4412 contritas
2670 4355 2841 4419 corde,
2865 4365 2913 4409 et
2941 4355 3123 4426 alligat
3143 4356 3477 4408 contritiones
3496 4368 3689 4406 eorum.
3708 4349 3794 4416 Qui

2233 4459 2468 4502 numerat
2486 4447 2860 4501 multitudinem
2880 4447 3165 4510 stellarum,
3186 4455 3233 4498 et
3253 4443 3492 4508 omnibus
3512 4446 3588 4498 eis
3611 4443 3790 4497 nomina

2233 4555 2438 4593 vocans.
2468 4539 2694 4610 Magnus
2715 4536 2964 4591 Dominus
2989 4546 3179 4601 noster,
3203 4547 3251 4588 et
3278 4551 3468 4606 magna
3497 4537 3656 4589 virtus
3683 4534 3794 4603 ejus,

555 4636 653 4693 per
698 4623 752 4677 in
799 4621 904 4702 Dei.
946 4621 1191 4678 laudibus
1241 4631 1402 4695 atque
1448 4625 1502 4679 in
1537 4625 1631 4679 Dei
1672 4625 2131 4682 benedictionibus
2156 4632 2209 4692 D
2230 4640 2281 4685 et
2307 4632 2578 4700 sapientite
2603 4631 2714 4699 ejus
2744 4645 2846 4683 non
2869 4639 2944 4682 est
2972 4645 3224 4682 numerus.
3253 4627 3558 4698 Suscipiens
3578 4642 3800 4682 mansuc-

557 4728 896 4784 oecupemur,
927 4721 1146 4784 agentes
1173 4714 1224 4770 ei
1261 4715 1460 4782 gratias
1487 4716 1542 4771 in
1570 4717 1762 4772 sarcula
1791 4717 2125 4773 saeculorum.

557 4802 744 4857 Amen.

1055 4873 1372 4931 PSALMUS
1407 4874 1611 4932 CXLV.

1188 5011 1191 5014 .
1222 4967 1464 5023 Alleluia.

623 5072 829 5140 Lauda,
868 5077 1043 5130 anima
1076 5095 1209 5142 mea,
1253 5077 1558 5146 Dominum;
1601 5083 1822 5137 laudabo
1856 5081 2127 5138 Dominum

551 5185 605 5221 in
633 5169 735 5221 vita
763 5183 907 5233 mea;
935 5169 1156 5237 psallam
1185 5169 1290 5224 Deo
1330 5189 1438 5227 meo
1475 5175 1703 5244 quandiu
1746 5177 1908 5246 fuero.
1950 5174 2130 5230 Nolite

550 5255 805 5328 confidere
824 5258 878 5310 in
898 5257 1232 5329 principibus,
1256 5276 1416 5332 neque
1435 5264 1488 5315 in
1511 5263 1636 5333 ﬁliis
1658 5264 1919 5318 hominum
1945 5265 2000 5318 in
2021 5266 2127 5336 qui-

548 5344 639 5400 bus
664 5363 768 5401 non
794 5355 872 5400 est
896 5348 1055 5401 salus.
1087 5346 1271 5402 Exibit
1309 5351 1518 5420 spiritus
1546 5352 1661 5423 ejus
1689 5362 1738 5406 et
1766 5363 2042 5408 revertetur
2067 5355 2123 5406 in

548 5447 739 5492 terram
779 5455 946 5506 suam,
977 5439 1034 5493 in
1061 5439 1152 5494 illa
1181 5441 1265 5496 die
1303 5441 1538 5513 peribunt
1580 5463 1752 5499 omnes
1790 5446 2123 5516 cogitationes

545 5523 739 5582 eorum.
767 5529 953 5585 Beatus
977 5532 1120 5602 cujus
1141 5532 1279 5588 Deus
1297 5533 1461 5588 Iacob
1485 5536 1690 5607 adjutor
1716 5537 1845 5606 ejus,
1877 5553 1993 5606 spes
2013 5537 2123 5606 ejus

546 5619 602 5670 in
630 5617 852 5674 Domino
879 5621 988 5676 Deo
1016 5625 1196 5694 ipsius,
1219 5625 1306 5697 qui
1327 5627 1448 5696 fecit
1474 5627 1650 5681 caelum
1678 5635 1726 5680 et
1749 5636 1959 5691 terram,
1983 5643 2127 5679 mare

547 5714 596 5759 et
619 5709 792 5761 omnia
819 5727 931 5780 qua:
950 5713 1004 5766 in
1031 5715 1103 5767 eis
1129 5725 1265 5768 sunt.
1289 5716 1387 5780 Qui
1415 5717 1632 5771 custodit
1660 5718 1920 5771 veritatem
1946 5718 2000 5769 in
2022 5734 2123 5771 sa:-

547 5795 736 5861 culum,
768 5799 893 5866 facit
904 5799 1156 5869 judicium
1194 5805 1444 5874 injuriam
1475 5806 1804 5875 patientibus,
1833 5807 1924 5861 dat
1951 5824 2123 5864 escam

2232 4732 2311 4776 tos
2351 4722 2620 4786 Dominus,
2666 4721 2945 4774 humilians
2987 4730 3155 4773 autem
3200 4729 3496 4788 peccatores
3549 4737 3705 4791 usque
3742 4716 3803 4770 ad

2233 4823 2440 4866 terram.
2467 4811 2746 4866 Prtecinite
2774 4809 2995 4865 Domino
3025 4814 3077 4863 in
3102 4811 3440 4880 confessione,
3474 4813 3684 4880 psatlite
3715 4808 3806 4862 Deo

2233 4913 2409 4959 nostro
2437 4905 2492 4957 in
2520 4904 2738 4957 cithara.
2787 4903 2885 4968 Qui
2925 4905 3088 4974 operit
3115 4903 3297 4957 ctutum
3324 4902 3549 4958 nubibus
3595 4913 3644 4958 et
3675 4910 3812 4973 parat

2235 5005 2385 5050 terrm
2426 4995 2670 5065 pluviam.
2718 4994 2817 5059 Qui
2856 4995 3089 5064 producit
3131 4995 3186 5046 in
3228 4995 3487 5048 montibus
3530 4997 3726 5066 fenum,
3773 5003 3813 5043 et

2236 5085 2444 5140 herbam
2464 5087 2691 5140 servituti
2720 5085 3000 5139 hominum.
3040 5084 3138 5152 Qui
3159 5084 3252 5136 dat
3263 5081 3519 5154 jumentis
3548 5101 3721 5138 escam
3747 5085 3814 5151 ip-

2232 5193 2408 5230 sorum
2445 5186 2495 5230 et
2523 5177 2677 5246 pullis
2725 5193 2989 5230 corvorum
3035 5175 3390 5230 invocantibus
3429 5193 3571 5230 eum.
3608 5174 3729 5230 Non
3772 5191 3818 5225 Ill

2234 5269 2535 5340 fortitudine
2563 5271 2674 5340 equi
2701 5268 3011 5323 voluntatem
3039 5268 3259 5335 habebit,
3288 5285 3448 5340 neque
3472 5271 3532 5324 in
3564 5269 3703 5324 tibiis
3733 5269 3819 5322 viri

2232 5358 2601 5428 beneplacitum
2628 5361 2725 5413 erit
2751 5361 2818 5413 ei.
2851 5359 3228 5432 Beneplacitum
3273 5369 3350 5414 est
3396 5359 3636 5415 Domino
3680 5375 3823 5428 super

2233 5453 2465 5504 timentes
2488 5469 2623 5520 eum,
2653 5462 2703 5506 et
2733 5454 2788 5507 in
2815 5455 2888 5507 eis
2916 5455 3002 5525 qui
3040 5463 3249 5524 sperant
3276 5471 3429 5524 super
3457 5453 3823 5509 misericordia

2228 5556 2358 5609 ejus.

2801 5631 3235 5670 COMMENTARIUDI.

2299 5721 2599 5780 Laudemus
2628 5725 2912 5782 Dominum
2942 5731 3196 5800 quoniam
3224 5730 3396 5785 bonus
3437 5739 3527 5784 est
3557 5733 3821 5800 psalmus.

2228 5814 2471 5872 Psalmus
2505 5817 2676 5874 bonus
2701 5827 2784 5875 est
2810 5821 2992 5896 inquo
3021 5823 3132 5880 Dco
3161 5834 3343 5880 nostro
3372 5824 3437 5876 sit
3460 5822 3823 5892 jucundatio.
