4088 6346
400 309 503 365 561

1299 305 1762 362 COMMENTARII
1801 304 1865 359 IN
1905 303 2231 358 PSALMOS.
2279 303 2464 357 PSAL.
2509 303 2730 360 CXLVI.

3561 308 3667 364 562

403 421 660 478 Edilicat
700 423 842 478 enim
883 421 1177 477 Jerusalem
1223 421 1496 484 Dominus,
1541 428 1594 473 et
1623 418 1983 488 dispersioncs
2014 423 2057 476 Α
2090 433 2207 470 mus
2239 427 2468 471 montes.
2528 418 2712 483 Omne,
2744 421 2932 490 inquit,
2963 421 3099 492 quod
3124 424 3178 476 in
3222 423 3435 477 macello
3480 438 3641 475 venun

401 513 568 568 Israel
622 523 931 581 congregat.
972 513 1221 579 Quotidie
1274 527 1391 566 eam
1439 511 1663 565 :edilicat
1710 510 1984 572 Dominus,

407 605 651 673 quotidie
696 604 986 660 Ecclesium
1022 619 1172 658 suam
1204 618 1301 673 per
1329 602 1607 657 credentes
1631 601 1857 656 aedificat
1891 617 1902 652 :
1934 608 1988 654 et

403 712 499 752 eos
520 696 612 765 qui
641 697 708 749 al)
729 712 792 751 ea
825 696 1051 766 dispersi
1071 702 1214 759 sunt,
1246 695 1314 748 ad
1334 709 1452 748 eam
1483 709 1760 758 revocans,
1794 693 1984 748 iterum

401 787 808 855 congregationi
855 788 1103 842 associat.
1152 786 1319 842 Sanat
1362 785 1684 855 pmnitentes
1729 783 1988 838 contritos

400 878 584 942 corde,
641 887 696 932 et
741 877 923 946 alligat
963 877 1316 932 contritiones
1352 891 1558 938 eorum,
1605 874 1696 945 qui
1745 881 1988 927 numerat

400 968 802 1022 multitudinem
841 968 1117 1023 stellarum
1163 975 1218 1022 et
1264 967 1500 1021 omnium
1546 980 1728 1020 earum
1770 967 1986 1019 nomina

400 1069 580 1114 vocat.
613 1060 761 1118 Licet
799 1071 1040 1132 potestas
1079 1062 1292 1117 virtutis
1335 1062 1450 1130 ejus
1488 1061 1568 1115 his
1605 1059 1891 1114 virtutibus
1919 1058 1990 1112 sit

400 1160 610 1219 parata,
644 1158 698 1206 et
732 1152 834 1207 hoc
875 1167 998 1207 eum
1027 1169 1186 1223 posse
1233 1152 1408 1206 facere
1457 1167 1561 1206 non
1600 1151 1852 1218 ambigat,
1887 1150 1988 1204 nisi

397 1241 490 1308 qui
532 1242 956 1311 omnipotentem
980 1258 1099 1298 esse
1129 1259 1235 1298 non
1262 1243 1464 1307 credit;
1493 1251 1673 1296 tamen
1703 1255 1986 1296 numerare

399 1331 800 1387 multitudinem
830 1334 1105 1388 stellarmn
1131 1349 1253 1388 eum
1277 1333 1556 1388 credamus
1582 1334 1634 1386 in
1661 1333 1879 1394 sanctis,
1905 1331 1988 1386 his

395 1425 493 1492 qui
535 1425 587 1478 in
631 1426 866 1481 tenebris
895 1427 1076 1482 mundi
1121 1427 1302 1498 positi,
1333 1442 1428 1497 per
1455 1426 1650 1483 caelum
1689 1440 1818 1480 suos
1853 1424 1985 1479 diri-

399 1525 534 1583 gunt
561 1532 767 1582 cursus,
810 1518 997 1573 dantes
1025 1518 1273 1573 solatium
1321 1517 1571 1572 luminosi
1614 1511 1862 1586 aspectus
1904 1515 1986 1569 sui

399 1607 485 1662 his
513 1607 603 1676 qui
629 1608 823 1664 caelum
863 1609 1125 1679 aspiciunt
1157 1627 1169 1661 :
1199 1623 1318 1677 qua:
1356 1608 1522 1662 stella:
1551 1623 1650 1677 pro
1679 1606 1871 1660 merito
1897 1620 1986 1660 ac-

399 1706 553 1754 tuum
582 1716 798 1754 suorum
836 1701 1062 1770 amplius
1103 1701 1346 1754 minusve
1386 1697 1748 1768 resplendent,
1783 1697 1835 1750 in
1862 1697 1983 1765 qui-

2091 510 2244 562 datur
2265 511 2443 581 emite!
2457 512 2807 584 manducate],
2831 513 2962 568 nihil
2983 515 3357 586 interrogantes
3380 515 3423 586 (l
3442 513 3562 570 Cor.
3586 516 3665 585 x).

2091 600 2220 654 Item
2247 599 2356 654 :Tu
2377 601 2497 668 quis
2517 617 2594 665 es,
2617 605 2708 671 qui
2731 607 3022 661 contristas
3043 601 3259 661 fratrem
3280 617 3429 662 tuum
3451 609 3504 662 in
3523 624 3669 662 man-

2089 690 2366 745 ducando?
2389 691 2520 746 item
2543 711 2558 744 :
2586 691 2686 756 Qui
2709 711 2766 748 se
2786 712 2889 750 non
2911 698 3155 762 continet,
3179 698 3338 752 nubat
3359 697 3402 770 (l
3416 697 3534 754 Cor.
3554 700 3665 769 vn).

2089 784 2222 839 Item
2247 804 2260 838 :
2288 783 2386 849 Qui
2408 786 2498 840 dat
2519 797 2733 856 nuptum
2755 789 2940 858 ﬁliam,
2965 789 3093 845 bene
3114 793 3242 862 facit
3270 790 3480 863 (Ibid.).
3498 792 3628 847 Item
3652 811 3668 846 :

2099 879 2228 935 Volo
2254 881 2663 936 adolescentulus
2691 884 2870 938 viduas
2899 883 3094 938 nubere
3124 885 3165 955 (Ι
3188 884 3322 940 Tim.
3348 887 3424 956 v).
3456 885 3569 941 Hoc
3595 887 3669 940 le-

2089 985 2218 1025 num
2246 981 2457 1026 montes
2485 973 2645 1028 vicini
2675 974 2842 1040 caelis,
2873 974 2964 1043 qui
3009 975 3062 1028 in
3093 984 3236 1030 terra
3266 977 3426 1046 positi
3455 976 3667 1032 dicunt:

2091 1057 2289 1114 Nostra
2337 1070 2508 1115 autem
2546 1065 2864 1118 conuersatio
2902 1065 2957 1117 in
2993 1065 3132 1119 caelis
3173 1075 3251 1121 est
3278 1065 3534 1137 (Philipp.
3567 1068 3666 1139 ιιι),

2083 1151 2345 1220 jumentis
2366 1153 2685 1223 producunt,
2716 1155 2908 1223 quibus
2945 1157 3282 1211 consuetudo
3308 1158 3540 1212 carnalis
3567 1158 3668 1212 ima

2088 1251 2244 1310 perat
2272 1243 2412 1308 sola;
2445 1252 2500 1296 et
2530 1244 2629 1312 ipsi
2658 1245 3032 1299 consuetudini
3061 1246 3264 1301 carnali
3293 1246 3383 1302 lex
3411 1249 3663 1317 ponitur:

2087 1345 2247 1400 quam
2278 1348 2511 1401 sequens
2539 1334 2733 1402 conjux
2763 1335 2976 1404 conjugi
3013 1337 3242 1406 placeat,
3269 1353 3456 1393 servus
3484 1338 3665 1394 Domi.

2087 1437 2178 1485 no,
2209 1423 2302 1475 lilii
2325 1424 2567 1478 carnales
2593 1427 2905 1495 parentibus
2925 1429 3246 1491 carnalibus,
3277 1437 3526 1498 parentes
3551 1445 3663 1485 car-

2088 1515 2240 1567 nales
2278 1513 2400 1569 flliis
2431 1517 2754 1571 carnalibus.
2785 1517 2878 1572 His
2908 1519 3072 1573 herba
3119 1521 3376 1576 servitute
3427 1521 3649 1576 offertur

2087 1605 2245 1661 datur
2275 1617 2333 1660 ut
2367 1608 2626 1676 jumentis
2653 1624 2798 1674 esca,
2830 1618 2886 1664 et
2924 1620 2980 1664 ut
3009 1613 3166 1681 pullis
3195 1629 3480 1669 corvorum
3511 1615 3665 1671 invo-

2086 1699 2332 1754 cantibus
2375 1715 2516 1754 eum.
2549 1698 2712 1754 Corvi
2742 1701 2884 1754 enim
2913 1701 3126 1755 fuerunt
3153 1711 3334 1772 patres
3357 1706 3545 1770 nostri,
3575 1707 3665 1775 qui

399 1791 502 1844 bus
531 1805 753 1859 magnus
782 1791 1037 1846 Dominus
1067 1800 1268 1858 noster,
1301 1800 1355 1846 et
1377 1805 1568 1858 magna
1598 1789 1715 1859 ejus
1744 1789 1981 1843 ostendi-
2017 1799 2060 1858 Β
2088 1788 2143 1844 in
2165 1790 2441 1857 nigredine
2470 1789 2785 1846 idololatriae
2816 1802 3212 1862 permanentes,
3237 1795 3304 1849 ad
3325 1811 3501 1850 arcam
3527 1814 3665 1853 nun-

400 1889 491 1937 tur
518 1883 704 1938 virtus.
735 1882 838 1939 Per
867 1879 1135 1940 hominem
1158 1886 1299 1939 enim
1329 1884 1700 1953 magniﬁcatur
1719 1884 1784 1936 ab
1814 1883 1985 1937 homi-

403 1978 579 2043 nibus,
610 1993 708 2048 per
735 1979 1005 2033 hominem
1027 1979 1094 2032 ab
1121 1978 1428 2032 hominibus
1454 1973 1872 2047 blasphematur.
1919 1975 1987 2029 Et

399 2070 540 2124 sicut
569 2069 652 2124 his
677 2085 757 2124 va:
782 2085 878 2139 per
909 2085 1046 2138 quos
1081 2085 1278 2124 nomen
1311 2069 1522 2124 Domini
1553 2070 1984 2139 blasphematur,
2019 2083 2023 2087 ‘

399 2161 474 2214 ita
526 2161 582 2215 hi
629 2161 895 2215 benedicti
941 2169 1083 2223 sunt,
1117 2176 1227 2230 .per
1265 2175 1400 2229 quos
1436 2173 1628 2228 magna
1676 2160 1793 2228 ejus
1821 2159 1989 2214 virtus

400 2253 722 2316 ostenditur,
741 2261 796 2326 et
817 2252 1219 2309 innumerabilis
1237 2252 1353 2321 ejus
1373 2251 1636 2322 sapientia
1665 2250 1984 2312 declaratur,

401 2358 500 2412 per
527 2359 688 2412 quam
736 2343 998 2412 superbos
1036 2341 1267 2411 projicit,
1301 2349 1355 2396 et
1392 2348 1702 2396 mansuetos
1743 2340 1983 2410 suscipit,

403 2442 458 2488 ct
485 2434 733 2487 humiliat
757 2441 1068 2503 peccatores
1088 2433 1155 2486 ad
1182 2442 1398 2498 terram,
1429 2442 1488 2488 ut
1512 2448 1542 2487 a
1564 2442 1704 2488 terra
1726 2448 1821 2487 eos
1840 2433 1987 2488 exal-

404 2537 482 2581 tet
511 2527 578 2581 ad
611 2528 794 2582 caelos.
831 2524 1014 2581 Omnis
1038 2527 1179 2582 enim
1207 2528 1294 2598 qui
1330 2543 1385 2580 se
1413 2527 1650 2580 humiliat
1673 2525 1987 2580 exaltabitur

407 2616 558 2688 (Luc.
592 2617 724 2686 xiv),
767 2617 818 2671 id
859 2626 958 2680 est,
990 2619 1081 2686 qui
1111 2631 1274 2685 agens
1301 2617 1686 2688 paenitentiam,
1730 2631 1824 2670 sua
1853 2633 1982 2686 pec-

379 2716 524 2782 _cata
549 2708 774 2762 Domino
800 2705 1100 2763 conﬁtetur.
1147 2708 1364 2777 Incipite
1393 2721 1521 2775 ergo
1552 2707 1604 2760 in
1625 2706 1980 2762 confessioni-

401 2798 500 2851 bus
539 2797 786 2862 Domino,
816 2807 869 2852 et
897 2799 1105 2869 psallite
1135 2799 1184 2852 ei
1225 2799 1276 2852 in
1306 2798 1530 2852 cithara.
1572 2796 1789 2852 Cithara
1819 2798 1983 2852 habet

400 2889 604 2956 lignum
631 2890 822 2954 crucis,
855 2890 1016 2944 habet
1044 2889 1270 2944 chordas
1308 2904 1374 2943 ex
1402 2889 1748 2943 interioribus
1776 2891 1978 2955 ovium,

397 2980 560 3033 habet
588 2996 654 3035 ex
681 2979 980 3048 Evangeliis
1008 2982 1309 3050 plectrum;
1341 2989 1498 3036 sonet
1539 2981 1639 3036 ista
1667 2982 1892 3044 cithara,
1926 2990 1983 3036 et

400 3071 622 3125 imbrem
653 3071 719 3126 de
747 3072 884 3127 cmlo
921 3073 1225 3127 venientem
1257 3072 1554 3126 annuntiet.
1587 3069 1809 3141 Operuit
1837 3072 1979 3126 enim

400 3250 659 3304 caelorum
689 3265 909 3304 suorum
939 3258 994 3304 et
1041 3252 1294 3320 praecepit
1321 3251 1400 3305 eis
1440 3257 1496 3304 ut
1525 3250 1653 3304 dent
1681 3259 1836 3306 terrae
1862 3253 1980 3322 plu-

401 3344 560 3408 viam,
593 3351 647 3397 et
676 3359 863 3397 omnes
889 3352 1076 3411 gentes
1103 3351 1362 3408 terrenas,
1390 3343 1444 3397 in
1473 3343 1686 3398 nomine
1709 3343 1902 3410 Patris,
1926 3353 1982 3399 et

401 3433 537 3499 Filii,
554 3441 608 3487 et
628 3433 858 3504 Spiritus
877 3435 1064 3498 sancti,
1082 3434 1286 3489 cmlesti
1299 3434 1481 3488 nimbo
1500 3434 1837 3504 perfundant.
1856 3435 1980 3490 Haec

400 3524 577 3593 pluvia
600 3523 846 3594 producit
875 3524 928 3578 in
956 3525 1229 3580 montibus
1267 3523 1446 3579 fenum
1473 3540 1582 3594 quo
1611 3526 1822 3580 alantur
1845 3527 1976 3582 sim-

400 3613 668 3683 pliciores,
700 3613 896 3684 quippe
925 3629 990 3668 ex
1020 3614 1211 3682 quibus
1240 3630 1363 3684 pars
1400 3616 1632 3669 maxima
1659 3617 1713 3670 in
1752 3615 1849 3670 Dei
1875 3632 1977 3684 po-

400 3703 525 3773 pulo
551 3705 950 3772 comprobatur.
1005 3704 1120 3758 Non
1169 3705 1312 3759 enim
1359 3713 1585 3774 possunt
1624 3705 1978 3774 spiritualium

401 3795 520 3847 cibo
549 3793 696 3848 relici
724 3794 776 3848 hi
819 3795 910 3864 qui
959 3795 1183 3849 terrenis
1209 3796 1418 3849 actibus
1444 3795 1710 3864 occupati,
1741 3795 1982 3858 membra

401 3893 580 3937 tamen
608 3885 856 3938 videntur
872 3883 1145 3939 Ecclesia}.
1172 3885 1237 3938 lli
1259 3894 1488 3950 montes,
1518 3886 1573 3940 id
1600 3894 1701 3950 est,
1725 3885 1978 3954 apostoli,

405 3987 510 4025 non
554 3981 611 4025 ut
649 3973 750 4040 ipsi
789 3974 1081 4027 verticibus
1126 3975 1384 4028 mentium
1412 3989 1627 4029 suarum
1675 3973 1984 4028 altitudines

408 4077 584 4115 rerum
614 4062 910 4117 caelestium
941 4064 994 4116 in
1023 4065 1144 4118 cibo
1164 4063 1412 4118 oflerunt.
1444 4063 1799 4135 Perfectorum
1840 4065 1982 4118 enim

407 4162 479 4216 est
499 4153 695 4206 solidus
724 4154 862 4207 cibus
887 4153 1044 4224 (ﬂeb.
1076 4154 1150 4221 v).
1181 4153 1311 4220 Quis
1332 4155 1474 4208 enim
1501 4170 1622 4209 cum
1643 4154 1722 4208 eis
1748 4153 1984 4223 disputet

367 4295 378 4305 ,
405 4245 470 4298 de
513 4244 837 4312 jejuniorum
876 4245 1294 4314 perseverantia,
1325 4245 1392 4299 de
1420 4245 1609 4299 diurna
1638 4254 1692 4299 et
1721 4253 1981 4299 nocturna

405 4336 790 4404 occupatione,
837 4336 1125 4390 eruditioni
1164 4335 1356 4391 divinae
1399 4335 1717 4403 conjuncta?
1755 4336 1876 4404 quis
1912 4336 1979 4390 de

403 4428 620 4481 minutis
649 4428 1086 4495 suggestionum?
1128 4428 1248 4496 quis
1287 4427 1355 4482 de
1383 4435 1694 4497 contemptu
1737 4428 1974 4481 omnium

2089 1896 2252 1951 quam
2282 1882 2484 1936 reversi
2508 1891 2652 1936 sunt.
2684 1882 2791 1938 Nos
2818 1898 2946 1938 vero
2976 1884 3104 1953 pulli
3134 1900 3320 1938 eorum
3345 1902 3544 1951 sumus,
3575 1887 3666 1956 qui

2089 1973 2404 2028 invocamus
2424 1973 2729 2028 Dominum.
2761 1973 2864 2041 Qui
2892 1990 2999 2030 non
3024 1975 3076 2029 in
3098 1975 3301 2029 viribus
3327 1977 3450 2045 equi
3475 1977 3666 2032 volun-

2088 2072 2255 2118 tatem
2275 2065 2512 2118 habebit.
2535 2064 2654 2118 Non
2677 2065 2821 2120 enim
2846 2066 3043 2120 virtute
3070 2073 3288 2120 terrena
3309 2067 3447 2120 vinci
3469 2074 3665 2135 potest,

2089 2154 2180 2222 qui
2209 2163 2396 2210 contra
2423 2171 2524 2210 nos
2551 2164 2764 2210 terrena
2793 2156 2990 2212 virtute
3015 2172 3123 2212 non
3154 2165 3375 2226 pugnat.
3401 2157 3553 2211 Vires
3579 2173 3667 2212 er-

2089 2258 2158 2313 go
2205 2247 2328 2314 equi
2379 2255 2607 2301 terrena:
2647 2247 2789 2302 vires
2832 2257 2976 2311 sunt,
3021 2263 3157 2317 quas
3187 2248 3328 2303 Deus
3354 2263 3462 2303 non
3493 2249 3544 2302 in
3573 2265 3667 2304 sua

2089 2335 2260 2389 voluit
2285 2336 2600 2392 extollentia
2621 2337 2862 2406 gloriari,
2893 2337 2989 2392 sed
3009 2338 3076 2394 de
3103 2353 3201 2393 sua
3230 2338 3426 2407 pietate
3453 2353 3666 2408 sperare

2087 2427 2350 2496 permisit.
2384 2427 2494 2483 Nec
2522 2429 2575 2482 in
2605 2430 2821 2495 viribus,
2866 2430 3056 2498 inquit,
3099 2431 3243 2500 equi,
3276 2446 3377 2486 nec
3403 2431 3455 2484 iu
3487 2432 3666 2486 taber-

2087 2521 2290 2574 naculis
2323 2520 2418 2575 viri
2441 2521 2839 2591 beneplacitum
2858 2529 2943 2577 est
2969 2522 3040 2588 ei,
3068 2522 3122 2577 id
3147 2531 3248 2587 est,
3272 2523 3325 2577 in
3345 2523 3665 2578 conﬁdentia

2085 2613 2432 2668 habitationis
2460 2630 2584 2669 suae.
2617 2613 2768 2670 Unde
2788 2622 2844 2670 et
2869 2613 3086 2670 Grascus
3116 2630 3223 2669 non
3249 2614 3378 2670 dicit
3403 2615 3456 2669 in
3487 2615 3664 2670 taber-

2083 2705 2306 2768 naculis,
2339 2706 2435 2762 sed
2461 2707 2514 2760 in
2543 2707 2709 2762 tibiis.
2735 2707 2860 2762 Sive
2880 2722 3030 2776 ergo,
3054 2707 3246 2775 inquit,
3274 2709 3326 2762 in
3355 2724 3512 2763 cursu
3541 2711 3664 2777 equi

2081 2793 2459 2860 confidentem,
2483 2797 2597 2850 sive
2618 2796 2671 2849 in
2696 2797 2806 2851 suis
2829 2796 2974 2851 tibiis
3001 2805 3413 2865 praesumentem
3433 2806 3665 2851 contem-

2081 2894 2174 2940 net
2213 2887 2490 2940 Dominus.
2522 2885 2678 2952 Quod
2701 2901 2803 2939 nos
2829 2885 2990 2940 latius
3015 2885 3242 2940 dicimus
3272 2903 3285 2938 :
3317 2886 3418 2952 Qui
3446 2887 3666 2942 conlidit

2083 2977 2137 3030 in
2168 2978 2414 3032 libertate
2442 2977 2650 3030 arbitrii
2677 2977 2784 3041 sui,
2812 2976 2957 3046 quod
2987 2991 3087 3046 per
3106 2977 3244 3032 hanc
3267 2975 3452 3046 fugiat,
3483 2993 3664 3047 perse-
3747 2997 3750 3002 ·

2083 3075 2336 3136 quentem
2375 3049 2616 3122 incurrit;
2649 3066 2750 3132 Qui
2788 3066 3007 3123 conlidit
3035 3050 3088 3121 in
3120 3067 3315 3123 virtute
3362 3084 3552 3124 cursus
3581 3071 3663 3124 sui

317 3195 338 3211 .
401 3160 567 3214 ccelos
608 3160 854 3225 nubibus,
889 3160 940 3213 id
968 3169 1049 3214 cst
1089 3161 1348 3230 apostolis
1387 3161 1499 3214 suis
1535 3161 1751 3214 tradidit
1791 3160 1978 3216 faciem
2008 3166 2054 3229 C
2084 3157 2358 3228 spiritalis.
2407 3157 2554 3226 quod
2579 3158 2750 3227 possit
2789 3159 2842 3212 in
2873 3158 3015 3214 tibiis
3041 3160 3152 3214 suis
3179 3167 3331 3214 stans
3372 3160 3663 3215 immobilis

2082 3264 2420 3319 permanere,
2463 3265 2570 3303 non
2600 3258 2900 3320 permanet.
2932 3248 3043 3305 Nec
3070 3250 3171 3304 ista
3199 3250 3384 3307 dicens
3412 3250 3660 3315 excludo,

2079 3356 2148 3395 ne
2177 3341 2391 3396 coneris
2417 3347 2595 3406 stare;
2627 3339 2720 3396 sed
2741 3355 2940 3396 moneo
2961 3356 3030 3395 ne
3057 3349 3111 3395 te
3138 3349 3292 3409 putes
3312 3356 3410 3411 per
3436 3341 3662 3395 liberum
3734 3379 3738 3384 η

2079 3432 2254 3486 solum
2282 3431 2563 3486 arbitrium
2590 3429 2794 3500 fugere.
2827 3428 3020 3485 Currat
3046 3445 3240 3497 equus,
3262 3432 3332 3484 sit
3357 3438 3573 3499 paratus
3596 3430 3664 3483 ad

2078 3522 2300 3576 bellum.
2332 3519 2422 3575 Sic
2465 3520 2608 3574 enim
2645 3521 2909 3589 scriptum
2937 3529 3020 3573 est
3051 3537 3064 3572 ε
3116 3517 3290 3590 Equus
3334 3527 3551 3590 paratur
3595 3521 3664 3573 ad

2079 3613 2220 3664 diem
2244 3610 2382 3675 belli,
2406 3609 2852 3674 Dominuslautem
2871 3608 3091 3665 salutem
3113 3609 3290 3665 tribuit
3320 3609 3498 3683 (Prov.
3527 3611 3658 3683 xxI).

2083 3699 2284 3755 Tamen
2335 3699 2462 3755 dum
2509 3702 2685 3755 curris
2732 3700 2898 3756 dicito
2952 3719 2964 3754 :
3017 3701 3159 3756 Deus
3199 3703 3448 3758 virtutem
3477 3704 3663 3758 tribuit

2081 3805 2223 3858 equo
2252 3805 2394 3856 meo,
2417 3799 2478 3845 ut
2501 3799 2763 3845 caneret.
2796 3791 2934 3845 Deus
2961 3791 3109 3846 dedit
3137 3793 3284 3846 tibiis
3307 3793 3442 3847 meis
3479 3808 3663 3862 persc-

2081 3883 2380 3936 verantiam
2409 3891 2469 3937 ut
2493 3890 2708 3937 starem.
2736 3881 2851 3935 Non
2868 3895 2997 3948 ergo
3011 3891 3166 3950 putes
3192 3881 3337 3948 quod
3365 3890 3416 3935 te
3446 3881 3664 3936 libertas

2083 3970 2291 4024 arbitrii
2336 3971 2415 4024 tui
2457 3971 2532 4024 ita
2579 3969 2792 4033 habeat,
2823 3969 2978 4037 quasi
3019 3981 3210 4024 navem
3253 3984 3350 4040 per
3376 3985 3536 4039 quam
3583 3971 3662 4025 vis

2083 4061 2313 4116 evadere
2364 4062 2623 4116 barbaros
2657 4060 2724 4115 de
2757 4060 2957 4126 littore,
2993 4075 3090 4130 per
3116 4075 3279 4130 quam
3320 4062 3398 4116 vis
3435 4062 3664 4117 evadere

2084 4151 2334 4208 ﬂuctibus
2353 4154 2548 4224 pelagi,
2571 4167 2670 4224 per
2696 4169 2859 4224 quam
2881 4154 2960 4208 vis
2988 4153 3056 4207 ad
3077 4155 3306 4224 patriam
3333 4170 3492 4224 quam
3522 4155 3664 4211 desi-

2081 4247 2240 4301 deras
2269 4246 2580 4316 pervenire;
2609 4245 2705 4301 sed
2750 4246 2796 4300 si
2825 4245 3084 4301 Dominus
3118 4246 3464 4316 imperaverit
3493 4249 3664 4303 ventis

2082 4335 2374 4406 prosperis,
2406 4344 2462 4391 et
2500 4334 2740 4391 adversis
2779 4334 2993 4391 ﬂatibus
3039 4336 3313 4391 silentium
3353 4335 3579 4402 dederit,
3619 4338 3664 4393 Si

2081 4427 2312 4482 latentes
2352 4427 2516 4483 vades
2552 4427 3001 4484 demonstraverit
3026 4467 3042 4492 ,
3083 4437 3140 4484 et
3186 4442 3434 4485 somnum
3483 4419 3665 4485 tuler'it

404 4534 581 4571 rerum
610 4519 936 4573 labentium?
959 4520 1080 4588 quis
1115 4519 1182 4575 de
1210 4528 1518 4590 contemptu
1549 4521 1787 4575 omnium
1817 4522 1975 4577 vitio-
2001 4528 2056 4588 1)
2079 4519 2504 4588 gubernantibus
2534 4519 2730 4586 nautis,
2760 4527 2817 4574 et
2843 4521 3045 4589 absque
3094 4520 3313 4576 laesione
3341 4530 3553 4592 portum
3586 4520 3664 4574 in-

405 4614 556 4664 rum?
581 4609 712 4677 Quis
739 4627 860 4666 cum
889 4613 967 4666 eis
995 4621 1118 4680 agat
1144 4612 1211 4667 de
1250 4613 1601 4668 invisibilibus
1629 4613 1974 4683 profectibus,

405 4710 465 4754 ut
504 4702 549 4755 si
586 4702 706 4769 quis
747 4702 1030 4771 episcopus
1072 4702 1203 4768 Deo,
1247 4703 1289 4757 si
1317 4704 1437 4772 quis
1474 4705 1710 4773 pontifex
1739 4702 1976 4771 Christo,

404 4808 501 4862 per
530 4792 820 4848 invisibiles
857 4800 1080 4848 conatus
1117 4800 1173 4847 et
1198 4793 1395 4861 gradus
1422 4810 1558 4862 quos
1588 4795 1640 4847 in
1671 4794 1833 4848 corde
1877 4812 1987 4871 suo_

404 4883 683 4951 disposuit,
716 4891 774 4937 ut
790 4884 1027 4952 quandiu
1050 4883 1118 4938 de
1138 4885 1242 4938 isto
1269 4899 1496 4954 corpore
1523 4893 1698 4949 exeat,
1725 4885 1980 4940 ascendat

410 4981 459 5027 et
499 4988 768 5041 nunquam
808 4974 1114 5038 descendat,
1156 4973 1386 5028 offerens
1424 4991 1632 5044 corpus.
1667 4987 1821 5030 suum
1868 4977 1980 5032 Deo

408 5065 636 5117 hostiam
670 5064 876 5128 vivam;
905 5063 1146 5131 quotidie
1173 5063 1407 5132 seipsum
1435 5066 1508 5118 ita
1537 5065 1754 5133 corpori
1783 5065 1980 5120 Christi

405 5157 694 5221 associans,
723 5164 782 5211 ut
809 5170 1005 5224 corpus
1043 5155 1160 5221 ejus
1202 5155 1417 5223 corpori
1459 5154 1656 5209 Christi
1683 5155 1978 5210 admixtum

405 5264 565 5301 unum
582 5263 765 5318 corpus
784 5247 1078 5302 secundum
1101 5246 1415 5316 Apostolum
1439 5245 1480 5315 (1
1502 5245 1620 5301 Cor.
1644 5246 1698 5315 x)
1717 5246 1840 5300 ﬁat?
1855 5246 1979 5302 Haec

405 5348 459 5393 et
488 5340 570 5393 his
597 5339 788 5400 similia
831 5338 1024 5393 dantur
1053 5340 1105 5392 in
1135 5339 1274 5403 cibo,
1301 5339 1534 5406 quicum
1565 5338 1730 5394 Paulo
1754 5348 1980 5411 possunt

405 5428 586 5483 dicere
627 5448 639 5483 :
685 5429 818 5482 Mihi
863 5429 1081 5482 mundus
1129 5429 1406 5498 cruciﬁxus
1443 5441 1520 5483 est
1557 5441 1606 5484 et
1648 5449 1740 5503 ego
1783 5432 1974 5485 mundo

406 5520 602 5593 (Galat.
635 5523 729 5590 vi).
755 5520 900 5574 Sicut
929 5535 1058 5587 ergo
1079 5522 1408 5576 ostendimus
1427 5524 1779 5592 spiritualium
1799 5525 1976 5579 cibum

404 5597 631 5670 solidum
652 5602 895 5667 ‘virorum
923 5609 1302 5680 perfectorum,
1334 5613 1676 5667 ostendamus
1723 5629 1861 5667 nunc
1887 5614 1975 5680 ju—

405 5715 708 5762 mentorum
729 5705 926 5766 fenum,
944 5701 1087 5770 quod
1110 5701 1403 5770 producunt
1428 5703 1480 5756 hi
1501 5717 1635 5770 quos
1656 5719 1816 5772 supra
1839 5704 1975 5757 dixi-

2082 4614 2234 4682 gredi
2260 4611 2468 4678 fecerit,
2511 4627 2639 4682 ages
2670 4622 2791 4683 post
2816 4614 2932 4670 haec
2958 4615 3159 4683 gratias
3189 4614 3322 4680 Deo,
3354 4631 3460 4668 non
3509 4613 3662 4679 navi;

2083 4707 2284 4775 gratias
2311 4705 2441 4771 Deo,
2473 4699 2580 4758 nan
2609 4713 2787 4759 nauta:
2817 4705 2999 4774 (Rom.
3034 4706 3112 4774 χ).
3157 4705 3266 4760 Nec
3294 4707 3398 4759 ista
3425 4705 3665 4761 dicentes

2061 4799 2416 4855 excludimus
2435 4812 2626 4851 navem
2651 4805 2704 4850 et
2727 4805 2939 4861 nautas,
2963 4796 3058 4851 sed
3081 4797 3251 4862 magis
3279 4804 3333 4850 et
3359 4811 3552 4851 navem
3576 4814 3666 4852 (ιι-η

2085 4904 2274 4943 namus
2301 4896 2356 4942 et
2379 4894 2589 4948 nautas,
2614 4887 2809 4954 quibus
2833 4886 2999 4939 Deum
3023 4886 3304 4954 praesulem
3327 4887 3663 4943 confitemur.

2086 4978 2143 5033 Si
2171 4979 2316 5034 enim
2356 4976 2507 5031 navis
2531 4991 2639 5030 non
2668 4976 2874 5038 fuisset,
2899 4977 3084 5045 utique
3112 4978 3258 5046 quod
3287 4961 3541 5034 Dominus
3569 4996 3665 5048 ευ.

2085 5070 2339 5124 bernaret
2357 5083 2466 5122 non
2487 5074 2648 5122 esset.
2680 5067 2737 5122 Si
2757 5075 2930 5122 nauta:
2957 5084 3066 5124 non
3095 5079 3294 5138 essent,
3317 5086 3452 5140 quos
3482 5071 3665 5123 Domi-

2085 5176 2186 5216 nus
2227 5161 2489 5215 excitarct
2529 5177 2636 5215 non
2677 5167 2874 5217 essent.
2918 5161 2974 5217 Si
3012 5163 3131 5218 vela
3180 5180 3289 5218 non
3327 5171 3528 5223 essent,
3559 5175 3664 5216 non

2083 5258 2264 5305 essent
2311 5250 2503 5319 quibus
2549 5251 2702 5307 daret
2747 5268 3004 5324 prospera
3037 5254 3199 5307 ﬂabra
3243 5260 3542 5306 ventorum.
3590 5249 3665 5308 lta

2085 5357 2214 5412 ergo
2242 5343 2582 5399 dicamus:Si
2611 5345 2890 5401 arbitrium
2915 5347 2966 5399 in
2998 5353 3052 5397 te
3074 5359 3180 5397 non
3211 5343 3368 5395 fuerit
3395 5342 3550 5394 bonae
3571 5358 3675 5395 vo—

2085 5433 2322 5497 luntatis,
2355 5448 2462 5490 non
2491 5435 2593 5490 erit
2623 5443 2798 5491 tecum
2827 5451 2934 5504 pax
2965 5431 3077 5486 Dei.
3112 5431 3170 5483 In
3202 5441 3345 5483 terra
3375 5428 3518 5482 enim
3563 5446 3665 5499 pax

2086 5525 2180 5580 Dei
2209 5541 2330 5581 cum
2375 5526 2680 5582 hominibus
2726 5527 2880 5579 bon-.c
2911 5521 3219 5576 voluntatis.
3252 5520 3514 5588 Objicitur
3542 5522 3666 5579 huic

2084 5619 2206 5672 loco
2234 5633 2334 5672 nos
2357 5617 2463 5671 hoc
2503 5619 2575 5670 ita
2599 5616 2796 5677 dicere,
2830 5607 2888 5666 ut
2914 5609 3191 5664 videamur
3211 5612 3441 5668 hominis
3468 5615 3664 5670 volun-

2061 5715 2249 5762 tatem
2289 5707 2592 5766 ostendere,
2637 5703 2778 5770 quod
2809 5703 2903 5756 Dei
2932 5698 3159 5772 gratiam
3189 5705 3488 5762 antecedat.
3519 5706 3657 5783 Vigj.
