4088 6346
556 371 663 431 583

1901 362 2173 422 ΑΒΝΟΒΠ
2212 362 2514 422 JUNIORIS

3744 348 3866 417 ssi

455 518 462 525 ~
556 488 734 543 lanter
770 497 889 554 age,
915 490 971 541 et
1011 496 1119 543 non
1145 478 1501 543 caiumniose,
1538 486 1593 535 et
1622 478 1745 537 vide
1781 479 2012 548 gratiam
2040 479 2136 541 Dei
2166 482 2215 541 Α
2242 480 2425 535 venire
2455 495 2561 535 non
2597 491 2787 550 posse;
2822 477 2891 532 ita
2935 477 2988 533 in
3035 492 3130 535 eos
3157 478 3500 537 dilectionem
3542 494 3604 536 se
3643 479 3860 534 habere

554 579 863 650 generalem
914 590 1077 646 super
1122 589 1285 635 omne
1330 573 1615 630 hominum
1668 571 1892 630 eﬂ'usam
1945 587 2138 643 genus.

553 670 751 729 Omnes
797 668 1065 729 antecedit
1119 667 1293 737 gratia
1342 666 1629 738 multiplici
1682 666 1933 735 largitate
1976 665 2139 722 diil‘u-

556 776 631 819 sa.
680 759 968 821 Descendit
1003 758 1072 819 de
1115 758 1257 819 eicio
1302 758 1447 825 Deus
1486 758 1705 817 homine
1743 772 1855 813 non
1900 757 2137 821 volente.

556 853 745 911 Docuit
796 851 1047 922 exemplo
1099 859 1156 911 et
1208 851 1396 919 verbo,
1449 850 1669 913 homine
1725 866 1835 911 non
1890 858 2136 919 rogante.

550 944 715 1013 Signa
778 943 948 1005 multa
1008 952 1066 999 et
1129 944 1357 1003 virtutes
1421 942 1489 999 ad
1552 956 1613 999 se
1684 940 2142 1005 manifestandum

492 1024 499 1030 ’
550 1037 827 1101 exercuit.
876 1036 1099 1095 homine
1149 1037 1317 1099 etiam
1367 1036 1707 1106 prohibente.
1758 1033 2141 1093 Mortalitatem

550 1139 792 1187 nostram
832 1131 1093 1201 suscepit.
1134 1130 1355 1193 homine
1396 1130 1711 1198 ignorante;
1765 1128 1973 1199 irrisus,
2015 1143 2140 1187 cru,

550 1224 757 1288 ciiixus,
802 1224 942 1280 inter
988 1222 1287 1281 homicidas
1335 1230 1599 1288 mortuus,
1647 1221 1909 1292 sepultus.
1960 1226 2143 1277 rosuri-

549 1316 709 1381 rexit,
742 1324 798 1370 et
844 1316 899 1371 in
941 1315 1111 1373 ctelos
1138 1314 1397 1373 ascendit.
1424 1313 1549 1371 Haec
1587 1314 1770 1375 omnia
1812 1313 1881 1373 ad
1909 1313 2143 1379 hominis

549 1409 799 1474 salutem,
824 1407 894 1463 ad
919 1408 1153 1465 hominis
1169 1407 1565 1473 liberationem,
1582 1406 1651 1462 ad
1675 1405 1907 1469 hominis
1929 1406 2142 1467 redema

548 1500 810 1570 ptionem,
851 1500 920 1555 ad
948 1500 1180 1557 hominis
1222 1512 1500 1565 coronam.
1529 1499 1597 1555 ad
1638 1500 1871 1561 hominis
1913 1499 2141 1568 gloriam

550 1593 797 1646 exercuit
822 1591 1083 1648 Christus.
1128 1592 1266 1648 Nota
1311 1592 1426 1657 tibi,
1456 1592 1805 1659 calumniose,
1835 1592 1979 1669 quod
2018 1593 2140 1653 dico

440 1718 445 1723 -
550 1683 620 1738 ad
650 1684 879 1740 hominis
922 1684 1170 1747 salutem,
1201 1699 1311 1739 non
1331 1683 1584 1741 woientis
1630 1698 1804 1752 neque
1853 1685 2133 1747 currentia.

548 1777 688 1844 Quid
713 1785 797 1832 est
823 1793 955 1847 ergo
977 1778 1122 1847 quod
1146 1779 1372 1846 legimus
1389 1779 1411 1832 ?
1431 1775 1779 1837 Ostendimus
1802 1779 1896 1837 tibi
1921 1788 2140 1837 antece

2248 580 2692 636 commemorant,
2724 571 2817 641 qui
2846 571 3036 626 timent
3074 588 3189 637 eos,
3221 580 3276 627 et
3297 573 3351 628 in
3372 586 3469 628 eos
3498 573 3591 644 qui
3624 580 3858 643 sperant

2246 666 2301 723 in
2348 664 2649 721 eruditione
2688 680 2895 719 eorum.
2926 663 2993 717 Et
3040 664 3143 720 hoc
3179 664 3246 719 tle
3286 665 3596 719 hominibus
3633 672 3855 721 tantum

2246 758 2405 828 longe
2435 765 2517 814 est
2545 773 2577 813 a
2616 757 3020 830 comparatione
3050 758 3143 823 Dei
3164 740 3187 823 ,’
3208 767 3468 829 quantum
3510 758 3672 828 longe
3699 769 3784 814 est
3821 776 3859 815 a

2194 838 2209 859 ⁸
2245 849 2525 907 divinitate
2555 851 2879 907 humanitas.
2912 849 3156 906 Humana
3184 853 3326 907 enim
3359 862 3547 907 natura
3579 853 3860 909 imbecilla

2244 960 2370 1001 cum
2396 944 2485 1009 sit,
2524 943 2746 1003 minime
2773 959 2903 999 sane
2949 944 3149 1013 absque
3178 943 3344 1000 divini
3393 953 3557 1000 nutus
3602 945 3856 1002 subsidio

2242 1045 2504 1113 lit-testare
2526 1037 2819 1107 Quidquam
2848 1037 2977 1092 boni
3021 1044 3216 1108 potest.
3249 1035 3357 1092 Sed
3405 1038 3742 1108 comparatio
3783 1035 3858 1089 ad

2242 1130 2580 1207 apertionem
2609 1131 2689 1187 rei
2724 1130 2879 1185 dicta:
2907 1128 2975 1184 ad
3003 1145 3154 1203 spem
3196 1145 3293 1183 nos
3320 1136 3376 1183 et
3412 1129 3852 1185 misericordiam

2244 1222 2484 1287 divinam
2513 1222 2771 1297 impellat,
2806 1229 2863 1276 ut
2890 1237 3077 1278 eorum
3107 1220 3396 1295 participes
3446 1220 3637 1286 faciat,
3682 1233 3852 1291 super

2242 1332 2382 1390 quos
2407 1326 2491 1383 est
2516 1316 2911 1389 bcueplacitum
2940 1315 3189 1382 Domino,
3221 1314 3314 1385 qui
3343 1321 3531 1385 regnat
3563 1315 3616 1368 in
3648 1315 3850 1369 secula

2246 1411 2583 1471 mulorum.
2609 1408 2798 1469 Amen.

2576 1522 2581 1531 -
2622 1572 2633 1576 _
2730 1497 3045 1561 PSALMUS
3081 1497 3331 1555 CXLVII.

2601 1591 2830 1647 Alleluia
2870 1591 3053 1661 ιηεωί
3078 1600 3135 1648 et
3163 1590 3457 1646 Zachariae.

2315 1676 2519 1748 Lauda,
2567 1680 2881 1747 Jerusalem,
2930 1682 3234 1750 Dominum,
3273 1683 3432 1738 lauda
3470 1682 3640 1738 Deum
3676 1692 3845 1749 tuum,

2238 1776 2393 1835 Sion.
2430 1773 2687 1843 Quoniam
2708 1760 3019 1847 confortarit
3046 1793 3190 1831 seras
3221 1785 3490 1848 portarum
3513 1786 3743 1843 tuarum,
3766 1775 3828 1835 be

547 1868 763 1924 dentem
806 1870 1032 1938 gratiam
1088 1870 1183 1924 Dei
1211 1870 1521 1940 generalem
1570 1870 1811 1929 omnium
1860 1872 2137 1931 hominum
2172 1874 2215 1933 Β
2240 1869 2442 1925 “dixit
2462 1868 2591 1939 ﬁliis
2620 1869 2720 1922 tuis
2749 1869 2804 1922 in
2835 1875 2902 1923 te.
2936 1864 3037 1933 Qui
3067 1870 3239 1938 posuit
3266 1868 3397 1940 ﬁnes
3421 1878 3535 1925 tuos
3564 1885 3768 1939 pacem,
3797 1876 3847 1923 et

546 1959 741 2015 bonam
771 1962 1122 2017 voluntatem.
1151 1959 1287 2015 Nota
1315 1961 1431 2029 tibi,
1460 1961 1859 2031 praedestinate.
1887 1962 2030 2033 quod
2059 1964 2141 2019 lo-

543 2067 699 2123 quor,
733 2054 974 2109 omnium
1004 2054 1331 2126 generaliter
1353 2054 1550 2110 bonam
1579 2042 1913 2113 voluntatem
1940 2054 2139 2117 Christi

537 2146 715 2217 gratia
738 2130 846 2200 hoc
893 2146 1084 2202 ordine
1110 2160 1221 2216 quo
1261 2145 1493 2201 diximus
1538 2145 1839 2210 antecedit,
1871 2146 1916 2203 si
1957 2154 2138 2205 nmen

542 2252 645 2308 pro
664 2239 917 2293 omnibus
945 2246 1122 2305 natus,
1151 2239 1195 2295 si
1226 2246 1406 2293 tamen
1436 2253 1537 2309 pro
1566 2238 1817 2297 omnibus
1842 2254 2048 2310 passus.
2081 2241 2137 2297 Si

541 2343 653 2383 non
700 2342 863 2396 negas
890 2345 989 2399 pro
1018 2329 1266 2384 omnibus
1294 2336 1587 2394 mortuum,
1637 2329 1683 2387 si
1705 2345 1830 2387 ctua
1878 2328 2137 2401 Apostolo

543 2423 740 2478 asseris
778 2422 923 2492 quod
959 2439 1134 2481 omnes
1162 2423 1396 2483 homines
1422 2422 1528 2478 «tit
1553 2422 1725 2479 salvos
1752 2424 1867 2494 ﬁeri
1909 2423 1971 2495 (l
1998 2422 2133 2479 Tim.

542 2518 639 2582 n);
671 2530 770 2586 age
798 2533 959 2583 nunc,
992 2518 1124 2572 tolle
1150 2525 1205 2573 te
1224 2532 1253 2571 a
1272 2516 1515 2587 generali
1533 2518 1725 2586 gratia,
1758 2518 1825 2573 ad
1846 2518 2135 2589 specialem

543 2608 758 2673 accede,
791 2616 846 2664 et
888 2609 1136 2665 similiter
1160 2625 1289 2665 cum
1334 2609 1594 2680 Apostolo
1622 2609 1795 2666 clama
1824 2628 1839 2664 :
1866 2609 1985 2667 Non
2013 2627 2135 2668 om-

544 2703 627 2758 nis
672 2703 999 2773 generaiiter-
1037 2704 1199 2759 homo
1245 2703 1425 2759 salvus
1451 2705 1574 2768 erit,
1617 2703 1714 2759 sed
1742 2704 1920 2760 omnis
1945 2704 2133 2772 homo,

541 2795 849 2867 quicunque
875 2795 1205 2853 invocaverit
1226 2811 1424 2851 nomen
1440 2794 1671 2857 Domini,
1691 2795 1781 2851 hic
1804 2796 1984 2852 salvus
2006 2798 2129 2853 erit.

541 2886 688 2942 Vade
707 2900 836 2957 ergo
857 2888 923 2943 ad
953 2888 1223 2945 ofﬁcinam
1253 2889 1466 2955 medici,
1492 2890 1584 2959 qui
1612 2889 1759 2947 uitro
1784 2890 1931 2946 venit
1956 2889 2025 2946 ad
2050 2892 2131 2948 ci-

540 2979 759 3032 vitatem
789 2966 1050 3035 nostram.
1068 2981 1189 3035 Non
1215 2982 1400 3051 utique
1426 2983 1585 3061 nobis
1610 2983 1942 3051 rogantibus,
1965 2984 2136 3040 omni-

541 3067 640 3122 bus
688 3068 843 3124 nohis
889 3069 1127 3125 medicus
1155 3072 1484 3141 supervenit,
1517 3071 1785 3127 ofilcinam
1832 3075 2044 3144 aperuit
2078 3082 2135 3129 et

541 3171 730 3213 vocem
759 3159 956 3225 emisit,
983 3174 1089 3230 qua
1119 3175 1182 3215 ac
1209 3160 1254 3216 si
1284 3167 1461 3230 praeco
1489 3163 1797 3219 exclamans
1818 3165 1955 3220 dixit
1982 3183 1996 3219 :
2032 3165 2133 3221 Va-

2241 1961 2396 2033 adipe
2421 1961 2669 2035 frumenti
2716 1962 2876 2017 satiat
2903 1963 2989 2015 te.
3027 1957 3127 2026 Qui
3156 1962 3344 2017 emittit
3389 1961 3651 2032 eloquium
3698 1979 3847 2019 suam

2228 2053 2670 2125 ,tcrrtz,velociter
2696 2054 2858 2109 currit
2881 2070 3051 2109 sermo
3084 2052 3219 2129 ejus.
3246 2050 3348 2123 Qui
3374 2052 3464 2107 dat
3504 2055 3674 2109 niuem
3713 2057 3847 2109 sicut

2240 2144 2439 2211 lauant,
2469 2144 2709 2205 nebulam
2736 2145 2870 2198 sicut
2897 2145 3129 2207 cinerem
3156 2146 3377 2216 spargit.
3422 2142 3588 2198 Mittit
3616 2147 3846 2216 crystal-

2239 2237 2346 2295 lum
2375 2254 2526 2310 suam
2549 2238 2682 2292 sicut
2702 2235 2979 2300 buccellas,
3004 2225 3127 2295 aulo
3145 2238 3335 2308 [aciem
3363 2237 3576 2311 frigoris
3596 2238 3706 2311 ejus
3729 2240 3845 2309 quis

2237 2327 2528 2391 sustinebit.
2566 2326 2786 2383 Emittet
2816 2327 3024 2387 verbum
3052 2345 3201 2385 suum
3232 2338 3281 2383 et
3310 2328 3603 2402 liquefaciet
3629 2347 3707 2395 ea,
3734 2331 3838 2399 ﬂa-

2240 2418 2312 2473 bit
2331 2420 2542 2490 spiritus
2572 2419 2705 2491 ejus.
2738 2430 2788 2477 et
2812 2420 2978 2490 ﬂuent
3001 2437 3164 2493 aqum.
3201 2418 3299 2489 Qui
3330 2424 3605 2475 annuntiat
3624 2423 3829 2477 verbum

2239 2526 2385 2567 suum
2414 2508 2597 2572 Jacob,
2622 2512 2858 2582 justitias
2900 2520 2951 2571 et
2981 2511 3187 2584 judicia
3222 2530 3319 2566 sua
3358 2510 3553 2569 Israel.
3596 2511 3714 2568 Non
3765 2517 3837 2587 fe-

2236 2603 2308 2659 cit
2337 2604 2511 2661 taliter
2537 2606 2681 2661 omni
2705 2607 2928 2669 nationi,
2952 2617 3002 2661 et
3013 2605 3217 2677 judicia
3240 2623 3340 2663 sua
3363 2623 3468 2661 non
3494 2609 3839 2681 manifestam

2816 2783 3257 2824 (ΣΟΙΙΕΝΤΔΗΙῊΙ.

2306 2883 2514 2951 Lauda.
2541 2884 2865 2949 Jerusalem,
2898 2885 3207 2945 Dominum.
3238 2886 3356 2943 Non
3386 2902 3489 2959 pro
3513 2905 3625 2947 una
3652 2906 3711 2946 re
3734 2890 3839 2945 lau-

2234 2980 2397 3043 datur
2431 2995 2463 3041 a
2490 2980 2711 3045 civitate
2737 2986 2926 3047 sancta
2953 2979 3231 3037 Dominus.
3262 2978 3473 3039 Causas
3509 2996 3644 3052 ergo
3673 2983 3840 3039 laudis

2235 3072 2373 3143 eius,
2401 3089 2467 3133 ac
2493 3074 2539 3129 si
2563 3073 2927 3142 interrogaret
2948 3073 3065 3145 ipsa
3089 3073 3279 3137 civitas
3307 3089 3439 3151 eunt
3460 3076 3555 3149 qui
3576 3092 3697 3133 eam
3719 3077 3839 3132 hor-

2237 3173 2447 3224 teretur
2474 3165 2543 3225 ad
2570 3166 2781 3229 laudes.
2813 3165 2962 3229 audit
2986 3165 3091 3223 sibi
3137 3166 3207 3223 ab
3254 3166 3585 3224 exhortante
3627 3168 3851 3247 eaposi-_

540 3253 648 3306 nite
685 3251 756 3305 ad
782 3268 863 3307 me
890 3268 1068 3308 omnes
1102 3251 1316 3311 Matth.
1351 3252 1449 3323 ιι).
1477 3251 1595 3309 Jam
1636 3255 1800 3311 modo
1840 3264 1964 3326 post
1998 3258 2139 3314 banc
2166 3261 2211 3325 C
2242 3266 2345 3321 tas.
2367 3257 2732 3328 loquit:Eum
2754 3258 2931 3325 lauda,
2960 3259 3088 3327 quia
3115 3258 3449 3317 confortavit
3475 3274 3630 3317 seras
3661 3270 3842 3333 porta-

539 3356 726 3399 vocem
754 3346 1025 3401 antecedit
1046 3346 1299 3401 voluntas
1318 3344 1563 3415 gratiam.
1590 3344 1652 3401 Si
1676 3347 1821 3401 enim
1848 3348 2130 3417 volueritis,

540 3435 729 3504 inquit,
755 3444 805 3490 et
832 3437 1101 3493 audieritis
1122 3454 1220 3504 me,
1253 3456 1368 3511 qua
1388 3438 1524 3494 bona
1547 3445 1668 3493 sunt
1689 3448 1842 3495 terra
1859 3440 2045 3511 adlatis.
2072 3440 2135 3496 Si

539 3538 707 3583 autem
736 3528 1034 3591 nolueritis,
1067 3529 1274 3602 gladius
1311 3546 1401 3585 vos
1439 3531 1671 3585 comedet
1698 3528 1858 3599 (Iasi.
1892 3534 1952 3603 l).
1984 3530 2135 3589 Sicut

538 3633 669 3688 ergo
690 3620 980 3673 antecessit
1009 3621 1182 3687 gratia
1208 3621 1541 3676 voluntatem
1583 3623 1831 3688 hominis,
1863 3624 1918 3677 in
1947 3632 2157 3679 oeten-7

538 3711 692 3765 sione
738 3711 851 3774 sui,
885 3718 939 3764 et
966 3711 1019 3765 in
1050 3711 1403 3781 adapertione
1431 3714 1705 3780 veritatis;
1739 3716 1812 3769 ita
1862 3717 2135 3773 antecedit

536 3801 785 3856 voluntas
831 3801 1069 3858 hominis
1114 3803 1341 3871 gratiam
1370 3801 1486 3858 Dei.
1518 3803 1636 3859 Non
1667 3806 1810 3860 enim
1832 3807 1982 3877 prius
2010 3808 2138 3878 bap.

536 3894 735 3957 tizaris,
769 3901 824 3949 et
850 3894 928 3949 sic
954 3895 1092 3949 velle
1122 3895 1314 3966 incipis
1352 3897 1601 3964 credere;
1629 3899 1724 3954 sed
1767 3901 1916 3970 prius
1942 3901 2135 3955 volun-

536 3998 701 4045 tatem
732 3999 877 4045 tuam
899 3989 1191 4062 perfectam
1214 3991 1439 4046 exhibes
1461 3993 1747 4059 sacerdoti,
1766 4003 1823 4050 et
1842 3992 2133 4050 confessio-

535 4096 657 4137 nem
674 4089 818 4136 tuam
843 4084 946 4137 tuis
968 4082 1123 4137 labiis
1149 4082 1359 4153 pandis,
1389 4091 1443 4137 et
1470 4084 1545 4138 ita
1565 4084 1779 4140 demum
1800 4087 1867 4141 ad
1898 4086 1992 4142 Dei
2010 4100 2133 4156 gra-

534 4176 663 4231 tiam
690 4185 749 4229 ut
776 4176 1125 4244 consequaris
1149 4178 1384 4246 attingis.
1418 4178 1591 4245 Quam
1614 4188 1937 4238 consecutus
1962 4180 2132 4237 conii-

536 4268 754 4331 teberis,
787 4269 910 4335 quia
943 4269 1122 4321 omnia
1155 4267 1249 4321 Dei
1279 4269 1421 4323 dona
1442 4271 1712 4325 credendo
1738 4280 1794 4325 et
1814 4273 2129 4327 desideran-

534 4359 605 4419 do
631 4366 949 4413 consecutus
978 4373 1056 4412 es.
1086 4356 1152 4412 Et
1182 4359 1255 4412 ita
1281 4359 1497 4414 demum
1524 4362 1766 4417 ultimum
1796 4364 1956 4431 hujus
1986 4365 2128 4433 psal-

534 4450 606 4505 mi
636 4450 874 4504 cantabis
907 4469 918 4501 :
944 4446 1080 4515 Quia
1100 4450 1495 4521 beneplacitum
1516 4460 1597 4507 est
1624 4452 1852 4508 Domino
1880 4470 2042 4524 super
2062 4457 2129 4510 ti-

534 4549 743 4601 mentes
771 4557 922 4605 eum,
956 4550 1010 4596 et
1048 4542 1099 4595 in
1143 4557 1239 4597 eos
1263 4544 1355 4612 qui
1392 4554 1612 4615 sperant
1656 4546 1711 4600 in
1759 4547 2125 4604 misericordia

2237 3369 2357 3410 rum
2406 3362 2639 3410 tuarum.
2696 3351 2861 3413 Vides
2909 3366 3041 3421 ergo
3080 3353 3227 3422 quia,
3261 3360 3323 3408 ut
3368 3366 3534 3425 supra
3582 3354 3837 3419 diximus,

2236 3454 2480 3501 nostrum
2501 3451 2586 3502 est
2605 3444 2787 3501 serare
2804 3454 3010 3517 portas,
3034 3446 3280 3509 hostibus
3299 3446 3560 3517 impetum
3591 3446 3841 3504 facienti-

2236 3539 2356 3602 bus,
2381 3538 2477 3594 sed
2503 3538 2718 3595 Domini
2746 3547 2831 3595 est
2857 3536 3167 3597 contui-tare
3193 3553 3348 3603 seras
3372 3549 3649 3610 portarum
3670 3540 3840 3597 Jeru-

2233 3630 2437 3697 salem;
2469 3645 2601 3699 ergo
2626 3638 2712 3685 est
2737 3630 2932 3689 civitas
2969 3628 3269 3689 Jerusalem
3310 3632 3364 3689 in
3401 3646 3503 3700 qua
3548 3634 3837 3704 prophetae

2234 3722 2499 3783 habitant,
2524 3722 2576 3776 in
2601 3736 2709 3791 qua
2736 3718 2988 3781 Christus
3016 3722 3289 3793 praedicat,
3321 3732 3373 3778 et
3400 3724 3619 3779 virtutes
3635 3726 3827 3782 diver-

2234 3822 2589 3880 sas.exeroet,
2621 3815 2678 3869 in
2705 3830 2810 3885 qua
2839 3817 3041 3885 patitur
3067 3831 3300 3883 erucem,
3343 3816 3397 3873 in
3432 3831 3541 3885 qua
3572 3817 3831 3874 omnium

2233 3912 2360 3961 sunt
2404 3919 2604 3971 genera
2647 3916 2868 3977 peracta
2892 3909 3171 3965 virtutum.
3204 3910 3307 3978 Qui
3333 3910 3461 3980 ergo
3493 3911 3613 3967 haec
3637 3914 3843 3970 omnia

2232 3999 2377 4054 intus
2407 3998 2460 4053 in
2489 3999 2668 4054 anima
2706 4011 2802 4055 sua
2848 3999 2939 4057 die
2965 4011 3241 4073 noctuque
3278 4003 3596 4071 meditatur,
3620 4004 3843 4062 habens

2233 4091 2374 4147 intra
2402 4106 2463 4147 se
2488 4092 2801 4162 prophetas,
2831 4091 3106 4150 Christum
3127 4103 3184 4151 et
3207 4096 3505 4167 apostolos,
3529 4097 3729 4153 civitas
3750 4097 3845 4154 Je-

2234 4187 2466 4241 rusalem
2495 4186 2687 4250 factus,
2718 4185 2920 4243 claudit
2938 4190 3369 4259 portasinimieo
3389 4199 3448 4246 et
3466 4191 3674 4259 angelis
3697 4192 3844 4262 ejus,

2232 4286 2288 4335 et
2313 4294 2535 4335 necesse
2555 4287 2639 4335 est
2659 4287 2717 4335 ut
2744 4295 2894 4337 seras
2913 4280 3037 4337 iidei
3056 4283 3254 4340 clausis
3279 4283 3611 4351 ingressibus
3630 4285 3841 4343 mittat.

2229 4370 2362 4426 Nam
2393 4372 2541 4437 fides,
2573 4388 2716 4442 spes,
2740 4374 2993 4438 eharitas,
3026 4380 3135 4430 tres
3161 4388 3297 4430 sera
3324 4383 3465 4430 sunt
3480 4375 3662 4432 misse
3701 4392 3845 4431 con-

2230 4472 2313 4518 tra
2342 4464 2647 4530 diabolum;
2675 4465 2771 4520 sed
2797 4474 2851 4519 et
2881 4466 3013 4522 iides
3039 4465 3250 4533 deficit,
3293 4475 3351 4521 et
3388 4482 3517 4538 spes
3545 4468 3838 4533 mollescit,

2230 4565 2286 4613 et
2314 4558 2549 4613 charitas
2573 4558 2907 4626 refrigescit,
2933 4558 3035 4613 nisi
3057 4558 3202 4614 dono
3230 4557 3431 4614 iuerint
3456 4560 3638 4615 sancti
3667 4559 3845 4632 Spiri-

531 4635 667 4708 cjus,
694 4635 981 4692 excludere
1009 4635 1198 4691 volens
1232 4636 1601 4692 extollentiam
1630 4639 1999 4705 humanitatis,
2032 4658 2124 4697 vo-
2153 4638 2207 4698 Ι)
2230 4655 2317 4703 tus
2361 4648 2695 4704 confortatae.
2738 4646 2873 4703 Cum
2917 4663 3047 4719 ergo
3085 4649 3405 4706 contortam
3449 4651 3665 4711 fuerint
3712 4670 3848 4711 serae

530 4727 789 4782 luntatem
821 4727 1123 4783 Divinitatis
1148 4728 1429 4799 expressit.
1448 4727 1562 4785 Scit
1582 4731 1726 4785 enim
1740 4729 1883 4786 Deus
1914 4733 2125 4788 hostem

532 4830 771 4877 nostrum
812 4830 937 4877 tunc
980 4822 1135 4878 nobis
1163 4837 1326 4893 posse
1355 4824 1681 4894 subrepere,
1710 4839 1831 4879 cum
1881 4840 1982 4880 nos
2008 4827 2125 4882 sine
2163 4874 2173 4883 .

532 4916 723 4969 timore
744 4915 921 4975 divino
942 4918 1221 4991 repererit.
1242 4915 1310 4971 Et
1331 4916 1451 4973 ideo
1471 4916 1539 4973 ad
1561 4916 1853 4974 remedium
1879 4928 2123 4978 nostrum

530 5008 898 5079 pronuntiavit
940 5010 1045 5063 hoc
1072 5008 1306 5073 dictum,
1338 5011 1493 5082 quasi
1523 5012 1613 5081 qui
1661 5012 1867 5069 diceret
1899 5035 1910 5067 :
1945 5013 2119 5070 Bene-

529 5099 783 5173 placitum
812 5108 895 5155 est
923 5099 1035 5156 Deo
1061 5117 1223 5172 super
1250 5118 1344 5158 eos
1369 5104 1460 5173 qui
1488 5114 1519 5158 a
1557 5104 1772 5161 diabolo
1802 5107 2117 5161 liberantur.

528 5192 642 5248 Non
670 5193 813 5248 enim
862 5191 1004 5248 Deus
1033 5193 1224 5248 alecto
1253 5194 1484 5262 ducitur,
1516 5203 1573 5251 ut
1619 5198 1686 5252 ab
1715 5198 2021 5253 hominibus
2048 5198 2119 5252 ti-

527 5296 765 5350 meatur,
796 5285 888 5340 scd
920 5285 1286 5339 misericordia
1318 5294 1462 5341 lotus
1506 5280 1743 5343 misereri
1772 5290 1898 5344 dum
1940 5289 2122 5345 studet

525 5375 752 5443 homini,
772 5378 882 5431 vult
906 5392 971 5430 ex
990 5378 1215 5446 imperio
1242 5378 1449 5433 timoris
1478 5380 1589 5433 iicri
1611 5381 1752 5450 quod
1783 5380 2119 5450 profuturum

527 5465 626 5537 ipsi
651 5467 855 5522 homini
882 5482 978 5537 pro
1008 5474 1158 5521 certo
1179 5469 1475 5536 cognoscit.
1494 5467 1643 5523 Sicut
1670 5471 1760 5539 qui
1792 5471 2000 5525 litteras
2029 5469 2120 5524 do-

528 5566 671 5623 cent,
702 5560 946 5614 timorem
976 5559 1309 5622 discentibus
1329 5570 1385 5615 ct
1415 5570 1674 5616 terrorem
1701 5562 1976 5627 inducunt,
2008 5578 2118 5618 non

527 5650 712 5716 utique
757 5654 1113 5707 necessarium
1162 5655 1466 5723 magistris,
1516 5655 1609 5710 sed
1640 5655 1793 5709 valde
1841 5656 2119 5728 discipulis

527 5738 881 5811 profuturum.
915 5742 983 5798 Et
1008 5747 1147 5801 sicut
1175 5746 1295 5803 illos
1325 5749 1618 5803 exhorrent
1643 5749 1733 5819 qui
1774 5748 1890 5803 sine
1917 5749 2115 5807 timore

527 5839 583 5886 et
604 5831 720 5887 sine
747 5848 841 5904 spe
868 5843 1011 5904 sunt,
1034 5840 1210 5895 sciunt
1229 5843 1373 5897 enim
1395 5857 1489 5897 eos
1517 5842 1581 5896 ad
1605 5842 1960 5899 eruditionem
1983 5859 2110 5915 per-

2229 4748 2509 4819 portarum
2533 4750 2768 4805 tuarum,
2793 4742 3184 4798 benedicentur
3230 4740 3323 4797 lilii
3364 4744 3445 4798 tui
3492 4744 3567 4815 in-
3600 4755 3683 4801 te.
3729 4746 3855 4804 Filii

2230 4832 2307 4885 tui
2335 4838 2480 4898 sunt,
2513 4832 2605 4901 qui
2634 4839 2728 4888 tuo
2750 4832 3111 4889 informantur
3135 4834 3406 4905 exemplo,
3435 4834 3551 4890 sive
3586 4836 3652 4892 in
3679 4837 3852 4905 bono,

2176 4942 2181 4945 ·
2227 4923 2341 4978 sive
2368 4923 2422 4977 in
2447 4923 2610 4979 male.
2643 4923 2711 4979 Hi
2740 4939 2902 4993 ergo,
2930 4926 3133 4995 inquit,
3172 4926 3226 4979 in
3256 4931 3313 4980 te
3336 4925 3777 4995 benedicentur,
3810 4933 3852 4988 si

2226 5029 2364 5070 sera:
2392 5023 2669 5087 portarum
2698 5024 2910 5072 tuarum
2941 5017 2992 5072 in
3022 5026 3075 5071 te
3107 5015 3305 5072 fuerint
3328 5016 3677 5077 confertam
3706 5043 3720 5077 :
3754 5040 3858 5095 po-

2223 5111 2369 5166 nitur
2391 5110 2511 5165 ﬁnis
2540 5117 2663 5166 tuus
2705 5113 2758 5166 in
2801 5126 2937 5182 pace
2964 5111 3090 5166 dum
3119 5111 3234 5167 dies
3261 5111 3539 5166 advenerit
3590 5125 3662 5171 ut
3692 5134 3864 5173 exeas

2222 5202 2289 5258 de
2318 5203 2538 5267 mundo,
2573 5211 2626 5257 et
2654 5203 2863 5259 actibus
2908 5204 3014 5258 tuis
3049 5203 3302 5258 omnibus
3342 5200 3504 5258 ﬁnem
3554 5205 3863 5280 imponas.

2223 5292 2338 5349 Pax
2364 5295 2469 5349 erit
2489 5310 2611 5350 cum
2641 5294 2754 5349 Deo
2779 5293 2900 5351 finis
2920 5302 3073 5360 tuus,
3099 5295 3152 5349 in
3177 5308 3288 5363 quo
3315 5310 3437 5350 cum
3463 5295 3639 5354 exire
3672 5317 3864 5374 empe-

2219 5386 2313 5451 ris,
2344 5387 2501 5456 adipe
2523 5387 2775 5442 frumenti
2804 5387 2965 5441 satiat
2995 5394 3065 5441 te.
3090 5386 3209 5457 ipse
3231 5387 3335 5443 hoc
3364 5385 3496 5442 facit
3515 5390 3625 5458 qui
3650 5397 3865 5453 emittit

2223 5479 2495 5548 eloquium
2523 5495 2677 5534 suum
2704 5487 2881 5546 terrae,
2908 5480 2961 5533 id
2990 5487 3092 5542 est,
3121 5479 3215 5550 qui
3237 5480 3464 5535 verbum
3493 5496 3679 5541 suum
3709 5491 3865 5545 misit

2222 5571 2276 5626 in
2323 5570 2564 5626 Mariam.
2615 5569 2680 5626 Et
2728 5580 2837 5627 tam
2884 5572 3143 5627 velociter
3171 5572 3341 5644 currit
3368 5587 3560 5657 sermo
3596 5578 3775 5649 ejus,
3808 5593 3867 5642 ut

2219 5676 2339 5718 cum
2366 5678 2463 5733 per
2490 5671 2570 5718 tot
2588 5665 2753 5718 millia
2785 5680 3047 5718 annorum
3079 5664 3131 5717 in
3159 5664 3274 5719 sola
3295 5662 3479 5719 Judtea
3512 5679 3710 5727 notus
3744 5674 3871 5733 fue-

2215 5753 2287 5808 rit
2310 5752 2453 5809 Deus
2475 5794 2490 5818 ,
2533 5770 2677 5809 nunc
2721 5756 2860 5809 intra
2884 5769 3089 5825 paucos
3120 5769 3313 5819 annos,
3343 5769 3444 5811 nec
3481 5754 3665 5826 ipsos
3694 5762 3871 5826 Indos

2216 5845 2381 5901 lateat
2408 5862 2437 5900 a
2472 5854 2627 5915 parte
2652 5845 2924 5913 Orientis,
2976 5829 3077 5902 nec
3123 5847 3271 5916 ipsos
3314 5845 3579 5906 Britones
3614 5871 3652 5910 θ
3701 5874 3873 5930 ρει-ιε
