4088 6346
526 347 635 412 567

1862 349 2133 408 ARNOBII
2172 349 2476 408 JUNIORIS

527 467 810 524 antecedat
848 466 1097 537 petitura.
1129 464 1262 521 Cum
1297 477 1476 525 autem
1519 469 1721 539 petenti
1769 468 1968 529 donat,
2011 482 2099 521 se-
2132 471 2179 527 Α
2206 468 2453 536 exemplo
2485 469 2602 522 vita:
2654 484 2718 525 ac
2759 484 2970 525 morum
3017 477 3323 527 nostrorum
3372 456 3796 526 mdiﬁcationém

525 560 710 629 quitur
725 559 1051 613 voluntatem
1077 576 1089 610 :
1116 557 1300 613 Omnis
1316 561 1471 628 enim,
1491 562 1679 632 inquit,
1693 563 1778 633 qui
1799 563 2003 632 petierit
2022 576 2104 613 ac-

528 653 664 724 cipit.
698 649 948 705 Petamus
975 664 1123 718 ergo,
1155 659 1216 705 ut
1240 659 1296 706 et
1324 667 1421 707 nos
1446 667 1568 708 cum
1606 651 1809 720 angelis
1835 650 2099 715 omnibus,

523 751 579 798 et
619 759 741 798 cum
760 743 1052 798 “universis
1075 742 1360 799 virtutibus
1388 742 1503 813 ejus
1531 744 1584 799 in
1632 743 1825 799 divinis
1858 741 2102 796 laudibus

520 834 858 906 participium
886 835 1178 904 capiamus,
1205 842 1262 889 et
1288 835 1424 890 sicut
1451 834 1518 890 de
1557 833 1662 890 illis
1687 833 1883 890 dicitur
1914 851 1925 886 :
1952 830 2098 887 Prte-

518 937 733 999 ceptum
760 927 939 997 posuit
958 927 1101 996 quod
1131 942 1237 981 non
1258 927 1567 996 pnuteribit,
1593 926 1664 980 ita
1695 914 1875 994 etnos
1892 941 2088 996 praece-

520 1030 670 1091 ptum
712 1019 926 1074 Domini
970 1031 1369 1073 conservemus.
1401 1017 1479 1073 De
1518 1018 1665 1072 omni
1693 1033 1823 1073 vero
1850 1025 2095 1072 creatura

518 1111 714 1166 dicitur
738 1110 864 1180 quia
893 1111 1006 1179 ipse
1034 1110 1168 1163 dixit
1195 1117 1250 1164 et
1278 1108 1416 1165 tacta
1437 1117 1578 1176 sunt,
1594 1110 1699 1165 hoc
1725 1119 1826 1175 est,
1848 1126 1945 1179 per
1965 1109 2097 1164 Ver-

520 1202 645 1256 bum
674 1202 771 1257 Dei
818 1202 957 1257 l‘acta
986 1214 1128 1266 sunt,
1156 1198 1316 1254 Patre
1345 1201 1628 1269 loquente,
1660 1199 1795 1255 Filio
1837 1198 2095 1265 crea'nte‘,

515 1299 704 1347 sancto
725 1291 926 1362 Spiritu
955 1292 1254 1356 animante,
1285 1298 1482 1345 statuta
1510 1300 1636 1346 sunt
1673 1292 1726 1346 in
1754 1301 2010 1346 aeternum
2040 1300 2096 1347 et

517 1382 570 1437 in
596 1382 849 1438 saeculum
877 1382 1077 1449 saeculi,
1110 1382 1162 1436 id
1190 1389 1288 1445 est,
1320 1381 1555 1449 quandiu
1580 1389 1665 1437 est
1690 1382 1793 1438 hoc
1820 1383 2091 1448 saeculum,

517 1471 570 1524 in
597 1472 853 1526 sacculum
889 1471 1069 1527 saeculi
1105 1480 1349 1537 manent,
1379 1472 1434 1527 in
1478 1487 1587 1541 quo
1615 1481 1740 1528 sunt
1784 1482 1964 1528 omnia
1993 1475 2094 1529 ista

515 1576 637 1631 quae
682 1562 882 1617 faciunt
926 1564 1144 1619 verbum
1188 1563 1335 1632 ejus,
1380 1563 1432 1617 id
1477 1574 1576 1630 est,
1623 1565 1888 1620 elementa
1934 1566 2089 1634 ignis,

515 1655 815 1724 grandinis,
846 1655 983 1710 nivis
1009 1663 1065 1710 et
1110 1655 1334 1725 spiritus
1379 1656 1728 1726 tempestatis.
1761 1655 1884 1712 Haec
1910 1656 2091 1712 omnia

516 1747 755 1804 serviunt
792 1747 1053 1801 voluntati
1078 1747 1192 1811 Dei,
1224 1754 1279 1801 et
1319 1747 1431 1801 haec
1467 1746 1671 1803 faciunt
1697 1747 1841 1817 quod
1869 1747 2089 1803 verbum

2206 556 2494 613 Dominica:
2521 561 2920 630 congregationi
2946 561 3290 627 exhibemus;
3319 560 3562 617 laetantes
3592 576 3696 616 non
3727 561 3791 616 in

2203 649 2372 730 gloria
2404 650 2611 716 mundi,
2641 665 2815 721 neque
2844 652 2896 707 in
2924 653 3123 708 divitiis
3150 653 3350 719 saeculi,
3375 652 3470 708 sed
3496 653 3552 708 in
3590 668 3659 709 eo
3684 652 3789 724 qui

2203 754 2301 795 nos
2330 739 2474 807 fecit,
2505 740 2629 796 dum
2666 757 3039 811 nasceremur;
3063 744 3190 814 quia
3216 744 3270 799 in
3299 759 3367 799 eo
3394 752 3615 815 apparet
3641 740 3791 799 ﬁlios

2201 828 2329 885 Sion
2353 845 2489 898 esse,
2515 833 2568 886 id
2595 841 2697 897 est,
2718 831 2984 899 Ecclesizn,
3005 835 3051 890 si
3079 835 3133 889 in
3154 848 3281 904 rege
3307 843 3492 890 nostro
3522 843 3578 889 et
3596 834 3789 889 Domi-

2201 936 2273 976 no
2300 922 2641 986 exsultemus,
2667 923 2941 978 laudantes
2967 938 3162 980 nomen
3181 924 3297 993 ejus
3316 924 3369 978 in
3393 925 3580 989 choro,
3603 923 3655 977 id
3675 932 3787 987 est,

2199 1028 2320 1068 cum
2349 1014 2493 1068 omni
2521 1014 2739 1084 populo,
2771 1015 2827 1069 in
2858 1022 3140 1086 tympano,
3176 1014 3231 1069 id
3255 1024 3353 1081 est,
3385 1016 3438 1070 in
3466 1016 3789 1070 extensione

2196 1102 2338 1159 follis
2368 1104 2536 1158 nostri
2564 1098 2830 1175 corporei.
2864 1105 3009 1160 Bene
3033 1107 3178 1161 enim
3205 1113 3380 1172 sonat,
3405 1120 3528 1161 cum
3569 1114 3651 1160 est
3686 1121 3786 1160 so-

2196 1194 2391 1260 brium,
2422 1194 2675 1251 mundum
2703 1203 2760 1251 et
2802 1205 3025 1252 castum.
3056 1196 3168 1253 Nec
3193 1197 3370 1253 solum
3417 1198 3472 1251 in
3500 1205 3781 1268 tympano,

2195 1285 2289 1340 sed
2326 1292 2381 1339 et
2417 1285 2471 1339 in
2499 1286 2754 1356 psalterio
2799 1287 3091 1357 psallamus
3128 1288 3198 1343 ei.
3227 1287 3344 1344 Non
3377 1289 3519 1343 enim
3556 1289 3784 1343 castitas

2195 1382 2252 1429 et
2277 1375 2595 1430 abstinentia
2613 1391 2713 1431 nos
2735 1377 3030 1446 perducunt
3057 1379 3122 1434 ad
3133 1378 3319 1445 Deum,
3334 1380 3378 1435 si
3405 1394 3502 1434 nos
3523 1378 3782 1434 deserue-

2193 1466 2266 1521 rit
2301 1466 2579 1535 integritas
2616 1465 2765 1533 ﬁdei,
2797 1482 2915 1536 qua:
2962 1470 3016 1523 in
3062 1469 3249 1525 decem
3280 1470 3495 1526 chordis
3536 1469 3781 1540 psallerii

2183 1552 2511 1613 ﬁeclaratur.
2544 1558 2694 1616 Tunc
2720 1575 2865 1633 enim
2906 1562 3283 1630 cognoscimus
3308 1563 3434 1631 quia
3473 1561 3782 1631 beneplaci—

2195 1656 2307 1704 tum
2331 1656 2415 1704 est
2442 1649 2668 1705 Domino
2696 1653 2750 1705 in
2775 1651 3028 1722 populum
3050 1667 3224 1718 suum,
3249 1666 3372 1709 cum
3397 1653 3661 1722 superbos
3678 1652 3781 1706 bu-

2164 1740 2480 1820 _miliaverit
2518 1741 2571 1796 in
2599 1740 3124 1809 condemnationem,
3155 1751 3211 1799 et
3258 1742 3576 1802 exaltaverit
3619 1758 3781 1815 man-

516 1836 634 1907 ejus
658 1838 991 1908 praeceperit.
1015 1838 1254 1907 Denique
1276 1837 1557 1908 imperavit
1581 1838 1831 1909 procellis
1858 1847 1914 1893 et
1940 1839 2093 1908 quie-
2120 1840 2171 1902 Β
2193 1839 2377 1888 suetos
2404 1832 2459 1886 in
2486 1832 2733 1888 salutem.
2762 1831 2930 1899 Tunc,
2977 1834 3215 1902 inquam,
3257 1835 3596 1903 agnoscimus
3633 1826 3781 1904 quod

515 1937 732 1998 verunt;
763 1930 1045 2000 imperavit
1062 1929 1236 1984 ventis
1262 1928 1513 1985 ﬂantibus
1537 1937 1594 1985 et
1616 1929 1896 1995 siluerunt,
1911 1938 2092 1985 osten-

514 2024 703 2081 dentes
747 2024 890 2079 hunc
919 2036 1038 2078 esse
1065 2021 1217 2091 cujus
1244 2036 1441 2076 nomen
1468 2021 1634 2077 solius
1681 2022 1754 2076 ita
1799 2021 2091 2077 exaltatum

513 2124 616 2183 est,
649 2124 707 2171 ut
733 2116 803 2172 sit
830 2115 1096 2172 confessio
1124 2113 1239 2184 ejus
1281 2128 1441 2184 super
1467 2113 1661 2169 omium
1701 2120 1756 2168 et
1794 2121 2012 2180 terram,
2036 2123 2093 2170 et

513 2209 571 2262 in
610 2209 817 2263 nomine
842 2208 954 2278 ejus
993 2223 1142 2262 omne
1180 2221 1311 2278 genu
1337 2207 1574 2275 ﬂectatur
1603 2206 1900 2271 ctelestium,
1928 2214 2089 2261 terre-

515 2301 697 2354 strium
717 2307 767 2354 et
792 2301 1113 2371 infernarum
1142 2298 1306 2369 (Phil.
1339 2300 1418 2368 it).
1458 2297 1527 2353 Et
1555 2299 1670 2368 ipse
1697 2299 1953 2354 exultavit
1977 2314 2093 2354 cor-

515 2407 587 2447 nu
634 2391 818 2461 populi
863 2391 966 2454 sui,
995 2392 1068 2445 ita
1097 2398 1156 2444 ut
1199 2390 1381 2461 hymni
1409 2398 1671 2445 canantur
1699 2390 1754 2445 in
1797 2397 1914 2446 toto
1960 2392 2092 2447 orbe

517 2491 785 2537 terrarum
811 2481 1057 2536 omnibus
1080 2482 1281 2536 sanctis
1307 2480 1443 2549 ejus,
1472 2491 1530 2536 et
1556 2482 1678 2537 ﬁliis
1703 2482 1866 2538 Israel
1891 2485 2093 2555 populo

517 2570 965 2642 appropinquanti
987 2570 1056 2625 ei.
1082 2569 1203 2625 Filii
1229 2571 1342 2624 sive
1369 2572 1422 2624 in
1452 2571 1595 2626 bono
1621 2574 1885 2649 exemplo,
1900 2574 2013 2629 sive
2039 2576 2094 2629 in

516 2663 681 2729 malo,
722 2662 1018 2718 imitatores
1058 2662 1113 2715 in
1146 2662 1312 2716 sacris
1337 2661 1694 2717 voluminibus
1739 2665 2092 2733 appellantur.

515 2753 755 2822 Denique
781 2752 908 2807 dum
928 2759 1138 2808 constat
1164 2752 1307 2822 quod
1346 2752 1436 2808 ﬁlii
1465 2750 1691 2809 Abrahae
1718 2765 1897 2810 essent
1925 2757 1978 2811 bi
2001 2757 2095 2826 qui

514 2842 797 2898 Dominum
813 2849 1052 2897 nostrum
1070 2840 1252 2896 Jesum
1269 2841 1539 2897 Christum
1553 2852 1669 2898 arte
1687 2858 1746 2898 se
1764 2846 2022 2914 putabant
2040 2855 2096 2902 et

513 2933 640 2989 dolo
670 2932 1074 2997 circumvenire,
1090 2931 1219 2986 dicit
1243 2932 1321 2986 eis
1344 2950 1356 2985 :
1380 2931 1563 2987 Vosea:
1574 2943 1723 3004 patre
1749 2935 1954 2990 diabolo
1972 2938 2095 2991 estis

516 3022 695 3093 (Joan.
715 3021 1100 3093 vm).Cnmque
1139 3022 1213 3076 illi
1241 3022 1478 3078 dicerent
1499 3038 1557 3078 se
1590 3032 1797 3092 patrem
1827 3026 2091 3083 Abraham

515 3112 736 3175 habere,
766 3112 856 3166 ille
882 3112 1157 3181 respondit
1188 3129 1201 3163 :
1233 3111 1293 3166 Si
1329 3112 1426 3182 filii
1452 3112 1676 3168 Abrahae
1705 3117 1908 3182 essetis,
1937 3134 2094 3186 opera

2195 1944 2339 1986 nunc
2363 1928 2647 1996 credimus,
2686 1944 2805 1985 cum
2850 1929 3119 1985 exsultant
3142 1929 3313 1984 sancti
3356 1929 3410 1983 in
3448 1927 3639 1997 gloria,
3689 1928 3813 1998 qui'

2193 2039 2339 2080 nunc
2384 2020 2635 2079 laetantur
2662 2024 2719 2078 in
2762 2024 3025 2080 cubilibus
3052 2024 3197 2089 suis,
3221 2032 3595 2095 exspectantes
3636 2022 3780 2079 diem

2193 2116 2581 2171 retributionis.
2612 2115 2746 2171 Nam
2771 2116 2867 2185 qui
2910 2115 3214 2171 habuerunt
3236 2131 3379 2171 nunc
3416 2116 3777 2170 exaltationes

2193 2206 2291 2263 Dei
2330 2208 2382 2262 in
2406 2208 2650 2264 faucibus
2674 2208 2804 2275 suis,
2836 2216 3079 2278 tempore
3102 2223 3212 2278 quo
3239 2208 3471 2264 confessi
3512 2216 3637 2264 sunt
3662 2208 3779 2277 glo-

2194 2299 2328 2353 riam
2357 2298 2553 2354 Christi
2582 2300 2674 2369 qui
2702 2307 2785 2355 est
2811 2300 3080 2355 exaltatus
3118 2300 3172 2355 in
3198 2315 3375 2366 cruce,
3400 2301 3494 2369 qui
3522 2308 3603 2355 est
3626 2300 3774 2354 exal-

2192 2395 2339 2445 tatus
2365 2390 2419 2443 in
2440 2390 2853 2457 resurrectione,
2880 2392 2973 2460 qui
3011 2393 3101 2446 est
3118 2391 3386 2446 exaltatus
3409 2392 3465 2445 in
3493 2390 3635 2446 calo.
3661 2389 3769 2445 llas

2193 2480 2285 2548 qui
2313 2480 2615 2535 habuerunt
2643 2480 2999 2537 exaltationes
3028 2481 3123 2537 Dei
3149 2481 3204 2537 in
3232 2481 3472 2553 faucibus
3495 2483 3623 2544 suis,
3649 2483 3775 2551 qui:

2195 2584 2406 2637 cunque
2429 2570 2616 2625 habuit
2642 2563 2880 2626 interibit
2905 2571 3129 2642 perﬁdia
3155 2572 3436 2628 hominum
3465 2573 3778 2643 impiorum.
3878 2602 3881 2605 -

2194 2661 2262 2716 Hi
2290 2676 2420 2731 ergo
2447 2678 2557 2717 non
2600 2672 2749 2718 metu
2776 2662 3061 2729 carniﬁcis,
3091 2678 3197 2719 non
3241 2664 3528 2719 verberum
3573 2672 3780 2719 terrore

2195 2752 2445 2823 perculsi,
2474 2752 2571 2807 has
2596 2753 2951 2809 exaltationes
2971 2753 3182 2810 Domini
3208 2754 3489 2810 siluerunt.
3511 2754 3651 2821 Quin
3682 2756 3781 2809 im-

2195 2859 2305 2909 mo,
2334 2851 2536 2913 quanto
2569 2846 2689 2915 plus
2724 2847 2867 2916 passi
2903 2845 3100 2902 fuerint
3129 2845 3451 2916 aﬂligentes,
3486 2855 3638 2904 tanto
3658 2850 3777 2919 plus

2195 2936 2514 2993 conﬁtentes
2554 2939 2809 2993 existunt.
2840 2937 2908 2993 lli
2959 2940 3232 2994 habebunt
3275 2940 3485 3010 gladios
3519 2938 3779 3011 ancipitei

2194 3028 2250 3082 in
2297 3028 2541 3083 manibus
2586 3030 2717 3095 suis,
2744 3029 2800 3085 id
2851 3037 2953 3095 est,
2994 3022 3288 3085 sententias
3318 3018 3532 3086 mortis
3567 3040 3777 3087 eternal

2195 3128 2251 3174 et
2274 3134 2445 3189 poene
2480 3128 2754 3190 perpetuae
2790 3120 2858 3175 ad
2883 3119 3178 3176 faciendam
3217 3122 3509 3178 vindictam
3556 3124 3612 3178 in
3649 3136 3779 3192 gen-

515 3203 737 3258 Abralue
757 3201 1164 3274 [aceretis.Ergo
1184 3203 1236 3257 hi
1259 3218 1399 3258 nunc
1419 3203 1509 3258 ﬁlii
1527 3205 1779 3275 hymnum
1797 3208 2083 3278 accipiunt,
2114 3211 2162 3275 ο
2189 3208 2332 3264 tibus
2352 3249 2368 3273 ,
2424 3217 2479 3263 et
2532 3210 2922 3281 increpationes
2986 3211 3038 3264 in
3088 3211 3303 3281 populis
3324 3252 3339 3275 ,
3372 3211 3439 3267 ad
3482 3213 3779 3281 alligandos

403 3294 410 3303 '
514 3293 608 3362 qui
634 3291 845 3349 lsraelis
864 3300 1138 3347 sectantur
1156 3293 1479 3363 exemplum.
1501 3292 1727 3349 Etsicut
1751 3296 1858 3360 ille,
1883 3297 2092 3367 patien-

516 3386 589 3439 tia
626 3392 682 3441 et
712 3383 816 3441 ﬁde
841 3383 1158 3456 proﬁciens,
1188 3386 1384 3441 meruit
1411 3384 1548 3463 facie
1594 3387 1659 3442 ad
1687 3387 1876 3442 faciem
1906 3389 2088 3444 Domi-

512 3492 641 3532 num
666 3477 833 3533 Deum
860 3477 1064 3542 videre,
1092 3477 1231 3532 unde
1254 3476 1421 3533 Israel
1447 3479 1744 3549 appellatus
1771 3487 1871 3544 est,
1903 3481 1954 3535 id
1984 3490 2087 3545 est,

512 3567 689 3622 uidens
716 3566 883 3621 Deum
909 3564 1061 3638 (Gen.
1095 3568 1293 3638 xxxu);
1323 3568 1490 3625 Deum
1519 3578 1695 3625 autem
1724 3571 2091 3628 desiderantes

512 3657 736 3711 audiunt
758 3657 860 3711 sibi
879 3658 1083 3712 monita
1102 3658 1215 3712 dari
1236 3677 1247 3711 :
1267 3658 1413 3712 Beati
1437 3660 1626 3715 mundo
1646 3660 1826 3726 corde,
1849 3663 1970 3733 quia
1988 3662 2089 3731 ipsi

510 3746 679 3803 Deum
697 3746 936 3802 videbunt
957 3745 1230 3820 (Matt/av)
1250 3765 1263 3814 ;
1297 3750 1368 3803 ita
1385 3749 1465 3803 his
1485 3751 1577 3819 qui
1596 3750 1687 3804 ﬁlii
1713 3750 1828 3819 ejus
1854 3767 1949 3821 per
1975 3752 2091 3806 imi-

512 3839 771 3901 tationem
794 3838 911 3908 ejus
930 3837 1055 3894 facti
1083 3846 1227 3905 sunt,
1252 3832 1505 3911 hymnum
1532 3841 1772 3911 praecipit
1797 3842 1938 3908 cani,
1962 3842 2086 3911 quia

507 3942 607 4001 per
631 3930 947 3985 munditiam
969 3930 1146 3985 cordis
1172 3937 1450 3985 merentur
1476 3938 1536 3985 ut
1564 3930 1776 3986 videant
1801 3932 1969 3987 Deum
1992 3948 2088 4003 ap-

506 4021 954 4094 propinquantem
984 4022 1036 4079 ei
1062 4022 1155 4092 qui
1182 4031 1371 4091 regnat
1409 4024 1462 4078 in
1505 4025 1697 4081 saecula
1745 4026 2082 4082 saeculorum.

508 4113 697 4170 Amen.

1004 4201 1318 4259 PSALMUS
1356 4202 1585 4260 CXLIX.

1181 4317 1424 4372 Alleluia.
1518 4350 1521 4353 ν

580 4426 799 4484 Cantate
823 4425 1047 4482 Domino
1075 4429 1329 4482 canticum
1365 4444 1569 4496 nouum,
1601 4429 1714 4483 laus
1753 4433 1866 4502 ejus
1906 4435 1962 4486 in
2008 4451 2085 4487 ec-

507 4519 667 4573 clesia
693 4528 1005 4574 sanctorum.
1047 4516 1273 4573 Ltetetur
1303 4518 1471 4574 Israel
1500 4521 1555 4573 in
1582 4537 1642 4575 eo
1677 4523 1761 4593 qui
1800 4524 1921 4594 fecit
1944 4540 2079 4591 eum,

506 4618 557 4665 et
581 4609 711 4682 ﬁlia:
729 4608 862 4667 Sion
879 4611 1133 4665 exsultent
1155 4611 1209 4664 in
1229 4627 1346 4682 rege
1371 4627 1482 4666 suo.
1506 4610 1745 4667 Laudent
1765 4631 1945 4669 nomen
1969 4616 2081 4685 ejus

505 4704 560 4757 in
586 4704 771 4770 choro;
791 4706 848 4758 in
876 4712 1117 4774 tympano
1137 4711 1185 4757 et
1209 4705 1454 4774 psalterio
1480 4704 1706 4775 psallunt
1731 4708 1797 4760 ei.
1832 4705 1966 4772 Quia
1994 4709 2080 4764 be-

503 4793 811 4865 neplacitum
828 4802 905 4849 est
921 4793 1145 4848 Domino
1163 4795 1219 4848 in
1240 4794 1427 4865 populo
1444 4807 1558 4861 suo,
1578 4801 1629 4849 et
1654 4796 1903 4851 exaltabit
1925 4814 2076 4854 man-

509 4892 675 4942 suetos
710 4887 770 4939 in
808 4886 1044 4940 salutem.
1076 4884 1425 4940 Exsultabunt
1452 4887 1619 4940 sancti
1637 4887 1691 4940 in
1719 4887 1903 4959 gloria,
1935 4889 2077 4944 ltela-

504 4977 691 5032 buntur
710 4978 768 5030 in
795 4976 1041 5033 cubilibus
1076 4979 1202 5032 suis.
1237 4978 1621 5034 Exsultationes
1652 4977 1752 5034 Dei
1777 4982 1834 5034 in
1874 4991 2075 5053 gutture

500 5085 696 5133 eorum,
724 5078 776 5123 et
802 5069 963 5140 gladii
997 5072 1245 5141 ancipites
1270 5072 1325 5124 in
1353 5070 1591 5124 manibus
1634 5087 1831 5126 eorum.
1860 5073 1944 5125 Ad
1991 5075 2076 5145 fa-

498 5160 736 5214 ciendum
762 5159 1038 5215 uindictam
1063 5161 1117 5213 in
1156 5160 1473 5226 nationibus,
1500 5162 1876 5231 increpationes
1896 5165 1953 5217 in
1992 5181 2079 5235 po-

498 5252 652 5304 culis.
686 5250 768 5303 Ad
795 5249 1088 5322 alligandos
1105 5260 1251 5322 reges
1274 5266 1446 5305 eorum
1466 5252 1519 5305 in
1541 5237 1961 5322 compedibus,‘et
1983 5271 2078 5309 no-

498 5337 622 5393 biles
641 5354 818 5394 eorum
838 5340 893 5393 in
912 5340 1130 5394 manicis
1151 5338 1431 5411 ferreis.Ut
1449 5341 1644 5412 faciant
1663 5342 1717 5395 in
1736 5343 1810 5396 eis
1821 5342 2076 5412 judicium

498 5432 860 5500 conscriptum,
888 5432 1056 5503 gloria
1079 5432 1189 5487 haec
1214 5440 1291 5486 est
1310 5431 1542 5488 omnibus
1570 5435 1760 5488 sanctis
1780 5435 1909 5505 ejus.

1072 5560 1506 5601 COIIENTABIUI.

574 5651 849 5708 Canticum
902 5671 1099 5711 novum
1156 5665 1433 5713 cantamus
1483 5658 1708 5712 Domino
1765 5658 1980 5727 quando
2020 5661 2074 5716 in

503 5741 740 5803 novitate
781 5745 899 5801 vitae
947 5747 1279 5802 ambulamus
1320 5749 1372 5802 in
1402 5747 1627 5804 ecclesia
1670 5756 1974 5804 sanctorum
2019 5760 2074 5805 et

2190 3315 2346 3370 reges
2385 3316 2573 3357 eorum
2620 3303 2675 3356 in
2721 3301 3094 3373 compedibus,
3142 3310 3200 3358 et
3241 3303 3448 3362 nobiles
3487 3320 3678 3359 eorum
3724 3306 3780 3359 in

2166 3391 2418 3458 ,vinculis
2464 3389 2670 3448 ferreis.
2721 3392 2923 3460 Quibus
2971 3408 3114 3451 nunc
3146 3392 3343 3449 dicitur
3394 3408 3426 3447 a
3454 3394 3711 3473 Domino
3762 3413 3779 3447 :

2191 3481 2446 3537 Sedebitis
2492 3500 2645 3554 super
2682 3484 2954 3539 duodecim
2993 3484 3224 3549 thronos,
3239 3484 3532 3557 judicantes
3575 3485 3775 3539 duode-

2186 3576 2287 3629 cim
2343 3574 2501 3630 tribus
2555 3575 2725 3630 Israel
2777 3575 3009 3646 (Matth.
3063 3576 3216 3646 xix).
3272 3573 3339 3630 Hi
3388 3589 3515 3643 ergo
3563 3575 3771 3630 faa’unt

2188 3668 2241 3721 in
2285 3668 2364 3723 eis
2384 3667 2648 3737 judicium
2692 3669 3073 3738 conscriptum.
3116 3668 3224 3739 Ipsi
3264 3668 3396 3722 enim
3436 3666 3759 3743 judicabant

2186 3761 2446 3817 mundum
2474 3776 2573 3832 pro
2598 3762 2851 3833 operibus
2869 3761 3066 3830 impiis,
3089 3761 3182 3831 qui
3201 3767 3314 3817 sunt
3338 3774 3368 3812 a
3388 3757 3584 3813 mundo
3609 3756 3753 3812 ami-

2187 3853 2261 3907 cti
2286 3867 2386 3922 pro
2413 3852 2664 3922 operibus
2688 3852 2816 3908 Suis.
2840 3844 3084 3921 Cumque
3107 3851 3449 3921 judicaverint
3465 3849 3641 3905 sancti
3666 3863 3765 3904 eos

2185 3959 2360 4014 reges,
2386 3961 2417 4000 a
2444 3946 2638 4015 quibus
2659 3946 2885 4014 jndicati
2925 3954 3069 4013 sunt,
3098 3953 3229 4000 tunc
3253 3945 3356 4000 erit
3397 3943 3565 4013 gloria
3590 3943 3772 3998 omni-

2184 4038 2286 4093 bus
2304 4037 2504 4093 sanctis
2530 4038 2664 4106 ejus.
2696 4036 2855 4092 Modo
2897 4036 3183 4108 unicuique
3228 4036 3423 4092 dicitur
3452 4052 3465 4088 :
3499 4032 3559 4089 Si
3602 4035 3775 4089 credis

2183 4130 2354 4186 videre
2382 4129 2514 4185 bona
2533 4129 2745 4184 Domini
2771 4130 2827 4184 in
2849 4139 2987 4184 terra
3008 4129 3295 4192 viventium,
3318 4135 3561 4198 exspecta
3585 4125 3773 4180 Domi-

2185 4229 2387 4278 num‘et
2409 4237 2504 4292 age
2529 4220 2744 4274 viriliter
2773 4219 2888 4290 (Ps.
2920 4219 3098 4286 XXVI);
3131 4219 3176 4273 si
3205 4218 3398 4283 credis,
3422 4232 3528 4271 non
3556 4216 3777 4272 desinas

2185 4318 2455 4381 spectare,
2488 4319 2543 4365 et
2576 4310 2622 4364 si
2669 4318 2723 4365 te
2762 4325 2861 4380 pro
2884 4317 3035 4365 certo
3082 4309 3226 4380 quod
3254 4308 3431 4364 credis
3465 4307 3777 4362 desiderare

2183 4402 2481 4471 cognoscis.
2512 4400 2664 4456 Hanc
2709 4402 2850 4456 enim
2877 4400 3103 4470 gloriam
3132 4399 3387 4455 omnibus
3407 4398 3609 4453 sanctis
3643 4405 3773 4451 tunc

2182 4493 2571 4562 gratulabimur
2608 4492 2873 4559 evenisse,
2905 4492 2950 4547 si
2996 4493 3050 4545 in
3092 4505 3412 4561 quacunque
3450 4488 3773 4544 necessitate

2108 4575 2161 4635 Ι)
2183 4585 2344 4655 positi
2373 4584 2607 4639 animum
2635 4585 2848 4655 penitus
2876 4600 2984 4640 non
3012 4592 3299 4648 mutemus,
3326 4581 3421 4635 sed
3448 4588 3781 4652 exspectan-

2185 4681 2267 4731 tes
2316 4674 2601 4730 Dominum
2626 4675 2884 4745 quotidie,
2926 4675 3025 4746 ipsi
3069 4688 3166 4744 per
3201 4673 3519 4745 patientiam
3566 4671 3786 4741 gratias

2182 4763 2479 4849 referamus
2505 4766 2599 4835 qui
2618 4774 2806 4835 regnat
2834 4767 2886 4820 in
2916 4764 3109 4820 saecula
3136 4763 3476 4820 saeculorum.
3504 4762 3702 4817 Amen.

2746 4895 3060 4952 PSALMUS
3082 4895 3189 4951 CL.

2844 5008 3090 5063 Alleluia.

2254 5117 2488 5174 Laudate
2514 5118 2795 5174 Dominum
2840 5120 2895 5174 in
2922 5120 3115 5174 sanctis
3161 5120 3306 5191 ejus;
3334 5121 3541 5174 laudate
3567 5122 3719 5177 eum'
3739 5121 3801 5181 ru

2180 5211 2504 5279 ﬁrmamento
2524 5212 2723 5265 virtutis
2744 5212 2874 5282 ejus.
2900 5200 3259 5274 Laudateeuni
3273 5213 3325 5264 in
3346 5210 3613 5266 virtutibus
3633 5216 3797 5286 ejus;

2179 5299 2390 5353 laudate
2408 5317 2522 5355 cum
2544 5300 2820 5355 secundum
2840 5302 3214 5356 multitudinem
3236 5304 3612 5373 magnitudinis
3640 5311 3799 5379 ejus.

2180 5390 2419 5444 Laudate
2454 5407 2569 5445 eum
2611 5393 2665 5445 in
2694 5409 2821 5448 sono
2866 5392 3025 5456 tubw;
3056 5392 3267 5446 laudate
3297 5410 3413 5449 eum.
3440 5396 3492 5447 iu
3523 5399 3804 5465 psalteria

2178 5489 2230 5533 et
2256 5480 2475 5535 cithara.
2499 5479 2732 5536 Laudate
2764 5500 2879 5536 eum
2908 5484 2961 5536 in
2990 5491 3232 5553 tympano
3260 5492 3308 5536 et
3341 5484 3532 5549 choro;
3559 5487 3807 5546 laudate

2179 5587 2293 5624 eum
2322 5573 2377 5625 in
2407 5572 2611 5625 chordis
2656 5582 2704 5624 et
2744 5590 2962 5644 organo.
3001 5571 3231 5626 Laudate
3269 5589 3382 5627 eum
3411 5574 3463 5626 in
3513 5577 3807 5645 cymbalis

2177 5664 2302 5718 bene
2327 5664 2656 5744 sonantibus;
2688 5664 2895 5719 laudate
2915 5683 3029 5743 eum
3049 5667 3103 5719 in
3132 5665 3377 5737 cymbalis
3397 5666 3764 5738 jubilationis
3782 5692 3804 5731 ;

2174 5760 2342 5811 omnis
2363 5759 2571 5824 spiritus
2601 5758 2773 5811 laudet
2793 5757 3090 5812 Dominum.
