4088 6346
276 387 388 442 569

851 519 1287 562 COIIENTAMUI.

354 684 663 741 Laudamus
684 684 965 740 Dominum
995 685 1050 741 in
1070 684 1272 740 sanctis
1290 685 1420 750 suis,
1450 683 1664 753 quando
1684 698 1871 757 eorum

286 778 568 833 nnitamur
594 777 857 847 exempla,
888 778 1163 848 sequimur
1199 777 1432 842 monita,
1462 776 1699 845 regulam
1728 776 1874 835 obti-

278 884 500 929 nemus.
532 868 834 924 Laudamus
860 882 986 925 eum
1032 870 1086 924 in
1132 866 1470 924 ﬁrmamento
1508 867 1733 924 virtutis
1758 867 1876 937 ejus

275 975 412 1019 cum
435 960 643 1014 ﬁrmum
667 955 789 1014 ﬁdei
807 968 1004 1016 nostrae
1024 972 1258 1033 agonem
1286 959 1633 1023 ostendimus,
1656 967 1712 1014 et
1737 959 1877 1014 sicut

275 1052 462 1108 sancti
492 1057 935 1120 contempserunt
960 1065 1166 1120 pinnas,
1194 1050 1379 1106 hostes
1393 1050 1646 1112 visibiles,
1676 1050 1751 1105 ita
1776 1065 1877 1107 nos

275 1142 574 1199 invisibilis
618 1143 791 1199 hostis
860 1141 1243 1197 delectationes
1294 1142 1528 1211 ingestas
1577 1142 1871 1211 abjicimus.

274 1233 599 1289 Laudamus
626 1247 750 1288 eum
777 1233 830 1286 in
859 1248 995 1287 sono
1023 1231 1192 1297 tubae,
1219 1246 1339 1287 cum
1366 1232 1511 1301 quod
1537 1232 1593 1286 in
1622 1246 1751 1287 θυι-θ
1778 1246 1877 1286 au-

274 1324 540 1389 divimus,
571 1323 617 1378 si
642 1331 854 1393 tempus
874 1323 1132 1391 exegerit,
1163 1337 1326 1393 super
1351 1331 1493 1378 tecta
1518 1322 1679 1393 positi
1702 1322 1878 1377 excla-

276 1430 515 1478 memus,
545 1431 649 1469 non
670 1415 908 1469 timentes
935 1431 1020 1469 eos
1047 1416 1133 1487 qui
1162 1414 1400 1469 occidunt
1425 1430 1610 1486 corpus
1651 1412 1873 1484 (Matth.

278 1522 322 1559 χ
353 1508 393 1571 ).
436 1504 736 1561 Laudamus
765 1521 888 1561 eum
916 1506 970 1561 in
997 1506 1254 1576 psalterio
1279 1513 1337 1559 et
1372 1504 1577 1562 cithara
1596 1545 1611 1570 ,
1639 1503 1683 1559 si
1720 1503 1774 1558 in
1802 1503 1881 1559 ci-

278 1598 444 1651 thara
475 1597 676 1665 lignum
704 1598 1307 1667 crucisamplectamur,
1325 1605 1380 1653 et
1400 1598 1454 1652 in
1476 1595 1733 1667 psalterio
1757 1611 1882 1652 con-

280 1688 579 1744 fessionem
609 1690 930 1745 catholicam
959 1698 1252 1746 teneamus.
1286 1689 1526 1745 Baucum
1553 1689 1695 1743 enim
1723 1670 1889 1744 sonat.

278 1781 435 1851 quod
485 1782 806 1837 catholicum
844 1798 950 1837 non
1002 1782 1283 1853 probatur.
1311 1779 1616 1835 Laudamus
1660 1793 1782 1834 eum
1823 1780 1877 1833 in

278 1879 544 1945 tympano
570 1882 624 1927 et
643 1871 832 1936 choro,
863 1871 1077 1942 quando
1104 1872 1161 1926 in
1184 1871 1595 1926 conversatione
1622 1867 1877 1924 reddendi

1018 352 1541 444 ANNO’l‘ATlONES
1579 387 1668 442 AD
1709 386 2020 456 numnam
2059 386 2593 444 EVANcsLtonuu
2634 384 2824 443 LOCA.

3439 378 3551 441 570

1884 514 1935 569 Α
1961 504 2142 576 positi,
2181 511 2490 574 tympanum
2514 502 2758 572 corporis
2786 500 2955 558 nostri
2990 500 3205 575 optimis
3232 499 3549 555 decoramus

1975 597 2256 667 exemplis.
2321 594 2626 651 Laudamus
2680 609 2800 649 eum
2849 593 2902 647 in
2950 591 3165 648 chordis
3223 600 3278 646 et
3324 604 3545 658 organo.

1971 686 2190 757 quando
2232 684 2553 742 chordarum
2580 698 2701 753 quae
2751 691 2876 738 sunt
2906 682 2960 738 in
3013 682 3216 737 cithara
3252 689 3434 736 nostra
3464 680 3542 736 ﬁla

1974 778 2179 846 integra
2210 790 2539 831 exercemus.
2568 774 2742 835 Etiam
2763 772 3073 844 pudicitiam
3095 787 3253 841 quam
3277 771 3543 827 continen~

1974 867 2065 922 tite
2091 866 2385 922 calamellis
2425 866 2493 921 ab
2521 864 2669 921 omni
2695 864 2936 932 rubigine
2972 864 3179 933 peccati
3204 863 3552 928 mundames,

1976 960 2088 1016 Deo
2130 976 2294 1016 sonos
2322 958 2604 1015 melliﬂuos
2628 957 2962 1013 exhibemus.
2994 954 3295 1011 Laudamus
3330 970 3452 1009 eum
3500 954 3553 1009 in

1978 1051 2236 1123 cymbalis
2279 1051 2416 1105 bene
2465 1049 2816 1111 sonantibus,
2875 1055 2931 1103 et
2984 1047 3124 1102 bene
3180 1048 3551 1112 tinnientibus,

1977 1141 2194 1212 quando
2214 1141 2354 1197 labia
2383 1148 2563 1196 nostra
2594 1140 2661 1195 ad
2689 1141 2883 1195 bonam
2912 1139 3334 1210 persuasionem,
3360 1146 3414 1192 et
3440 1138 3552 1208 spi-

1976 1233 2186 1289 ritalem
2213 1232 2643 1303 explanationem
2675 1239 2937 1302 aptamus.
2968 1229 3260 1285 lnvitamus
3287 1239 3466 1283 autem
3496 1238 3551 1282 ut

1977 1324 2153 1379 omnis
2190 1324 2405 1394 spiritus
2452 1323 2633 1378 laudet
2678 1322 2978 1388 Dominum,
3028 1320 3241 1391 quando
3296 1319 3551 1389 spiritalia

1979 1415 2308 1487 spiritalibus
2361 1422 2764 1485 comparantes,
2823 1413 2952 1467 nihil
2995 1411 3337 1467 concedimus
3381 1411 3551 1475 carni,

1979 1505 2073 1562 sed
2102 1521 2262 1560 omne
2288 1504 2546 1576 quidquid
2572 1504 2623 1559 ei
2650 1504 2882 1569 libuerit,
2914 1510 3082 1557 totum
3109 1501 3317 1573 spiritui
3345 1502 3551 1556 manci-

1980 1604 2188 1669 pantes,
2221 1596 2576 1667 spiritualium
2605 1595 2874 1649 imitamur
2900 1595 3141 1663 exempla
3160 1635 3173 1659 ,
3203 1609 3300 1663 per
3324 1608 3551 1661 quorum

1980 1697 2170 1745 euntes
2196 1688 2441 1757 vestigia,
2480 1686 2761 1742 credamus
2802 1700 2901 1739 nos
2924 1683 2992 1737 ad
3019 1683 3227 1737 Domini
3255 1683 3552 1737 misericor-

1978 1782 2120 1837 diam
2167 1781 2467 1853 pervenire,
2510 1780 2595 1835 cui
2624 1778 2791 1848 gloria
2826 1785 2882 1831 et
2907 1776 3187 1848 imperium
3239 1789 3336 1845 per
3375 1775 3551 1831 omnia

1978 1872 2171 1927 sarcula
2199 1872 2537 1927 saeculorum.
2571 1868 2759 1924 Amen.

578 2162 1361 2246 ANNOTATIONES
1438 2166 1569 2241 AD
1644 2165 2084 2259 QUIEDAM
2159 2168 2973 2248 EVANGELIORUM'
3022 2169 3298 2247 LOCA.

561 2517 1026 2575 TESTIMONIUM
1065 2518 1237 2575 GlLB.
1280 2517 1576 2575 COGNATI
1593 2560 1607 2582 .

322 2667 327 2671 .
361 2612 463 2677 Qui
492 2612 627 2666 male
667 2612 760 2665 has
790 2612 1153 2667 annotationes
1192 2611 1371 2665 tribuit
1399 2610 1628 2666 Arnobio
1658 2611 1806 2679 Afro.

237 2834 250 2845 .
357 2793 820 2864 Commendabunt
850 2794 953 2850 hoc.
996 2794 1316 2864 opusculum
1341 2792 1636 2864 archetypi
1675 2807 1743 2864 ex
1771 2807 1879 2862 quo

282 2866 579 2935 desumptze
618 2866 700 2919 has
729 2863 1371 2935 AnnotationesgArnohii
1418 2864 1472 2935 in
1517 2863 1879 2935 evangelista-

282 2950 404 2990 rum
419 2933 555 2998 loca,
578 2942 841 2997 vetustas,
860 2933 1055 2989 deinde
1078 2933 1210 2990 ﬁdes
1228 2935 1434 2998 optima
1454 2933 1509 2988 in
1524 2933 1880 2989 describendo

283 3020 477 3073 magna
494 3003 805 3059 difﬁcultate
817 3004 953 3060 libro
970 3004 1227 3060 obsoletis
1239 3003 1642 3073 characteribus
1655 3003 1876 3073 scripto,

282 3076 351 3130 ad
379 3072 483 3130 hoc
504 3075 579 3128 ita
607 3074 746 3130 inter
788 3090 848 3129 se
874 3073 1290 3139 cohaerentibus,
1314 3082 1375 3129 ut
1401 3088 1510 3127 non
1556 3072 1732 3129 dicam
1754 3072 1879 3127 sen-

283 3147 504 3226 tentiam
551 3160 584 3226 a_
625 3144 910 3209 sententia,
1069 3144 1309 3226 lerhum
1355 3159 1388 3226 ξι
1412 3142 1878 3226 verbondirimere

281 3217 401 3298 nisi.
412 3223 628 3298 assueto
653 3213 1051 3296 operosumsit.
1069 3212 1323 3296 Ejusdem
1343 3212 1569 3296 Arnobii
1586 3209 1848 3268 Commen
1859 3242 1878 3255 -

285 3297 406 3366 tarn
424 3303 486 3366 ,ιη
514 3283 755 3366 Psalmos
774 3283 1070 3366 Dauidtcps.
1087 3283 1353 3366 Odlll‘jam
1383 3281 1589 3366 pridem
1624 3291 1873 3366 sistant;

286 3354 507 3411 alterius
532 3370 663 3410 vero
710 3353 913 3409 laudati
949 3352 1073 3424 libri
1123 3350 1330 3424 septem
1358 3350 1615 3408 adversus
1651 3350 1874 3418 Gentes,

288 3440 513 3549 Euoﬁum
539 3424 592 3480 in
642 3424 890 3494 catalogo
942 3423 1226 3479 illustrium
1266 3425 1588 3520 scriptorum
1635 3425 1878 3479 meminit

333 3535 347 3549 .
428 3508 762 3549 ieronvmus.

333 3535 347 3549 .
378 3495 762 3567 Hieronymus.
1542 3511 1551 3520 ’

866 3582 964 3640 EX
999 3581 1278 3641 JOANNE.

952 3676 1138 3736 Carus
1175 3679 1217 3734 1.

358 3769 430 3826 In
713 3780 827 3826 erat
842 3769 1085 3837 Verbum,
1097 3780 1149 3824 et
1165 3770 1390 3825 Verbum
1407 3778 1521 3824 erat
1540 3768 1681 3838 apud
1691 3765 1874 3832 Deum,

292 3874 341 3920 et
385 3861 524 3918 Deus
569 3872 684 3917 erat
714 3861 939 3917 Verbum
978 3879 997 3915 :
1052 3862 1148 3915 hoc
1191 3869 1304 3915 erat
1337 3863 1394 3915 in
1434 3860 1690 3931 principio
1741 3859 1879 3928 apud
1904 3887 1952 3951 η

296 3952 479 4006 Deum.
505 3949 697 4007 Omnia
729 3968 822 4022 per
847 3951 1019 4021 ipsum
1040 3952 1182 4021 facta
1200 3957 1339 4015 sunt,
1363 3959 1415 4004 et
1430 3950 1543 4003 sine
1566 3948 1658 4003 illo
1687 3949 1881 4019 factum
1912 3948 1925 3958 ‘

297 4050 375 4098 est
392 4042 545 4108 nihil,
566 4042 705 4113 quod
727 4044 923 4115 factum
940 4050 1036 4096 est.

371 4131 697 4205 Principium
716 4116 861 4189 Deus
886 4140 987 4198 est,
1017 4131 1111 4201 qui
1132 4125 1462 4201 principatdr
1488 4144 1606 4185 esse
1641 4127 1881 4184 omnium

298 4225 484 4281 voluit.
512 4225 570 4282 ln
596 4225 703 4282 hoc
726 4226 909 4294 itaque
953 4224 1197 4294 principe
1228 4230 1345 4278 erat
1376 4221 1634 4288 Verbum,
1663 4222 1769 4277 hoc
1797 4230 1884 4277 est

295 4315 543 4375 Christus
575 4336 588 4371 :
611 4318 681 4374 de
706 4333 817 4388 quo
854 4316 1004 4382 dicit,
1034 4315 1270 4373 Verbum
1298 4324 1418 4371 erat
1444 4316 1586 4386 apud
1618 4316 1802 4380 Deum,
1829 4323 1887 4370 et

298 4408 440 4466 Deus
467 4416 584 4465 erat
609 4407 863 4465 Verbum.
894 4406 1142 4463 Ostendit
1167 4405 1437 4463 Christum
1482 4421 1552 4463 ex
1593 4407 1706 4463 Deo
1756 4422 1883 4476 pro-

298 4502 539 4567 cessisse,
576 4500 646 4557 de
670 4515 781 4570 quo
805 4508 862 4556 et
886 4500 941 4554 in
962 4499 1153 4571 psalm.
1184 4516 1309 4556 xuv
1334 4515 1444 4556 vox
1467 4508 1690 4570 paterna
1714 4499 1882 4555 dixit:

299 4591 573 4648 Eructatit
597 4608 694 4649 cor
719 4608 897 4649 meum
926 4592 1161 4648 Verbum
1204 4592 1406 4648 bonum
1437 4609 1451 4645 :
1482 4592 1587 4647 hoc
1613 4599 1698 4646 est
1730 4589 1886 4645 Chri-

300 4693 465 4749 stum,
494 4699 595 4759 per
617 4699 775 4754 quem
804 4684 985 4740 omnia
1012 4683 1153 4739 facta
1180 4690 1325 4749 sunt,
1356 4690 1548 4753 praeter
1574 4682 1734 4748 idola,
1765 4675 1922 4752 quae'

301 4774 419 4831 sine
444 4775 668 4830 arbitrio
686 4773 885 4831 Christi
912 4773 1052 4830 facta
1091 4782 1246 4838 sunt,
1278 4774 1347 4829 de
1377 4773 1569 4843 quibus
1598 4771 1884 4842 Apostolus

303 4865 437 4921 dicit
466 4883 483 4919 :
513 4863 721 4922 Scimus
733 4866 859 4935 quia
882 4865 1015 4920 nihil
1042 4873 1125 4921 est
1150 4864 1371 4920 idolum.

794 4974 926 5032 Cn.
964 4975 1030 5030 ll.
1064 4976 1144 5031 De
1169 4975 1386 5046 nuptiis.

366 5069 476 5133 Die
515 5072 664 5126 tertio
702 5070 897 5140 nuptiae
922 5066 1116 5139 ﬁebant
1142 5068 1201 5121 in
1229 5066 1372 5121 Cana
1412 5064 1671 5127 Catiline;
1700 5071 1751 5116 et
1778 5071 1889 5119 erat

302 5169 471 5215 mater
495 5159 620 5216 Iesu
642 5158 734 5215 ibi.
762 5157 986 5212 Vocatus
1012 5163 1090 5210 est
1107 5161 1346 5209 autemet
1371 5153 1541 5215 Iesus,
1574 5147 1624 5205 et
1651 5152 1888 5221 discipuli
1915 5202 1925 5211 ,

1916 5241 1976 5314 θ’
1991 5246 2205 5308 guntur,
2228 5244 2477 5306 rogantes
2497 5235 2763 5293 Christum
2794 5247 2852 5294 ut
2870 5238 3125 5294 Lazarum
3145 5237 3441 5292 suscitaret.
3472 5232 3562 5285 La-

303 5253 423 5324 ejus
443 5253 513 5307 ad
533 5252 766 5324 nuptias;
795 5258 844 5304 et
869 5250 1042 5304 vinum
1070 5263 1174 5302 non
1206 5246 1475 5312 habebant,
1499 5253 1599 5300 etc.

381 5341 542 5407 Facta
563 5350 687 5397 sunt
706 5329 809 5395 ista
835 5339 1048 5405 omnia;
1085 5337 1181 5393 sed
1216 5336 1414 5391 habent
1446 5335 1773 5405 spiritualem
1806 5333 1888 5387 in-

308 5432 608 5489 tellectum.
639 5431 866 5501 Nuptiae,
902 5430 1126 5493 scilicet,
1169 5427 1476 5497 conjunctio
1504 5424 1700 5481 Christi
1728 5434 1809 5480 est
1838 5433 1891 5480 et

310 5524 583 5589 Ecclesiae,
614 5524 842 5585 hocest,
868 5534 1020 5575 novae
1054 5518 1186 5585 legis
1211 5518 1529 5573 traditionis.
1561 5515 1769 5586 Hydriae
1791 5530 1889 5569 au-

312 5624 427 5671 tem
445 5621 652 5684 septem
672 5608 893 5681 lapideae
915 5606 1180 5663 Ecclesias
1204 5617 1408 5676 septem
1424 5621 1586 5675 super
1603 5613 1753 5674 petra
1782 5602 1893 5658 fun-

314 5705 469 5761 datas
517 5703 903 5757 demonstrant.
949 5697 1116 5767 Aqua,
1148 5696 1351 5765 inquit;
1396 5696 1564 5765 plena:
1598 5711 1610 5745 :
1642 5686 1745 5748 hoc
1790 5703 1890 5755 est,

316 5798 570 5869 baptismi
600 5794 787 5869 gratia.
822 5789 975 5859 Quod
1005 5797 1185 5843 autem
1209 5785 1670 5856 dicit:Capientes
1696 5794 1893 5839 metre-

1909 2522 1955 2583 B
1984 2525 2065 2587 tas
2085 2519 2238 2574 binas
2269 2538 2283 2573 :
2313 2520 2367 2574 hi
2390 2527 2512 2576 sunt
2540 2521 2631 2591 qui
2651 2521 3003 2576 matrimoniis
3026 2519 3336 2590 junguntur.
3358 2518 3557 2574 Ternas

1982 2620 2160 2665 autem
2189 2613 2479 2683 capientes,
2526 2621 2651 2668 sunt
2679 2613 2946 2684 spiritales
2985 2622 3040 2668 et
3083 2613 3438 2677 continentes,
3468 2613 3558 2682 qui

1983 2702 2257 2763 Trinitatis
2285 2705 2570 2760 virtutibus
2615 2705 2919 2776 implentur.
2952 2704 3354 2759 Architriclinns
3380 2711 3559 2758 autem

1979 2792 2192 2866 Moyses
2210 2805 2311 2860 est,
2331 2811 2560 2866 sponsus
2577 2812 2750 2851 novus
2761 2794 3004 2850 Christus
3023 2802 3123 2858 est,
3137 2808 3274 2864 aqua
3300 2795 3354 2848 in
3381 2794 3559 2847 vinum

1979 2902 2240 2943 conversa
2268 2888 2533 2958 passionis
2555 2902 2800 2942 cruorem
2824 2886 3172 2941 demonstrat.

2487 2996 2616 3053 Car.
2658 2996 2747 3052 Ill.
2785 2997 3046 3053 Benaco.

2051 3108 2123 3164 Et
2140 3126 2370 3182 egressus
2403 3110 2553 3166 Iesus
2580 3112 2646 3167 de
2673 3113 2861 3183 templo
2878 3152 2895 3177 ,
2920 3111 3043 3166 dum
3072 3113 3299 3167 ambulat
3320 3113 3447 3167 uidit
3470 3114 3560 3168 Ico~

1980 3201 2168 3258 minem
2191 3218 2380 3257 ciccum
2408 3220 2441 3256 ιι
2462 3202 2725 3258 nativitate
2751 3220 2864 3257 sua.
2895 3201 2964 3256 Et
2988 3204 3427 3277 interrogaverunt
3448 3221 3560 3258 eum

1977 3293 2219 3364 discipuli
2259 3294 2392 3365 ejus,
2421 3294 2681 3349 dicentes:
2717 3293 2906 3358 Rabbi,
2936 3296 3049 3365 quis
3088 3296 3341 3365 peccavit,
3388 3295 3466 3347 hic
3494 3312 3561 3349 an

1977 3394 2213 3456 parentes
2241 3386 2372 3457 ejus,
2397 3388 2515 3457 quia
2546 3402 2711 3442 cacus
2751 3394 2903 3439 natus
2924 3386 3035 3439 est?
3055 3385 3387 3455 Respondeas
3414 3384 3563 3438 Iesus

1980 3475 2113 3529 dixit
2139 3476 2243 3530 illis
2269 3493 2285 3529 :
2318 3474 2500 3546 Neque
2528 3477 2777 3546 peccavit.
2805 3491 2965 3545 neque
3002 3484 3238 3544 parentes
3286 3476 3397 3545 ejus
3415 3514 3429 3539 ,
3476 3476 3564 3528 sed

1978 3578 2035 3622 ut
2062 3570 2521 3640 manifestareutur
2548 3584 2705 3638 opera
2733 3580 2831 3621 nec
2856 3567 2912 3620 in
2941 3565 3051 3619 illo.
3085 3564 3214 3622 Haec
3255 3566 3450 3631 dicens,
3475 3583 3563 3622 ea:-

1979 3660 2119 3727 spuit
2144 3660 2200 3712 in
2230 3668 2385 3722 terra,
2416 3667 2465 3711 et
2491 3658 2610 3729 fecit
2631 3657 2795 3711 lutum
2823 3657 2887 3711 de
2914 3667 3097 3727 sputo,
3118 3667 3167 3712 et
3194 3658 3359 3712 liniuit
3391 3659 3564 3713 oculos

1981 3750 2092 3819 ejus
2112 3750 2239 3813 luto,
2280 3749 2509 3821 dixitque
2536 3751 2582 3804 ei
2605 3766 2621 3802 :
2654 3748 2796 3803 Vade
2821 3750 2892 3803 ad
2918 3750 3170 3820 piscinam
3192 3751 3353 3815 Siloe,
3384 3760 3432 3803 et
3451 3752 3564 3806 lava

1983 3840 2157 3895 acidas
2180 3849 2311 3894 tuos.
2334 3840 2470 3895 Abiit
2497 3858 2638 3912 ergo,
2663 3841 2713 3894 el
2730 3841 2873 3905 lavit,
2890 3850 2939 3894 et
2964 3841 3098 3894 venit
3117 3850 3323 3911 accepta
3350 3841 3556 3894 visione.

2053 3928 2267 3984 Czecum
2293 3931 2437 4000 quod
2472 3930 2623 3992 dixit,
2654 3944 2822 3998 genus
2851 3930 3127 3985 hominum
3156 3929 3433 3997 gentilium
3474 3929 3565 3984 de-

1984 4027 2267 4085 monstrat,
2298 4022 2497 4090 quique
2524 4036 2555 4073 a
2583 4018 2863 4074 nativitate
2890 4019 2944 4074 in
2981 4018 3295 4074 aecitudine
3344 4018 3565 4073 erraba-

1985 4125 2121 4164 mus.
2172 4108 2372 4166 Siloam
2422 4118 2637 4174 autem,
2696 4107 2896 4164 fontem
2952 4109 3165 4164 luminis
3210 4109 3564 4180 interpretan-

1988 4212 2074 4258 tur
2104 4220 2116 4256 :
2148 4202 2291 4271 quod
2337 4211 2420 4259 est
2444 4202 2729 4285 baptisma,
2774 4201 2915 4259 unde
2941 4200 3119 4257 cordis
3148 4201 3333 4257 oculos
3366 4200 3561 4257 illumi-

1988 4310 2195 4349 namus.

2468 4402 2596 4459 CAP.
2636 4404 2724 4458 ιν.
2758 4403 2833 4458 De
2861 4404 3085 4459 Lazaro.

2058 4514 2181 4568 Fuit
2226 4522 2393 4569 eum
2420 4516 2627 4585 quidam
2672 4515 2931 4586 infirmus,
2971 4516 3177 4569 nomine
3216 4512 3479 4579 Lazarus,
3504 4515 3565 4568 de

1985 4609 2196 4662 castello
2225 4607 2412 4663 Mariae
2434 4616 2484 4661 et
2512 4607 2737 4663 Marthae
2756 4608 2948 4663 sororis
2984 4608 3115 4679 ejus.
3152 4606 3281 4661 Ηωσ
3301 4616 3375 4661 est
3398 4616 3563 4661 autem

1985 4699 2161 4754 Maria
2189 4717 2303 4771 qua:
2327 4710 2548 4754 tinxerat
2581 4698 2861 4754 Dominum
2891 4707 3179 4770 unguento,
3210 4706 3258 4750 et
3287 4707 3564 4752 exterserat

1984 4793 2161 4861 pedem
2182 4791 2292 4860 ejus
2313 4791 2514 4859 capillis
2536 4792 2662 4851 suis,
2687 4789 2832 4858 cujus
2858 4790 3023 4858 frater
3037 4787 3278 4857 inﬁrmus
3304 4796 3433 4851 erat,
3458 4797 3562 4843 etc.

2058 4880 2221 4935 Facta
2242 4864 2366 4934 sunt
2396 4881 2494 4933 ista
2527 4879 2724 4941 omnia,
2756 4877 2851 4931 sed
2871 4877 3069 4932 habent
3087 4877 3377 4948 spiritalem
3408 4880 3559 4935 intel-

1988 4971 2216 5034 lectum;
2246 4984 2367 5023 nam
2401 4968 2632 5021 Lazarus
2669 4981 2837 5036 genus
2880 4966 3170 5023 humanum
3215 4967 3563 5032 demonstrat,

1988 5060 2079 5128 qui
2105 5060 2157 5113 in
2189 5066 2362 5113 morte
2392 5056 2794 5113 condormiebat
2820 5058 3127 5129 priusquam
3156 5057 3396 5133 Christus
3414 5060 3565 5112 veni-

1989 5158 2090 5204 ret.
2125 5148 2331 5203 Martha
2363 5155 2541 5203 autem
2566 5155 2620 5202 et
2660 5147 2854 5214 Maria,
2876 5147 3113 5207 Ecclesia
3142 5150 3347 5223 etiides
3368 5146 3565 5201 intelli—

1996 5328 2120 5400 pide
2144 5337 2323 5383 autem
2350 5328 2602 5385 devoluta
2630 5330 2696 5387 de
2726 5340 3071 5385 monumento
3088 5368 3102 5389 ,
3134 5328 3236 5382 hoc
3263 5332 3345 5377 est
3371 5323 3563 5377 duritia

1992 5422 2266 5476 hominum
2296 5421 2363 5476 de
2382 5420 2790 5478 corde‘remota.
2826 5420 3082 5486 Quartum
3105 5424 3279 5469 autem
3301 5411 3441 5466 diem
3467 5428 3562 5468 ex»

1993 5514 2250 5578 citatum,
2309 5512 2715 5582 Evangeliorum
2757 5510 3087 5563 demonstrat
3136 5506 3379 5572 ﬁguram
3448 5519 3567 5573 qua.

1994 5605 2149 5659 nobis
2189 5605 2436 5659 duritiam
2475 5601 2650 5655 cordis
2688 5599 2965 5667 repellent.
3007 5594 3159 5662 Quod
3196 5602 3374 5649 autem
3410 5598 3563 5666 dixit,

1996 5695 2331 5766 Lacrymatus
2383 5702 2457 5745 est
2503 5689 2693 5750 Iesus,
2747 5686 2816 5739 de
2864 5685 3179 5743 inﬁdelitate
3226 5687 3429 5745 scilicet
3473 5687 3564 5743 Ju-

1992 5787 2248 5840 dteorum.
2963 5805 2967 5808 ~
