4088 6346
536 294 635 389 5"“

533 616 881 694 prehendunt;
925 612 1013 684 qui
1038 612 1175 665 enim
1201 609 1433 664 ambulat
1465 612 1523 664 in
1564 610 1801 676 “nebris,
1834 612 1995 664 nescit
2016 626 2116 683 qua

531 711 702 767 radat.
737 708 862 763 Cum
881 722 1002 778 ergo
1025 710 1188 759 lucem
1208 702 1425 772 habetis,
1450 704 1643 760 credite
1664 706 1721 759 in
1742 705 1922 769 lucem,
1945 713 2002 759 ut
2020 705 2121 777 ﬁlii

532 802 657 859 lucis
686 801 802 874 ﬁeri
820 801 1047 872 possitis.

536 908 541 911 ‘
602 893 799 948 Lucem
842 891 984 961 quod
1026 889 1174 954 dicit,
1222 890 1309 945 lex
1341 890 1438 946 Dei
1479 898 1579 958 est,
1609 891 1663 946 in
1691 905 1796 962 qua
1843 892 2119 948 ambulare

530 986 803 1043 debemus.
837 980 1111 1041 Tenebras
1155 991 1331 1039 autem
1353 983 1495 1053 quod
1524 984 1660 1038 dixit
1688 985 1987 1054 ignorantia
2014 993 2113 1041 est.

529 1075 773 1133 Christus
800 1077 891 1132 iux
921 1086 1022 1142 est,
1054 1074 1290 1131 tenebrae
1318 1085 1498 1130 autem
1526 1076 1884 1131 antichristus.

902 1193 1029 1259 Car.
1073 1191 1159 1249 VI.
1200 1189 1277 1247 De
1306 1191 1414 1253 vite
1443 1200 1498 1246 et
1522 1191 1760 1265 palmite,

599 1305 714 1377 Ego
738 1322 873 1371 sum,
899 1304 1089 1375 inquit,
1120 1304 1240 1367 vitis
1271 1320 1410 1371 uere,
1439 1312 1491 1361 et
1526 1303 1691 1363 Pater
1716 1321 1859 1367 meus
1886 1308 2122 1379 agricola

529 1408 605 1466 est
631 1416 644 1453 :
667 1415 869 1455 omnem
883 1398 1147 1468 palmitem
1167 1397 1222 1455 in
1244 1413 1323 1455 me
1349 1413 1457 1459 non
1476 1398 1720 1470 ferentem
1741 1399 1965 1469 fructum
1983 1400 2124 1457 exci-

532 1492 634 1558 det,
658 1501 709 1547 et
733 1493 789 1547 in
810 1493 982 1563 ignem
1010 1492 1196 1571 mittet.

606 1583 797 1639 Merito
847 1580 1092 1645 Christus
1122 1582 1241 1639 vitis
1268 1593 1380 1649 est,
1410 1583 1502 1654 qui
1534 1583 1697 1641 vitam
1726 1583 1881 1643 nobis
1916 1584 2120 1651 attulit;
2173 1598 2178 1606 ί

534 1683 682 1732 recte
710 1682 764 1729 et
792 1672 953 1731 Pater
980 1673 1096 1741 ejus
1118 1674 1426 1741 agricultor,
1444 1674 1568 1744 quia
1596 1675 1783 1741 mundi
1801 1675 2128 1746 gubernator
2194 1681 2204 1692 '

1864 283 2130 340 ARNOllll
2169 283 2469 339 JUNIORIS

1210 390 1338 459 Car.
1368 400 1434 458 ν.
1740 396 1745 399 ”
2140 401 2189 458 Δ

608 521 875 579 Ambulate
892 519 1013 575 dum
1052 518 1216 573 lucem
1243 516 1469 583 habetis,
1497 533 1564 571 ne
1593 517 1810 572 tenebris
1848 532 1935 571 vos
1976 532 2116 571 com-
2164 504 2171 515 ⁸

2969 339 2984 350 .
3700 287 3820 345 572

2889 402 3018 463 Car.
3046 404 3124 466 ’ll.

2303 517 2413 573 Vos:
2450 520 2720 574 clamantis
2766 521 2823 574 in
2871 520 3073 576 deserto
3096 537 3115 576 :
3163 518 3361 577 Parate
3405 523 3539 577 uiam
3576 521 3811 588 Domini,

2219 618 2383 666 rectas
2412 613 2568 683 facite
2593 612 2803 667 semitas
2827 611 2924 667 Dei
2952 613 3153 677 nostri;
3182 614 3349 669 omnis
3390 613 3538 669 uallis
3565 614 3816 685 implebi~

2220 713 2321 770 tur,
2346 712 2399 770 et
2423 706 2589 760 omnis
2612 700 2760 760 mena
2776 714 2829 759 et
2844 705 2990 761 collis
3017 706 3389 775 humiliabitur,
3404 717 3453 763 et
3477 719 3629 763 erunt
3646 726 3825 776 prava

2218 798 2275 851 in
2304 795 2520 852 directa.
2674 806 2683 817 '

2212 918 2222 927 -
2293 889 2499 945 Vallem
2518 890 2666 961 quod
2692 891 2848 957 dixit,
2872 891 3133 947 mundum
3160 893 3320 948 istum
3343 892 3701 962 demonstrat,
3720 912 3822 952 re-

2220 984 2426 1056 pletum
2453 982 2653 1039 Christi
2682 984 2946 1040 doctrina.
2988 984 3197 1040 Montes
3222 993 3401 1040 autem
3430 995 3484 1041 et
3511 988 3678 1043 ciuiles
3709 989 3820 1043 hu-

2213 1076 2413 1131 miliati
2461 1076 2686 1148 perﬁdia
2713 1076 2921 1133 scilicet
2940 1076 3162 1143 diaboli,
3190 1088 3246 1134 et
3282 1078 3548 1135 idolon
3577 1082 3817 1148 cultura,

2220 1183 2341 1239 qum
2389 1169 2443 1223 in
2496 1169 2783 1223 adventum
2812 1168 3011 1225 Christi
3043 1170 3321 1225 humiliata
3359 1181 3487 1227 sunt
3527 1182 3689 1243 atque
3712 1174 3818 1229 de-

2220 1258 2424 1333 pressa.
2454 1261 2610 1329 Quod
2638 1270 2817 1317 autem
2868 1262 3003 1317 dixit
3044 1280 3058 1315 :
3089 1262 3257 1318 Erunt
3284 1279 3448 1335 prava
3479 1265 3534 1319 in
3584 1265 3818 1331 directa,

2222 1356 2327 1412 hoc
2365 1356 2433 1411 de
2472 1357 2753 1426 gentilium
2792 1358 3060 1429 pravitate
3101 1357 3345 1425 dicebat,
3368 1359 3461 1429 qui
3494 1375 3637 1415 nunc
3663 1369 3819 1415 recta

2223 1447 2417 1519 itinera
2443 1449 2780 1518 gradiuntur.

2625 1529 2761 1598 Cn:
2795 1540 2882 1597 lli.
2923 1541 3001 1598 De
3028 1543 3151 1599 cibo
3177 1540 3415 1599 Joannis.

2296 1653 2453 1711 Cibus
2468 1665 2639 1712 autem
2665 1656 2889 1721 Joannis
2915 1665 3065 1712 erant
3094 1657 3322 1723 locusta,
3351 1665 3401 1715 et
3426 1657 3530 1711 mel
3562 1658 3818 1713 silvestre.

534 1775 637 1833 est,
667 1768 756 1836 qui
778 1767 984 1837 pluvias
1011 1774 1069 1827 et
1097 1774 1340 1837 tempora
1371 1768 1526 1836 quasi
1551 1768 1727 1829 bonus
1747 1769 1922 1837 cultor
1949 1769 2119 1827 admi-

2300 1748 2558 1810 Locustas
2586 1766 2722 1821 quas
2747 1750 2901 1824 dixit,
2930 1752 3252 1825 populorum
3279 1751 3570 1807 multorum
3592 1750 3824 1807 demon-

532 1832 744 1915 nistrat.
779 1832 1076 1914 'Palmitem
1105 1832 1236 1915 vero
1286 1832 1431 1930 quod
1478 1861 1613 1925 dixit
1648 1832 1995 1928 fructiferum,
2024 1878 2123 1921 no-
2153 1832 2198 1840 -
2225 1849 2398 1907 sim“
2432 1840 2654 1913 ﬁguram
2673 1884 2691 1917 ι
2721 1838 2814 1921 (ἰαί
2841 1841 2909 1898 ad
2944 1840 3208 1907 ίοδηῐιθηλ
3236 1843 3545 1899 νθηίθδθηι·
3576 1832 3689 1898 M31
3717 1859 3821 1899 ³“’

530 1958 700 2006 strum
724 1952 979 2022 populum
1002 1950 1285 2020 signiﬁcat.
1314 1950 1703 2008 infructuosum
1732 1961 1932 2017 autem,
1963 1954 2125 2009 hatre-

532 2042 757 2097 ticorum
787 2040 955 2112 ﬁgura
985 2049 1088 2107 est,
1119 2058 1279 2112 quam
1308 2043 1444 2112 ignis
1472 2052 1790 2115 exspectat..

949 2155 1079 2245 Car.
1123 2157 1230 2217 Vll.
1269 2156 1348 2215 De
1386 2157 1676 2215 Abraham.

599 2268 861 2324 Abraham
888 2280 1060 2342 pater
1087 2279 1249 2327 vester
1284 2272 1599 2345 exspectavit
1644 2282 1700 2327 ut
1742 2273 1934 2328 uideret
1986 2274 2122 2329 diem

532 2380 714 2429 meum,
740 2373 789 2418 et
818 2364 964 2429 vidit,
994 2374 1044 2419 et
1072 2366 1275 2436 gavisus
1304 2373 1401 2419 est.

604 2454 917 2524 Priusquam
947 2455 1195 2533 Christus
1224 2457 1458 2533 venerit,
1478 2466 1603 2513 ante
1631 2458 1738 2514 duo
1760 2458 1926 2513 millia
1948 2471 2120 2514 anno-

536 2562 653 2602 rum
700 2546 967 2603 Abraham
1016 2547 1325 2617 dei‘unctus;
1364 2531 1633 2619 quomodo
1688 2565 1816 2619 ergo
1865 2549 2123 2606 Dominus

533 2638 683 2705 dixit,
698 2638 967 2695 Abraham
987 2638 1118 2695 vidit
1140 2640 1281 2695 diem
1309 2656 1509 2709 meum,
1533 2648 1589 2697 et
1606 2636 1821 2721 gavisus
1839 2643 1955 2697 est?
1974 2641 2124 2698 'l‘unc

531 2728 754 2797 scilicet,
789 2746 909 2786 cum
957 2728 1108 2788 Isaac
1146 2730 1214 2787 ad
1247 2732 1518 2788 victimam
1537 2732 1739 2802 lignum
1767 2733 2036 2805 portabat,
2068 2732 2124 2789 et

531 2820 753 2876 arietem
783 2821 1014 2878 victimzc
1054 2822 1273 2893 dignum
1301 2823 1466 2891 dedit,
1497 2833 1553 2881 et
1575 2825 1815 2896 gaudens
1845 2823 2010 2881 lilium
2031 2840 2120 2881 re-

531 2913 688 2983 cepit,
723 2922 849 2970 tunc
873 2917 1217 2983 exsultavit,
1249 2918 1375 2987 quia
1416 2918 1591 2974 crucis
1628 2918 1828 2987 lignum
1858 2919 2037 2986 vidit,
2066 2928 2121 2975 et

532 3002 795 3061 Christum
824 3022 1107 3078 passurum
1131 3012 1402 3079 cognovit.

532 3320 688 3374 tussit
720 3323 927 3375 servum
960 3323 1210 3395 principis
1238 3325 1581 3392 sacerdotum,
1631 3337 1680 3381 et
1716 3332 2000 3400 amputavit
2041 3332 2121 3386 illi

530 3413 817 3469 auriculam
846 3415 1102 3482 dextram,
1134 3425 1188 3473 et
1210 3428 1405 3475 caetera
1434 3433 1552 3489 qua:
1578 3430 1892 3492 sequuntur.

602 3503 738 3560 Cum
767 3513 924 3562 antea
956 3508 1216 3565 Dominus
1257 3513 1572 3583 prteceperit
1600 3511 1874 3584 discipulis
1913 3516 2024 3571 suis
2054 3532 2122 3573 ne

531 3598 749 3668 quidem
776 3600 984 3668 virgam
1012 3602 1067 3656 in
1109 3604 1192 3657 via
1224 3604 1443 3671 ferrent,
1476 3607 1748 3677 quomodo
1773 3622 1902 3678 ergo
1931 3600 2121 3665 Petrus

532 3690 730 3744 eXemit
757 3690 1009 3759 gladium,
1041 3700 1096 3748 et
1121 3698 1419 3765 amputavit
1435 3694 1728 3754 auriculam
1755 3716 1923 3772 puero
1942 3717 2121 3758 sacer-

531 3779 704 3847 dotis;
735 3790 790 3836 et
818 3781 1074 3840 Dominus
1104 3788 1151 3841 ei
1181 3780 1319 3843 dixit
1346 3808 1371 3865 ε,
1392 3788 1628 3845 Reconde
1648 3793 1877 3865 gladium
1907 3802 2045 3848 tuum
2064 3794 2121 3848 in

529 3871 731 3927 thecam
775 3888 940 3928 suam.
989 3873 1209 3932 Gladius
1253 3878 1455 3934 scilicet
1492 3881 1723 3952 Spiritus
1762 3893 1979 3939 sanctus
2017 3892 2118 3950 est,

530 3962 670 4019 sicut
721 3965 998 4034 apostolus
1045 3963 1241 4023 Paulus
1290 3968 1357 4024 ad
1405 3968 1666 4042 Ephesios
1718 3976 1992 4043 meminit;
2025 3991 2121 4030 au-
2198 3982 2201 3985 '

531 4056 698 4111 ricula
728 4065 905 4113 autem
937 4070 1210 4130 amputata
1242 4062 1456 4123 auditus
1495 4064 1800 4121 Judmorum
1840 4075 1950 4133 est,
1984 4071 2121 4125 sicut

529 4150 693 4206 Isaias
739 4151 919 4206 dixit:
969 4153 1209 4222 Domine,
1242 4149 1353 4229 quis
1398 4159 1618 4214 credidit
1664 4162 1864 4216 auditui
1905 4167 2120 4219 nostra?

534 4239 711 4295 Theca
741 4256 871 4297 vero
900 4241 1089 4299 Petrus
1118 4255 1252 4311 erat,
1285 4248 1337 4301 in
1368 4265 1475 4318 quo
1505 4250 1735 4320 Spiritus
1765 4254 1857 4308 Dei
1896 4255 2112 4309 latebat.

988 4424 1015 4457 ῃ
1074 4396 1170 4455 EX
1207 4398 1584 4461 MATTHIEO.
1650 4418 1654 4421 ‘

1138 4566 1143 4572 .
1192 4510 1374 4585 Cum
1414 4514 1455 4570 Ι.

2224 1941 2332 1989 tem
2362 1935 2592 1991 fructum
2634 1936 2932 1993 dulcedinis
2969 1952 3159 1993 eorum
3201 1930 3557 2003 demonstrat,
3586 1952 3822 2007 quorum

2223 2030 2538 2087 credulitate
2564 2038 2621 2087 et
2648 2032 2752 2086 lide
2770 2030 3008 2088 Joannes
3028 2032 3389 2088 saturabatur.

2587 2233 2593 2239 ,
2632 2165 2762 2239 αλιι.
2793 2166 2881 2222 Ν.
2912 2167 2989 2237 De
3018 2168 3139 2237 pula
3162 2175 3223 2243 ψ
3253 2182 3403 2245 area.

2293 2301 2528 2369 Habeas,
2558 2305 2740 2374 inquit,
2771 2304 2947 2375 palam
2974 2306 3028 2358 in
3057 2320 3214 2358 manu
3235 2319 3350 2369 sua,
3380 2302 3618 2375 purgabit
3635 2319 3819 2358 orem

2222 2410 2386 2459 suam,
2429 2404 2479 2448 et
2506 2394 2708 2466 colliget
2749 2396 3059 2467 frumentum
3086 2397 3141 2449 in
3181 2396 3385 2460 horrea,
3428 2396 3600 2466 paleas
3636 2405 3813 2449 autem

2221 2484 2481 2539 comburet
2504 2486 2612 2558 igni
2638 2485 3069 2559 inexstinyuibili.

2304 2578 2500 2637 Arcam
2530 2577 2675 2651 quod
2703 2576 2866 2649 dixit,
2898 2578 3153 2637 mundum
3181 2578 3344 2632 istum
3382 2576 3647 2653 intelligit.
3678 2575 3822 2639 Fru-

2223 2658 2464 2723 mentum
2494 2684 2623 2724 vero
2650 2669 2795 2739 quod
2820 2668 2975 2733 dixit,
3015 2669 3187 2724 sancti
3215 2678 3271 2726 et
3299 2667 3485 2724 ﬁdeles
3513 2669 3820 2740 intelligun-

2224 2758 2525 2829 tur._.Palea
2548 2776 2699 2835 vero,
2723 2776 2938 2835 crucem
2964 2754 3318 2823 demonstrat.
3344 2758 3611 2823 Horreum
3636 2768 3818 2825 autem

2222 2853 2503 2926 paradisus
2549 2862 2653 2928 est,
2686 2854 2777 2917 ubi
2818 2852 2991 2911 sancti
3016 2853 3370 2929 mitigantur;
3404 2852 3576 2933 paleae
3615 2861 3817 2921 autem,

2222 2947 2371 3003 leves
2389 2955 2446 3003 et
2471 2948 2667 3019 perditi
2686 2948 2954 3011 homines.
2981 2947 3075 3016 qui
3101 2948 3157 3003 in
3184 2947 3490 3016 gehennam
3511 2948 3819 3012 mittuntur,

2203 3044 2279 3093 et
2299 3037 2407 3107 igni
2435 3029 2753 3099 exuruntur.
3293 3053 3298 3058 ·

924 3118 1052 3175 CAP.
1095 3120 1227 3175 Vill.
1268 3121 1538 3189 Degladio
1559 3120 1722 3178 Petri.
2143 3118 2209 3218 cl

601 3225 786 3282 Simon
822 3228 981 3299 igitur
1006 3226 1196 3284 Petrus
1225 3229 1417 3286 habens
1444 3232 1700 3303 gladium,
1725 3234 1903 3289 eduxit
1927 3243 1979 3289 et
2000 3253 2121 3309 per-
2201 3259 2206 3262 ·

2569 3126 2700 3195 αλιι,
2730 3127 2793 3184 γ.
2830 3126 2907 3189 De
2928 3126 3135 3207 jejunio
3162 3135 3219 3191 et
3246 3127 3467 3201 templo.

2299 3240 2367 3296 Et
2402 3257 2517 3297 cum
2539 3244 2830 3316 jejunasset
2855 3243 3026 3309 Iesus,
3060 3249 3242 3314 postea
3273 3243 3472 3308 curiit,
3499 3250 3554 3296 et
3578 3242 3717 3296 dixit
3746 3241 3821 3294 ad

2221 3349 2335 3395 cum
2366 3334 2413 3389 is
2452 3334 2539 3407 qui
2580 3343 2741 3401 tentet
2762 3350 2778 3389 :
2803 3331 2866 3391 Si
2893 3324 3073 3399 Filius
3094 3332 3190 3397 Dei
3220 3349 3291 3403 es,
3317 3332 3400 3388 dic
3435 3343 3494 3399 ut
3512 3333 3712 3406 lapides
3731 3332 3820 3391 isti

2221 3440 2381 3495 nam
2409 3424 2561 3495 ﬁam.
2593 3424 2694 3487 Ille
2721 3434 2893 3490 autem
2911 3424 3049 3491 «ﬁuit
3073 3426 3125 3489 ei
3154 3441 3172 3479 :
3205 3421 3331 3493 Non
3357 3426 3413 3485 in
3436 3424 3550 3491 sole
3576 3441 3715 3498 me
3741 3426 3820 3489 vi-

2220 3516 2291 3569 vit
2319 3517 2489 3579 homo,
2519 3516 2611 3570 sed
2637 3517 2692 3570 in
2721 3517 2861 3570 omni
2891 3514 3038 3572 verbo
3066 3515 3185 3570 Dei.
3214 3513 3357 3570 Tunc
3380 3516 3665 3585 catt-psit
3692 3533 3813 3570 eum
3860 3585 3868 3590 ν

2222 3611 2481 3677 diabolus,
2513 3622 2563 3665 et
2589 3614 2771 3666 statuit
2797 3604 2920 3666 eum
2949 3626 3103 3683 super
3140 3608 3352 3684 pinnam
3378 3611 3571 3680 templi,
3593 3619 3646 3663 et
3673 3613 3820 3666 dixit

2221 3702 2299 3755 illi
2329 3718 2346 3756 :
2378 3700 2438 3756 Si
2466 3701 2512 3754 F
2514 3701 2634 3756 ilius
2665 3702 2763 3757 Dei
2791 3719 2866 3769 es,
2898 3703 3047 3757 nolite
3072 3711 3120 3757 ts
3146 3703 3262 3757 hinc
3295 3703 3542 3765 deorsum,
3572 3709 3625 3754 et
3648 3703 3797 3754 exci-

2222 3794 2366 3865 pient
2396 3803 2442 3847 te
2476 3796 2772 3865 angeli,»
2814 3797 2947 3866 forte
2982 3794 3217 3865 ofeudas
3244 3794 3319 3848 ad
3355 3790 3577 3864 lapideis
3613 3792 3807 3864 pedem

2222 3891 2385 3938 mum.
2684 3898 2689 3905 ’

2290 3974 2536 4032 Christus
2559 3972 2807 4045 ieiunans
2834 3990 2935 4032 nos
2958 3977 3249 4041 esuriebat,
3272 3989 3410 4045 quos
3428 3972 3638 4043 iustitia
3663 3981 3824 4030 satu-

2222 4070 2393 4130 rabit:
2425 4069 2631 4140 lapides
2656 4078 2834 4125 autem
2875 4085 2974 4125 nos
2995 4068 3211 4134 fuimus,
3241 4069 3335 4147 qui
3363 4068 3615 4125 duritiam
3634 4068 3827 4147 condis

2218 4148 2523 4219 habuimus.
2556 4163 2837 4232 Templum
2865 4172 3044 4220 autem
3071 4162 3408 4218 Christianos
3434 4161 3685 4219 homines
3723 4160 3815 4215 de-

2219 4262 2505 4321 monstrat,
2537 4253 2704 4310 Paulo
2727 4255 2973 4325 apostolo
3001 4256 3215 4311 dicente
3236 4271 3250 4313 ε
3272 4253 3380 4309 Vos
3399 4254 3531 4309 estis
3557 4254 3829 4324 templum

2219 4346 2334 4401 Dei.
2362 4332 2648 4415 Fastigium
2690 4355 2867 4401 autem
2897 4348 3082 4417 templi
3110 4344 3346 4403 charitas
3374 4356 3491 4411 est,
3520 4356 3619 4417 per
3654 4361 3831 4415 quam

2190 4438 2463 4494 Christus
2492 4442 2543 4495 in
2572 4438 2890 4495 Christianis
2935 4440 3203 4505 ascendit;
3232 4439 3380 4509 quod
3410 4438 3592 4494 autem
3628 4437 3836 4492 diabo-

2146 4526 2194 4587 D
2219 4532 2301 4587 ius
2329 4533 2543 4589 Christo
2571 4533 2731 4599 dixit,
2758 4533 2907 4590 Mitte
2936 4540 2990 4589 te
3016 4534 3087 4589 de
3130 4532 3335 4604 templo
3375 4532 3504 4587 hinc
3545 4531 3835 4596 deorsum,

599 4641 915 4711 Aperientes,
942 4617 1424 4714 inquit,tltesauros
1455 4668 1592 4717 suos,
1624 4653 1978 4712 obtuleruntei
2004 4677 2115 4719 mu-
2144 4691 2175 4711 ν
2217 4625 2425 4719 1‘0ch.
2452 4644 2465 4678 ³
2498 4625 2761 4719 “Ede?”
2789 4624 3005 4719 om”
3035 4632 3093 4680 ω
3118 4624 3188 4719 (ἓθ
3211 4622 3694 4719 ﬂ.“
3720 4621 3843 4678 Ge-

530 4751 674 4800 nera,
707 4751 911 4802 aurum,
930 4736 1044 4802 thus
1058 4746 1107 4792 et
1134 4740 1432 4811 myrrham;
1461 4753 1512 4796 et
1535 4761 1778 4816 responso
1794 4751 1977 4805 moniti
1997 4765 2117 4807 sunt

532 4822 584 4877 in
614 4829 823 4895 somnis,
857 4846 921 4883 ne
947 4838 1317 4905 reverterentur
1339 4834 1410 4895 ad
1439 4834 1715 4913 Herodem,
1740 4841 1832 4894 sed
1848 4859 1938 4915 per
1959 4844 2116 4900 aliam

531 4917 663 4971 uiam
686 4925 901 4991 regressi
919 4936 1055 4980 sunt.
1574 4938 1583 4945 ’
1884 4938 1887 4941 ’

602 5009 982 5091 Tunc'scilicet
1019 5020 1156 5089 magi
1196 5024 1456 5094 praesagio
1484 5024 1702 5097 spiritus
1731 5004 1944 5084 Christo
1992 5048 2112 5087 mu-
2175 5094 2182 5101 ,

530 5117 660 5157 nera
692 5101 1029 5161 aii'erebant:
1082 5128 1292 5183 aurum,
1341 5117 1564 5185 scilicet,
1616 5120 1766 5189 quasi
1814 5123 1953 5192 regi;
2002 5125 2115 5180 thas

530 5204 709 5275 autem
738 5197 892 5268 quasi
921 5197 1054 5269 Deo,
1089 5202 1201 5259 sive
1228 5207 1349 5277 quia
1380 5211 1643 5277 passionis
1693 5213 2144 5273 immolationem'

528 5284 1000 5363 demonstrabant;
1061 5297 1272 5367 myrrha
1334 5290 1511 5357 autem
1566 5304 1853 5374 sepulturae
1907 5308 2115 5377 signum

530 5382 865 5439 ostendebat.
901 5380 1037 5459 hlagi
1068 5399 1244 5446 autem
1275 5392 1374 5462 ipsi
1399 5403 1554 5467 typus
1579 5399 1911 5455 credentium
1941 5412 2112 5459 erant.

532 5469 768 5530 ilerodes
798 5489 981 5535 autem
1027 5481 1222 5536 diaboli
1273 5484 1537 5553 signiﬁcat
1565 5488 1807 5557 ﬁguram.
1840 5490 1993 5558 Quod
2023 5508 2121 5548 au-

533 5575 637 5620 te'n
670 5572 836 5640 magis
862 5573 1062 5633 dictum
1087 5585 1186 5642 est,
1222 5593 1289 5633 ne
1311 5588 1709 5636 reverterentur
1735 5582 1802 5638 ad
1827 5582 2114 5652 Herodem,

534 5659 639 5715 hoc
684 5675 783 5728 est.
814 5668 902 5733 qui
952 5682 1015 5723 ex
1068 5672 1318 5741 gentibus
1346 5672 1415 5727 ad
1460 5672 1732 5739 Christum
1764 5678 2004 5746 veniunt,
2050 5694 2117 5734 ne

534 5766 671 5808 rurs'
691 5772 718 5810 s
744 5756 808 5811 ad
837 5758 1109 5817 diabolum
1138 5772 1496 5821 revertantur.

2217 4716 2519 4771 scenderet.
2550 4715 2628 4772 Ne
2656 4717 2812 4784 forte,
2844 4718 3037 4787 inquit,
3082 4715 3325 4773 edendas
3350 4714 3423 4773 ad
3451 4713 3686 4787 lapidata
3728 4729 3843 4785 ιαμ

2219 4809 2341 4864 dem
2389 4817 2572 4877 tuum;
2619 4811 2723 4867 hoc
2764 4820 2864 4879 est,
2912 4810 3065 4884 quasi
3115 4811 3209 4881 qui
3247 4804 3517 4865 increduli
3550 4820 3848 4875 mas,

2221 4901 2389 4958 'veluti
2419 4902 2674 4958 duritiam
2694 4904 2940 4975 lapidum
2982 4903 3326 4961 haberemus.
3356 4900 3438 4956 Ita
3463 4894 3856 4955 olensionem

2221 5002 2463 5051 nostram
2490 4995 2707 5051 Christo
2734 4995 3042 5066 ohjiciehat.

2900 5093 3028 5164 Car.
3051 5104 3141 5163 Vl.

2291 5221 2420 5277 Esto
2451 5220 2698 5294 benignus
2727 5220 3021 5299 adversario
3051 5229 3137 5277 tuo
3166 5221 3300 5285 cito,
3332 5219 3454 5284 dum
3483 5235 3537 5274 es
3578 5234 3717 5274 cum
3754 5220 3868 5279 ιιιο

2220 5317 2274 5369 in
2302 5315 2385 5369 riu
2403 5354 2417 5380 ,
2451 5330 2515 5368 ne
2555 5315 2687 5386 forte
2715 5311 3041 5371 adversarius
3070 5311 3244 5372 tradat
3283 5321 3331 5366 te
3349 5309 3547 5383 judici,
3576 5315 3629 5363 et
3652 5313 3873 5389 judg-

2223 5404 2494 5471 ministris,
2523 5413 2572 5459 et
2601 5406 2654 5469 in
2685 5422 2940 5460 carcerem
2969 5405 3215 5460 mittaris.
3540 5424 3549 5431 ·

2295 5498 2674 5557 Adversarium
2700 5496 2844 5572 quod
2873 5497 3025 5563 dixit,
3055 5496 3379 5553 exteriorem
3416 5494 3726 5554 hominem
3759 5500 3883 5567 (le.

2222 5598 2505 5656 monstrat.
2536 5591 2641 5646 hoc
2679 5599 2761 5655 est
2806 5588 3093 5658 carnalem,
3134 5605 3259 5646 cum
3297 5604 3407 5667 quo
3433 5585 3538 5644 itér
3567 5584 3881 5654 facimus.

2222 5682 2530 5763 Yiaputem
2559 5683 2840 5751 transitum
2869 5682 3027 5753 hujus
3072 5683 3252 5753 saeculi
3298 5680 3670 5747 demonstrat-
3710 5681 3891 5749 Huic

2224 5788 2354 5853 ergo
2395 5773 2704 5841 adversario
2749 5774 2968 5847 benigni
2995 5776 3182 5847 simus,
3225 5774 3332 5835 hoc
3375 5777 3477 5835 est,
3507 5775 3675 5824 caste
3730 5788 3893 5839 cum
