4088 6346
235 323 330 381 515
422 354 426 367 .

962 326 1481 387 ANNOTATIONES
1513 334 1604 397 AD
1641 331 1956 401 QUEDAU
1995 334 2537 398 EVANGELIORUM
2578 342 2774 402 LOCA.

3395 356 3507 425 ιιι

235 440 329 541 illo.
346 438 604 541 vivamus,
635 440 872 541 uetorte
894 444 972 541 ob
1289 447 1478 506 illicita
1519 449 1695 508 tradat
1722 466 1822 507 nos
1845 453 1902 514 Α
1922 461 2163 513 nostram
2189 454 2535 525 aediﬁcamus,
2565 461 2669 525 hoc
2689 473 2789 530 est,
2809 478 3012 537 corpus
3034 476 3277 533 nostrum
3303 478 3504 541 δειλαί-

229 530 404 603 judici,
430 532 536 588 hoc
563 541 642 588 est
671 532 903 592 Christo.
930 534 999 595 Et
1020 537 1188 607 iudex
1209 539 1432 614 (inquit)
1758 541 1814 601 id

231 634 303 681 est
331 628 570 697 angelis;
602 636 656 683 et
698 630 873 699 angeli
900 631 957 688 in
993 647 1264 691 carcerem
1293 650 1394 691 nos
1442 635 1676 702 tradant,
1706 637 1812 693 hoc

230 726 301 774 est
328 719 381 772 in
410 720 731 790 gehennam.

876 811 1005 870 Car.
1045 813 1157 870 VII.

289 917 528 989 Nesciat,
557 924 739 997 inquit,
768 926 982 983 sinistra
1013 940 1101 982 tua
1138 927 1261 999 quid
1291 930 1455 1001 faciat
1481 931 1666 991 dextra
1697 942 1803 998 tua,

225 1022 273 1068 ut
294 1016 368 1068 ait
393 1014 717 1086 elemosyna
742 1025 830 1075 tua
859 1020 913 1073 in
940 1018 1214 1077 absconso.

289 1106 491 1165 Dextra
520 1122 622 1164 nos
659 1123 871 1174 sumus,
903 1110 1029 1180 quia
1057 1108 1329 1173 Christum
1356 1113 1600 1183 colimus,
1631 1115 1721 1187 qui
1752 1115 1805 1171 in

222 1200 405 1263 dextra
430 1196 605 1255 Patris
630 1198 799 1257 sedet.
828 1198 1055 1257 Sinistra
1078 1212 1258 1259 autem
1285 1200 1453 1261 Judaei
1478 1213 1622 1271 sunt,
1644 1211 1808 1275 atque

221 1291 473 1351 haeretici.
516 1289 751 1351 Proinde
797 1294 1005 1355 nesciat
1044 1296 1260 1353 sinistra
1306 1312 1432 1373 pars
1473 1297 1603 1367 quid
1646 1296 1808 1353 faciat

219 1380 423 1447 dextra,

851 1451 979 1508 Car.
1020 1452 1152 1508 VIII.

281 1566 463 1625 Nolite
489 1566 629 1625 vobis
656 1568 873 1629 condere
896 1568 1164 1633 thesauros
1185 1588 1338 1645 super
1367 1582 1534 1638 terra,
1554 1569 1641 1629 ubi
1670 1572 1806 1629 tinea

215 1668 259 1714 at
303 1670 607 1717 comestura
651 1662 1026 1729 exterminant,
1054 1669 1103 1716 et
1143 1659 1230 1719 ubi
1267 1663 1410 1739 [ures
1450 1663 1703 1737 eﬁ'odiunt
1752 1672 1805 1718 et

214 1758 472 1824 (urantur.
500 1751 863 1815 Thesaurisate
898 1761 1068 1821 autem
1106 1752 1246 1810 vobis
1284 1754 1555 1811 thesauros
1582 1756 1635 1811 in
1656 1756 1797 1821 calo,
1836 1748 1846 1758 ’

214 1844 291 1899 ubi
315 1848 455 1917 fures
484 1862 589 1900 non
614 1845 882 1914 effodiunt,
908 1862 1067 1918 neque
1091 1849 1351 1918 furantur,
1382 1855 1488 1903 etc.
1620 1830 1633 1846 ’

280 1938 500 1993 Terram
540 1954 701 2009 quam
747 1940 900 2004 dixit,
942 1940 1307 1995 habitaculum
1343 1941 1587 2011 corporis
1630 1941 1799 1996 nostri

210 2031 491 2099 signiﬁcat.
521 2029 825 2089 Thesaurus
845 2044 974 2087 vero
1004 2029 1136 2088 ﬁdes
1173 2038 1274 2089 est.
1305 2031 1461 2098 Quod
1490 2046 1619 2101 ergo
1652 2050 1663 2084 :
1694 2032 1800 2085 No-

212 2121 302 2179 lite
333 2123 485 2179 vobis
509 2123 741 2185 condere
771 2123 1055 2181 thesauros
1082 2123 1137 2181 in
1165 2130 1340 2193 terra,
1369 2123 1473 2183 hoc
1500 2131 1601 2190 est,
1634 2123 1803 2185 nolite

213 2215 577 2279 thesauriaarc
606 2215 659 2270 in
685 2229 868 2281 carne,
900 2214 991 2273 ubi
1020 2201 1162 2269 tinea
1188 2214 1404 2286 (inquit)
1421 2213 1677 2280 comedit,
1700 2214 1802 2270 hoc

210 2315 295 2373 est
314 2307 561 2377 avaritia,
588 2307 702 2364 sive
745 2304 948 2373 libido;
978 2313 1033 2359 et
1061 2305 1205 2361 fures
1246 2303 1536 2372 etl‘odiunt,
1567 2307 1673 2363 hoc
1698 2314 1799 2371 est,

209 2398 475 2463 diabolus,
516 2398 607 2469 qui
654 2395 812 2453 iidem
856 2395 1094 2463 iuratur;
1140 2396 1236 2452 sed
1276 2395 1571 2467 :Condite,
1608 2397 1799 2473 inquit,

138 2562 147 2572 ο
209 2491 496 2555 thesauros
522 2490 579 2547 in
607 2489 764 2572 creto,
787 2488 891 2543 hoc
918 2496 1020 2555 est,
1050 2488 1104 2543 in
1132 2488 1343 2560 spiritu,
1370 2489 1462 2559 qui
1488 2489 1683 2547 emtum
1720 2490 1804 2547 in-

210 2582 498 2651 telligitur;
522 2581 661 2641 sicut
692 2566 969 2652 apostolus
996 2577 1195 2639 Paulus
1221 2580 1356 2637 dixit
1384 2599 1398 2634 :
1422 2578 1524 2649 Qui
1564 2581 1798 2647 semina-

213 2675 353 2735 verit
383 2674 435 2737 in
478 2688 659 2743 carne,
686 2673 754 2729 de
803 2687 963 2731 carne
1014 2680 1180 2729 metet
1223 2672 1656 2745 corruptionem;
1704 2674 1798 2745 qui

196 2772 394 2827 autem
424 2765 766 2827 seminaverit
795 2762 863 2833 de
883 2763 1093 2836 spiritu,
1119 2763 1185 2818 de
1213 2764 1403 2835 spiritu
1442 2770 1608 2823 metet
1632 2764 1797 2827 vitam

207 2863 485 2919 autem“
884 2922 993 2979 Car
1053 2923 1123 2980 1x

281 3039 382 3106 Qui
409 3041 547 3102 uides
588 3043 837 3112 {uincam
865 3043 919 3095 in
947 3042 1098 3096 oculo
1128 3042 1308 3112 fratris
1330 3043 1404 3095 tui
1426 3079 1440 3107 ,
1478 3040 1677 3097 trabem
1701 3058 1799 3099 att-

207 3143 310 3195 tetu
335 3134 391 3193 in
411 3132 559 3192 oculo
579 3139 665 3189 tuo
692 3148 795 3186 non
820 3132 1139 3187 consideras.

280 3221 395 3287 "oc
422 3223 490 3285 ad
519 3223 801 3285 haereticos
820 3222 975 3289 dixit,
998 3222 1091 3291 qui
1119 3222 1318 3280 audent
1344 3236 1466 3279 cum
1492 3220 1690 3279 Judmis
1719 3223 1799 3279 al-
1824 3211 1872 3278 C
1902 3222 2094 3273 tamus.

208 3318 423 3381 tercari,
454 3316 521 3375 de
546 3330 776 3385 quorum
823 3314 994 3373 oculis
1023 3313 1259 3369 eximere
1298 3330 1357 3369 se
1394 3321 1585 3385 putant
1631 3315 1797 3371 t'estu-

205 3419 347 3473 cam,
390 3408 493 3465 hoc
531 3415 612 3465 est
652 3420 870 3468 coronae
908 3406 1048 3475 illius
1093 3406 1294 3476 spinea:
1338 3406 1589 3473 festucas,
1640 3419 1697 3464 ut
1740 3408 1795 3465 in

205 3502 377 3556 oculis
403 3500 512 3555 suis
541 3498 749 3553 trabem
778 3512 885 3561 non
910 3498 1165 3562 sentiant,
1197 3498 1301 3557 hoc
1326 3508 1408 3559 est
1434 3500 1608 3555 crucis
1634 3499 1797 3559 ollen-

203 3591 437 3653 slonem.
912 3652 915 3655 .

880 3659 1011 3723 CAP.
1054 3659 1121 3715 X0.

278 3757 529 3845 Nunquid
562 3773 811 3844 colligunt
850 3773 913 3829 de
957 3774 1123 3843 spinis
1164 3789 1319 3838 uvas,
1357 3782 1447 3827 aut
1491 3774 1555 3829 de
1595 3773 1797 3831 tribulis

202 3864 367 3933 ﬁcus?
399 3864 487 3921 Sic.
515 3852 684 3921 omnis
711 3861 866 3917 arbor
893 3863 1030 3917 bona
1059 3861 1220 3918 bonos
1249 3864 1448 3933 fructus
1474 3864 1627 3934 facit;
1658 3863 1797 3919 mala

202 3963 379 4009 autem
408 3951 561 4009 arbor
588 3953 756 4013 malos
785 3954 985 4022 fructus
1007 3952 1157 4022 facit.

281 4041 474 4111 Spinas
492 4057 628 4111 quas
644 4041 779 4105 dixit
805 4050 859 4103 et
879 4042 1122 4109 tribulos,
1155 4042 1390 4101 haereses
1410 4029 1794 4112 intelliguntur,

203 4134 275 4193 de
316 4134 510 4205 quibus
551 4131 781 4193 fructum
822 4132 1047 4202 iustitiae
1086 4147 1247 4188 nemo
1293 4132 1511 4199 colligit,
1546 4133 1649 4187 hoc
1692 4141 1794 4197 εει,

198 4235 471 4298 martyres
498 4242 566 4288 ex
592 4227 857 4287 haereticis
905 4241 1064 4291 nemo
1102 4227 1367 4287 meminit.
1398 4225 1571 4281 Arbor
1616 4234 1796 4285 autem

200 4317 347 4375 mala
376 4324 531 4379 vetus
557 4317 722 4377 homo
748 4324 859 4383 est,
901 4316 994 4386 qui
1042 4316 1216 4375 malos
1250 4314 1454 4371 fructus
1481 4315 1639 4385 facit,
1689 4316 1793 4372 hoc

199 4417 304 4472 est,
355 4414 598 4477 peccata,
648 4407 895 4473 libidines
941 4414 997 4463 et
1044 4407 1355 4473 avaritiam;
1402 4407 1563 4462 arbor
1611 4415 1791 4475 autem

199 4498 361 4562 bona,
395 4515 526 4554 crux
554 4505 657 4562 est,
684 4513 802 4569 quae
828 4498 1060 4557 fructum
1084 4499 1203 4553 vitae
1225 4497 1565 4553 credentibus
1591 4498 1783 4551 attulit.

868 4636 998 4701 (ἐειδ-
1040 4634 1128 4704 XI.

269 4770 452 4826 Omnis
473 4772 558 4842 qui
587 4770 732 4824 audit
758 4767 908 4824 verba
936 4784 1049 4823 mea
1070 4769 1199 4835 hcc,
1230 4778 1281 4823 et
1301 4770 1429 4842 facit
1446 4786 1527 4836 ea,
1550 4769 1787 4825 similalto

193 4880 311 4919 eum
350 4864 456 4917 viro
486 4860 727 4933 sapienti,
757 4861 843 4931 qui
886 4860 1164 4930 wdiﬁcavit
1203 4860 1411 4913 domum
1452 4876 1600 4911 suam
1638 4875 1790 4929 super

192 4967 414 5028 petram.
464 4953 739 5008 Descendit
773 4953 963 5024 pluuia,
1006 4951 1323 5003 advenerunt
1348 4951 1601 5018 ﬂumina,
1634 4950 1792 5018 ﬂaue-

192 5058 315 5103 rtmt
344 5047 499 5111 venti,
530 5055 582 5099 et
604 5047 925 5116 impegerunt
955 5044 1009 5094 in
1046 5042 1253 5094 domum
1281 5041 1446 5103 illam,
1480 5048 1530 5091 et
1557 5055 1660 5092 non
1699 5055 1785 5091 ce-

191 5142 353 5204 cidit;
385 5139 603 5210 fundata
631 5138 767 5192 enim
798 5137 898 5207 fuit
940 5150 1092 5204 super
1128 5142 1349 5203 petram.
1383 5131 1451 5183 Et
1489 5132 1657 5185 omnis
1699 5132 1786 5202 qui

189 5235 342 5287 audit
368 5230 517 5287 verba
548 5247 682 5297 mea,
713 5237 762 5284 et
800 5244 904 5283 non
943 5227 1070 5301 facit
1109 5242 1189 5289 ea,
1240 5223 1477 5278 similabo
1522 5240 1635 5276 eum
1675 5224 1784 5277 uiro

189 5326 379 5390 stulto,
432 5326 515 5397 qui
573 5323 849 5393 ardiﬁcavit
903 5321 1107 5375 domum
1158 5334 1307 5372 suam
1350 5332 1501 5387 super
1543 5331 1776 5369 arenam.

191 5417 471 5471 Descendit
506 5416 699 5486 pluvia,
729 5416 981 5484 [laverunt
1015 5413 1168 5475 uenti,
1195 5409 1530 5481 'impegerunt
1579 5411 1633 5462 in
1685 5409 1779 5464 do-

189 5528 333 5565 mum
358 5510 521 5573 illam,
545 5518 591 5562 et
620 5507 828 5570 cecidit,
861 5515 909 5558 et
938 5507 1077 5576 facta
1106 5511 1181 5557 est
1222 5504 1374 5556 ruina
1420 5503 1535 5571 ejus
1562 5516 1771 5571 magna.

262 5603 424 5661 Petra
478 5602 684 5660 scilicet
730 5593 971 5652 Christus
1008 5604 1107 5661 est,
1156 5603 1343 5649 auctor
1389 5592 1772 5663 apostolorum.

187 5696 420 5752 Domum
445 5702 623 5749 autem
654 5702 816 5757 quam
842 5687 994 5749 dixit,
1026 5686 1385 5740 habitaculum
1408 5682 1657 5753 corporis
1680 5697 1778 5736 no-

186 5790 289 5849 stri
318 5797 415 5843 est.
448 5786 506 5839 In
537 5786 637 5839 hac
666 5781 823 5851 igitur
850 5787 1022 5867 petra,
1052 5779 1159 5833 hoc
1186 5786 1268 5831 est
1292 5775 1527 5839 Christo,
1560 5775 1776 5830 domum

1916 543 2158 639 uocatus,
2190 557 2247 607 ut
2267 565 2391 611 cum
2420 550 2637 617 ﬂumina
2662 563 2718 615 et
2743 566 2936 621 ventus
2973 563 3237 631 venerint.
3260 566 3371 625 hoc
3395 582 3497 639 est,
3531 570 3535 574 ’

1914 636 2147 708 impetus
2187 641 2580 708 persecutionis
2619 653 2677 705 et
2708 650 2990 717 procellae,
3024 652 3235 723 impulsi
3280 674 3385 713 non
3409 636 3502 717 ca;

1913 728 2123 787 damus.
2155 730 2332 791 Arena
2360 743 2538 793 autem
2576 753 2686 797 non
2713 740 2857 801 aliud
2880 758 3043 812 quam
3082 746 3313 809 haereses
3342 751 3499 809 intel-

1912 822 2169 890 linuntur.
2200 841 2320 895 tium
2344 829 2493 885 omni
2522 837 2843 901 tempestate
2863 836 3167 895 volvuntur.
3199 840 3376 913 Super
3401 846 3500 913 igi-

1915 919 2002 966 tur
2018 913 2156 970 hanc
2175 931 2414 984 arenam,
2437 919 2540 975 hoc
2561 929 2663 988 est,
2682 923 2945 993 haeresim,
2959 930 3265 1002 quicunque
3282 935 3499 993 domum

1910 1018 2065 1059 suam
2090 1003 2464 1075 tediticaverit,
2496 1013 2691 1070 stultus
2716 1021 2820 1069 est.
2850 1015 2975 1073 Mox
3006 1020 3148 1075 enim
3186 1023 3501 1083 advenerim

2162 1107 2223 1193 et
2262 1102 2431 1168 venti,
2457 1103 2562 1163 hoc
2596 1115 2683 1165 est
2723 1106 2959 1193 impetus
2996 1116 3403 1186 persecutionis,
3446 1126 3501 1176 et

1909 1188 2055 1253 illico
2082 1190 2257 1251 cadet.

2552 1264 2681 1321 Car.
2720 1266 2832 1325 XII.

1980 1375 2107 1434 Non
2133 1388 2379 1449 possunt,
2406 1382 2598 1454 inquit,
2629 1384 2730 1454 ﬂii
2754 1387 2932 1456 sponsi
2954 1387 3196 1459 jejtttutre
3218 1430 3233 1457 ,
3261 1393 3491 1463 gaudia

1907 1487 2024 1525 cunt
2050 1470 2156 1526 illis
2183 1481 2262 1526 est
2287 1489 2522 1543 sponsus.
2557 1474 2773 1535 Veniant
2791 1488 2960 1557 autem
2987 1478 3114 1542 dies.
3139 1484 3402 1554 auferetur
3426 1486 3491 1545 ab

1905 1564 1981 1618 eis
2034 1580 2275 1634 sponsus,
2318 1574 2369 1620 et
2408 1574 2526 1621 tunc
2557 1566 2871 1638 jejunabttnt
2917 1570 3024 1627 illis
3068 1570 3260 1635 diebus.
3318 1572 3490 1633 Nettto

1906 1664 2077 1710 autem
2103 1657 2331 1710 inmittit
2357 1658 2749 1715 commissuram
2781 1664 2943 1731 panni
2971 1663 3113 1719 rudia
3141 1666 3195 1721 in
3222 1669 3491 1725 testim.

1907 1753 2017 1800 tsutt
2042 1756 2201 1812 vetata,
2234 1748 2369 1802 tollit
2396 1749 2535 1803 enim
2561 1749 2930 1820 plenitudinem
2958 1753 3068 1823 ejus
3108 1771 3140 1811 a
3169 1757 3487 1823 ocatiutento,

1830 1838 1881 1897 Β
1905 1847 1955 1893 et
1981 1838 2149 1910 major
2169 1840 2395 1894 scissura
2422 1839 2515 1909 ﬁt;
2543 1842 3008 1913 nequeimtttittunt
3033 1845 3204 1905 ritum
3231 1863 3415 1909 natum
3434 1852 3488 1905 in

1899 1939 2041 1984 utres
2082 1939 2293 1996 veteres,
2327 1932 2554 2004 alioquin
2594 1934 2786 2002 rumpit
2825 1936 2999 1990 vinum
3035 1945 3193 2001 utres,
3227 1947 3277 1992 et
3321 1942 3489 1995 uinum

1900 2022 2031 2092 perit
2056 2031 2105 2074 et
2131 2030 2294 2075 utres.
2328 2022 2435 2076 Sed
2471 2024 2680 2077 mittunt
2718 2026 2891 2080 uinum
2919 2043 3104 2082 novum
3132 2029 3187 2082 in
3223 2038 3362 2084 utres
3393 2047 3490 2085 no-

1899 2130 2006 2181 uos,
2036 2123 2088 2168 et
2111 2124 2327 2189 utraque
2345 2127 2633 2177 tendutur.

1971 2203 2233 2275 Sponsus,
2262 2205 2509 2263 Christus
2534 2217 2647 2276 est;
2680 2208 2775 2265 ﬁlii
2813 2218 2993 2267 autem
3020 2215 3225 2285 sponsi,
3253 2232 3352 2272 nos
3388 2220 3482 2273 su-

1901 2312 2041 2353 mus.
2073 2295 2307 2353 Proinde
2345 2300 2390 2353 si
2418 2300 2512 2369 qui
2554 2301 2770 2358 lectioni
2795 2305 3063 2375 persistit,
3106 2322 3213 2363 non
3255 2308 3485 2379 ieiunat,

1903 2389 2028 2460 quia
2057 2405 2286 2460 sponsus
2305 2407 2425 2445 cum
2450 2392 2541 2447 illo
2562 2401 2664 2456 est,
2700 2394 2792 2464 qui
2813 2403 2896 2451 est
2914 2394 3176 2465 Christus,
3198 2400 3290 2468 qui
3312 2400 3482 2456 dixit:

1899 2479 2017 2551 Ego
2043 2496 2161 2537 sum
2205 2484 2359 2553 panis
2377 2484 2529 2552 vitm;
2562 2493 2618 2540 et
2644 2494 2772 2547 tunc
2800 2488 3057 2560 incipiant
3096 2488 3360 2561 ieiunare.
3393 2493 3479 2549 ln--

1898 2570 2211 2633 dumentum
2246 2582 2425 2632 autem
2474 2590 2675 2635 notum
2710 2577 2983 2637 hominem
3019 2595 3218 2638 novum
3254 2582 3478 2641 demon-

1898 2673 2062 2731 strat,
2095 2673 2249 2721 vetus
2292 2674 2474 2723 autem
2513 2668 2885 2739 indumentum
2923 2680 3164 2728 veterem
3206 2675 3480 2735 hominem

1896 2756 2180 2826 signth.
2212 2755 2270 2813 Si
2296 2760 2415 2827 quis
2440 2773 2571 2829 ergo
2589 2760 2863 2817 hominem
2891 2762 3222 2829 interiorem,
3240 2764 3353 2837 oboc
3376 2774 3477 2830 est,

1897 2850 2214 2920 spiritalem,
2263 2849 2606 2920 coniunxerit
2648 2868 2772 2913 cum
2817 2855 3105 2920 exteriore,
3138 2854 3190 2909 id
3230 2866 3333 2919 est,
3362 2870 3481 2915 car-

1900 2942 2029 3007 nali,
2060 2938 2319 3010 majOrem
2341 2943 2626 2997 scissuram
2650 2942 2791 2999 facit.
2814 2944 3008 2999 Vinum
3029 2946 3232 3003 scilicet
3259 2963 3479 3015 norum,

1900 3039 2292 3088 sacramentum
2320 3040 2419 3087 est.
2472 3018 2629 3089 Utres
2654 3022 2832 3089 autem
2854 3044 3084 3102 veteres,
3118 3035 3283 3092 Judaai
3335 3045 3477 3094 sunt.

1903 3121 2065 3181 Utres
2088 3137 2218 3179 vero
2240 3124 2366 3179 novi
2412 3140 2512 3181 nos
2539 3140 2754 3193 sumus,
2782 3126 2876 3197 qui
2920 3127 2991 3185 de
3027 3126 3130 3185 hoc
3164 3136 3344 3187 musto
3387 3144 3477 3200 μοι

2516 3286 2645 3345 Car.
2700 3286 2836 3345 XIII.

1967 3401 2102 3458 Ecce
2118 3405 2302 3459 mulier
2331 3404 2599 3475 sanguinis
2619 3403 2926 3473 proﬂuuium
2953 3402 3172 3459 habebat
3192 3419 3284 3473 per
3310 3419 3473 3459 annos

1898 3493 2182 3556 duodecim,
2206 3504 2255 3548 et
2276 3496 2489 3548 accessit
2510 3504 2666 3556 retro,
2683 3501 2734 3547 et
2764 3495 2929 3563 tetigit
2953 3493 3307 3551 uestimentum
3326 3494 3473 3563 ejus;

1897 3585 2099 3638 dicebat
2124 3586 2260 3639 enim
2280 3587 2421 3638 intra
2443 3599 2499 3639 se
2523 3582 2626 3637 :Si
2666 3584 2878 3655 tetigero
2900 3592 3096 3646 tantum
3123 3584 3472 3651 vestimentum

1896 3676 2025 3746 ejus,
2068 3674 2212 3739 salua
2251 3691 2358 3729 ero.
2385 3672 2486 3728 Ille
2525 3683 2695 3728 autem
2733 3673 2866 3729 dixit
2903 3673 2973 3728 ad
2991 3670 3269 3745 discipulos
3312 3693 3471 3732 suos:

1900 3765 2025 3831 Quis
2046 3784 2127 3821 me
2168 3767 2369 3838 tetigit?
2412 3765 2553 3821 sensi
2569 3766 2706 3820 enim
2747 3783 2780 3819 a
2808 3782 2888 3820 nte
2921 3766 3088 3820 exisse
3114 3767 3370 3823 virtutem.
3413 3767 3475 3819 At

1896 3858 1981 3912 ubi
2006 3858 2129 3913 vidit
2172 3859 2354 3912 mulier
2391 3859 2485 3912 illa
2524 3872 2640 3928 qua:
2672 3858 2908 3929 tetigerat
2932 3857 3289 3908 uestimentum
3327 3856 3472 3925 ejus,

1899 3965 1999 4002 non
2032 3965 2180 4017 posse
2204 3949 2382 4013 celari,
2416 3946 2633 4019 procidit
2655 3942 2724 3999 ad
2752 3944 2905 4016 pedes
2931 3944 3063 4014 ejus,
3095 3945 3268 3999 dicens
3298 3944 3472 4017 :Ego,

1898 4041 2137 4104 Domine,
2166 4042 2325 4111 tetigi,
2350 4041 2470 4111 quia
2490 4038 2741 4109 proﬂuvio
2759 4034 3005 4093 vexabar.
3027 4034 3315 4091 Itle‘autem
3342 4037 3475 4091 dixit

1898 4132 1963 4198 ei,
1997 4130 2157 4196 Filia,
2178 4131 2308 4201 ﬁdes
2337 4136 2427 4183 tua
2452 4138 2501 4183 te
2519 4128 2712 4182 taleam
2740 4127 2879 4200 fecit.

1968 4223 2128 4279 Facta
2156 4230 2280 4277 sunt
2306 4222 2405 4276 ista
2426 4218 2604 4277 omnia
2623 4257 2638 4283 ,
2679 4218 2774 4274 sed
2802 4218 3001 4273 habent
3029 4218 3362 4289 spiritualem
3392 4219 3474 4273 ia-

1896 4315 2183 4371 tellectum.
2217 4313 2347 4367 Nam
2376 4312 2568 4368 mulier
2605 4312 2658 4367 in
2687 4306 3003 4381 proﬂuvium
3049 4310 3323 4379 sanguinis
3341 4326 3473 4383 cons

1891 4424 2067 4473 versa,
2099 4407 2369 4472 Ecclesia;
2400 4406 2453 4460 in
2482 4404 2635 4474 cujus
2663 4392 2947 4471 imaginem
2968 4400 3077 4470 jam
3103 4409 3231 4457 tunc
3261 4402 3471 4456 Macha-

1891 4500 2004 4554 bma
2030 4498 2391 4567 iugulabatur,
2430 4496 2583 4565 cujus
2629 4494 2847 4562 sanguis
2867 4493 2919 4547 in
2961 4493 3193 4563 imagine
3220 4491 3470 4547 Ecclesia»

1786 4576 1865 4637 ’Β
1890 4590 2207 4662 proﬂuebat.
2242 4588 2470 4645 Veniens
2495 4594 2673 4651 autem
2695 4584 2957 4650 Christus,
2986 4585 3200 4652 sanguis
3229 4584 3344 4652 ejus
3356 4584 3466 4652 jam

1892 4689 1996 4736 no’n
2028 4684 2079 4737 in
2110 4680 2427 4752 proﬂuvium
2471 4678 2678 4740 mortis,
2722 4676 2815 4731 sed
2846 4677 2899 4730 in
2946 4676 3255 4747 martyrium
3285 4676 3468 4741 gloria:

1892 4773 2185 4827 translatus
2206 4778 2308 4826 est.
2337 4767 2724 4823 Vestimentum
2754 4777 2934 4820 autem
2963 4765 3079 4833 ejus
3106 4764 3248 4835 quod
3273 4765 3464 4832 tetigit,

1890 4879 2087 4933 corpus
2108 4860 2303 4915 Christi
2325 4868 2408 4914 est
2440 4877 2452 4911 :
2484 4858 2629 4928 quod
2655 4864 2712 4911 et
2741 4872 2837 4911 nos
2867 4855 3193 4923 attingimus,
3224 4864 3278 4908 et
3303 4871 3466 4911 sana-

1893 4970 2040 5018 mur;
2070 4951 2353 5005 duodecim
2383 4956 2561 5002 autem
2591 4960 2762 5000 annos
2789 4945 3153 5015 apostolorum
3184 4961 3460 5002 numerum

1887 5042 2238 5095 demonstrat.

2516 5103 2647 5164 Car.
2686 5102 2822 5163 XIV.

1958 5221 2091 5275 Ecce
2117 5235 2229 5291 ego,
2263 5216 2452 5286 inquit,
2477 5218 2622 5273 mitto
2649 5233 2737 5271 ros
2772 5219 2905 5273 sicut
2942 5233 3055 5271 oues
3083 5218 3136 5268 in
3170 5191 3336 5267 medio
3360 5184 3457 5264 Ἶσι-

1896 5330 2101 5384 porum.
2133 5310 2338 5376 Estote,
2384 5310 2580 5378 inquit,
2613 5309 2884 5379 prudentes
2922 5311 3052 5361 sicut
3095 5313 3381 5372 serpentes,
3411 5308 3461 5355 et

1884 5406 2145 5476 simplices
2164 5407 2294 5458 sicut
2321 5401 2585 5458 columba'.

1953 5500 2134 5568 Lupos
2171 5512 2307 5567 quos
2334 5497 2483 5557 dixit,
2518 5500 2889 5563 persecutores
2930 5486 3099 5541 nostri
3142 5494 3284 5540 sunt.
3316 5486 3456 5545 Oves

1882 5600 2061 5648 autem
2088 5605 2187 5645 nos
2213 5582 2415 5651 sumus,
2447 5586 2536 5654 qui
2560 5591 2806 5650 tempore
2845 5574 3231 5646 persecutionis
3255 5592 3285 5633 a
3315 5577 3454 5649 lupis

1879 5697 2207 5741 coercentur.
2236 5679 2340 5733 Sed
2370 5670 2767 5739 estote.iuquil.
2800 5665 2962 5720 astuti
2989 5664 3127 5719 Sicut
3152 5679 3448 5739 serpentes,

1880 5782 1934 5829 et
1961 5772 2228 5840 simplices
2252 5769 2390 5822 sicut
2414 5759 2704 5817 columbas:
2727 5750 2833 5815 hoc
2855 5763 2955 5819 es).
2986 5755 3125 5812 sicut
3147 5774 3369 5832 stirpem
3396 5765 3445 5821 ε.
