4088 6346
663 367 772 429 575

1994 337 2260 406 unum:
2299 350 2604 407 JUNIORIS
3804 344 3905 404 576

665 486 982 545 necessitate
1009 481 1194 536 mortis
1221 482 1379 548 caput
1407 491 1562 531 suum
1592 474 1751 539 celat,
1805 485 2005 540 corpus
2056 475 2237 521 autem
2266 468 2313 525 Α
2342 464 2486 533 quod
2515 465 2572 518 in
2613 464 2863 534 passione
2892 463 3088 520 Christi
3117 464 3361 518 turbatus
3388 467 3469 515 est
3493 498 3507 522 ,
3552 466 3610 511 ut
3637 458 3797 511 etiam
3824 475 3902 514 ne-

664 593 821 636 suum
845 573 1005 630 morti
1034 572 1220 636 tradit;
1253 571 1329 623 ita
1355 578 1411 623 et
1432 583 1530 622 nos
1551 572 1714 635 caput
1734 570 1999 625 nostrum,
2016 561 2121 614 hoc
2139 564 2244 620 εει,

662 669 962 730 Christum,
1016 662 1254 717 colamus
1301 657 1638 721 conﬁtendo;
1688 669 1884 723 corpus
1919 659 2098 705 autem
2146 663 2249 702 no-

664 770 834 816 strum
861 757 1001 826 lupis
1054 754 1347 808 tradamus.
1380 749 1638 806 Columba
1661 754 1841 800 autem
1870 742 2110 798 Ecclesia
2139 749 2243 805 est,

664 849 816 919 cujus
842 846 952 911 ﬁlii,
976 844 1189 915 quoties
1217 845 1289 899 ob
1315 857 1507 897 nomen
1537 837 1738 894 Christi
1757 835 2096 898 occiduntur,
2113 845 2247 901 gau-

662 943 791 997 dent
820 949 875 995 et
900 938 1192 994 exsultant.

1318 1003 1448 1059 CAP.
1489 1000 1601 1056 XV.

738 1123 931 1178 Nonne
957 1123 1058 1179 duo
1087 1137 1320 1199 passeres
1346 1135 1462 1173 asse
1492 1117 1747 1172 veneunt?
1771 1126 1825 1169 et
1866 1130 1996 1167 unus
2031 1109 2114 1167 ex'
2136 1111 2240 1165 illis

663 1233 770 1270 non
809 1215 956 1268 cadet
988 1214 1044 1267 in
1073 1210 1209 1266 terra
1246 1212 1358 1265 sine
1385 1209 1644 1264 voluntate
1674 1206 1852 1260 Patris
1880 1204 2034 1259 restri
2059 1205 2145 1273 qui
2185 1204 2241 1255 in

663 1309 802 1363 cretis
827 1316 922 1360 est.

734 1400 878 1453 Duos
900 1411 1152 1468 passeres
1174 1410 1311 1464 quos
1346 1392 1510 1457 dixit,
1542 1391 1761 1461 spiritus
1787 1396 1843 1442 et
1870 1388 2049 1441 anima
2079 1385 2243 1440 intel-

666 1495 935 1562 liguntur;
966 1490 1105 1545 sicut
1130 1489 1185 1541 in
1213 1485 1420 1560 psalmo
1445 1484 1579 1539 dixit
1606 1500 1629 1535 :-
1652 1481 1844 1535 Anima
1891 1485 2074 1532 nostra
2107 1476 2247 1531 sicut

669 1599 859 1655 passer
875 1588 1057 1651 erepta
1078 1587 1161 1634 est
1195 1578 1263 1633 de
1308 1577 1503 1646 laqueo
1526 1573 1852 1628 venantium.
1902 1569 2034 1625 Asse
2064 1576 2244 1623 autem
2294 1588 2298 1592 ί

668 1674 811 1743 quod
837 1672 989 1736 dixit,
1016 1668 1294 1736 denarium
1322 1664 1444 1720 ﬁdei
1470 1671 1571 1729 est,
1615 1678 1647 1716 a
1688 1676 1795 1731 quo
1835 1675 1957 1714 eum
1978 1659 2241 1713 venimus.

667 1765 831 1820 Terra
851 1770 1031 1817 autem
1059 1761 1223 1815 homo
1251 1759 1366 1827 ipse
1394 1764 1496 1823 est,
1518 1756 1610 1824 qui
1629 1754 1745 1808 sine
1773 1751 1948 1806 Patris
1970 1750 2247 1805 voluntate

665 1873 765 1913 nec
792 1856 1042 1919 animam,
1071 1868 1170 1907 nec
1193 1850 1439 1922 spiritum
1469 1855 1649 1917 potest
1675 1846 1939 1915 accipere.

1290 1985 1421 2039 CAP.
1469 1981 1608 2037 XVI.

745 2123 917 2188 Venit,
959 2121 1145 2188 inquit,
1175 2118 1326 2172 Jesus
1364 2119 1420 2171 in
1466 2130 1805 2188 synagogam,
1853 2115 2138 2167 etlinvenit
2174 2112 2246 2166 ibi

624 2212 634 2220 ’
665 2218 921 2273 hominem
951 2212 1220 2268 habentem
1246 2227 1458 2266 manum
1483 2208 1705 2274 aridam,
1728 2216 1777 2262 et
1799 2206 1930 2261 dixit
1949 2207 2030 2260 illi
2055 2205 2242 2260 Iesus:

664 2308 902 2366 Extende
928 2322 1136 2360 manum
1159 2314 1316 2367 tuam,
1340 2310 1390 2356 et
1408 2301 1640 2356 extendit
1664 2315 1895 2364 manum,
1927 2307 1976 2352 et
2005 2299 2145 2369 facta
2169 2305 2247 2351 est

667 2417 798 2456 sana
822 2402 953 2454 sicut
979 2400 1164 2452 altera.

738 2497 901 2551 Facta
927 2503 1051 2550 sunt
1077 2496 1179 2549 ista
1205 2494 1383 2548 omnia
1401 2532 1416 2557 ,
1443 2491 1539 2546 sed
1566 2491 1765 2546 habent
1805 2490 2136 2560 spiritualem
2166 2489 2247 2542 in-

670 2591 960 2645 tellectum.
1005 2588 1137 2642 Nam
1173 2586 1377 2642 aridam
1405 2586 1596 2642 eodem
1642 2585 1777 2640 dixit
1804 2601 2039 2650 manum,
2084 2583 2250 2639 infru-

668 2682 843 2738 ctuosi
870 2681 1102 2735 hominis
1123 2678 1358 2733 ostendit
1388 2675 1954 2748 personam.‘Proinde
1993 2674 2249 2730 Dominus

668 2773 805 2830 dixit
828 2773 894 2839 ad
922 2788 1044 2827 eum
1079 2791 1091 2825 :
1124 2770 1366 2826 Extende
1395 2784 1615 2841 manum
1642 2777 1810 2835 tuam,
1854 2776 1915 2823 ut
1952 2769 2251 2841 eleemosy-

669 2878 813 2928 nam,
845 2869 966 2919 cum
996 2860 1378 2927 misericordia,
1410 2867 1633 2916 extensa
1661 2875 1822 2915 manu
1842 2860 2093 2931 pauperis
2119 2876 2248 2932 por--

670 2968 925 3025 "gamus.
1278 3023 1409 3079 CAP.
1450 3022 1609 3077 XVII.

746 3135 930 3190 Simile
958 3145 1053 3198 est,
1095 3136 1281 3207 inquit,
1332 3150 1547 3206 regnum
1586 3133 1827 3189 caelorum
1861 3135 2100 3191 thesauro
2126 3136 2248 3191 abs-

674 3244 830 3283 conso
856 3229 911 3281 in
957 3235 1104 3298 agro,
1135 3243 1283 3299 quem
1321 3229 1405 3300 qui
1443 3228 1690 3281 inuenerit
1736 3228 1885 3283 homo
1923 3229 2245 3296 absconsum,
2277 3215 2325 3280 C

673 3319 825 3375 vadet
841 3328 893 3373 et
917 3317 1098 3373 vendet
1116 3319 1288 3372 omnia
1312 3334 1427 3389 qua:
1453 3316 1621 3383 habet,
1640 3326 1690 3372 et
1715 3328 1847 3372 emet
1873 3336 2055 3390 agrum
2082 3321 2250 3374 illum.

742 3410 885 3479 Ager
928 3409 1034 3475 hic,
1076 3404 1303 3464 mundus
1348 3417 1459 3473 est;
1500 3409 1782 3463 thesaurus
1822 3417 1998 3463 autem
2041 3411 2094 3464 in
2124 3425 2253 3478 agro

673 3500 984 3567 absconsus,
1015 3499 1279 3563 Christus,
1302 3501 1394 3569 qui
1424 3500 1582 3554 latuit
1606 3500 1851 3555 triduana
1872 3501 1959 3554 illa
1981 3501 2249 3570 passione,

674 3592 787 3646 sive
831 3592 924 3660 qui
966 3603 1093 3659 ager
1120 3590 1399 3661 paradisus
1438 3600 1523 3646 εει
1555 3610 1567 3644 :
1612 3591 1896 3647 thesaurus
1938 3580 2250 3647 autem‘vita

676 3691 874 3737 aeterna
894 3690 995 3737 est.
1023 3681 1251 3737 Proinde
1265 3683 1559 3737 vendamus
1585 3681 1839 3751 quidquid
1860 3682 1913 3735 in
1933 3682 2036 3736 hoc
2055 3683 2251 3737 sacculo

676 3773 951 3837 habemus,
985 3780 1043 3828 ut
1062 3770 1127 3829 ad
1151 3774 1299 3828 illum
1323 3787 1509 3842 agrum
1538 3772 1925 3843 perveniamus.

1277 3904 1406 3959 CAP.
1449 3904 1630 3961 XVIII.

743 4038 815 4093 Et
839 4041 1007 4110 coegit
1024 4039 1305 4109 discipulos
1332 4048 1388 4092 ut
1415 4039 1752 4094 escenderent
1781 4056 1983 4105 navem,
2006 4048 2055 4093 et
2081 4055 2255 4111 proce-

677 4131 854 4184 derent
881 4139 1025 4183 trans
1046 4147 1209 4193 mare,
1242 4130 1402 4184 donec
1431 4132 1710 4184 remitteret
1738 4129 1932 4185 turbas.
1961 4129 2125 4186 Navis
2154 4148 2250 4185 au-

677 4230 779 4275 tem
822 4223 937 4291 jam
967 4230 1078 4275 erat
1113 4224 1168 4275 in
1205 4223 1374 4276 medio
1420 4225 1552 4277 mari
1605 4224 1844 4293 ﬂuctibus
1875 4225 2113 4290 turbata,
2154 4229 2253 4298 fuit

679 4312 814 4364 enim
854 4314 1141 4365 contrarius
1181 4319 1376 4365 ventus.
1427 4311 1625 4375 Quarta
1652 4323 1821 4367 autem
1875 4316 2047 4386 vigilia
2087 4319 2252 4370 noctis

679 4403 806 4457 abiit
834 4402 904 4455 ad
941 4402 1059 4455 illos
1088 4400 1354 4456 ambulans
1383 4403 1436 4456 in
1462 4406 1594 4458 mari
1628 4414 1677 4457 ct
1718 4422 1833 4459 cum
1861 4406 2092 4460 uiderent
2116 4423 2249 4472 eum,
2296 4440 2299 4441 ν

678 4492 867 4547 turbati
899 4501 1037 4547 sunt.
1065 4492 1211 4547 Dixit
1240 4502 1410 4547 autem
1450 4494 1630 4549 Simon
1659 4494 1850 4550 Petrus
1881 4513 1899 4550 :
1936 4496 2177 4561 Domine,
2204 4500 2250 4551 si

676 4595 831 4652 tuCes,
872 4584 998 4654 jube
1036 4600 1116 4637 me
1151 4583 1323 4637 uenire
1360 4583 1429 4636 ad
1457 4594 1505 4637 te
1544 4601 1697 4655 super
1724 4603 1905 4657 aquas.
1938 4589 2005 4639 At
2032 4588 2120 4642 ille
2142 4591 2249 4642 ait:
2276 4587 2331 4647 D

684 4678 844 4740 Veni;
874 4686 925 4731 et
957 4676 1271 4731 descendens
1300 4675 1491 4730 Petrus
1517 4694 1669 4748 super
1696 4695 1883 4749 aquam
1925 4678 2237 4744 ambulabat,

673 4780 727 4823 ut
750 4772 945 4823 ueniret
973 4769 1041 4821 ad
1059 4768 1257 4823 Iesum.
1297 4768 1490 4822 Videns
1518 4779 1685 4824 autem
1714 4769 1903 4824 Petrus
1930 4771 2143 4839 ﬂuctum
2171 4790 2255 4827 va-

675 4859 835 4912 lidum
855 4861 1135 4913 venientem
1164 4859 1233 4912 ad
1259 4876 1331 4925 se,
1363 4861 1548 4924 timuit,
1578 4868 1629 4913 et
1655 4876 1770 4913 cum
1806 4863 2037 4929 cwpisset
2066 4866 2246 4934 mergi,

675 4948 913 5001 clamavit
936 4949 1141 5003 dicens:
1163 4948 1398 5015 Domine,
1426 4950 1625 5004 salvum
1650 4967 1730 5004 me
1758 4952 1863 5021 fac,
1893 4959 1997 5005 etc.

746 5037 890 5092 Mare
918 5038 1124 5092 scilicet
1152 5040 1401 5117 saeculum
1445 5050 1557 5104 est;
1605 5041 1760 5094 navis
1788 5049 1969 5096 autem
1997 5041 2051 5095 in
2079 5055 2240 5109 quam

675 5128 903 5209 apostoli
930 5127 1300 5192 asCenderunt,
1331 5127 1571 5183 Ecclesia
1592 5133 1693 5184 est.
1719 5130 1873 5196 Quod
1894 5139 2071 5184 autem
2088 5130 2241 5196 dixit,

675 5216 919 5275 fluctibus
940 5218 1152 5274 turbata
1180 5228 1279 5283 εει,
1303 5221 1404 5275 hoc
1430 5229 1541 5284 est,
1571 5222 1714 5289 quod
1742 5221 1981 5276 Ecclesia
2001 5236 2249 5291 persecu-

674 5315 821 5369 tione
864 5314 1122 5384 pulsatur.
1154 5312 1356 5368 Ventus
1403 5322 1580 5367 autem
1619 5316 1956 5377 contrarius,
2000 5313 2244 5369 diabolus

598 5390 613 5397 ’
671 5412 773 5468 est,
802 5405 890 5472 qui
922 5403 1173 5459 Ecclesiae
1200 5404 1499 5459 contrarius
1526 5413 1624 5459 est.
1657 5404 1808 5471 Quod
1856 5413 2036 5460 autem
2084 5404 2238 5470 dixit,

670 5505 857 5563 quarta
886 5495 1063 5563 vigilia
1109 5496 1280 5549 noctis
1309 5496 1455 5549 venit
1500 5496 1569 5549 ad
1596 5510 1722 5557 eos,
1753 5497 2033 5551 ambulans
2078 5512 2240 5565 super

672 5601 838 5649 mare,
867 5585 968 5651 hoc
1014 5594 1115 5653 est,
1158 5586 1300 5656 quod
1339 5587 1513 5642 lucem
1542 5586 1814 5654 Evangelii
1860 5588 2016 5642 nobis
2042 5588 2238 5653 attulit,

673 5678 762 5743 qui
803 5677 857 5730 in
903 5678 1076 5733 noctis
1128 5678 1423 5746 ignorantia
1477 5678 1807 5746 jacebamus.
1857 5675 2013 5742 Quod
2061 5686 2239 5733 autem

662 5766 842 5831 dixit.
867 5768 1110 5821 turbatus
1136 5778 1217 5837 est
1236 5838 1243 5845 .
1263 5768 1452 5823 Petrus
1479 5770 1589 5825 visa
1620 5776 1954 5837 tempestate,
1986 5770 2088 5827 hoc
2116 5779 2196 5825 est
2219 5812 2232 5837 ,

2272 1843 2323 1902 B

2351 554 2526 623 gando
2555 553 2685 609 ﬁdes
2707 553 2823 623 ejus
2842 554 3291 622 submergeretur.

2978 668 3105 725 CAP.
3147 668 3287 723 XIX.

2418 782 2569 837 Iesus
2594 770 2774 837 autem.
2802 783 2934 837 dixit
2961 782 3227 853 discipulis
3248 782 3392 835 suis:
3415 780 3601 843 Amen,
3628 779 3747 831 dico
3770 780 3901 838 vobis,

2347 875 2467 944 quia
2510 874 2713 945 difficile
2747 875 2885 928 dives
2926 873 3139 929 intrabit
3179 875 3235 927 in
3272 888 3486 944 regnum
3524 869 3785 925 calorum.
3817 869 3902 922 lte-

2346 980 2461 1018 rum
2491 965 2606 1018 dico
2631 964 2770 1020 vobis
2790 980 2806 1017 :
2830 963 3035 1036 facilius
3058 973 3133 1017 est
3154 962 3405 1016 camelum
3432 978 3525 1031 per
3546 962 3781 1031 foramen
3805 975 3900 1011 am

2347 1057 2590 1121 transire,
2611 1073 2762 1128 quam
2792 1055 2993 1110 divitem
3020 1058 3075 1110 in
3101 1071 3311 1126 regnum
3342 1052 3456 1108 Dei.

2418 1150 2646 1205 Divitem
2676 1151 2930 1221 populum
2954 1149 3232 1204 Judaicum
3269 1148 3424 1214 dixit,
3452 1148 3547 1217 qui
3581 1162 3705 1203 cum
3735 1146 3897 1202 divitiis

2348 1242 2413 1295 de
2441 1242 2674 1314 Egypto
2702 1242 2966 1303 exierunt,
2998 1240 3065 1295 de
3092 1255 3200 1308 quo
3231 1240 3281 1293 in
3313 1239 3520 1309 psalmo
3548 1238 3706 1304 dixit,
3732 1237 3896 1292 Divites

2346 1343 2607 1403 eguerunt
2634 1343 2689 1388 et
2716 1333 3036 1389 esuriemut.
3062 1327 3314 1386 Camelus
3341 1339 3523 1386 autem
3552 1345 3656 1385 nos
3698 1328 3893 1391 fuimus,

2345 1427 2438 1496 qui
2468 1426 2599 1481 nihil
2627 1432 2833 1481 rectum
2863 1425 2915 1479 in
2958 1424 3112 1479 nobis
3140 1423 3454 1488 habuimus,
3480 1422 3575 1491 qui
3595 1436 3744 1476 nunc
3766 1421 3893 1475 sarci-

2348 1534 2470 1573 nam
2514 1525 2854 1589 peccatorum
2897 1517 3261 1587 exposuimus,
3292 1523 3348 1570 et
3372 1529 3472 1585 per
3512 1508 3760 1568 foramen
3794 1512 3893 1568 scus

2346 1610 2703 1675 introivimus,
2725 1610 2829 1664 hoc
2860 1618 2960 1675 est,
2995 1624 3093 1679 per
3140 1617 3340 1664 arctam
3369 1606 3424 1663 et
3453 1615 3737 1676 angustam
3760 1600 3901 1669 viam,

2346 1716 2465 1771 quae
2491 1700 2643 1754 duxit
2670 1699 2737 1753 ad
2765 1701 2948 1754 vitam.
2980 1698 3112 1753 Nam
3132 1697 3298 1753 Judas
3325 1697 3606 1772 lscariotes
3633 1695 3776 1750 dives
3797 1695 3887 1760 fuit,

2347 1792 2414 1847 de
2442 1791 2617 1862 pretio
2641 1805 2750 1860 quo
2777 1789 3047 1846 Christum
3078 1788 3313 1854 tradidit,
3341 1786 3436 1844 sed
3464 1788 3521 1842 in
3548 1801 3769 1856 regnum
3804 1800 3887 1841 εω-

2348 1882 2522 1938 lorum
2550 1896 2658 1936 non
2688 1881 2924 1935 intravit.

2997 1949 3128 2005 CAP.
3164 1949 3281 2005 XX.

2421 2066 2604 2122 Simile
2629 2074 2707 2119 est
2732 2081 2943 2136 regnum
2967 2062 3430 2118 caelorum‘homini
3451 2062 3883 2134 patrifamiliasqsi

2347 2160 2542 2231 prodiit
2584 2174 2739 2212 mane
2777 2158 2833 2211 in
2882 2158 2995 2227 foro
3024 2155 3307 2209 conducere
3333 2155 3602 2225 operarios
3635 2155 3694 2207 in
3725 2155 3882 2207 ιιίηαιπ·

2347 2268 2522 2315 suam,
2560 2258 2610 2303 et
2637 2249 2830 2320 placuit
2866 2248 2945 2302 illi
2990 2264 3105 2301 cum
3150 2247 3402 2317 operariis
3441 2244 3661 2317 singulis
3697 2244 3884 2298 denariis

2349 2345 2569 2399 diurnis.
2603 2342 2673 2397 Et
2698 2359 2933 2415 egressus
2963 2342 3100 2395 circa
3129 2341 3311 2395 horam
3330 2350 3535 2394 sextam
3562 2349 3611 2393 et
3638 2354 3815 2402 nonam,
3841 2343 3884 2389 et

2347 2433 2484 2487 idem
2506 2434 2656 2503 fecit;
2678 2432 2770 2486 sed
2787 2444 2836 2486 et
2863 2432 3001 2485 circa
3023 2431 3204 2485 horam
3223 2430 3552 2484 undecimam
3576 2445 3781 2500 egressus
3797 2438 3876 2492 est,

2348 2533 2397 2578 et
2433 2526 2626 2579 invenit
2665 2506 2818 2579 alios
2841 2533 3037 2579 stantes
3059 2564 3075 2589 ,
3118 2534 3168 2578 et
3193 2525 3270 2578 ait
3304 2523 3410 2586 illis
3442 2539 3460 2577 :
3492 2520 3630 2586 Quid
3672 2522 3740 2575 hic
3761 2522 3883 2574 statis

2349 2618 2541 2673 otiosi?
2576 2616 2646 2670 Et
2672 2617 2750 2671 illi
2780 2616 3170 2687 responderunt,
3203 2612 3338 2679 Quia
3358 2630 3509 2669 nemo
3530 2630 3622 2669 nos
3649 2612 3880 2672 conduxit;

2349 2721 2400 2766 et
2427 2714 2500 2766 ait
2523 2710 2627 2765 illis
2652 2722 2669 2764 ‘:
2690 2709 2771 2764 Ite
2801 2720 2850 2764 et
2870 2727 2957 2765 vos
2988 2710 3043 2763 in
3072 2711 3289 2764 vineam.
3324 2707 3547 2779 Vespere
3572 2718 3734 2761 auum
3759 2708 3880 2778 fato,

2352 2804 2485 2857 dixit
2528 2801 2783 2856 Dominus
2823 2802 3145 2872 procuratori
3190 2816 3316 2865 suo,
3361 2799 3646 2870 Operarios
3680 2814 3816 2859 uoca,
3846 2805 3884 2849 et

2351 2894 2507 2948 redde
2533 2895 2636 2948 illis
2676 2893 2977 2957 mercedem,
3007 2893 3261 2962 incipiens
3298 2908 3333 2944 ε
3361 2891 3654 2944 novissimis
3676 2905 3813 2958 usque
3832 2893 3885 2939 ad

2351 2988 2562 3056 primos.
2595 2985 2721 3039 Cum
2749 3002 2869 3056 ergo
2895 2985 3147 3039 venissent
3177 2983 3264 3053 qui
3291 2983 3432 3036 circa
3464 2982 3773 3035 undecimam
3796 2980 3885 3050 {ss-

2352 3088 2474 3132 rant
2501 3079 2665 3131 uocati
2688 3119 2702 3143 ,
2747 3086 3052 3147 acceperunt
3095 3074 3328 3146 singulos
3368 3073 3631 3127 denarios.
3667 3070 3887 3125 Venerunt

2354 3179 2522 3222 autem
2550 3176 2599 3220 et
2637 3168 2856 3238 priores,
2899 3177 3160 3236 sperantes
3189 3183 3244 3220 se
3285 3164 3515 3235 amplius
3539 3172 3828 3233 accepntros,
3848 3167 3889 3212 et

2356 3276 2469 3313 cum
2507 3260 2820 3329 accepissent
2847 3259 3077 3329 singulos
3105 3258 3379 3323 denarios,
3421 3264 3674 3327 ceperunt
3697 3266 3892 3307 nuruu-

2354 3366 2475 3403 rare
2501 3349 2745 3402 adversus
2784 3347 3211 3419 patremfamilias
3247 3347 3479 3401 dicentes
3509 3362 3527 3400 :
3553 3344 3626 3399 Hi
3660 3339 3893 3397 ηουίεείιιιὶ

2353 3456 2459 3493 una
2497 3439 2627 3493 hora
2656 3440 2856 3510 operati
2882 3450 3020 3503 sunt,
3049 3448 3099 3492 et
3125 3454 3275 3509 pares
3297 3438 3418 3491 illos
3448 3436 3588 3491 nobis
3613 3435 3790 3508 fecisti.
3822 3431 3895 3501 φιὶ

2354 3532 2687 3585 sustinuimus
2717 3528 2941 3584 laborem
2962 3531 3117 3584 totius
3144 3531 3262 3584 diei.

2427 3622 2820 3679 Paterfamilias
2838 3622 3080 3680 Christus
3105 3630 3206 3687 est,
3234 3622 3326 3692 qui
3352 3619 3610 3691 operarios
3635 3615 3899 3681 conducit,

2353 3714 2457 3767 hoc
2478 3722 2577 3776 est,
2604 3716 2696 3781 qui
2717 3710 2993 3767 credentes
3016 3711 3219 3779 colligit
3242 3719 3299 3765 ut
3316 3708 3595 3764 mercedem
3612 3708 3892 3779 accipiant.

2357 3804 2521 3858 Vinea
2553 3811 2755 3866 autem,
2786 3803 2991 3857 cultura
3012 3801 3145 3871 legis
3173 3810 3271 3858 est.
3297 3801 3544 3873 Denarius
3568 3807 3766 3863 autem,
3788 3797 3901 3852 vita

2353 3902 2555 3950 aeterna
2580 3903 2680 3950 est.
2705 3893 2851 3961 Quos
2876 3902 3053 3949 autem
3081 3892 3215 3949 dixit
3243 3894 3308 3949 ad
3335 3894 3516 3949 horam
3537 3891 3761 3961 primam
3780 3902 3904 3958 ope-

2353 3996 2520 4051 ratos,
2554 3987 2787 4054 virgines
2814 3994 2958 4049 sunt,
3000 3987 3095 4055 qui
3121 4003 3181 4042 se
3220 3987 3457 4042 laborem
3482 3984 3716 4054 corporis
3739 3990 3797 4037 et
3820 3995 3902 4037 ca-

2354 4077 2524 4132 lorem
2561 4078 2735 4132 carnis
2783 4077 3099 4132 sustinuisse
3126 4076 3330 4132 dicunt.
3359 4076 3553 4131 Forum
3571 4081 3751 4128 autem
3776 4086 3901 4126 mun-

2353 4170 2453 4226 dus
2484 4171 2585 4224 iste
2631 4170 2974 4239 intelligitur;
3005 4171 3097 4239 qui
3126 4177 3302 4223 autem
3342 4183 3464 4224 sero
3492 4166 3557 4221 ad
3583 4180 3722 4236 opus
3746 4177 3901 4219 acoesn

2353 4270 2557 4340 serunt,
2593 4262 2918 4316 abstinentes
2945 4270 3090 4315 sunt.
3117 4259 3273 4327 Quod
3302 4268 3485 4314 autem
3513 4257 3682 4321 dixit,
3710 4260 3905 4323 vespere

2354 4353 2656 4409 mercedem
2705 4360 3057 4423 acceperunt,
3100 4354 3205 4407 hoc
3252 4355 3336 4406 est
3357 4393 3372 4417 ,
3414 4348 3563 4421 quod
3602 4350 3660 4404 in
3703 4340 3906 4403 adventu

2339 4447 2551 4503 Christi
2580 4446 2836 4515 recipient
2863 4447 2996 4501 casti
3024 4445 3324 4500 mercedem
3350 4443 3556 4499 laboris
3582 4444 3687 4499 sui.

2986 4556 3115 4614 CAP.
3143 4555 3282 4613 XXI.

2426 4676 2497 4729 Et
2532 4672 2859 4727 adduxerunt
2899 4675 3065 4730 asinae
3091 4674 3315 4745 pullum,
3359 4683 3410 4727 et
3436 4674 3577 4728 sedit
3616 4691 3768 4744 super
3791 4687 3913 4731 eum;

2353 4776 2402 4822 et
2430 4768 2736 4837 deponentes
2763 4767 3062 4821 uestimenta
3089 4783 3183 4819 sua
3214 4767 3271 4819 in
3304 4766 3417 4829 via,
3449 4765 3549 4819 alii
3580 4775 3754 4820 autem
3776 4762 3917 4818 (πάρα

2353 4857 2477 4910 bant
2504 4874 2674 4912 ramos
2704 4858 2767 4910 de
2790 4855 3079 4922 arboribus,
3109 4866 3157 4910 et
3177 4853 3525 4927 proﬁciebant
3559 4866 3686 4909 ante
3713 4871 3835 4909 eum.
3866 4848 3921 4903 Et

2350 4949 2512 5003 turba:
2556 4946 2924 5004 antecedebant
2968 4965 3097 5013 eum,
3148 4948 3370 5003 dicentes
3414 4963 3433 5000 :
3484 4945 3763 5003 Hosanna
3805 4943 3924 4998 Filio

2352 5038 2539 5093 Dauid.

2422 5130 2599 5188 Asinae
2625 5147 2785 5201 quem
2813 5131 2948 5186 dixit
2990 5129 3213 5200 pullum,
3242 5124 3504 5199 populum
3547 5129 3829 5186 novellum
3854 5111 3959 5198 ἀεὶ

2352 5236 2644 5293 monstrat;
2677 5227 2779 5281 hoc
2806 5233 2908 5291 est,
2961 5234 3201 5279 nostrum
3219 5263 3235 5289 ,
3265 5225 3358 5292 qui
3386 5231 3441 5278 et
3467 5227 3813 5297 praesepium
3838 5222 3928 5275 Do-

2352 5320 2479 5374 mini
2508 5320 2590 5373 sui
2624 5318 2893 5385 cognovit,
2929 5318 3030 5371 hoc
3056 5325 3174 5382 est,
3204 5316 3391 5378 altare,
3425 5316 3524 5371 ubi
3556 5313 3931 5375 cibat-laconi-

2347 5410 2540 5478 gimus.
2573 5408 2750 5471 Turba
2779 5417 2959 5463 autem
2987 5422 3147 5476 quam
3182 5407 3317 5462 dixit
3355 5406 3703 5463 vestimenta
3742 5423 3835 5462 sua
3872 5403 3934 5471 ja-

2348 5507 2580 5565 ctantes,
2599 5500 2700 5554 hoc
2722 5508 2826 5564 est,
2846 5498 2989 5568 quod
3011 5498 3341 5558 credentium
3372 5497 3686 5554 multitudo
3714 5506 3936 5556 veterem

2349 5590 2621 5645 hominem
2647 5589 3028 5658 exspoliantes,
3060 5603 3119 5642 se
3147 5587 3449 5656 projicient.
3489 5586 3752 5645 Arbores
3776 5594 3937 5640 autem

2349 5682 2508 5736 iidem
2549 5681 2795 5735 homines
2833 5687 2974 5734 sunt.
3016 5678 3218 5734 Ramos
3245 5693 3372 5732 vero
3399 5675 3469 5731 de
3517 5678 3825 5737 arboribus
3860 5676 3939 5731 ab-

2347 5773 2651 5830 scindentes
2672 5814 2687 5836 ,
2729 5782 2946 5841 peccata
2974 5780 3096 5826 sunt
3124 5786 3243 5839 qua:
3288 5772 3339 5824 in
3367 5769 3532 5825 nobis
3581 5774 3935 5830 virescebant.
